  <div class='ocr_page' id='page_1' title='image "/cluster/home/n/w/nwhite01/storage/ocr_20150623/5/nnc1.0046978607/072.png"; bbox 0 0 3878 6210; ppageno 0'>
   <div class='ocr_carea' id='block_1_1' title="bbox 96 306 199 362">
    <p class='ocr_par' dir='ltr' id='par_1_1' title="bbox 96 306 199 362">
     <span class='ocr_line' id='line_1_1' title="bbox 96 306 199 362; baseline 0 0"><span class='ocrx_word' id='word_1_1' title='bbox 96 306 199 362; x_wconf 70' lang='grc'><strong>129</strong></span> 
     </span>
    </p>
   </div>
   <div class='ocr_carea' id='block_1_2' title="bbox 871 302 2572 364">
    <p class='ocr_par' dir='ltr' id='par_1_2' title="bbox 871 302 2572 364">
     <span class='ocr_line' id='line_1_2' title="bbox 871 302 2572 364; baseline -0.002 -1"><span class='ocrx_word' id='word_1_2' title='bbox 871 307 926 364; x_wconf 75' lang='grc' dir='ltr'><strong>ιι.</strong></span> <span class='ocrx_word' id='word_1_3' title='bbox 969 305 1336 363; x_wconf 77' lang='lat' dir='ltr'><strong>PEARSONII</strong></span> <span class='ocrx_word' id='word_1_4' title='bbox 1375 302 1699 362; x_wconf 68' lang='lat' dir='ltr'><strong>VINDICIE</strong></span> <span class='ocrx_word' id='word_1_5' title='bbox 1740 304 2162 362; x_wconf 74' lang='lat' dir='ltr'><strong>lCNATlAN/E.</strong></span> <span class='ocrx_word' id='word_1_6' title='bbox 2203 336 2271 347; x_wconf 84' lang='lat'><strong>-—</strong></span> <span class='ocrx_word' id='word_1_7' title='bbox 2311 305 2493 364; x_wconf 80' lang='lat' dir='ltr'><strong>PARS</strong></span> <span class='ocrx_word' id='word_1_8' title='bbox 2532 305 2572 361; x_wconf 93' lang='grc' dir='ltr'><strong>Ι.</strong></span> 
     </span>
    </p>
   </div>
   <div class='ocr_carea' id='block_1_3' title="bbox 3275 311 3382 366">
    <p class='ocr_par' dir='ltr' id='par_1_3' title="bbox 3275 311 3382 366">
     <span class='ocr_line' id='line_1_3' title="bbox 3275 311 3382 366; baseline 0.019 -2"><span class='ocrx_word' id='word_1_9' title='bbox 3275 311 3382 366; x_wconf 75' lang='grc'><strong>150</strong></span> 
     </span>
    </p>
   </div>
   <div class='ocr_carea' id='block_1_4' title="bbox 93 425 3382 498">
    <p class='ocr_par' dir='ltr' id='par_1_4' title="bbox 93 425 3382 498">
     <span class='ocr_line' id='line_1_4' title="bbox 93 425 3382 498; baseline 0 -18"><span class='ocrx_word' id='word_1_10' title='bbox 93 441 217 495; x_wconf 70' lang='lat' dir='ltr'><strong>quae</strong></span> <span class='ocrx_word' id='word_1_11' title='bbox 248 425 322 480; x_wconf 90' lang='lat' dir='ltr'><strong>ab</strong></span> <span class='ocrx_word' id='word_1_12' title='bbox 361 426 622 482; x_wconf 90' lang='lat' dir='ltr'><strong>omnibus</strong></span> <span class='ocrx_word' id='word_1_13' title='bbox 665 442 698 482; x_wconf 88' lang='lat' dir='ltr'><strong>a</strong></span> <span class='ocrx_word' id='word_1_14' title='bbox 740 443 954 483; x_wconf 84' lang='lat' dir='ltr'><strong>canone</strong></span> <span class='ocrx_word' id='word_1_15' title='bbox 986 429 1186 498; x_wconf 79' lang='lat' dir='ltr'><strong>rejecta</strong></span> <span class='ocrx_word' id='word_1_16' title='bbox 1207 469 1224 494; x_wconf 93' lang='lat'><strong>,</strong></span> <span class='ocrx_word' id='word_1_17' title='bbox 1267 429 1322 481; x_wconf 91' lang='lat' dir='ltr'><strong>in</strong></span> <span class='ocrx_word' id='word_1_18' title='bbox 1353 427 1687 497; x_wconf 86' lang='lat' dir='ltr'><strong>apocryphis</strong></span> <span class='ocrx_word' id='word_1_19' title='bbox 1717 434 1759 488; x_wconf 77' lang='grc' dir='ltr'>Α</span> <span class='ocrx_word' id='word_1_20' title='bbox 1790 428 1884 482; x_wconf 90' lang='lat' dir='ltr'><strong>tici</strong></span> <span class='ocrx_word' id='word_1_21' title='bbox 1931 436 2028 482; x_wconf 86' lang='lat' dir='ltr'><strong>aut</strong></span> <span class='ocrx_word' id='word_1_22' title='bbox 2060 429 2204 482; x_wconf 88' lang='lat' dir='ltr'><strong>male</strong></span> <span class='ocrx_word' id='word_1_23' title='bbox 2256 426 2436 482; x_wconf 75' lang='lat' dir='ltr'><strong>feriati</strong></span> <span class='ocrx_word' id='word_1_24' title='bbox 2467 426 2743 492; x_wconf 88' lang='lat' dir='ltr'><strong>homines,</strong></span> <span class='ocrx_word' id='word_1_25' title='bbox 2775 425 2952 482; x_wconf 88' lang='lat' dir='ltr'><strong>sacris</strong></span> <span class='ocrx_word' id='word_1_26' title='bbox 2992 425 3235 481; x_wconf 81' lang='lat' dir='ltr'><strong>oraculis</strong></span> <span class='ocrx_word' id='word_1_27' title='bbox 3275 427 3382 480; x_wconf 84' lang='lat' dir='ltr'><strong>mi-</strong></span> 
     </span>
    </p>
   </div>
   <div class='ocr_carea' id='block_1_5' title="bbox 94 515 1687 588">
    <p class='ocr_par' dir='ltr' id='par_1_5' title="bbox 94 515 1687 588">
     <span class='ocr_line' id='line_1_5' title="bbox 94 515 1687 588; baseline 0.001 -20"><span class='ocrx_word' id='word_1_28' title='bbox 94 516 556 570; x_wconf 85' lang='lat' dir='ltr'><strong>numerabantur.</strong></span> <span class='ocrx_word' id='word_1_29' title='bbox 582 517 682 571; x_wconf 76' lang='lat' dir='ltr'><strong>Illa</strong></span> <span class='ocrx_word' id='word_1_30' title='bbox 713 533 862 583; x_wconf 90' lang='lat' dir='ltr'><strong>vero,</strong></span> <span class='ocrx_word' id='word_1_31' title='bbox 892 533 1016 588; x_wconf 75' lang='lat' dir='ltr'><strong>qua:</strong></span> <span class='ocrx_word' id='word_1_32' title='bbox 1043 519 1109 572; x_wconf 90' lang='lat' dir='ltr'><strong>ad</strong></span> <span class='ocrx_word' id='word_1_33' title='bbox 1151 517 1354 572; x_wconf 65' lang='lat' dir='ltr'><strong>divinae</strong></span> <span class='ocrx_word' id='word_1_34' title='bbox 1387 515 1687 586; x_wconf 86' lang='lat' dir='ltr'><strong>Scripturae</strong></span> 
     </span>
    </p>
   </div>
   <div class='ocr_carea' id='block_1_6' title="bbox 93 611 1686 681">
    <p class='ocr_par' dir='ltr' id='par_1_6' title="bbox 93 611 1686 681">
     <span class='ocr_line' id='line_1_6' title="bbox 93 611 1686 681; baseline 0.001 -19"><span class='ocrx_word' id='word_1_35' title='bbox 93 623 365 663; x_wconf 86' lang='lat' dir='ltr'><strong>canonem</strong></span> <span class='ocrx_word' id='word_1_36' title='bbox 405 625 691 680; x_wconf 85' lang='lat' dir='ltr'><strong>nunquam</strong></span> <span class='ocrx_word' id='word_1_37' title='bbox 720 611 1072 681; x_wconf 87' lang='lat' dir='ltr'><strong>aspirabant,</strong></span> <span class='ocrx_word' id='word_1_38' title='bbox 1105 627 1228 681; x_wconf 68' lang='lat' dir='ltr'><strong>qua:</strong></span> <span class='ocrx_word' id='word_1_39' title='bbox 1272 611 1686 680; x_wconf 87' lang='lat' dir='ltr'><strong>quamprimum</strong></span> 
     </span>
    </p>
   </div>
   <div class='ocr_carea' id='block_1_7' title="bbox 94 701 1684 772">
    <p class='ocr_par' dir='ltr' id='par_1_7' title="bbox 94 701 1684 772">
     <span class='ocr_line' id='line_1_7' title="bbox 94 701 1684 772; baseline 0.001 -18"><span class='ocrx_word' id='word_1_40' title='bbox 94 701 300 770; x_wconf 85' lang='lat' dir='ltr'><strong>scripta</strong></span> <span class='ocrx_word' id='word_1_41' title='bbox 331 710 488 766; x_wconf 90' lang='lat' dir='ltr'><strong>sunt,</strong></span> <span class='ocrx_word' id='word_1_42' title='bbox 519 702 726 772; x_wconf 87' lang='lat' dir='ltr'><strong>diuque</strong></span> <span class='ocrx_word' id='word_1_43' title='bbox 747 712 960 772; x_wconf 88' lang='lat' dir='ltr'><strong>postea,</strong></span> <span class='ocrx_word' id='word_1_44' title='bbox 995 718 1103 757; x_wconf 93' lang='lat' dir='ltr'><strong>non</strong></span> <span class='ocrx_word' id='word_1_45' title='bbox 1135 710 1196 756; x_wconf 88' lang='lat' dir='ltr'><strong>ut</strong></span> <span class='ocrx_word' id='word_1_46' title='bbox 1238 702 1508 756; x_wconf 92' lang='lat' dir='ltr'><strong>canonica</strong></span> <span class='ocrx_word' id='word_1_47' title='bbox 1529 742 1546 766; x_wconf 88' lang='lat'><strong>,</strong></span> <span class='ocrx_word' id='word_1_48' title='bbox 1589 703 1684 756; x_wconf 87' lang='lat' dir='ltr'><strong>sed</strong></span> 
     </span>
    </p>
   </div>
   <div class='ocr_carea' id='block_1_8' title="bbox 94 791 1688 864">
    <p class='ocr_par' dir='ltr' id='par_1_8' title="bbox 94 791 1688 864">
     <span class='ocr_line' id='line_1_8' title="bbox 94 791 1688 864; baseline 0.001 -20"><span class='ocrx_word' id='word_1_49' title='bbox 94 791 366 846; x_wconf 84' lang='lat' dir='ltr'><strong>catholica</strong></span> <span class='ocrx_word' id='word_1_50' title='bbox 397 801 614 846; x_wconf 89' lang='lat' dir='ltr'><strong>tantum</strong></span> <span class='ocrx_word' id='word_1_51' title='bbox 641 793 1070 862; x_wconf 89' lang='lat' dir='ltr'><strong>recipiebantur,</strong></span> <span class='ocrx_word' id='word_1_52' title='bbox 1105 808 1281 864; x_wconf 91' lang='lat' dir='ltr'><strong>neque</strong></span> <span class='ocrx_word' id='word_1_53' title='bbox 1308 793 1450 848; x_wconf 89' lang='lat' dir='ltr'><strong>inter</strong></span> <span class='ocrx_word' id='word_1_54' title='bbox 1479 792 1688 846; x_wconf 83' lang='grc' dir='ltr'>ἀντιλε-</span> 
     </span>
    </p>
   </div>
   <div class='ocr_carea' id='block_1_9' title="bbox 95 883 1687 958">
    <p class='ocr_par' dir='ltr' id='par_1_9' title="bbox 95 883 1687 958">
     <span class='ocr_line' id='line_1_9' title="bbox 95 883 1687 958; baseline 0.003 -23"><span class='ocrx_word' id='word_1_55' title='bbox 95 883 339 953; x_wconf 81' lang='grc' dir='ltr'>γόμενα,</span> <span class='ocrx_word' id='word_1_56' title='bbox 375 900 560 954; x_wconf 91' lang='lat' dir='ltr'><strong>neque</strong></span> <span class='ocrx_word' id='word_1_57' title='bbox 605 886 746 940; x_wconf 90' lang='lat' dir='ltr'><strong>inter</strong></span> <span class='ocrx_word' id='word_1_58' title='bbox 783 887 1093 958; x_wconf 75' lang='lat' dir='ltr'><strong>apocrypha</strong></span> <span class='ocrx_word' id='word_1_59' title='bbox 1145 886 1424 941; x_wconf 90' lang='lat' dir='ltr'><strong>numerari</strong></span> <span class='ocrx_word' id='word_1_60' title='bbox 1469 887 1687 941; x_wconf 56' lang='lat' dir='ltr'><strong>sarculis</strong></span> 
     </span>
    </p>
   </div>
   <div class='ocr_carea' id='block_1_10' title="bbox 99 975 1687 1048">
    <p class='ocr_par' dir='ltr' id='par_1_10' title="bbox 99 975 1687 1048">
     <span class='ocr_line' id='line_1_10' title="bbox 99 975 1687 1048; baseline 0.003 -20"><span class='ocrx_word' id='word_1_61' title='bbox 99 976 460 1045; x_wconf 70' lang='lat' dir='ltr'><strong>sequentibus</strong></span> <span class='ocrx_word' id='word_1_62' title='bbox 492 985 805 1046; x_wconf 89' lang='lat' dir='ltr'><strong>potuerunt.</strong></span> <span class='ocrx_word' id='word_1_63' title='bbox 822 975 960 1031; x_wconf 88' lang='lat' dir='ltr'><strong>Cum</strong></span> <span class='ocrx_word' id='word_1_64' title='bbox 988 977 1154 1048; x_wconf 77' lang='lat' dir='ltr'><strong>igitur</strong></span> <span class='ocrx_word' id='word_1_65' title='bbox 1170 977 1416 1047; x_wconf 68' lang='lat' dir='ltr'><strong>epistolae</strong></span> <span class='ocrx_word' id='word_1_66' title='bbox 1444 977 1501 1031; x_wconf 92' lang='lat' dir='ltr'><strong>S.</strong></span> <span class='ocrx_word' id='word_1_67' title='bbox 1531 976 1687 1048; x_wconf 84' lang='lat' dir='ltr'><strong>lgna-</strong></span> 
     </span>
    </p>
   </div>
   <div class='ocr_carea' id='block_1_11' title="bbox 101 1066 1686 1138">
    <p class='ocr_par' dir='ltr' id='par_1_11' title="bbox 101 1066 1686 1138">
     <span class='ocr_line' id='line_1_11' title="bbox 101 1066 1686 1138; baseline 0.004 -21"><span class='ocrx_word' id='word_1_68' title='bbox 101 1066 159 1118; x_wconf 90' lang='lat' dir='ltr'><strong>tii</strong></span> <span class='ocrx_word' id='word_1_69' title='bbox 181 1075 307 1136; x_wconf 89' lang='lat' dir='ltr'><strong>post</strong></span> <span class='ocrx_word' id='word_1_70' title='bbox 331 1069 587 1123; x_wconf 89' lang='lat' dir='ltr'><strong>omnium</strong></span> <span class='ocrx_word' id='word_1_71' title='bbox 614 1067 992 1138; x_wconf 87' lang='lat' dir='ltr'><strong>apostolorum</strong></span> <span class='ocrx_word' id='word_1_72' title='bbox 1027 1075 1285 1132; x_wconf 87' lang='lat' dir='ltr'><strong>mortem,</strong></span> <span class='ocrx_word' id='word_1_73' title='bbox 1308 1085 1374 1123; x_wconf 78' lang='lat' dir='ltr'><strong>ex</strong></span> <span class='ocrx_word' id='word_1_74' title='bbox 1393 1070 1686 1124; x_wconf 89' lang='lat' dir='ltr'><strong>occasione</strong></span> 
     </span>
    </p>
   </div>
   <div class='ocr_carea' id='block_1_12' title="bbox 101 1157 1682 1230">
    <p class='ocr_par' dir='ltr' id='par_1_12' title="bbox 101 1157 1682 1230">
     <span class='ocr_line' id='line_1_12' title="bbox 101 1157 1682 1230; baseline 0.002 -21"><span class='ocrx_word' id='word_1_75' title='bbox 101 1166 312 1212; x_wconf 86' lang='lat' dir='ltr'><strong>tantum</strong></span> <span class='ocrx_word' id='word_1_76' title='bbox 346 1159 635 1230; x_wconf 76' lang='lat' dir='ltr'><strong>martyrii,</strong></span> <span class='ocrx_word' id='word_1_77' title='bbox 671 1169 726 1213; x_wconf 91' lang='lat' dir='ltr'><strong>et</strong></span> <span class='ocrx_word' id='word_1_78' title='bbox 765 1159 820 1212; x_wconf 91' lang='lat' dir='ltr'><strong>in</strong></span> <span class='ocrx_word' id='word_1_79' title='bbox 862 1158 1058 1214; x_wconf 86' lang='lat' dir='ltr'><strong>itinere</strong></span> <span class='ocrx_word' id='word_1_80' title='bbox 1094 1160 1279 1214; x_wconf 81' lang='lat' dir='ltr'><strong>subito</strong></span> <span class='ocrx_word' id='word_1_81' title='bbox 1316 1157 1504 1214; x_wconf 65' lang='lat' dir='ltr'><strong>effusae</strong></span> <span class='ocrx_word' id='word_1_82' title='bbox 1533 1159 1642 1214; x_wconf 88' lang='lat' dir='ltr'><strong>sint</strong></span> <span class='ocrx_word' id='word_1_83' title='bbox 1667 1201 1682 1223; x_wconf 97' lang='lat'><strong>,</strong></span> 
     </span>
    </p>
   </div>
   <div class='ocr_carea' id='block_1_13' title="bbox 101 1254 1686 1327">
    <p class='ocr_par' dir='ltr' id='par_1_13' title="bbox 101 1254 1686 1327">
     <span class='ocr_line' id='line_1_13' title="bbox 101 1254 1686 1327; baseline 0.002 -20"><span class='ocrx_word' id='word_1_84' title='bbox 101 1269 222 1308; x_wconf 90' lang='lat' dir='ltr'><strong>eum</strong></span> <span class='ocrx_word' id='word_1_85' title='bbox 267 1271 300 1308; x_wconf 87' lang='lat' dir='ltr'><strong>a</strong></span> <span class='ocrx_word' id='word_1_86' title='bbox 343 1254 682 1311; x_wconf 85' lang='lat' dir='ltr'><strong>Christianis</strong></span> <span class='ocrx_word' id='word_1_87' title='bbox 723 1270 824 1324; x_wconf 91' lang='lat' dir='ltr'><strong>pro</strong></span> <span class='ocrx_word' id='word_1_88' title='bbox 869 1255 1088 1324; x_wconf 87' lang='lat' dir='ltr'><strong>scriptis</strong></span> <span class='ocrx_word' id='word_1_89' title='bbox 1141 1256 1318 1311; x_wconf 86' lang='lat' dir='ltr'><strong>sancti</strong></span> <span class='ocrx_word' id='word_1_90' title='bbox 1369 1257 1473 1310; x_wconf 87' lang='lat' dir='ltr'><strong>viri</strong></span> <span class='ocrx_word' id='word_1_91' title='bbox 1519 1265 1686 1327; x_wconf 91' lang='lat' dir='ltr'><strong>atque</strong></span> 
     </span>
    </p>
   </div>
   <div class='ocr_carea' id='block_1_14' title="bbox 102 1351 1682 1421">
    <p class='ocr_par' dir='ltr' id='par_1_14' title="bbox 102 1351 1682 1421">
     <span class='ocr_line' id='line_1_14' title="bbox 102 1351 1682 1421; baseline 0.001 -18"><span class='ocrx_word' id='word_1_92' title='bbox 102 1351 360 1421; x_wconf 73' lang='lat' dir='ltr'><strong>martyris</strong></span> <span class='ocrx_word' id='word_1_93' title='bbox 394 1351 775 1405; x_wconf 86' lang='lat' dir='ltr'><strong>tantummodo</strong></span> <span class='ocrx_word' id='word_1_94' title='bbox 803 1359 1062 1419; x_wconf 71' lang='lat' dir='ltr'><strong>acceptae,</strong></span> <span class='ocrx_word' id='word_1_95' title='bbox 1095 1366 1197 1404; x_wconf 93' lang='lat' dir='ltr'><strong>nec</strong></span> <span class='ocrx_word' id='word_1_96' title='bbox 1223 1367 1466 1421; x_wconf 86' lang='lat' dir='ltr'><strong>unquam</strong></span> <span class='ocrx_word' id='word_1_97' title='bbox 1489 1393 1504 1417; x_wconf 93' lang='lat'><strong>,</strong></span> <span class='ocrx_word' id='word_1_98' title='bbox 1534 1353 1682 1421; x_wconf 87' lang='lat' dir='ltr'><strong>quod</strong></span> 
     </span>
    </p>
   </div>
   <div class='ocr_carea' id='block_1_15' title="bbox 102 1442 1685 1514">
    <p class='ocr_par' dir='ltr' id='par_1_15' title="bbox 102 1442 1685 1514">
     <span class='ocr_line' id='line_1_15' title="bbox 102 1442 1685 1514; baseline 0.001 -18"><span class='ocrx_word' id='word_1_99' title='bbox 102 1445 334 1506; x_wconf 87' lang='lat' dir='ltr'><strong>scimus,</strong></span> <span class='ocrx_word' id='word_1_100' title='bbox 368 1444 423 1496; x_wconf 93' lang='lat' dir='ltr'><strong>in</strong></span> <span class='ocrx_word' id='word_1_101' title='bbox 447 1442 690 1498; x_wconf 83' lang='lat' dir='ltr'><strong>Ecclesia</strong></span> <span class='ocrx_word' id='word_1_102' title='bbox 723 1445 875 1498; x_wconf 68' lang='lat' dir='ltr'><strong>lecta!</strong></span> <span class='ocrx_word' id='word_1_103' title='bbox 896 1443 1025 1508; x_wconf 81' lang='lat' dir='ltr'><strong>sint,</strong></span> <span class='ocrx_word' id='word_1_104' title='bbox 1050 1445 1237 1499; x_wconf 85' lang='lat' dir='ltr'><strong>nescio</strong></span> <span class='ocrx_word' id='word_1_105' title='bbox 1265 1447 1544 1514; x_wconf 88' lang='lat' dir='ltr'><strong>quomodo</strong></span> <span class='ocrx_word' id='word_1_106' title='bbox 1573 1445 1685 1500; x_wconf 84' lang='lat' dir='ltr'><strong>cui-</strong></span> 
     </span>
    </p>
   </div>
   <div class='ocr_carea' id='block_1_16' title="bbox 101 1533 1678 1603">
    <p class='ocr_par' dir='ltr' id='par_1_16' title="bbox 101 1533 1678 1603">
     <span class='ocr_line' id='line_1_16' title="bbox 101 1533 1678 1603; baseline 0.004 -18"><span class='ocrx_word' id='word_1_107' title='bbox 101 1549 268 1603; x_wconf 88' lang='lat' dir='ltr'><strong>quam</strong></span> <span class='ocrx_word' id='word_1_108' title='bbox 301 1533 359 1587; x_wconf 89' lang='lat' dir='ltr'><strong>in</strong></span> <span class='ocrx_word' id='word_1_109' title='bbox 395 1542 633 1588; x_wconf 86' lang='lat' dir='ltr'><strong>mentem</strong></span> <span class='ocrx_word' id='word_1_110' title='bbox 659 1533 848 1588; x_wconf 88' lang='lat' dir='ltr'><strong>venire</strong></span> <span class='ocrx_word' id='word_1_111' title='bbox 872 1534 1131 1603; x_wconf 85' lang='lat' dir='ltr'><strong>potuerit,</strong></span> <span class='ocrx_word' id='word_1_112' title='bbox 1177 1543 1236 1588; x_wconf 93' lang='lat' dir='ltr'><strong>ut</strong></span> <span class='ocrx_word' id='word_1_113' title='bbox 1265 1550 1361 1590; x_wconf 90' lang='lat' dir='ltr'><strong>eas</strong></span> <span class='ocrx_word' id='word_1_114' title='bbox 1400 1535 1454 1590; x_wconf 91' lang='lat' dir='ltr'><strong>in</strong></span> <span class='ocrx_word' id='word_1_115' title='bbox 1484 1552 1678 1591; x_wconf 56' lang='lat' dir='ltr'><strong>nume-</strong></span> 
     </span>
    </p>
   </div>
   <div class='ocr_carea' id='block_1_17' title="bbox 105 1623 1534 1695">
    <p class='ocr_par' dir='ltr' id='par_1_17' title="bbox 105 1623 1534 1695">
     <span class='ocr_line' id='line_1_17' title="bbox 105 1623 1534 1695; baseline 0.006 -19"><span class='ocrx_word' id='word_1_116' title='bbox 105 1639 165 1676; x_wconf 90' lang='lat' dir='ltr'><strong>ro</strong></span> <span class='ocrx_word' id='word_1_117' title='bbox 202 1625 648 1695; x_wconf 84' lang='lat' dir='ltr'><strong>apocryphornm</strong></span> <span class='ocrx_word' id='word_1_118' title='bbox 676 1623 812 1680; x_wconf 85' lang='lat' dir='ltr'><strong>Novi</strong></span> <span class='ocrx_word' id='word_1_119' title='bbox 839 1623 1172 1681; x_wconf 89' lang='lat' dir='ltr'><strong>Testamenti</strong></span> <span class='ocrx_word' id='word_1_120' title='bbox 1199 1637 1534 1684; x_wconf 87' lang='lat' dir='ltr'><strong>numeraret.</strong></span> 
     </span>
    </p>
   </div>
   <div class='ocr_carea' id='block_1_18' title="bbox 171 1715 1705 1792">
    <p class='ocr_par' dir='ltr' id='par_1_18' title="bbox 171 1715 1705 1792">
     <span class='ocr_line' id='line_1_18' title="bbox 171 1715 1705 1792; baseline 0.003 -21"><span class='ocrx_word' id='word_1_121' title='bbox 171 1715 314 1781; x_wconf 83' lang='lat' dir='ltr'><strong>Quid</strong></span> <span class='ocrx_word' id='word_1_122' title='bbox 349 1717 538 1785; x_wconf 77' lang='lat' dir='ltr'><strong>igitur,</strong></span> <span class='ocrx_word' id='word_1_123' title='bbox 569 1716 807 1787; x_wconf 88' lang='lat' dir='ltr'><strong>inquies,</strong></span> <span class='ocrx_word' id='word_1_124' title='bbox 839 1716 973 1772; x_wconf 80' lang='lat' dir='ltr'><strong>facit</strong></span> <span class='ocrx_word' id='word_1_125' title='bbox 1003 1718 1057 1772; x_wconf 94' lang='lat' dir='ltr'><strong>in</strong></span> <span class='ocrx_word' id='word_1_126' title='bbox 1084 1717 1331 1773; x_wconf 90' lang='lat' dir='ltr'><strong>lndiculo</strong></span> <span class='ocrx_word' id='word_1_127' title='bbox 1361 1719 1553 1792; x_wconf 88' lang='lat' dir='ltr'><strong>lgnatii</strong></span> <span class='ocrx_word' id='word_1_128' title='bbox 1579 1738 1705 1776; x_wconf 68' lang='lat' dir='ltr'><strong>no-~</strong></span> 
     </span>
    </p>
   </div>
   <div class='ocr_carea' id='block_1_19' title="bbox 1792 517 3384 590">
    <p class='ocr_par' dir='ltr' id='par_1_19' title="bbox 1792 517 3384 590">
     <span class='ocr_line' id='line_1_19' title="bbox 1792 517 3384 590; baseline -0.001 -16"><span class='ocrx_word' id='word_1_129' title='bbox 1792 522 1938 576; x_wconf 81' lang='lat' dir='ltr'><strong>nirne</strong></span> <span class='ocrx_word' id='word_1_130' title='bbox 1978 521 2256 585; x_wconf 84' lang='lat' dir='ltr'><strong>contenti,</strong></span> <span class='ocrx_word' id='word_1_131' title='bbox 2296 521 2436 574; x_wconf 82' lang='lat' dir='ltr'><strong>tales</strong></span> <span class='ocrx_word' id='word_1_132' title='bbox 2481 519 2702 590; x_wconf 83' lang='grc' dir='ltr'>διδαχάς</span> <span class='ocrx_word' id='word_1_133' title='bbox 2729 529 2784 573; x_wconf 92' lang='lat' dir='ltr'><strong>et</strong></span> <span class='ocrx_word' id='word_1_134' title='bbox 2828 517 3178 582; x_wconf 78' lang='grc' dir='ltr'><strong>διδασκαλίας</strong></span> <span class='ocrx_word' id='word_1_135' title='bbox 3224 534 3384 574; x_wconf 88' lang='lat' dir='ltr'><strong>com-</strong></span> 
     </span>
    </p>
   </div>
   <div class='ocr_carea' id='block_1_20' title="bbox 1789 610 3382 682">
    <p class='ocr_par' dir='ltr' id='par_1_20' title="bbox 1789 610 3382 682">
     <span class='ocr_line' id='line_1_20' title="bbox 1789 610 3382 682; baseline -0.002 -15"><span class='ocrx_word' id='word_1_136' title='bbox 1789 613 1956 667; x_wconf 88' lang='lat' dir='ltr'><strong>menti</strong></span> <span class='ocrx_word' id='word_1_137' title='bbox 1991 622 2139 668; x_wconf 90' lang='lat' dir='ltr'><strong>sunt.</strong></span> <span class='ocrx_word' id='word_1_138' title='bbox 2174 611 2306 678; x_wconf 69' lang='lat' dir='ltr'><strong>Quae</strong></span> <span class='ocrx_word' id='word_1_139' title='bbox 2350 613 2488 666; x_wconf 86' lang='lat' dir='ltr'><strong>nulli</strong></span> <span class='ocrx_word' id='word_1_140' title='bbox 2531 621 2684 666; x_wconf 89' lang='lat' dir='ltr'><strong>certo</strong></span> <span class='ocrx_word' id='word_1_141' title='bbox 2716 612 3026 682; x_wconf 88' lang='lat' dir='ltr'><strong>aposto&#39;ico</strong></span> <span class='ocrx_word' id='word_1_142' title='bbox 3057 612 3176 664; x_wconf 86' lang='lat' dir='ltr'><strong>viro</strong></span> <span class='ocrx_word' id='word_1_143' title='bbox 3207 610 3382 664; x_wconf 84' lang='lat' dir='ltr'><strong>ascri-</strong></span> 
     </span>
    </p>
   </div>
   <div class='ocr_carea' id='block_1_21' title="bbox 1787 703 3382 777">
    <p class='ocr_par' dir='ltr' id='par_1_21' title="bbox 1787 703 3382 777">
     <span class='ocr_line' id='line_1_21' title="bbox 1787 703 3382 777; baseline -0.003 -16"><span class='ocrx_word' id='word_1_144' title='bbox 1787 706 2038 770; x_wconf 89' lang='lat' dir='ltr'><strong>hebatur,</strong></span> <span class='ocrx_word' id='word_1_145' title='bbox 2073 705 2216 760; x_wconf 89' lang='lat' dir='ltr'><strong>dicta</strong></span> <span class='ocrx_word' id='word_1_146' title='bbox 2241 715 2324 761; x_wconf 89' lang='lat' dir='ltr'><strong>est</strong></span> <span class='ocrx_word' id='word_1_147' title='bbox 2348 706 2539 777; x_wconf 87' lang='grc' dir='ltr'>διδαχή</span> <span class='ocrx_word' id='word_1_148' title='bbox 2573 707 2659 759; x_wconf 90' lang='lat' dir='ltr'><strong>vel</strong></span> <span class='ocrx_word' id='word_1_149' title='bbox 2684 704 3006 759; x_wconf 86' lang='grc' dir='ltr'>διδασκαλία</span> <span class='ocrx_word' id='word_1_150' title='bbox 3040 703 3382 770; x_wconf 83' lang='grc' dir='ltr'><strong>ἀποστόλων,</strong></span> 
     </span>
    </p>
   </div>
   <div class='ocr_carea' id='block_1_22' title="bbox 1788 798 3384 869">
    <p class='ocr_par' dir='ltr' id='par_1_22' title="bbox 1788 798 3384 869">
     <span class='ocr_line' id='line_1_22' title="bbox 1788 798 3384 869; baseline -0.001 -17"><span class='ocrx_word' id='word_1_151' title='bbox 1788 814 1910 869; x_wconf 69' lang='lat' dir='ltr'><strong>quae</strong></span> <span class='ocrx_word' id='word_1_152' title='bbox 1933 801 2001 852; x_wconf 88' lang='lat' dir='ltr'><strong>ab</strong></span> <span class='ocrx_word' id='word_1_153' title='bbox 2024 800 2210 868; x_wconf 87' lang='lat' dir='ltr'><strong>aliquo</strong></span> <span class='ocrx_word' id='word_1_154' title='bbox 2233 799 2604 869; x_wconf 86' lang='lat' dir='ltr'><strong>apostolorum</strong></span> <span class='ocrx_word' id='word_1_155' title='bbox 2621 799 2894 869; x_wconf 86' lang='lat' dir='ltr'><strong>discipulo</strong></span> <span class='ocrx_word' id='word_1_156' title='bbox 2920 799 3124 867; x_wconf 80' lang='lat' dir='ltr'><strong>scriptu</strong></span> <span class='ocrx_word' id='word_1_157' title='bbox 3152 798 3384 866; x_wconf 79' lang='lat' dir='ltr'><strong>putaba-</strong></span> 
     </span>
    </p>
   </div>
   <div class='ocr_carea' id='block_1_23' title="bbox 1786 890 3385 962">
    <p class='ocr_par' dir='ltr' id='par_1_23' title="bbox 1786 890 3385 962">
     <span class='ocr_line' id='line_1_23' title="bbox 1786 890 3385 962; baseline -0.003 -15"><span class='ocrx_word' id='word_1_158' title='bbox 1786 902 1896 957; x_wconf 90' lang='lat' dir='ltr'><strong>tur,</strong></span> <span class='ocrx_word' id='word_1_159' title='bbox 1931 893 2051 962; x_wconf 86' lang='lat' dir='ltr'><strong>ejus</strong></span> <span class='ocrx_word' id='word_1_160' title='bbox 2083 907 2279 946; x_wconf 87' lang='lat' dir='ltr'><strong>nomen</strong></span> <span class='ocrx_word' id='word_1_161' title='bbox 2309 907 2418 960; x_wconf 70' lang='lat' dir='ltr'><strong>pra:</strong></span> <span class='ocrx_word' id='word_1_162' title='bbox 2452 907 2511 947; x_wconf 89' lang='lat' dir='ltr'><strong>se</strong></span> <span class='ocrx_word' id='word_1_163' title='bbox 2542 890 2770 957; x_wconf 88' lang='lat' dir='ltr'><strong>ferebat,</strong></span> <span class='ocrx_word' id='word_1_164' title='bbox 2799 901 2860 946; x_wconf 91' lang='lat' dir='ltr'><strong>ut</strong></span> <span class='ocrx_word' id='word_1_165' title='bbox 2891 891 3209 945; x_wconf 85' lang='grc' dir='ltr'>διδασκαλία</span> <span class='ocrx_word' id='word_1_166' title='bbox 3242 890 3385 961; x_wconf 83' lang='grc' dir='ltr'>Κλή-</span> 
     </span>
    </p>
   </div>
   <div class='ocr_carea' id='block_1_24' title="bbox 1792 983 3380 1056">
    <p class='ocr_par' dir='ltr' id='par_1_24' title="bbox 1792 983 3380 1056">
     <span class='ocr_line' id='line_1_24' title="bbox 1792 983 3380 1056; baseline -0.001 -18"><span class='ocrx_word' id='word_1_167' title='bbox 1792 1001 2005 1056; x_wconf 83' lang='grc' dir='ltr'>μεντος,</span> <span class='ocrx_word' id='word_1_168' title='bbox 2039 985 2122 1040; x_wconf 90' lang='lat' dir='ltr'><strong>vel</strong></span> <span class='ocrx_word' id='word_1_169' title='bbox 2145 983 2234 1036; x_wconf 79' lang='grc' dir='ltr'><strong>διὰ</strong></span> <span class='ocrx_word' id='word_1_170' title='bbox 2266 983 2605 1055; x_wconf 83' lang='grc' dir='ltr'><strong>Κλήμεντος,</strong></span> <span class='ocrx_word' id='word_1_171' title='bbox 2647 999 2770 1054; x_wconf 71' lang='lat' dir='ltr'><strong>qua:</strong></span> <span class='ocrx_word' id='word_1_172' title='bbox 2805 984 3052 1037; x_wconf 88' lang='lat' dir='ltr'><strong>omnium</strong></span> <span class='ocrx_word' id='word_1_173' title='bbox 3086 983 3251 1052; x_wconf 84' lang='lat' dir='ltr'><strong>hujus</strong></span> <span class='ocrx_word' id='word_1_174' title='bbox 3279 997 3380 1053; x_wconf 82' lang='lat' dir='ltr'><strong>ge-</strong></span> 
     </span>
    </p>
   </div>
   <div class='ocr_carea' id='block_1_25' title="bbox 1789 1075 3384 1148">
    <p class='ocr_par' dir='ltr' id='par_1_25' title="bbox 1789 1075 3384 1148">
     <span class='ocr_line' id='line_1_25' title="bbox 1789 1075 3384 1148; baseline -0.001 -17"><span class='ocrx_word' id='word_1_175' title='bbox 1789 1077 1937 1132; x_wconf 89' lang='lat' dir='ltr'><strong>neris</strong></span> <span class='ocrx_word' id='word_1_176' title='bbox 1971 1077 2365 1148; x_wconf 88' lang='lat' dir='ltr'><strong>anliquissima</strong></span> <span class='ocrx_word' id='word_1_177' title='bbox 2389 1077 2620 1130; x_wconf 70' lang='lat' dir='ltr'><strong>videtur.</strong></span> <span class='ocrx_word' id='word_1_178' title='bbox 2639 1075 2720 1129; x_wconf 88' lang='lat' dir='ltr'><strong>Ad</strong></span> <span class='ocrx_word' id='word_1_179' title='bbox 2747 1075 2914 1146; x_wconf 90' lang='lat' dir='ltr'><strong>hujus</strong></span> <span class='ocrx_word' id='word_1_180' title='bbox 2938 1084 3119 1130; x_wconf 89' lang='lat' dir='ltr'><strong>autem</strong></span> <span class='ocrx_word' id='word_1_181' title='bbox 3149 1075 3384 1142; x_wconf 81' lang='lat' dir='ltr'><strong>fortnam</strong></span> 
     </span>
    </p>
   </div>
   <div class='ocr_carea' id='block_1_26' title="bbox 1786 1168 3385 1238">
    <p class='ocr_par' dir='ltr' id='par_1_26' title="bbox 1786 1168 3385 1238">
     <span class='ocr_line' id='line_1_26' title="bbox 1786 1168 3385 1238; baseline -0.003 -13"><span class='ocrx_word' id='word_1_182' title='bbox 1786 1170 1976 1225; x_wconf 71' lang='lat' dir='ltr'><strong>edictae</strong></span> <span class='ocrx_word' id='word_1_183' title='bbox 2004 1178 2136 1224; x_wconf 88' lang='lat' dir='ltr'><strong>sunt</strong></span> <span class='ocrx_word' id='word_1_184' title='bbox 2162 1179 2217 1225; x_wconf 89' lang='lat' dir='ltr'><strong>et</strong></span> <span class='ocrx_word' id='word_1_185' title='bbox 2247 1170 2366 1224; x_wconf 72' lang='lat' dir='ltr'><strong>alia:</strong></span> <span class='ocrx_word' id='word_1_186' title='bbox 2394 1168 2709 1238; x_wconf 77' lang='lat' dir='ltr'><strong>complures</strong></span> <span class='ocrx_word' id='word_1_187' title='bbox 2744 1168 2981 1224; x_wconf 86' lang='lat' dir='ltr'><strong>diversis</strong></span> <span class='ocrx_word' id='word_1_188' title='bbox 3024 1168 3243 1222; x_wconf 69' lang='lat' dir='ltr'><strong>saeculis</strong></span> <span class='ocrx_word' id='word_1_189' title='bbox 3287 1183 3385 1221; x_wconf 79' lang='lat' dir='ltr'><strong>ex-</strong></span> 
     </span>
    </p>
   </div>
   <div class='ocr_carea' id='block_1_27' title="bbox 1787 1258 3383 1332">
    <p class='ocr_par' dir='ltr' id='par_1_27' title="bbox 1787 1258 3383 1332">
     <span class='ocr_line' id='line_1_27' title="bbox 1787 1258 3383 1332; baseline -0.006 -14"><span class='ocrx_word' id='word_1_190' title='bbox 1787 1265 2043 1331; x_wconf 71' lang='lat' dir='ltr'><strong>cogitata:</strong></span> <span class='ocrx_word' id='word_1_191' title='bbox 2066 1269 2231 1332; x_wconf 90' lang='lat' dir='ltr'><strong>atque</strong></span> <span class='ocrx_word' id='word_1_192' title='bbox 2257 1265 2559 1330; x_wconf 70' lang='lat' dir='ltr'><strong>evnlgataa;</strong></span> <span class='ocrx_word' id='word_1_193' title='bbox 2613 1269 2672 1314; x_wconf 91' lang='lat' dir='ltr'><strong>ut</strong></span> <span class='ocrx_word' id='word_1_194' title='bbox 2717 1259 3035 1313; x_wconf 76' lang='grc' dir='ltr'>διδασκαλία</span> <span class='ocrx_word' id='word_1_195' title='bbox 3084 1258 3383 1327; x_wconf 87' lang='grc' dir='ltr'>Ίγνατίου,</span> 
     </span>
    </p>
   </div>
   <div class='ocr_carea' id='block_1_28' title="bbox 1792 1349 3386 1424">
    <p class='ocr_par' dir='ltr' id='par_1_28' title="bbox 1792 1349 3386 1424">
     <span class='ocr_line' id='line_1_28' title="bbox 1792 1349 3386 1424; baseline -0.005 -15"><span class='ocrx_word' id='word_1_196' title='bbox 1792 1356 1859 1409; x_wconf 92' lang='lat' dir='ltr'><strong>de</strong></span> <span class='ocrx_word' id='word_1_197' title='bbox 1882 1371 1990 1424; x_wconf 89' lang='lat' dir='ltr'><strong>qua</strong></span> <span class='ocrx_word' id='word_1_198' title='bbox 2025 1354 2287 1416; x_wconf 83' lang='lat' dir='ltr'><strong>diximus,</strong></span> <span class='ocrx_word' id='word_1_199' title='bbox 2320 1363 2373 1407; x_wconf 89' lang='lat' dir='ltr'><strong>et</strong></span> <span class='ocrx_word' id='word_1_200' title='bbox 2393 1351 2710 1405; x_wconf 85' lang='grc' dir='ltr'>διδασκαλία</span> <span class='ocrx_word' id='word_1_201' title='bbox 2742 1351 2830 1404; x_wconf 83' lang='grc' dir='ltr'><strong>διὰ</strong></span> <span class='ocrx_word' id='word_1_202' title='bbox 2869 1349 3213 1411; x_wconf 78' lang='grc' dir='ltr'><strong>Ἱππολύτου,</strong></span> <span class='ocrx_word' id='word_1_203' title='bbox 3247 1365 3386 1402; x_wconf 79' lang='lat' dir='ltr'><strong>non-</strong></span> 
     </span>
    </p>
   </div>
   <div class='ocr_carea' id='block_1_29' title="bbox 1789 1439 3386 1512">
    <p class='ocr_par' dir='ltr' id='par_1_29' title="bbox 1789 1439 3386 1512">
     <span class='ocr_line' id='line_1_29' title="bbox 1789 1439 3386 1512; baseline -0.001 -17"><span class='ocrx_word' id='word_1_204' title='bbox 1789 1442 1918 1495; x_wconf 90' lang='lat' dir='ltr'><strong>dum</strong></span> <span class='ocrx_word' id='word_1_205' title='bbox 1945 1458 1973 1495; x_wconf 92' lang='lat' dir='ltr'><strong>a</strong></span> <span class='ocrx_word' id='word_1_206' title='bbox 2005 1445 2264 1512; x_wconf 89' lang='lat' dir='ltr'><strong>quopiam</strong></span> <span class='ocrx_word' id='word_1_207' title='bbox 2295 1442 2606 1507; x_wconf 86' lang='lat' dir='ltr'><strong>observata,</strong></span> <span class='ocrx_word' id='word_1_208' title='bbox 2636 1457 2803 1511; x_wconf 90' lang='lat' dir='ltr'><strong>quam</strong></span> <span class='ocrx_word' id='word_1_209' title='bbox 2843 1441 2896 1494; x_wconf 89' lang='lat' dir='ltr'><strong>in</strong></span> <span class='ocrx_word' id='word_1_210' title='bbox 2925 1439 3116 1495; x_wconf 89' lang='lat' dir='ltr'><strong>codice</strong></span> <span class='ocrx_word' id='word_1_211' title='bbox 3155 1456 3260 1494; x_wconf 90' lang='lat' dir='ltr'><strong>ms.</strong></span> <span class='ocrx_word' id='word_1_212' title='bbox 3300 1439 3386 1493; x_wconf 90' lang='lat' dir='ltr'><strong>bi-</strong></span> 
     </span>
    </p>
   </div>
   <div class='ocr_carea' id='block_1_30' title="bbox 1784 1529 3382 1602">
    <p class='ocr_par' dir='ltr' id='par_1_30' title="bbox 1784 1529 3382 1602">
     <span class='ocr_line' id='line_1_30' title="bbox 1784 1529 3382 1602; baseline -0.003 -15"><span class='ocrx_word' id='word_1_213' title='bbox 1784 1533 2071 1588; x_wconf 66' lang='lat' dir='ltr'><strong>bliothecae</strong></span> <span class='ocrx_word' id='word_1_214' title='bbox 2111 1531 2443 1588; x_wconf 82' lang='lat' dir='ltr'><strong>Oxoniensis</strong></span> <span class='ocrx_word' id='word_1_215' title='bbox 2471 1533 2640 1588; x_wconf 89' lang='lat' dir='ltr'><strong>latere</strong></span> <span class='ocrx_word' id='word_1_216' title='bbox 2672 1541 2961 1587; x_wconf 89' lang='lat' dir='ltr'><strong>testamur.</strong></span> <span class='ocrx_word' id='word_1_217' title='bbox 3002 1529 3190 1602; x_wconf 81' lang='lat' dir='ltr'><strong>Neque</strong></span> <span class='ocrx_word' id='word_1_218' title='bbox 3233 1532 3382 1586; x_wconf 92' lang='lat' dir='ltr'><strong>enim</strong></span> 
     </span>
    </p>
   </div>
   <div class='ocr_carea' id='block_1_31' title="bbox 1783 1624 3386 1697">
    <p class='ocr_par' dir='ltr' id='par_1_31' title="bbox 1783 1624 3386 1697">
     <span class='ocr_line' id='line_1_31' title="bbox 1783 1624 3386 1697; baseline 0.001 -18"><span class='ocrx_word' id='word_1_219' title='bbox 1783 1624 2040 1691; x_wconf 80' lang='lat' dir='ltr'><strong>deerant&quot;,</strong></span> <span class='ocrx_word' id='word_1_220' title='bbox 2095 1625 2191 1694; x_wconf 89' lang='lat' dir='ltr'><strong>qui</strong></span> <span class='ocrx_word' id='word_1_221' title='bbox 2243 1624 2596 1697; x_wconf 82' lang='lat' dir='ltr'><strong>Hippolytum</strong></span> <span class='ocrx_word' id='word_1_222' title='bbox 2655 1624 2789 1694; x_wconf 92' lang='lat' dir='ltr'><strong>ipsis</strong></span> <span class='ocrx_word' id='word_1_223' title='bbox 2857 1633 3048 1678; x_wconf 90' lang='lat' dir='ltr'><strong>notum</strong></span> <span class='ocrx_word' id='word_1_224' title='bbox 3115 1626 3386 1694; x_wconf 85' lang='lat' dir='ltr'><strong>apostolis</strong></span> 
     </span>
    </p>
   </div>
   <div class='ocr_carea' id='block_1_32' title="bbox 1783 1714 3385 1786">
    <p class='ocr_par' dir='ltr' id='par_1_32' title="bbox 1783 1714 3385 1786">
     <span class='ocr_line' id='line_1_32' title="bbox 1783 1714 3385 1786; baseline -0.001 -17"><span class='ocrx_word' id='word_1_225' title='bbox 1783 1715 2160 1784; x_wconf 60' lang='lat' dir='ltr'><strong>praedicarent.</strong></span> <span class='ocrx_word' id='word_1_226' title='bbox 2191 1716 2332 1782; x_wconf 76' lang='lat' dir='ltr'><strong>Quin</strong></span> <span class='ocrx_word' id='word_1_227' title='bbox 2363 1724 2418 1770; x_wconf 91' lang='lat' dir='ltr'><strong>et</strong></span> <span class='ocrx_word' id='word_1_228' title='bbox 2447 1716 2609 1770; x_wconf 90' lang='lat' dir='ltr'><strong>talem</strong></span> <span class='ocrx_word' id='word_1_229' title='bbox 2651 1716 2873 1786; x_wconf 73' lang='grc' dir='ltr'>διδαχὴν</span> <span class='ocrx_word' id='word_1_230' title='bbox 2909 1717 3074 1769; x_wconf 90' lang='lat' dir='ltr'><strong>etiam</strong></span> <span class='ocrx_word' id='word_1_231' title='bbox 3117 1714 3175 1769; x_wconf 90' lang='lat' dir='ltr'><strong>S.</strong></span> <span class='ocrx_word' id='word_1_232' title='bbox 3222 1714 3385 1786; x_wconf 77' lang='lat' dir='ltr'><strong>Poly-</strong></span> 
     </span>
    </p>
   </div>
   <div class='ocr_carea' id='block_1_33' title="bbox 106 1802 3384 1880">
    <p class='ocr_par' dir='ltr' id='par_1_33' title="bbox 106 1802 3384 1880">
     <span class='ocr_line' id='line_1_33' title="bbox 106 1802 3384 1880; baseline 0.001 -21"><span class='ocrx_word' id='word_1_233' title='bbox 106 1807 267 1861; x_wconf 84' lang='lat' dir='ltr'><strong>men?</strong></span> <span class='ocrx_word' id='word_1_234' title='bbox 300 1805 509 1862; x_wconf 85' lang='lat' dir='ltr'><strong>Facilis</strong></span> <span class='ocrx_word' id='word_1_235' title='bbox 557 1817 614 1862; x_wconf 91' lang='lat' dir='ltr'><strong>et</strong></span> <span class='ocrx_word' id='word_1_236' title='bbox 658 1809 913 1878; x_wconf 78' lang='lat' dir='ltr'><strong>expedita</strong></span> <span class='ocrx_word' id='word_1_237' title='bbox 967 1810 1274 1880; x_wconf 89' lang='lat' dir='ltr'><strong>responsio.</strong></span> <span class='ocrx_word' id='word_1_238' title='bbox 1315 1809 1436 1868; x_wconf 83' lang='lat' dir='ltr'><strong>Non</strong></span> <span class='ocrx_word' id='word_1_239' title='bbox 1487 1813 1541 1868; x_wconf 92' lang='lat' dir='ltr'><strong>in</strong></span> <span class='ocrx_word' id='word_1_240' title='bbox 1587 1815 1693 1870; x_wconf 87' lang='lat' dir='ltr'><strong>hoc</strong></span> <span class='ocrx_word' id='word_1_241' title='bbox 1725 1802 1767 1857; x_wconf 83' lang='grc' dir='ltr'>Β</span> <span class='ocrx_word' id='word_1_242' title='bbox 1794 1824 1962 1880; x_wconf 87' lang='lat' dir='ltr'><strong>carpo</strong></span> <span class='ocrx_word' id='word_1_243' title='bbox 2010 1810 2333 1864; x_wconf 89' lang='lat' dir='ltr'><strong>attributam</strong></span> <span class='ocrx_word' id='word_1_244' title='bbox 2381 1809 2552 1865; x_wconf 91' lang='lat' dir='ltr'><strong>fuisse</strong></span> <span class='ocrx_word' id='word_1_245' title='bbox 2585 1825 2694 1863; x_wconf 92' lang='lat' dir='ltr'><strong>non</strong></span> <span class='ocrx_word' id='word_1_246' title='bbox 2735 1809 2945 1864; x_wconf 89' lang='lat' dir='ltr'><strong>dubito.</strong></span> <span class='ocrx_word' id='word_1_247' title='bbox 2999 1808 3161 1864; x_wconf 84' lang='lat' dir='ltr'><strong>Tales</strong></span> <span class='ocrx_word' id='word_1_248' title='bbox 3216 1817 3384 1864; x_wconf 88' lang='lat' dir='ltr'><strong>erant</strong></span> 
     </span>
    </p>
   </div>
   <div class='ocr_carea' id='block_1_34' title="bbox 107 1900 1694 1974">
    <p class='ocr_par' dir='ltr' id='par_1_34' title="bbox 107 1900 1694 1974">
     <span class='ocr_line' id='line_1_34' title="bbox 107 1900 1694 1974; baseline 0.003 -21"><span class='ocrx_word' id='word_1_249' title='bbox 107 1909 345 1966; x_wconf 86' lang='lat' dir='ltr'><strong>tantum,</strong></span> <span class='ocrx_word' id='word_1_250' title='bbox 375 1901 472 1955; x_wconf 87' lang='lat' dir='ltr'><strong>sed</strong></span> <span class='ocrx_word' id='word_1_251' title='bbox 497 1909 553 1956; x_wconf 91' lang='lat' dir='ltr'><strong>et</strong></span> <span class='ocrx_word' id='word_1_252' title='bbox 574 1902 628 1955; x_wconf 78' lang='lat' dir='ltr'><strong>iii</strong></span> <span class='ocrx_word' id='word_1_253' title='bbox 661 1901 770 1956; x_wconf 88' lang='lat' dir='ltr'><strong>alio</strong></span> <span class='ocrx_word' id='word_1_254' title='bbox 809 1900 1054 1956; x_wconf 88' lang='lat' dir='ltr'><strong>lndiculo</strong></span> <span class='ocrx_word' id='word_1_255' title='bbox 1085 1916 1284 1956; x_wconf 88' lang='lat' dir='ltr'><strong>nomen</strong></span> <span class='ocrx_word' id='word_1_256' title='bbox 1307 1903 1694 1974; x_wconf 63' lang='lat' dir='ltr'><strong>lgnatiii&#39;eper-</strong></span> 
     </span>
    </p>
   </div>
   <div class='ocr_carea' id='block_1_35' title="bbox 108 1992 1691 2064">
    <p class='ocr_par' dir='ltr' id='par_1_35' title="bbox 108 1992 1691 2064">
     <span class='ocr_line' id='line_1_35' title="bbox 108 1992 1691 2064; baseline 0.001 -18"><span class='ocrx_word' id='word_1_257' title='bbox 108 1995 259 2058; x_wconf 88' lang='lat' dir='ltr'><strong>itur;</strong></span> <span class='ocrx_word' id='word_1_258' title='bbox 327 2001 387 2047; x_wconf 90' lang='lat' dir='ltr'><strong>et</strong></span> <span class='ocrx_word' id='word_1_259' title='bbox 440 2007 577 2048; x_wconf 90' lang='lat' dir='ltr'><strong>sane</strong></span> <span class='ocrx_word' id='word_1_260' title='bbox 623 1993 762 2047; x_wconf 87' lang='lat' dir='ltr'><strong>ratio</strong></span> <span class='ocrx_word' id='word_1_261' title='bbox 811 1993 1026 2059; x_wconf 88' lang='lat' dir='ltr'><strong>suadet,</strong></span> <span class='ocrx_word' id='word_1_262' title='bbox 1075 1993 1147 2048; x_wconf 90' lang='lat' dir='ltr'><strong>ob</strong></span> <span class='ocrx_word' id='word_1_263' title='bbox 1184 1992 1432 2048; x_wconf 80' lang='lat' dir='ltr'><strong>eamdem</strong></span> <span class='ocrx_word' id='word_1_264' title='bbox 1467 2008 1691 2064; x_wconf 79' lang='lat' dir='ltr'><strong>causam</strong></span> 
     </span>
    </p>
   </div>
   <div class='ocr_carea' id='block_1_36' title="bbox 113 2083 1690 2156">
    <p class='ocr_par' dir='ltr' id='par_1_36' title="bbox 113 2083 1690 2156">
     <span class='ocr_line' id='line_1_36' title="bbox 113 2083 1690 2156; baseline 0.003 -18"><span class='ocrx_word' id='word_1_265' title='bbox 113 2085 364 2140; x_wconf 89' lang='lat' dir='ltr'><strong>eumdem</strong></span> <span class='ocrx_word' id='word_1_266' title='bbox 400 2085 455 2139; x_wconf 93' lang='lat' dir='ltr'><strong>in</strong></span> <span class='ocrx_word' id='word_1_267' title='bbox 489 2095 725 2156; x_wconf 91' lang='lat' dir='ltr'><strong>utroque</strong></span> <span class='ocrx_word' id='word_1_268' title='bbox 773 2086 1069 2140; x_wconf 89' lang='lat' dir='ltr'><strong>nominari.</strong></span> <span class='ocrx_word' id='word_1_269' title='bbox 1117 2083 1398 2142; x_wconf 83' lang='lat' dir='ltr'><strong>lndiculus</strong></span> <span class='ocrx_word' id='word_1_270' title='bbox 1441 2086 1534 2142; x_wconf 90' lang='lat' dir='ltr'><strong>ille</strong></span> <span class='ocrx_word' id='word_1_271' title='bbox 1587 2104 1690 2143; x_wconf 89' lang='lat' dir='ltr'><strong>ms.</strong></span> 
     </span>
    </p>
   </div>
   <div class='ocr_carea' id='block_1_37' title="bbox 108 2174 1693 2247">
    <p class='ocr_par' dir='ltr' id='par_1_37' title="bbox 108 2174 1693 2247">
     <span class='ocr_line' id='line_1_37' title="bbox 108 2174 1693 2247; baseline 0.001 -19"><span class='ocrx_word' id='word_1_272' title='bbox 108 2182 284 2229; x_wconf 76' lang='lat' dir='ltr'><strong>exstat</strong></span> <span class='ocrx_word' id='word_1_273' title='bbox 325 2175 472 2229; x_wconf 91' lang='lat' dir='ltr'><strong>inter</strong></span> <span class='ocrx_word' id='word_1_274' title='bbox 500 2176 671 2230; x_wconf 89' lang='lat' dir='ltr'><strong>libros</strong></span> <span class='ocrx_word' id='word_1_275' title='bbox 701 2174 1069 2230; x_wconf 86' lang='lat' dir='ltr'><strong>Baroecianos</strong></span> <span class='ocrx_word' id='word_1_276' title='bbox 1111 2175 1165 2229; x_wconf 94' lang='lat' dir='ltr'><strong>in</strong></span> <span class='ocrx_word' id='word_1_277' title='bbox 1207 2175 1547 2233; x_wconf 88' lang='lat' dir='ltr'><strong>Bibliotheca</strong></span> <span class='ocrx_word' id='word_1_278' title='bbox 1588 2194 1693 2247; x_wconf 91' lang='lat' dir='ltr'><strong>pn-</strong></span> 
     </span>
    </p>
   </div>
   <div class='ocr_carea' id='block_1_38' title="bbox 108 2264 1694 2338">
    <p class='ocr_par' dir='ltr' id='par_1_38' title="bbox 108 2264 1694 2338">
     <span class='ocr_line' id='line_1_38' title="bbox 108 2264 1694 2338; baseline 0.003 -19"><span class='ocrx_word' id='word_1_279' title='bbox 108 2266 244 2320; x_wconf 84' lang='lat' dir='ltr'><strong>biica</strong></span> <span class='ocrx_word' id='word_1_280' title='bbox 272 2265 476 2322; x_wconf 79' lang='lat' dir='ltr'><strong>Oxonii</strong></span> <span class='ocrx_word' id='word_1_281' title='bbox 503 2308 517 2333; x_wconf 90' lang='lat'><strong>,</strong></span> <span class='ocrx_word' id='word_1_282' title='bbox 555 2265 623 2320; x_wconf 93' lang='lat' dir='ltr'><strong>de</strong></span> <span class='ocrx_word' id='word_1_283' title='bbox 660 2281 771 2335; x_wconf 92' lang='lat' dir='ltr'><strong>quo</strong></span> <span class='ocrx_word' id='word_1_284' title='bbox 810 2267 1026 2320; x_wconf 91' lang='lat' dir='ltr'><strong>monuit</strong></span> <span class='ocrx_word' id='word_1_285' title='bbox 1073 2264 1364 2334; x_wconf 89' lang='lat' dir='ltr'><strong>Usserius,</strong></span> <span class='ocrx_word' id='word_1_286' title='bbox 1417 2283 1694 2338; x_wconf 87' lang='lat' dir='ltr'><strong>quemque</strong></span> 
     </span>
    </p>
   </div>
   <div class='ocr_carea' id='block_1_39' title="bbox 113 2356 1695 2431">
    <p class='ocr_par' dir='ltr' id='par_1_39' title="bbox 113 2356 1695 2431">
     <span class='ocr_line' id='line_1_39' title="bbox 113 2356 1695 2431; baseline 0 -19"><span class='ocrx_word' id='word_1_287' title='bbox 113 2374 207 2413; x_wconf 88' lang='lat' dir='ltr'><strong>nos</strong></span> <span class='ocrx_word' id='word_1_288' title='bbox 254 2358 521 2412; x_wconf 81' lang='lat' dir='ltr'><strong>vidimus.</strong></span> <span class='ocrx_word' id='word_1_289' title='bbox 567 2356 626 2412; x_wconf 88' lang='lat' dir='ltr'><strong>In</strong></span> <span class='ocrx_word' id='word_1_290' title='bbox 659 2358 752 2412; x_wconf 92' lang='lat' dir='ltr'><strong>illo</strong></span> <span class='ocrx_word' id='word_1_291' title='bbox 785 2359 929 2413; x_wconf 89' lang='lat' dir='ltr'><strong>inter</strong></span> <span class='ocrx_word' id='word_1_292' title='bbox 975 2358 1210 2428; x_wconf 89' lang='lat' dir='ltr'><strong>plurima</strong></span> <span class='ocrx_word' id='word_1_293' title='bbox 1249 2359 1560 2431; x_wconf 83' lang='lat' dir='ltr'><strong>apocrypha</strong></span> <span class='ocrx_word' id='word_1_294' title='bbox 1593 2377 1695 2413; x_wconf 84' lang='lat' dir='ltr'><strong>nu-</strong></span> 
     </span>
    </p>
   </div>
   <div class='ocr_carea' id='block_1_40' title="bbox 114 2448 1695 2522">
    <p class='ocr_par' dir='ltr' id='par_1_40' title="bbox 114 2448 1695 2522">
     <span class='ocr_line' id='line_1_40' title="bbox 114 2448 1695 2522; baseline 0 -19"><span class='ocrx_word' id='word_1_295' title='bbox 114 2460 392 2504; x_wconf 71' lang='lat' dir='ltr'><strong>merantur</strong></span> <span class='ocrx_word' id='word_1_296' title='bbox 417 2448 641 2518; x_wconf 75' lang='grc' dir='ltr'><strong>Διδαχαὶ</strong></span> <span class='ocrx_word' id='word_1_297' title='bbox 678 2448 788 2502; x_wconf 81' lang='grc' dir='ltr'><strong>τῶν</strong></span> <span class='ocrx_word' id='word_1_298' title='bbox 815 2448 1152 2514; x_wconf 84' lang='grc' dir='ltr'><strong>ἀποστόλων,</strong></span> <span class='ocrx_word' id='word_1_299' title='bbox 1192 2449 1523 2504; x_wconf 86' lang='grc' dir='ltr'>Διδασκαλία</span> <span class='ocrx_word' id='word_1_300' title='bbox 1547 2450 1695 2522; x_wconf 89' lang='grc' dir='ltr'>Κλή-</span> 
     </span>
    </p>
   </div>
   <div class='ocr_carea' id='block_1_41' title="bbox 119 2538 1696 2611">
    <p class='ocr_par' dir='ltr' id='par_1_41' title="bbox 119 2538 1696 2611">
     <span class='ocr_line' id='line_1_41' title="bbox 119 2538 1696 2611; baseline 0.001 -17"><span class='ocrx_word' id='word_1_301' title='bbox 119 2558 332 2611; x_wconf 82' lang='grc' dir='ltr'>μεντος,</span> <span class='ocrx_word' id='word_1_302' title='bbox 383 2539 647 2608; x_wconf 83' lang='grc' dir='ltr'>Ἰγνατίου</span> <span class='ocrx_word' id='word_1_303' title='bbox 689 2539 1036 2594; x_wconf 84' lang='grc' dir='ltr'>Διδασκαλία.</span> <span class='ocrx_word' id='word_1_304' title='bbox 1080 2538 1152 2594; x_wconf 98' lang='lat' dir='ltr'><strong>Ut</strong></span> <span class='ocrx_word' id='word_1_305' title='bbox 1196 2549 1381 2595; x_wconf 87' lang='lat' dir='ltr'><strong>autem</strong></span> <span class='ocrx_word' id='word_1_306' title='bbox 1418 2540 1565 2596; x_wconf 84' lang='lat' dir='ltr'><strong>aliud</strong></span> <span class='ocrx_word' id='word_1_307' title='bbox 1611 2551 1696 2596; x_wconf 87' lang='lat' dir='ltr'><strong>est</strong></span> 
     </span>
    </p>
   </div>
   <div class='ocr_carea' id='block_1_42' title="bbox 110 2631 1694 2705">
    <p class='ocr_par' dir='ltr' id='par_1_42' title="bbox 110 2631 1694 2705">
     <span class='ocr_line' id='line_1_42' title="bbox 110 2631 1694 2705; baseline 0.001 -19"><span class='ocrx_word' id='word_1_308' title='bbox 110 2632 432 2687; x_wconf 67' lang='grc' dir='ltr'>Διδασκαλία</span> <span class='ocrx_word' id='word_1_309' title='bbox 458 2632 543 2686; x_wconf 91' lang='lat' dir='ltr'><strong>vel</strong></span> <span class='ocrx_word' id='word_1_310' title='bbox 574 2632 773 2705; x_wconf 80' lang='grc' dir='ltr'>Διδαχὴ</span> <span class='ocrx_word' id='word_1_311' title='bbox 811 2631 1128 2698; x_wconf 84' lang='lat' dir='ltr'><strong>Clementis,</strong></span> <span class='ocrx_word' id='word_1_312' title='bbox 1158 2632 1306 2687; x_wconf 90' lang='lat' dir='ltr'><strong>aliud</strong></span> <span class='ocrx_word' id='word_1_313' title='bbox 1336 2633 1592 2703; x_wconf 90' lang='lat' dir='ltr'><strong>epistola,</strong></span> <span class='ocrx_word' id='word_1_314' title='bbox 1619 2634 1694 2688; x_wconf 87' lang='lat' dir='ltr'><strong>ita</strong></span> 
     </span>
    </p>
   </div>
   <div class='ocr_carea' id='block_1_43' title="bbox 109 2724 1695 2797">
    <p class='ocr_par' dir='ltr' id='par_1_43' title="bbox 109 2724 1695 2797">
     <span class='ocr_line' id='line_1_43' title="bbox 109 2724 1695 2797; baseline -0.001 -16"><span class='ocrx_word' id='word_1_315' title='bbox 109 2737 166 2781; x_wconf 89' lang='lat' dir='ltr'><strong>et</strong></span> <span class='ocrx_word' id='word_1_316' title='bbox 195 2726 407 2797; x_wconf 80' lang='lat' dir='ltr'><strong>lgnatii.</strong></span> <span class='ocrx_word' id='word_1_317' title='bbox 445 2725 552 2780; x_wconf 88' lang='lat' dir='ltr'><strong>Sed</strong></span> <span class='ocrx_word' id='word_1_318' title='bbox 580 2727 770 2782; x_wconf 89' lang='lat' dir='ltr'><strong>eodem</strong></span> <span class='ocrx_word' id='word_1_319' title='bbox 807 2725 971 2780; x_wconf 90' lang='lat' dir='ltr'><strong>modo</strong></span> <span class='ocrx_word' id='word_1_320' title='bbox 1009 2724 1366 2795; x_wconf 85' lang='lat' dir='ltr'><strong>supplendam</strong></span> <span class='ocrx_word' id='word_1_321' title='bbox 1397 2734 1452 2781; x_wconf 89' lang='lat' dir='ltr'><strong>et</strong></span> <span class='ocrx_word' id='word_1_322' title='bbox 1492 2726 1695 2780; x_wconf 88' lang='lat' dir='ltr'><strong>intelli-</strong></span> 
     </span>
    </p>
   </div>
   <div class='ocr_carea' id='block_1_44' title="bbox 108 2817 1688 2889">
    <p class='ocr_par' dir='ltr' id='par_1_44' title="bbox 108 2817 1688 2889">
     <span class='ocr_line' id='line_1_44' title="bbox 108 2817 1688 2889; baseline 0 -17"><span class='ocrx_word' id='word_1_323' title='bbox 108 2820 342 2889; x_wconf 81' lang='lat' dir='ltr'><strong>gendam</strong></span> <span class='ocrx_word' id='word_1_324' title='bbox 396 2817 836 2872; x_wconf 83' lang='lat' dir='ltr'><strong>Stichometriam</strong></span> <span class='ocrx_word' id='word_1_325' title='bbox 875 2825 1120 2871; x_wconf 90' lang='lat' dir='ltr'><strong>nostram</strong></span> <span class='ocrx_word' id='word_1_326' title='bbox 1159 2832 1398 2872; x_wconf 89' lang='lat' dir='ltr'><strong>censeo:</strong></span> <span class='ocrx_word' id='word_1_327' title='bbox 1447 2818 1688 2886; x_wconf 88' lang='lat' dir='ltr'><strong>scilicet,</strong></span> 
     </span>
    </p>
   </div>
   <div class='ocr_carea' id='block_1_45' title="bbox 104 2908 1692 2981">
    <p class='ocr_par' dir='ltr' id='par_1_45' title="bbox 104 2908 1692 2981">
     <span class='ocr_line' id='line_1_45' title="bbox 104 2908 1692 2981; baseline 0.002 -19"><span class='ocrx_word' id='word_1_328' title='bbox 104 2909 305 2981; x_wconf 55' lang='grc' dir='ltr'><strong>Διδαῄ</strong></span> <span class='ocrx_word' id='word_1_329' title='bbox 337 2909 687 2975; x_wconf 73' lang='grc' dir='ltr'>ἀποστόλων,</span> <span class='ocrx_word' id='word_1_330' title='bbox 735 2909 1057 2980; x_wconf 83' lang='grc' dir='ltr'>Κλήμεντος</span> <span class='ocrx_word' id='word_1_331' title='bbox 1105 2908 1335 2981; x_wconf 79' lang='grc' dir='ltr'><strong>(διδαχὴ</strong></span> <span class='ocrx_word' id='word_1_332' title='bbox 1354 2909 1397 2979; x_wconf 86' lang='grc'>),</span> <span class='ocrx_word' id='word_1_333' title='bbox 1432 2910 1692 2978; x_wconf 85' lang='grc' dir='ltr'>Ἱγνατίου</span> 
     </span>
    </p>
   </div>
   <div class='ocr_carea' id='block_1_46' title="bbox 107 2999 1692 3073">
    <p class='ocr_par' dir='ltr' id='par_1_46' title="bbox 107 2999 1692 3073">
     <span class='ocr_line' id='line_1_46' title="bbox 107 2999 1692 3073; baseline 0.004 -20"><span class='ocrx_word' id='word_1_334' title='bbox 107 3001 360 3073; x_wconf 74' lang='grc' dir='ltr'><strong>(διδαχή),</strong></span> <span class='ocrx_word' id='word_1_335' title='bbox 391 3013 455 3058; x_wconf 80' lang='grc' dir='ltr'>ιιι</span> <span class='ocrx_word' id='word_1_336' title='bbox 483 3002 574 3056; x_wconf 91' lang='lat' dir='ltr'><strong>illa</strong></span> <span class='ocrx_word' id='word_1_337' title='bbox 599 3018 704 3057; x_wconf 79' lang='lat' dir='ltr'><strong>vox</strong></span> <span class='ocrx_word' id='word_1_338' title='bbox 727 3001 939 3072; x_wconf 85' lang='grc' dir='ltr'>διδαχή,</span> <span class='ocrx_word' id='word_1_339' title='bbox 967 3001 1122 3071; x_wconf 89' lang='lat' dir='ltr'><strong>quasi</strong></span> <span class='ocrx_word' id='word_1_340' title='bbox 1147 2999 1256 3055; x_wconf 80' lang='grc' dir='ltr'><strong>ἀπὸ</strong></span> <span class='ocrx_word' id='word_1_341' title='bbox 1287 3001 1465 3055; x_wconf 75' lang='grc' dir='ltr'>κοινοῦ</span> <span class='ocrx_word' id='word_1_342' title='bbox 1499 3004 1692 3059; x_wconf 89' lang='lat' dir='ltr'><strong>subin-</strong></span> 
     </span>
    </p>
   </div>
   <div class='ocr_carea' id='block_1_47' title="bbox 108 3094 1689 3166">
    <p class='ocr_par' dir='ltr' id='par_1_47' title="bbox 108 3094 1689 3166">
     <span class='ocr_line' id='line_1_47' title="bbox 108 3094 1689 3166; baseline 0.002 -19"><span class='ocrx_word' id='word_1_343' title='bbox 108 3095 405 3165; x_wconf 77' lang='lat' dir='ltr'><strong>telligatur,</strong></span> <span class='ocrx_word' id='word_1_344' title='bbox 437 3095 585 3165; x_wconf 92' lang='lat' dir='ltr'><strong>quod</strong></span> <span class='ocrx_word' id='word_1_345' title='bbox 617 3095 982 3166; x_wconf 88' lang='lat' dir='ltr'><strong>scriptoribus</strong></span> <span class='ocrx_word' id='word_1_346' title='bbox 1010 3094 1270 3150; x_wconf 89' lang='lat' dir='ltr'><strong>omnibus</strong></span> <span class='ocrx_word' id='word_1_347' title='bbox 1307 3111 1568 3166; x_wconf 89' lang='lat' dir='ltr'><strong>perquam</strong></span> <span class='ocrx_word' id='word_1_348' title='bbox 1605 3095 1689 3150; x_wconf 90' lang='lat' dir='ltr'><strong>fa-</strong></span> 
     </span>
    </p>
   </div>
   <div class='ocr_carea' id='block_1_48' title="bbox 107 3186 1689 3260">
    <p class='ocr_par' dir='ltr' id='par_1_48' title="bbox 107 3186 1689 3260">
     <span class='ocr_line' id='line_1_48' title="bbox 107 3186 1689 3260; baseline 0.004 -21"><span class='ocrx_word' id='word_1_349' title='bbox 107 3186 327 3242; x_wconf 88' lang='lat' dir='ltr'><strong>miliare</strong></span> <span class='ocrx_word' id='word_1_350' title='bbox 355 3197 462 3242; x_wconf 88' lang='lat' dir='ltr'><strong>est.</strong></span> <span class='ocrx_word' id='word_1_351' title='bbox 507 3186 686 3258; x_wconf 84' lang='lat' dir='ltr'><strong>Atque</strong></span> <span class='ocrx_word' id='word_1_352' title='bbox 734 3188 810 3242; x_wconf 88' lang='lat' dir='ltr'><strong>ita</strong></span> <span class='ocrx_word' id='word_1_353' title='bbox 844 3187 978 3242; x_wconf 92' lang='lat' dir='ltr'><strong>illud</strong></span> <span class='ocrx_word' id='word_1_354' title='bbox 1016 3186 1081 3241; x_wconf 81' lang='grc' dir='ltr'>λϐ</span> <span class='ocrx_word' id='word_1_355' title='bbox 1109 3186 1376 3242; x_wconf 84' lang='lat' dir='ltr'><strong>Clementi</strong></span> <span class='ocrx_word' id='word_1_356' title='bbox 1418 3189 1689 3260; x_wconf 86' lang='lat' dir='ltr'><strong>adjectum</strong></span> 
     </span>
    </p>
   </div>
   <div class='ocr_carea' id='block_1_49' title="bbox 109 3277 1693 3350">
    <p class='ocr_par' dir='ltr' id='par_1_49' title="bbox 109 3277 1693 3350">
     <span class='ocr_line' id='line_1_49' title="bbox 109 3277 1693 3350; baseline 0.003 -18"><span class='ocrx_word' id='word_1_357' title='bbox 109 3279 166 3333; x_wconf 90' lang='lat' dir='ltr'><strong>in</strong></span> <span class='ocrx_word' id='word_1_358' title='bbox 208 3277 451 3345; x_wconf 65' lang='lat' dir='ltr'><strong>Graecis,</strong></span> <span class='ocrx_word' id='word_1_359' title='bbox 499 3287 556 3333; x_wconf 91' lang='lat' dir='ltr'><strong>et</strong></span> <span class='ocrx_word' id='word_1_360' title='bbox 594 3280 664 3334; x_wconf 90' lang='lat' dir='ltr'><strong>ab</strong></span> <span class='ocrx_word' id='word_1_361' title='bbox 693 3279 992 3334; x_wconf 82' lang='lat' dir='ltr'><strong>Anastasio</strong></span> <span class='ocrx_word' id='word_1_362' title='bbox 1039 3281 1494 3350; x_wconf 67' lang='lat' dir='ltr'><strong>praetermissum,</strong></span> <span class='ocrx_word' id='word_1_363' title='bbox 1553 3282 1693 3337; x_wconf 89' lang='lat' dir='ltr'><strong>nihil</strong></span> 
     </span>
    </p>
   </div>
   <div class='ocr_carea' id='block_1_50' title="bbox 109 3369 1692 3447">
    <p class='ocr_par' dir='ltr' id='par_1_50' title="bbox 109 3369 1692 3447">
     <span class='ocr_line' id='line_1_50' title="bbox 109 3369 1692 3447; baseline 0.004 -24"><span class='ocrx_word' id='word_1_364' title='bbox 109 3370 251 3424; x_wconf 87' lang='lat' dir='ltr'><strong>aliud</strong></span> <span class='ocrx_word' id='word_1_365' title='bbox 276 3369 466 3435; x_wconf 87' lang='lat' dir='ltr'><strong>fuerit,</strong></span> <span class='ocrx_word' id='word_1_366' title='bbox 487 3385 655 3440; x_wconf 90' lang='lat' dir='ltr'><strong>quam</strong></span> <span class='ocrx_word' id='word_1_367' title='bbox 688 3369 1029 3426; x_wconf 87' lang='lat' dir='ltr'><strong>abbreviatio</strong></span> <span class='ocrx_word' id='word_1_368' title='bbox 1055 3370 1240 3442; x_wconf 83' lang='lat' dir='ltr'><strong>aliqua</strong></span> <span class='ocrx_word' id='word_1_369' title='bbox 1264 3373 1415 3428; x_wconf 81' lang='lat' dir='ltr'><strong>vocis</strong></span> <span class='ocrx_word' id='word_1_370' title='bbox 1441 3372 1627 3447; x_wconf 86' lang='grc' dir='ltr'>διδαχή</span> <span class='ocrx_word' id='word_1_371' title='bbox 1661 3390 1692 3430; x_wconf 90' lang='lat' dir='ltr'><strong>a</strong></span> 
     </span>
    </p>
   </div>
   <div class='ocr_carea' id='block_1_51' title="bbox 108 3463 1692 3534">
    <p class='ocr_par' dir='ltr' id='par_1_51' title="bbox 108 3463 1692 3534">
     <span class='ocr_line' id='line_1_51' title="bbox 108 3463 1692 3534; baseline 0 -14"><span class='ocrx_word' id='word_1_372' title='bbox 108 3467 334 3521; x_wconf 89' lang='lat' dir='ltr'><strong>librario</strong></span> <span class='ocrx_word' id='word_1_373' title='bbox 360 3467 593 3520; x_wconf 90' lang='lat' dir='ltr'><strong>minime</strong></span> <span class='ocrx_word' id='word_1_374' title='bbox 615 3465 891 3522; x_wconf 92' lang='lat' dir='ltr'><strong>intellecta</strong></span> <span class='ocrx_word' id='word_1_375' title='bbox 912 3473 967 3520; x_wconf 92' lang='lat' dir='ltr'><strong>et</strong></span> <span class='ocrx_word' id='word_1_376' title='bbox 1006 3465 1148 3518; x_wconf 90' lang='lat' dir='ltr'><strong>male</strong></span> <span class='ocrx_word' id='word_1_377' title='bbox 1173 3463 1387 3534; x_wconf 87' lang='lat' dir='ltr'><strong>depicta</strong></span> <span class='ocrx_word' id='word_1_378' title='bbox 1410 3506 1424 3532; x_wconf 94' lang='lat'><strong>,</strong></span> <span class='ocrx_word' id='word_1_379' title='bbox 1461 3477 1556 3522; x_wconf 90' lang='lat' dir='ltr'><strong>aut</strong></span> <span class='ocrx_word' id='word_1_380' title='bbox 1589 3483 1692 3521; x_wconf 93' lang='lat' dir='ltr'><strong>nu-</strong></span> 
     </span>
    </p>
   </div>
   <div class='ocr_carea' id='block_1_52' title="bbox 109 3557 1693 3629">
    <p class='ocr_par' dir='ltr' id='par_1_52' title="bbox 109 3557 1693 3629">
     <span class='ocr_line' id='line_1_52' title="bbox 109 3557 1693 3629; baseline 0.001 -16"><span class='ocrx_word' id='word_1_381' title='bbox 109 3575 293 3614; x_wconf 88' lang='lat' dir='ltr'><strong>merus</strong></span> <span class='ocrx_word' id='word_1_382' title='bbox 323 3559 716 3628; x_wconf 87' lang='lat' dir='ltr'><strong>capitulorum,</strong></span> <span class='ocrx_word' id='word_1_383' title='bbox 746 3573 870 3629; x_wconf 70' lang='lat' dir='ltr'><strong>qua:</strong></span> <span class='ocrx_word' id='word_1_384' title='bbox 889 3558 946 3614; x_wconf 92' lang='lat' dir='ltr'><strong>in</strong></span> <span class='ocrx_word' id='word_1_385' title='bbox 976 3558 1068 3613; x_wconf 90' lang='lat' dir='ltr'><strong>illa</strong></span> <span class='ocrx_word' id='word_1_386' title='bbox 1100 3557 1407 3614; x_wconf 88' lang='lat' dir='ltr'><strong>Didascalia</strong></span> <span class='ocrx_word' id='word_1_387' title='bbox 1441 3560 1693 3615; x_wconf 88' lang='lat' dir='ltr'><strong>contine-</strong></span> 
     </span>
    </p>
   </div>
   <div class='ocr_carea' id='block_1_53' title="bbox 109 3647 1690 3720">
    <p class='ocr_par' dir='ltr' id='par_1_53' title="bbox 109 3647 1690 3720">
     <span class='ocr_line' id='line_1_53' title="bbox 109 3647 1690 3720; baseline 0.001 -16"><span class='ocrx_word' id='word_1_388' title='bbox 109 3651 328 3704; x_wconf 81' lang='lat' dir='ltr'><strong>bantur.</strong></span> <span class='ocrx_word' id='word_1_389' title='bbox 381 3647 457 3704; x_wconf 88' lang='lat' dir='ltr'><strong>Ut</strong></span> <span class='ocrx_word' id='word_1_390' title='bbox 499 3649 846 3720; x_wconf 86' lang='lat' dir='ltr'><strong>Coptitarum</strong></span> <span class='ocrx_word' id='word_1_391' title='bbox 885 3647 1193 3704; x_wconf 87' lang='lat' dir='ltr'><strong>Didascalia</strong></span> <span class='ocrx_word' id='word_1_392' title='bbox 1218 3687 1234 3713; x_wconf 92' lang='lat'><strong>,</strong></span> <span class='ocrx_word' id='word_1_393' title='bbox 1269 3663 1440 3720; x_wconf 87' lang='lat' dir='ltr'><strong>quam</strong></span> <span class='ocrx_word' id='word_1_394' title='bbox 1490 3648 1690 3705; x_wconf 90' lang='lat' dir='ltr'><strong>factam</strong></span> 
     </span>
    </p>
   </div>
   <div class='ocr_carea' id='block_1_54' title="bbox 110 3739 1692 3812">
    <p class='ocr_par' dir='ltr' id='par_1_54' title="bbox 110 3739 1692 3812">
     <span class='ocr_line' id='line_1_54' title="bbox 110 3739 1692 3812; baseline 0.001 -15"><span class='ocrx_word' id='word_1_395' title='bbox 110 3745 331 3797; x_wconf 78' lang='lat' dir='ltr'><strong>tradunt</strong></span> <span class='ocrx_word' id='word_1_396' title='bbox 351 3757 382 3795; x_wconf 88' lang='lat' dir='ltr'><strong>a</strong></span> <span class='ocrx_word' id='word_1_397' title='bbox 407 3742 700 3798; x_wconf 87' lang='lat' dir='ltr'><strong>duodecim</strong></span> <span class='ocrx_word' id='word_1_398' title='bbox 733 3741 998 3812; x_wconf 85' lang='lat' dir='ltr'><strong>apostolis</strong></span> <span class='ocrx_word' id='word_1_399' title='bbox 1017 3782 1032 3808; x_wconf 93' lang='lat'><strong>,</strong></span> <span class='ocrx_word' id='word_1_400' title='bbox 1059 3757 1185 3796; x_wconf 92' lang='lat' dir='ltr'><strong>cum</strong></span> <span class='ocrx_word' id='word_1_401' title='bbox 1218 3739 1276 3796; x_wconf 91' lang='lat' dir='ltr'><strong>S.</strong></span> <span class='ocrx_word' id='word_1_402' title='bbox 1312 3740 1484 3796; x_wconf 86' lang='lat' dir='ltr'><strong>Paulo</strong></span> <span class='ocrx_word' id='word_1_403' title='bbox 1513 3752 1567 3798; x_wconf 92' lang='lat' dir='ltr'><strong>et</strong></span> <span class='ocrx_word' id='word_1_404' title='bbox 1594 3741 1692 3799; x_wconf 81' lang='lat' dir='ltr'><strong>Ja—</strong></span> 
     </span>
    </p>
   </div>
   <div class='ocr_carea' id='block_1_55' title="bbox 108 3834 1694 3906">
    <p class='ocr_par' dir='ltr' id='par_1_55' title="bbox 108 3834 1694 3906">
     <span class='ocr_line' id='line_1_55' title="bbox 108 3834 1694 3906; baseline 0.001 -17"><span class='ocrx_word' id='word_1_405' title='bbox 108 3839 243 3891; x_wconf 84' lang='lat' dir='ltr'><strong>cobo</strong></span> <span class='ocrx_word' id='word_1_406' title='bbox 291 3835 799 3906; x_wconf 78' lang='lat' dir='ltr'><strong>Hierosolymorum</strong></span> <span class='ocrx_word' id='word_1_407' title='bbox 834 3834 1112 3904; x_wconf 90' lang='lat' dir='ltr'><strong>episcopo,</strong></span> <span class='ocrx_word' id='word_1_408' title='bbox 1147 3835 1464 3890; x_wconf 84' lang='lat' dir='ltr'><strong>continebat</strong></span> <span class='ocrx_word' id='word_1_409' title='bbox 1504 3835 1572 3889; x_wconf 84' lang='lat'><strong>&#39;58</strong></span> <span class='ocrx_word' id='word_1_410' title='bbox 1600 3849 1694 3891; x_wconf 85' lang='lat' dir='ltr'><strong>ca-</strong></span> 
     </span>
    </p>
   </div>
   <div class='ocr_carea' id='block_1_56' title="bbox 107 3927 1690 3998">
    <p class='ocr_par' dir='ltr' id='par_1_56' title="bbox 107 3927 1690 3998">
     <span class='ocr_line' id='line_1_56' title="bbox 107 3927 1690 3998; baseline -0.001 -14"><span class='ocrx_word' id='word_1_411' title='bbox 107 3931 311 3998; x_wconf 72' lang='lat' dir='ltr'><strong>pitula,</strong></span> <span class='ocrx_word' id='word_1_412' title='bbox 365 3938 426 3984; x_wconf 88' lang='lat' dir='ltr'><strong>et</strong></span> <span class='ocrx_word' id='word_1_413' title='bbox 465 3929 855 3984; x_wconf 88' lang='lat' dir='ltr'><strong>abbreviatura</strong></span> <span class='ocrx_word' id='word_1_414' title='bbox 894 3928 1128 3984; x_wconf 89' lang='lat' dir='ltr'><strong>solemni</strong></span> <span class='ocrx_word' id='word_1_415' title='bbox 1172 3927 1459 3984; x_wconf 91' lang='lat' dir='ltr'><strong>dicebatur</strong></span> <span class='ocrx_word' id='word_1_416' title='bbox 1509 3927 1690 3997; x_wconf 77' lang='lat' dir='ltr'><strong>Dask,</strong></span> 
     </span>
    </p>
   </div>
   <div class='ocr_carea' id='block_1_57' title="bbox 105 4019 1688 4094">
    <p class='ocr_par' dir='ltr' id='par_1_57' title="bbox 105 4019 1688 4094">
     <span class='ocr_line' id='line_1_57' title="bbox 105 4019 1688 4094; baseline -0.002 -15"><span class='ocrx_word' id='word_1_417' title='bbox 105 4023 578 4094; x_wconf 87' lang='lat' dir='ltr'><strong>quemadmodum</strong></span> <span class='ocrx_word' id='word_1_418' title='bbox 609 4037 678 4077; x_wconf 76' lang='lat' dir='ltr'><strong>ex</strong></span> <span class='ocrx_word' id='word_1_419' title='bbox 731 4036 836 4076; x_wconf 88' lang='lat' dir='ltr'><strong>ms.</strong></span> <span class='ocrx_word' id='word_1_420' title='bbox 864 4021 1054 4076; x_wconf 90' lang='lat' dir='ltr'><strong>codice</strong></span> <span class='ocrx_word' id='word_1_421' title='bbox 1079 4019 1422 4076; x_wconf 89' lang='lat' dir='ltr'><strong>Baroeciano</strong></span> <span class='ocrx_word' id='word_1_422' title='bbox 1451 4031 1688 4076; x_wconf 86' lang='lat' dir='ltr'><strong>constat.</strong></span> 
     </span>
    </p>
   </div>
   <div class='ocr_carea' id='block_1_58' title="bbox 108 4114 1690 4187">
    <p class='ocr_par' dir='ltr' id='par_1_58' title="bbox 108 4114 1690 4187">
     <span class='ocr_line' id='line_1_58' title="bbox 108 4114 1690 4187; baseline -0.003 -15"><span class='ocrx_word' id='word_1_423' title='bbox 108 4117 241 4172; x_wconf 86' lang='lat' dir='ltr'><strong>Cum</strong></span> <span class='ocrx_word' id='word_1_424' title='bbox 295 4117 448 4171; x_wconf 90' lang='lat' dir='ltr'><strong>enim</strong></span> <span class='ocrx_word' id='word_1_425' title='bbox 498 4117 557 4170; x_wconf 90' lang='lat' dir='ltr'><strong>in</strong></span> <span class='ocrx_word' id='word_1_426' title='bbox 596 4115 783 4187; x_wconf 43' lang='lat' dir='ltr'><strong>galtero</strong></span> <span class='ocrx_word' id='word_1_427' title='bbox 820 4115 1069 4170; x_wconf 89' lang='lat' dir='ltr'><strong>lndiculo</strong></span> <span class='ocrx_word' id='word_1_428' title='bbox 1122 4114 1385 4184; x_wconf 80' lang='grc' dir='ltr'>Ἱγνατίου</span> <span class='ocrx_word' id='word_1_429' title='bbox 1429 4114 1690 4181; x_wconf 36' lang='lat' dir='ltr'><strong>acaum,</strong></span> 
     </span>
    </p>
   </div>
   <div class='ocr_carea' id='block_1_59' title="bbox 107 4206 1692 4279">
    <p class='ocr_par' dir='ltr' id='par_1_59' title="bbox 107 4206 1692 4279">
     <span class='ocr_line' id='line_1_59' title="bbox 107 4206 1692 4279; baseline -0.001 -17"><span class='ocrx_word' id='word_1_430' title='bbox 107 4209 220 4265; x_wconf 76' lang='grc' dir='ltr'>λίαν</span> <span class='ocrx_word' id='word_1_431' title='bbox 259 4209 329 4264; x_wconf 87' lang='lat' dir='ltr'><strong>ad</strong></span> <span class='ocrx_word' id='word_1_432' title='bbox 364 4208 682 4279; x_wconf 75' lang='lat' dir='ltr'><strong>apocrypha</strong></span> <span class='ocrx_word' id='word_1_433' title='bbox 707 4208 991 4262; x_wconf 75' lang='lat' dir='ltr'><strong>videamus</strong></span> <span class='ocrx_word' id='word_1_434' title='bbox 1025 4207 1319 4278; x_wconf 87' lang='lat' dir='ltr'><strong>relegatam</strong></span> <span class='ocrx_word' id='word_1_435' title='bbox 1340 4248 1355 4272; x_wconf 97' lang='lat'><strong>,</strong></span> <span class='ocrx_word' id='word_1_436' title='bbox 1380 4206 1513 4277; x_wconf 87' lang='lat' dir='ltr'><strong>quid</strong></span> <span class='ocrx_word' id='word_1_437' title='bbox 1542 4207 1692 4261; x_wconf 89' lang='lat' dir='ltr'><strong>aliud</strong></span> 
     </span>
    </p>
   </div>
   <div class='ocr_carea' id='block_1_60' title="bbox 108 4297 1690 4374">
    <p class='ocr_par' dir='ltr' id='par_1_60' title="bbox 108 4297 1690 4374">
     <span class='ocr_line' id='line_1_60' title="bbox 108 4297 1690 4374; baseline -0.004 -16"><span class='ocrx_word' id='word_1_438' title='bbox 108 4314 184 4358; x_wconf 84' lang='lat' dir='ltr'><strong>est</strong></span> <span class='ocrx_word' id='word_1_439' title='bbox 209 4303 358 4374; x_wconf 85' lang='lat' dir='ltr'><strong>quod</strong></span> <span class='ocrx_word' id='word_1_440' title='bbox 403 4303 460 4356; x_wconf 92' lang='lat' dir='ltr'><strong>in</strong></span> <span class='ocrx_word' id='word_1_441' title='bbox 498 4309 692 4356; x_wconf 89' lang='lat' dir='ltr'><strong>nostro</strong></span> <span class='ocrx_word' id='word_1_442' title='bbox 725 4301 794 4354; x_wconf 88' lang='lat' dir='ltr'><strong>ad</strong></span> <span class='ocrx_word' id='word_1_443' title='bbox 831 4315 1031 4354; x_wconf 90' lang='lat' dir='ltr'><strong>nomen</strong></span> <span class='ocrx_word' id='word_1_444' title='bbox 1067 4297 1330 4367; x_wconf 86' lang='grc' dir='ltr'>Ἱγνατίου</span> <span class='ocrx_word' id='word_1_445' title='bbox 1376 4297 1690 4354; x_wconf 85' lang='lat' dir='ltr'><strong>subintelli-</strong></span> 
     </span>
    </p>
   </div>
   <div class='ocr_carea' id='block_1_61' title="bbox 108 4391 1688 4469">
    <p class='ocr_par' dir='ltr' id='par_1_61' title="bbox 108 4391 1688 4469">
     <span class='ocr_line' id='line_1_61' title="bbox 108 4391 1688 4469; baseline -0.004 -17"><span class='ocrx_word' id='word_1_446' title='bbox 108 4408 259 4467; x_wconf 81' lang='lat' dir='ltr'><strong>gatur</strong></span> <span class='ocrx_word' id='word_1_447' title='bbox 307 4394 695 4469; x_wconf 84' lang='lat' dir='ltr'><strong>(subintelligi</strong></span> <span class='ocrx_word' id='word_1_448' title='bbox 740 4393 890 4448; x_wconf 89' lang='lat' dir='ltr'><strong>enim</strong></span> <span class='ocrx_word' id='word_1_449' title='bbox 934 4392 1143 4462; x_wconf 88' lang='lat' dir='ltr'><strong>aliquid</strong></span> <span class='ocrx_word' id='word_1_450' title='bbox 1187 4392 1417 4446; x_wconf 89' lang='lat' dir='ltr'><strong>omnino</strong></span> <span class='ocrx_word' id='word_1_451' title='bbox 1461 4391 1688 4461; x_wconf 88' lang='lat' dir='ltr'><strong>debet),</strong></span> 
     </span>
    </p>
   </div>
   <div class='ocr_carea' id='block_1_62' title="bbox 1794 1901 3382 1972">
    <p class='ocr_par' dir='ltr' id='par_1_62' title="bbox 1794 1901 3382 1972">
     <span class='ocr_line' id='line_1_62' title="bbox 1794 1901 3382 1972; baseline -0.001 -17"><span class='ocrx_word' id='word_1_452' title='bbox 1794 1901 2104 1972; x_wconf 84' lang='lat' dir='ltr'><strong>antiquitus</strong></span> <span class='ocrx_word' id='word_1_453' title='bbox 2127 1902 2416 1972; x_wconf 74' lang='lat' dir='ltr'><strong>cvulgatre,</strong></span> <span class='ocrx_word' id='word_1_454' title='bbox 2448 1901 2607 1972; x_wconf 88' lang='lat' dir='ltr'><strong>quasi</strong></span> <span class='ocrx_word' id='word_1_455' title='bbox 2633 1901 2702 1956; x_wconf 90' lang='lat' dir='ltr'><strong>ab</strong></span> <span class='ocrx_word' id='word_1_456' title='bbox 2731 1901 2998 1972; x_wconf 88' lang='lat' dir='ltr'><strong>apostolis</strong></span> <span class='ocrx_word' id='word_1_457' title='bbox 3027 1901 3288 1955; x_wconf 68' lang='lat' dir='ltr'><strong>dcrivatze</strong></span> <span class='ocrx_word' id='word_1_458' title='bbox 3307 1901 3382 1954; x_wconf 84' lang='grc' dir='ltr'><strong>δι-</strong></span> 
     </span>
    </p>
   </div>
   <div class='ocr_carea' id='block_1_63' title="bbox 1793 1991 3384 2066">
    <p class='ocr_par' dir='ltr' id='par_1_63' title="bbox 1793 1991 3384 2066">
     <span class='ocr_line' id='line_1_63' title="bbox 1793 1991 3384 2066; baseline 0.004 -23"><span class='ocrx_word' id='word_1_459' title='bbox 1793 1991 1954 2062; x_wconf 87' lang='grc' dir='ltr'>δαχαὶ</span> <span class='ocrx_word' id='word_1_460' title='bbox 1983 2002 2148 2064; x_wconf 79' lang='lat' dir='ltr'><strong>atque</strong></span> <span class='ocrx_word' id='word_1_461' title='bbox 2168 1993 2460 2060; x_wconf 77' lang='grc' dir='ltr'><strong>διατάξεις.</strong></span> <span class='ocrx_word' id='word_1_462' title='bbox 2493 1992 2652 2060; x_wconf 85' lang='lat' dir='ltr'><strong>Nam,</strong></span> <span class='ocrx_word' id='word_1_463' title='bbox 2681 2002 2739 2047; x_wconf 93' lang='lat' dir='ltr'><strong>ut</strong></span> <span class='ocrx_word' id='word_1_464' title='bbox 2768 2001 2916 2048; x_wconf 87' lang='lat' dir='ltr'><strong>recte</strong></span> <span class='ocrx_word' id='word_1_465' title='bbox 2948 1993 3005 2048; x_wconf 92' lang='lat' dir='ltr'><strong>S.</strong></span> <span class='ocrx_word' id='word_1_466' title='bbox 3046 1993 3384 2066; x_wconf 80' lang='lat' dir='ltr'><strong>Chrysosto-</strong></span> 
     </span>
    </p>
   </div>
   <div class='ocr_carea' id='block_1_64' title="bbox 1796 2084 3384 2157">
    <p class='ocr_par' dir='ltr' id='par_1_64' title="bbox 1796 2084 3384 2157">
     <span class='ocr_line' id='line_1_64' title="bbox 1796 2084 3384 2157; baseline 0.003 -19"><span class='ocrx_word' id='word_1_467' title='bbox 1796 2099 1942 2153; x_wconf 89' lang='lat' dir='ltr'><strong>mus,</strong></span> <span class='ocrx_word' id='word_1_468' title='bbox 1971 2084 2081 2137; x_wconf 82' lang='grc' dir='ltr'>τῶν</span> <span class='ocrx_word' id='word_1_469' title='bbox 2113 2086 2454 2157; x_wconf 84' lang='grc' dir='ltr'>πραγμάτων</span> <span class='ocrx_word' id='word_1_470' title='bbox 2486 2085 2555 2138; x_wconf 80' lang='grc' dir='ltr'>τὰ</span> <span class='ocrx_word' id='word_1_471' title='bbox 2592 2087 2689 2156; x_wconf 82' lang='grc' dir='ltr'><strong>μὲν</strong></span> <span class='ocrx_word' id='word_1_472' title='bbox 2721 2085 3067 2149; x_wconf 78' lang='grc' dir='ltr'>διδασκαλίας</span> <span class='ocrx_word' id='word_1_473' title='bbox 3099 2086 3290 2152; x_wconf 86' lang='grc' dir='ltr'>δεῖται,</span> <span class='ocrx_word' id='word_1_474' title='bbox 3314 2087 3384 2142; x_wconf 80' lang='grc' dir='ltr'><strong>τὰ</strong></span> 
     </span>
    </p>
   </div>
   <div class='ocr_carea' id='block_1_65' title="bbox 1793 2177 3380 2248">
    <p class='ocr_par' dir='ltr' id='par_1_65' title="bbox 1793 2177 3380 2248">
     <span class='ocr_line' id='line_1_65' title="bbox 1793 2177 3380 2248; baseline 0.001 -16"><span class='ocrx_word' id='word_1_475' title='bbox 1793 2179 1849 2232; x_wconf 81' lang='grc' dir='ltr'>δὲ</span> <span class='ocrx_word' id='word_1_476' title='bbox 1871 2179 2158 2248; x_wconf 81' lang='grc' dir='ltr'>ἐπιταγῆς,</span> <span class='ocrx_word' id='word_1_477' title='bbox 2191 2179 2316 2233; x_wconf 74' lang='lat' dir='ltr'><strong>alia:</strong></span> <span class='ocrx_word' id='word_1_478' title='bbox 2343 2195 2424 2232; x_wconf 77' lang='lat' dir='ltr'><strong>res</strong></span> <span class='ocrx_word' id='word_1_479' title='bbox 2452 2177 2728 2242; x_wconf 85' lang='lat' dir='ltr'><strong>docentur,</strong></span> <span class='ocrx_word' id='word_1_480' title='bbox 2762 2177 2889 2232; x_wconf 76' lang='lat' dir='ltr'><strong>alia:</strong></span> <span class='ocrx_word' id='word_1_481' title='bbox 2923 2177 3269 2232; x_wconf 79' lang='lat' dir='ltr'><strong>mandantur.</strong></span> <span class='ocrx_word' id='word_1_482' title='bbox 3302 2177 3380 2233; x_wconf 81' lang='lat' dir='ltr'><strong>Ex</strong></span> 
     </span>
    </p>
   </div>
   <div class='ocr_carea' id='block_1_66' title="bbox 1797 2269 3386 2338">
    <p class='ocr_par' dir='ltr' id='par_1_66' title="bbox 1797 2269 3386 2338">
     <span class='ocr_line' id='line_1_66' title="bbox 1797 2269 3386 2338; baseline 0.001 -14"><span class='ocrx_word' id='word_1_483' title='bbox 1797 2270 1905 2325; x_wconf 91' lang='lat' dir='ltr'><strong>illis</strong></span> <span class='ocrx_word' id='word_1_484' title='bbox 1952 2269 2304 2336; x_wconf 72' lang='lat' dir='ltr'><strong>didascalite,</strong></span> <span class='ocrx_word' id='word_1_485' title='bbox 2351 2285 2417 2324; x_wconf 81' lang='lat' dir='ltr'><strong>ex</strong></span> <span class='ocrx_word' id='word_1_486' title='bbox 2456 2270 2544 2325; x_wconf 88' lang='lat' dir='ltr'><strong>his</strong></span> <span class='ocrx_word' id='word_1_487' title='bbox 2605 2269 3028 2324; x_wconf 85' lang='lat' dir='ltr'><strong>constitutiones</strong></span> <span class='ocrx_word' id='word_1_488' title='bbox 3062 2269 3386 2338; x_wconf 87' lang='lat' dir='ltr'><strong>prodierunt</strong></span> 
     </span>
    </p>
   </div>
   <div class='ocr_carea' id='block_1_67' title="bbox 1796 2360 3376 2428">
    <p class='ocr_par' dir='ltr' id='par_1_67' title="bbox 1796 2360 3376 2428">
     <span class='ocr_line' id='line_1_67' title="bbox 1796 2360 3376 2428; baseline -0.001 -11"><span class='ocrx_word' id='word_1_489' title='bbox 1796 2363 1910 2417; x_wconf 86' lang='lat' dir='ltr'><strong>sive</strong></span> <span class='ocrx_word' id='word_1_490' title='bbox 1934 2361 2208 2427; x_wconf 81' lang='grc' dir='ltr'><strong>διατάξεις</strong></span> <span class='ocrx_word' id='word_1_491' title='bbox 2237 2372 2299 2418; x_wconf 83' lang='grc' dir='ltr'>ιιι</span> <span class='ocrx_word' id='word_1_492' title='bbox 2336 2360 2394 2417; x_wconf 92' lang='lat' dir='ltr'><strong>S.</strong></span> <span class='ocrx_word' id='word_1_493' title='bbox 2430 2360 2656 2428; x_wconf 89' lang='lat' dir='ltr'><strong>Paulus,</strong></span> <span class='ocrx_word' id='word_1_494' title='bbox 2688 2360 2707 2415; x_wconf 95' lang='lat' dir='ltr'><strong>l</strong></span> <span class='ocrx_word' id='word_1_495' title='bbox 2735 2360 2864 2416; x_wconf 91' lang='lat' dir='ltr'><strong>Cor.</strong></span> <span class='ocrx_word' id='word_1_496' title='bbox 2889 2377 2990 2427; x_wconf 89' lang='lat' dir='ltr'><strong>vn,</strong></span> <span class='ocrx_word' id='word_1_497' title='bbox 3024 2362 3091 2416; x_wconf 89' lang='lat' dir='ltr'><strong>l7</strong></span> <span class='ocrx_word' id='word_1_498' title='bbox 3123 2380 3136 2417; x_wconf 91' lang='lat'>:</span> <span class='ocrx_word' id='word_1_499' title='bbox 3173 2363 3376 2428; x_wconf 78' lang='grc' dir='ltr'>Οὕτως</span> 
     </span>
    </p>
   </div>
   <div class='ocr_carea' id='block_1_68' title="bbox 1793 2453 3379 2525">
    <p class='ocr_par' dir='ltr' id='par_1_68' title="bbox 1793 2453 3379 2525">
     <span class='ocr_line' id='line_1_68' title="bbox 1793 2453 3379 2525; baseline -0.001 -16"><span class='ocrx_word' id='word_1_500' title='bbox 1793 2456 1864 2509; x_wconf 79' lang='grc' dir='ltr'>ἐν</span> <span class='ocrx_word' id='word_1_501' title='bbox 1902 2455 2031 2521; x_wconf 81' lang='grc' dir='ltr'>ταῖς</span> <span class='ocrx_word' id='word_1_502' title='bbox 2071 2455 2460 2523; x_wconf 74' lang='grc' dir='ltr'>Ἑκκλησίαις</span> <span class='ocrx_word' id='word_1_503' title='bbox 2489 2453 2715 2522; x_wconf 82' lang='grc' dir='ltr'>πάσαις</span> <span class='ocrx_word' id='word_1_504' title='bbox 2746 2455 3166 2525; x_wconf 81' lang='grc' dir='ltr'>διατάσσομαι,</span> <span class='ocrx_word' id='word_1_505' title='bbox 3197 2464 3253 2509; x_wconf 88' lang='lat' dir='ltr'><strong>et</strong></span> <span class='ocrx_word' id='word_1_506' title='bbox 3282 2471 3334 2510; x_wconf 75' lang='grc' dir='ltr'><strong>ιι</strong></span> <span class='ocrx_word' id='word_1_507' title='bbox 3363 2496 3379 2522; x_wconf 89' lang='grc'><strong>,</strong></span> 
     </span>
    </p>
   </div>
   <div class='ocr_carea' id='block_1_69' title="bbox 1794 2545 3175 2616">
    <p class='ocr_par' dir='ltr' id='par_1_69' title="bbox 1794 2545 3175 2616">
     <span class='ocr_line' id='line_1_69' title="bbox 1794 2545 3175 2616; baseline -0.001 -15"><span class='ocrx_word' id='word_1_508' title='bbox 1794 2548 1862 2601; x_wconf 67' lang='grc'><strong>54</strong></span> <span class='ocrx_word' id='word_1_509' title='bbox 1893 2567 1906 2600; x_wconf 91' lang='lat'>:</span> <span class='ocrx_word' id='word_1_510' title='bbox 1947 2550 2023 2601; x_wconf 86' lang='grc' dir='ltr'><em>Τὰ</em></span> <span class='ocrx_word' id='word_1_511' title='bbox 2053 2547 2122 2600; x_wconf 82' lang='grc' dir='ltr'>δὲ</span> <span class='ocrx_word' id='word_1_512' title='bbox 2148 2547 2350 2612; x_wconf 80' lang='grc' dir='ltr'>λοιπὰ,</span> <span class='ocrx_word' id='word_1_513' title='bbox 2385 2547 2466 2613; x_wconf 86' lang='grc' dir='ltr'><strong>ὡς</strong></span> <span class='ocrx_word' id='word_1_514' title='bbox 2494 2546 2572 2601; x_wconf 81' lang='grc' dir='ltr'><strong>ἂν</strong></span> <span class='ocrx_word' id='word_1_515' title='bbox 2601 2547 2776 2611; x_wconf 73' lang='grc' dir='ltr'>ἔλθω,</span> <span class='ocrx_word' id='word_1_516' title='bbox 2804 2545 3175 2616; x_wconf 79' lang='grc' dir='ltr'><strong>διατάξομαι.</strong></span> 
     </span>
    </p>
   </div>
   <div class='ocr_carea' id='block_1_70' title="bbox 1866 2637 3369 2709">
    <p class='ocr_par' dir='ltr' id='par_1_70' title="bbox 1866 2637 3369 2709">
     <span class='ocr_line' id='line_1_70' title="bbox 1866 2637 3369 2709; baseline -0.001 -16"><span class='ocrx_word' id='word_1_517' title='bbox 1866 2637 1937 2693; x_wconf 88' lang='lat' dir='ltr'><strong>Ut</strong></span> <span class='ocrx_word' id='word_1_518' title='bbox 1980 2639 2145 2709; x_wconf 88' lang='lat' dir='ltr'><strong>hujus</strong></span> <span class='ocrx_word' id='word_1_519' title='bbox 2192 2638 2595 2693; x_wconf 88' lang='lat' dir='ltr'><strong>observationis</strong></span> <span class='ocrx_word' id='word_1_520' title='bbox 2640 2647 2846 2693; x_wconf 67' lang='lat' dir='ltr'><strong>nostra:</strong></span> <span class='ocrx_word' id='word_1_521' title='bbox 2887 2639 3090 2693; x_wconf 88' lang='lat' dir='ltr'><strong>veritas</strong></span> <span class='ocrx_word' id='word_1_522' title='bbox 3141 2637 3369 2693; x_wconf 88' lang='lat' dir='ltr'><strong>ulterius</strong></span> 
     </span>
    </p>
   </div>
   <div class='ocr_carea' id='block_1_71' title="bbox 1795 2729 3382 2800">
    <p class='ocr_par' dir='ltr' id='par_1_71' title="bbox 1795 2729 3382 2800">
     <span class='ocr_line' id='line_1_71' title="bbox 1795 2729 3382 2800; baseline -0.003 -14"><span class='ocrx_word' id='word_1_523' title='bbox 1795 2732 2124 2799; x_wconf 87' lang='lat' dir='ltr'><strong>innotescat,</strong></span> <span class='ocrx_word' id='word_1_524' title='bbox 2156 2747 2222 2786; x_wconf 76' lang='lat' dir='ltr'><strong>ex</strong></span> <span class='ocrx_word' id='word_1_525' title='bbox 2253 2731 2338 2786; x_wconf 91' lang='lat' dir='ltr'><strong>his</strong></span> <span class='ocrx_word' id='word_1_526' title='bbox 2369 2730 2604 2785; x_wconf 87' lang='lat' dir='ltr'><strong>diversis</strong></span> <span class='ocrx_word' id='word_1_527' title='bbox 2632 2729 2950 2785; x_wconf 90' lang='lat' dir='ltr'><strong>didascaliis</strong></span> <span class='ocrx_word' id='word_1_528' title='bbox 2976 2738 3141 2800; x_wconf 91' lang='lat' dir='ltr'><strong>atque</strong></span> <span class='ocrx_word' id='word_1_529' title='bbox 3174 2731 3382 2785; x_wconf 80' lang='lat' dir='ltr'><strong>consti-</strong></span> 
     </span>
    </p>
   </div>
   <div class='ocr_carea' id='block_1_72' title="bbox 1795 2821 3386 2892">
    <p class='ocr_par' dir='ltr' id='par_1_72' title="bbox 1795 2821 3386 2892">
     <span class='ocr_line' id='line_1_72' title="bbox 1795 2821 3386 2892; baseline -0.002 -13"><span class='ocrx_word' id='word_1_530' title='bbox 1795 2826 2129 2890; x_wconf 86' lang='lat' dir='ltr'><strong>tutionibus,</strong></span> <span class='ocrx_word' id='word_1_531' title='bbox 2163 2824 2336 2878; x_wconf 91' lang='lat' dir='ltr'><strong>libros</strong></span> <span class='ocrx_word' id='word_1_532' title='bbox 2369 2831 2494 2878; x_wconf 90' lang='lat' dir='ltr'><strong>octo</strong></span> <span class='ocrx_word' id='word_1_533' title='bbox 2536 2821 3005 2878; x_wconf 86' lang='lat' dir='ltr'><strong>Constitutionum</strong></span> <span class='ocrx_word' id='word_1_534' title='bbox 3053 2825 3386 2892; x_wconf 77' lang='lat' dir='ltr'><strong>apostolica-</strong></span> 
     </span>
    </p>
   </div>
   <div class='ocr_carea' id='block_1_73' title="bbox 1796 2915 3384 2988">
    <p class='ocr_par' dir='ltr' id='par_1_73' title="bbox 1796 2915 3384 2988">
     <span class='ocr_line' id='line_1_73' title="bbox 1796 2915 3384 2988; baseline -0.003 -16"><span class='ocrx_word' id='word_1_535' title='bbox 1796 2933 1939 2982; x_wconf 90' lang='lat' dir='ltr'><strong>rum,</strong></span> <span class='ocrx_word' id='word_1_536' title='bbox 1976 2933 2117 2988; x_wconf 89' lang='lat' dir='ltr'><strong>quos</strong></span> <span class='ocrx_word' id='word_1_537' title='bbox 2143 2931 2290 2972; x_wconf 90' lang='lat' dir='ltr'><strong>nunc</strong></span> <span class='ocrx_word' id='word_1_538' title='bbox 2322 2915 2609 2982; x_wconf 85' lang='lat' dir='ltr'><strong>habemus,</strong></span> <span class='ocrx_word' id='word_1_539' title='bbox 2645 2915 2924 2970; x_wconf 87' lang='lat' dir='ltr'><strong>confectos</strong></span> <span class='ocrx_word' id='word_1_540' title='bbox 2960 2924 3124 2984; x_wconf 90' lang='lat' dir='ltr'><strong>atque</strong></span> <span class='ocrx_word' id='word_1_541' title='bbox 3155 2929 3384 2969; x_wconf 88' lang='lat' dir='ltr'><strong>consar-</strong></span> 
     </span>
    </p>
   </div>
   <div class='ocr_carea' id='block_1_74' title="bbox 1795 3005 3385 3076">
    <p class='ocr_par' dir='ltr' id='par_1_74' title="bbox 1795 3005 3385 3076">
     <span class='ocr_line' id='line_1_74' title="bbox 1795 3005 3385 3076; baseline -0.003 -12"><span class='ocrx_word' id='word_1_542' title='bbox 1795 3009 2008 3064; x_wconf 86' lang='lat' dir='ltr'><strong>einatos</strong></span> <span class='ocrx_word' id='word_1_543' title='bbox 2069 3007 2262 3072; x_wconf 87' lang='lat' dir='ltr'><strong>fuisse,</strong></span> <span class='ocrx_word' id='word_1_544' title='bbox 2311 3021 2562 3063; x_wconf 90' lang='lat' dir='ltr'><strong>asserere</strong></span> <span class='ocrx_word' id='word_1_545' title='bbox 2612 3021 2719 3060; x_wconf 86' lang='lat' dir='ltr'><strong>non</strong></span> <span class='ocrx_word' id='word_1_546' title='bbox 2771 3005 2983 3060; x_wconf 91' lang='lat' dir='ltr'><strong>dubito.</strong></span> <span class='ocrx_word' id='word_1_547' title='bbox 3022 3005 3171 3062; x_wconf 91' lang='lat' dir='ltr'><strong>Duos</strong></span> <span class='ocrx_word' id='word_1_548' title='bbox 3217 3005 3385 3076; x_wconf 90' lang='lat' dir='ltr'><strong>hujus</strong></span> 
     </span>
    </p>
   </div>
   <div class='ocr_carea' id='block_1_75' title="bbox 1794 3097 3385 3174">
    <p class='ocr_par' dir='ltr' id='par_1_75' title="bbox 1794 3097 3385 3174">
     <span class='ocr_line' id='line_1_75' title="bbox 1794 3097 3385 3174; baseline -0.003 -17"><span class='ocrx_word' id='word_1_549' title='bbox 1794 3101 1978 3174; x_wconf 88' lang='lat' dir='ltr'><strong>operis</strong></span> <span class='ocrx_word' id='word_1_550' title='bbox 2010 3101 2198 3156; x_wconf 90' lang='lat' dir='ltr'><strong>titulos</strong></span> <span class='ocrx_word' id='word_1_551' title='bbox 2230 3099 2458 3170; x_wconf 90' lang='lat' dir='ltr'><strong>reperiri</strong></span> <span class='ocrx_word' id='word_1_552' title='bbox 2496 3097 2739 3154; x_wconf 84' lang='lat' dir='ltr'><strong>fatentur</strong></span> <span class='ocrx_word' id='word_1_553' title='bbox 2768 3099 2872 3152; x_wconf 85' lang='lat' dir='ltr'><strong>viri</strong></span> <span class='ocrx_word' id='word_1_554' title='bbox 2924 3099 3104 3164; x_wconf 88' lang='lat' dir='ltr'><strong>docti,</strong></span> <span class='ocrx_word' id='word_1_555' title='bbox 3147 3113 3385 3168; x_wconf 85' lang='lat' dir='ltr'><strong>quorum</strong></span> 
     </span>
    </p>
   </div>
   <div class='ocr_carea' id='block_1_76' title="bbox 1793 3187 3387 3263">
    <p class='ocr_par' dir='ltr' id='par_1_76' title="bbox 1793 3187 3387 3263">
     <span class='ocr_line' id='line_1_76' title="bbox 1793 3187 3387 3263; baseline -0.003 -13"><span class='ocrx_word' id='word_1_556' title='bbox 1793 3210 1940 3250; x_wconf 88' lang='lat' dir='ltr'><strong>unus</strong></span> <span class='ocrx_word' id='word_1_557' title='bbox 1960 3193 2259 3263; x_wconf 81' lang='grc' dir='ltr'>Διαταται,</span> <span class='ocrx_word' id='word_1_558' title='bbox 2281 3189 2418 3245; x_wconf 86' lang='lat' dir='ltr'><strong>alter</strong></span> <span class='ocrx_word' id='word_1_559' title='bbox 2440 3187 2743 3258; x_wconf 71' lang='grc' dir='ltr'><strong>Καθολικὴ</strong></span> <span class='ocrx_word' id='word_1_560' title='bbox 2762 3188 3144 3244; x_wconf 67' lang='grc' dir='ltr'>διδασκαλία.</span> <span class='ocrx_word' id='word_1_561' title='bbox 3170 3187 3387 3246; x_wconf 80' lang='lat' dir='ltr'><strong>Utrius—</strong></span> 
     </span>
    </p>
   </div>
   <div class='ocr_carea' id='block_1_77' title="bbox 1791 3280 3380 3360">
    <p class='ocr_par' dir='ltr' id='par_1_77' title="bbox 1791 3280 3380 3360">
     <span class='ocr_line' id='line_1_77' title="bbox 1791 3280 3380 3360; baseline -0.004 -17"><span class='ocrx_word' id='word_1_562' title='bbox 1791 3303 1900 3360; x_wconf 89' lang='lat' dir='ltr'><strong>que</strong></span> <span class='ocrx_word' id='word_1_563' title='bbox 1934 3300 2077 3356; x_wconf 55' lang='lat' dir='ltr'><strong>sape</strong></span> <span class='ocrx_word' id='word_1_564' title='bbox 2100 3285 2156 3338; x_wconf 94' lang='lat' dir='ltr'><strong>in</strong></span> <span class='ocrx_word' id='word_1_565' title='bbox 2190 3285 2327 3354; x_wconf 89' lang='lat' dir='ltr'><strong>ipsis</strong></span> <span class='ocrx_word' id='word_1_566' title='bbox 2353 3283 2511 3338; x_wconf 91' lang='lat' dir='ltr'><strong>libris</strong></span> <span class='ocrx_word' id='word_1_567' title='bbox 2534 3282 2738 3338; x_wconf 91' lang='lat' dir='ltr'><strong>mentio</strong></span> <span class='ocrx_word' id='word_1_568' title='bbox 2769 3281 2847 3348; x_wconf 79' lang='grc' dir='ltr'>ιιι,</span> <span class='ocrx_word' id='word_1_569' title='bbox 2871 3289 3107 3336; x_wconf 86' lang='lat' dir='ltr'><strong>etvetus</strong></span> <span class='ocrx_word' id='word_1_570' title='bbox 3133 3280 3380 3352; x_wconf 70' lang='lat' dir='ltr'><strong>Epipha-</strong></span> 
     </span>
    </p>
   </div>
   <div class='ocr_carea' id='block_1_78' title="bbox 1792 3374 3389 3446">
    <p class='ocr_par' dir='ltr' id='par_1_78' title="bbox 1792 3374 3389 3446">
     <span class='ocr_line' id='line_1_78' title="bbox 1792 3374 3389 3446; baseline -0.004 -12"><span class='ocrx_word' id='word_1_571' title='bbox 1792 3380 1871 3435; x_wconf 92' lang='lat' dir='ltr'><strong>nii</strong></span> <span class='ocrx_word' id='word_1_572' title='bbox 1904 3376 2285 3432; x_wconf 89' lang='lat' dir='ltr'><strong>testimonium</strong></span> <span class='ocrx_word' id='word_1_573' title='bbox 2330 3376 2522 3431; x_wconf 70' lang='lat' dir='ltr'><strong>haeresi</strong></span> <span class='ocrx_word' id='word_1_574' title='bbox 2563 3374 2634 3429; x_wconf 89' lang='lat'><strong>80</strong></span> <span class='ocrx_word' id='word_1_575' title='bbox 2671 3374 3002 3444; x_wconf 78' lang='lat' dir='ltr'><strong>suffragatur</strong></span> <span class='ocrx_word' id='word_1_576' title='bbox 3047 3392 3061 3429; x_wconf 92' lang='lat'><strong>:</strong></span> <span class='ocrx_word' id='word_1_577' title='bbox 3116 3375 3226 3428; x_wconf 76' lang='grc' dir='ltr'>Καὶ</span> <span class='ocrx_word' id='word_1_578' title='bbox 3258 3374 3389 3446; x_wconf 76' lang='grc' dir='ltr'>περὶ</span> 
     </span>
    </p>
   </div>
   <div class='ocr_carea' id='block_1_79' title="bbox 1797 3465 3388 3544">
    <p class='ocr_par' dir='ltr' id='par_1_79' title="bbox 1797 3465 3388 3544">
     <span class='ocr_line' id='line_1_79' title="bbox 1797 3465 3388 3544; baseline -0.003 -18"><span class='ocrx_word' id='word_1_579' title='bbox 1797 3473 1895 3544; x_wconf 84' lang='grc' dir='ltr'><strong>μὲν</strong></span> <span class='ocrx_word' id='word_1_580' title='bbox 1926 3467 2019 3525; x_wconf 80' lang='grc' dir='ltr'><strong>οὖν</strong></span> <span class='ocrx_word' id='word_1_581' title='bbox 2046 3471 2140 3524; x_wconf 80' lang='grc' dir='ltr'><strong>τοῦ</strong></span> <span class='ocrx_word' id='word_1_582' title='bbox 2166 3469 2376 3539; x_wconf 79' lang='grc' dir='ltr'><strong>γενείου</strong></span> <span class='ocrx_word' id='word_1_583' title='bbox 2410 3469 2468 3522; x_wconf 85' lang='grc' dir='ltr'>ὲν</span> <span class='ocrx_word' id='word_1_584' title='bbox 2488 3470 2606 3530; x_wconf 84' lang='grc' dir='ltr'>ταῖς</span> <span class='ocrx_word' id='word_1_585' title='bbox 2627 3465 2915 3530; x_wconf 83' lang='grc' dir='ltr'>Διατάξεσι</span> <span class='ocrx_word' id='word_1_586' title='bbox 2942 3466 3051 3520; x_wconf 85' lang='grc' dir='ltr'>τῶν</span> <span class='ocrx_word' id='word_1_587' title='bbox 3072 3467 3388 3521; x_wconf 70' lang='grc' dir='ltr'>ἀποστόλων</span> 
     </span>
    </p>
   </div>
   <div class='ocr_carea' id='block_1_80' title="bbox 1793 3555 3387 3631">
    <p class='ocr_par' dir='ltr' id='par_1_80' title="bbox 1793 3555 3387 3631">
     <span class='ocr_line' id='line_1_80' title="bbox 1793 3555 3387 3631; baseline -0.002 -15"><span class='ocrx_word' id='word_1_588' title='bbox 1793 3563 1993 3631; x_wconf 82' lang='grc' dir='ltr'>φάσκει</span> <span class='ocrx_word' id='word_1_589' title='bbox 2018 3563 2047 3614; x_wconf 81' lang='grc' dir='ltr'><strong>ό</strong></span> <span class='ocrx_word' id='word_1_590' title='bbox 2072 3562 2214 3625; x_wconf 86' lang='grc' dir='ltr'>θεῖος</span> <span class='ocrx_word' id='word_1_591' title='bbox 2245 3561 2402 3630; x_wconf 88' lang='grc' dir='ltr'>λόγος</span> <span class='ocrx_word' id='word_1_592' title='bbox 2437 3561 2534 3613; x_wconf 80' lang='grc' dir='ltr'><strong>καὶ</strong></span> <span class='ocrx_word' id='word_1_593' title='bbox 2567 3561 2602 3630; x_wconf 82' lang='grc' dir='ltr'><strong>ὴ</strong></span> <span class='ocrx_word' id='word_1_594' title='bbox 2653 3557 2990 3611; x_wconf 86' lang='grc' dir='ltr'>διδασκαλία.</span> <span class='ocrx_word' id='word_1_595' title='bbox 3034 3555 3103 3610; x_wconf 85' lang='lat' dir='ltr'><strong>Et</strong></span> <span class='ocrx_word' id='word_1_596' title='bbox 3130 3557 3196 3610; x_wconf 85' lang='lat' dir='ltr'><strong>de</strong></span> <span class='ocrx_word' id='word_1_597' title='bbox 3223 3557 3387 3613; x_wconf 78' lang='lat' dir='ltr'><strong>barba</strong></span> 
     </span>
    </p>
   </div>
   <div class='ocr_carea' id='block_1_81' title="bbox 1792 3648 3382 3725">
    <p class='ocr_par' dir='ltr' id='par_1_81' title="bbox 1792 3648 3382 3725">
     <span class='ocr_line' id='line_1_81' title="bbox 1792 3648 3382 3725; baseline -0.004 -18"><span class='ocrx_word' id='word_1_598' title='bbox 1792 3654 2005 3725; x_wconf 79' lang='lat' dir='ltr'><strong>quidem</strong></span> <span class='ocrx_word' id='word_1_599' title='bbox 2035 3655 2088 3707; x_wconf 90' lang='lat' dir='ltr'><strong>in</strong></span> <span class='ocrx_word' id='word_1_600' title='bbox 2114 3650 2598 3708; x_wconf 80' lang='lat' dir='ltr'><strong>Constitutionibus</strong></span> <span class='ocrx_word' id='word_1_601' title='bbox 2625 3649 2988 3720; x_wconf 78' lang='lat' dir='ltr'><strong>apostolorum</strong></span> <span class='ocrx_word' id='word_1_602' title='bbox 3014 3648 3254 3719; x_wconf 86' lang='lat' dir='ltr'><strong>loquitur</strong></span> <span class='ocrx_word' id='word_1_603' title='bbox 3295 3649 3382 3702; x_wconf 84' lang='lat' dir='ltr'><strong>di-</strong></span> 
     </span>
    </p>
   </div>
   <div class='ocr_carea' id='block_1_82' title="bbox 1792 3740 3388 3809">
    <p class='ocr_par' dir='ltr' id='par_1_82' title="bbox 1792 3740 3388 3809">
     <span class='ocr_line' id='line_1_82' title="bbox 1792 3740 3388 3809; baseline -0.004 -8"><span class='ocrx_word' id='word_1_604' title='bbox 1792 3747 1945 3802; x_wconf 71' lang='lat' dir='ltr'><strong>vinus</strong></span> <span class='ocrx_word' id='word_1_605' title='bbox 1973 3761 2144 3800; x_wconf 78' lang='lat' dir='ltr'><strong>sermo</strong></span> <span class='ocrx_word' id='word_1_606' title='bbox 2183 3757 2236 3798; x_wconf 87' lang='lat' dir='ltr'><strong>et</strong></span> <span class='ocrx_word' id='word_1_607' title='bbox 2268 3742 2536 3797; x_wconf 83' lang='lat' dir='ltr'><strong>doctrina.</strong></span> <span class='ocrx_word' id='word_1_608' title='bbox 2584 3740 2661 3796; x_wconf 89' lang='lat' dir='ltr'><strong>Ita</strong></span> <span class='ocrx_word' id='word_1_609' title='bbox 2704 3740 2820 3808; x_wconf 88' lang='lat' dir='ltr'><strong>ille,</strong></span> <span class='ocrx_word' id='word_1_610' title='bbox 2858 3741 3022 3795; x_wconf 90' lang='lat' dir='ltr'><strong>verba</strong></span> <span class='ocrx_word' id='word_1_611' title='bbox 3057 3740 3235 3795; x_wconf 88' lang='lat' dir='ltr'><strong>citans</strong></span> <span class='ocrx_word' id='word_1_612' title='bbox 3263 3755 3388 3809; x_wconf 79' lang='lat' dir='ltr'><strong>qua:</strong></span> 
     </span>
    </p>
   </div>
   <div class='ocr_carea' id='block_1_83' title="bbox 1793 3830 3386 3908">
    <p class='ocr_par' dir='ltr' id='par_1_83' title="bbox 1793 3830 3386 3908">
     <span class='ocr_line' id='line_1_83' title="bbox 1793 3830 3386 3908; baseline -0.005 -16"><span class='ocrx_word' id='word_1_613' title='bbox 1793 3853 1944 3894; x_wconf 92' lang='lat' dir='ltr'><strong>nunc</strong></span> <span class='ocrx_word' id='word_1_614' title='bbox 1988 3837 2343 3908; x_wconf 88' lang='lat' dir='ltr'><strong>reperiuntur</strong></span> <span class='ocrx_word' id='word_1_615' title='bbox 2375 3834 2472 3889; x_wconf 91' lang='lat' dir='ltr'><strong>lib.</strong></span> <span class='ocrx_word' id='word_1_616' title='bbox 2515 3848 2561 3900; x_wconf 88' lang='lat' dir='ltr'><strong>I,</strong></span> <span class='ocrx_word' id='word_1_617' title='bbox 2593 3849 2718 3904; x_wconf 91' lang='lat' dir='ltr'><strong>cap.</strong></span> <span class='ocrx_word' id='word_1_618' title='bbox 2751 3832 2805 3898; x_wconf 81' lang='lat'><strong>&#39;5,</strong></span> <span class='ocrx_word' id='word_1_619' title='bbox 2852 3831 3013 3903; x_wconf 89' lang='lat' dir='ltr'><strong>cujus</strong></span> <span class='ocrx_word' id='word_1_620' title='bbox 3049 3831 3174 3886; x_wconf 88' lang='lat' dir='ltr'><strong>libri</strong></span> <span class='ocrx_word' id='word_1_621' title='bbox 3223 3830 3386 3885; x_wconf 88' lang='lat' dir='ltr'><strong>initio</strong></span> 
     </span>
    </p>
   </div>
   <div class='ocr_carea' id='block_1_84' title="bbox 1792 3924 3380 3997">
    <p class='ocr_par' dir='ltr' id='par_1_84' title="bbox 1792 3924 3380 3997">
     <span class='ocr_line' id='line_1_84' title="bbox 1792 3924 3380 3997; baseline -0.004 -11"><span class='ocrx_word' id='word_1_622' title='bbox 1792 3930 1998 3986; x_wconf 85' lang='lat' dir='ltr'><strong>dictum</strong></span> <span class='ocrx_word' id='word_1_623' title='bbox 2028 3938 2143 3985; x_wconf 89' lang='lat' dir='ltr'><strong>est:</strong></span> <span class='ocrx_word' id='word_1_624' title='bbox 2185 3927 2477 3982; x_wconf 71' lang='grc' dir='ltr'>Ἀκούσατε</span> <span class='ocrx_word' id='word_1_625' title='bbox 2499 3925 2841 3980; x_wconf 86' lang='grc' dir='ltr'>διδασκαλίαν</span> <span class='ocrx_word' id='word_1_626' title='bbox 2875 3925 3045 3997; x_wconf 84' lang='grc' dir='ltr'>ἱεράν.</span> <span class='ocrx_word' id='word_1_627' title='bbox 3079 3924 3173 3978; x_wconf 83' lang='lat' dir='ltr'><strong>Illa</strong></span> <span class='ocrx_word' id='word_1_628' title='bbox 3198 3934 3380 3979; x_wconf 81' lang='lat' dir='ltr'><strong>autent</strong></span> 
     </span>
    </p>
   </div>
   <div class='ocr_carea' id='block_1_85' title="bbox 1793 4015 3376 4094">
    <p class='ocr_par' dir='ltr' id='par_1_85' title="bbox 1793 4015 3376 4094">
     <span class='ocr_line' id='line_1_85' title="bbox 1793 4015 3376 4094; baseline -0.004 -19"><span class='ocrx_word' id='word_1_629' title='bbox 1793 4021 2055 4094; x_wconf 79' lang='grc' dir='ltr'>καθολικὴ</span> <span class='ocrx_word' id='word_1_630' title='bbox 2082 4017 2399 4074; x_wconf 85' lang='grc' dir='ltr'>διδασκαλία</span> <span class='ocrx_word' id='word_1_631' title='bbox 2429 4017 2673 4072; x_wconf 91' lang='lat' dir='ltr'><strong>omnium</strong></span> <span class='ocrx_word' id='word_1_632' title='bbox 2708 4015 3168 4072; x_wconf 87' lang='lat' dir='ltr'><strong>disdascaliarum</strong></span> <span class='ocrx_word' id='word_1_633' title='bbox 3201 4015 3376 4072; x_wconf 90' lang='lat' dir='ltr'><strong>colle—</strong></span> 
     </span>
    </p>
   </div>
   <div class='ocr_carea' id='block_1_86' title="bbox 1793 4107 3386 4168">
    <p class='ocr_par' dir='ltr' id='par_1_86' title="bbox 1793 4107 3386 4168">
     <span class='ocr_line' id='line_1_86' title="bbox 1793 4107 3386 4168; baseline -0.004 0"><span class='ocrx_word' id='word_1_634' title='bbox 1793 4114 2030 4168; x_wconf 91' lang='lat' dir='ltr'><strong>ctionem</strong></span> <span class='ocrx_word' id='word_1_635' title='bbox 2058 4112 2320 4166; x_wconf 89' lang='lat' dir='ltr'><strong>denotare</strong></span> <span class='ocrx_word' id='word_1_636' title='bbox 2343 4109 2580 4164; x_wconf 88' lang='lat' dir='ltr'><strong>videtur.</strong></span> <span class='ocrx_word' id='word_1_637' title='bbox 2608 4107 2704 4162; x_wconf 68' lang='lat' dir='ltr'><strong>Ha:</strong></span> <span class='ocrx_word' id='word_1_638' title='bbox 2753 4117 2934 4163; x_wconf 89' lang='lat' dir='ltr'><strong>autem</strong></span> <span class='ocrx_word' id='word_1_639' title='bbox 2963 4109 3277 4164; x_wconf 72' lang='lat' dir='ltr'><strong>didascalia:</strong></span> <span class='ocrx_word' id='word_1_640' title='bbox 3300 4108 3386 4164; x_wconf 87' lang='lat' dir='ltr'><strong>di-</strong></span> 
     </span>
    </p>
   </div>
   <div class='ocr_carea' id='block_1_87' title="bbox 1792 4200 3377 4275">
    <p class='ocr_par' dir='ltr' id='par_1_87' title="bbox 1792 4200 3377 4275">
     <span class='ocr_line' id='line_1_87' title="bbox 1792 4200 3377 4275; baseline -0.004 -14"><span class='ocrx_word' id='word_1_641' title='bbox 1792 4207 1968 4262; x_wconf 87' lang='lat' dir='ltr'><strong>versis</strong></span> <span class='ocrx_word' id='word_1_642' title='bbox 1996 4204 2360 4275; x_wconf 83' lang='lat' dir='ltr'><strong>temporibus,</strong></span> <span class='ocrx_word' id='word_1_643' title='bbox 2393 4212 2447 4258; x_wconf 91' lang='lat' dir='ltr'><strong>et</strong></span> <span class='ocrx_word' id='word_1_644' title='bbox 2487 4201 2724 4257; x_wconf 88' lang='lat' dir='ltr'><strong>diversis</strong></span> <span class='ocrx_word' id='word_1_645' title='bbox 2757 4203 2924 4256; x_wconf 83' lang='lat' dir='ltr'><strong>etiam</strong></span> <span class='ocrx_word' id='word_1_646' title='bbox 2957 4200 3220 4258; x_wconf 69' lang='lat' dir='ltr'><strong>Ecclesiae</strong></span> <span class='ocrx_word' id='word_1_647' title='bbox 3249 4216 3377 4272; x_wconf 88' lang='lat' dir='ltr'><strong>par-</strong></span> 
     </span>
    </p>
   </div>
   <div class='ocr_carea' id='block_1_88' title="bbox 1795 4292 3382 4366">
    <p class='ocr_par' dir='ltr' id='par_1_88' title="bbox 1795 4292 3382 4366">
     <span class='ocr_line' id='line_1_88' title="bbox 1795 4292 3382 4366; baseline -0.006 -11"><span class='ocrx_word' id='word_1_648' title='bbox 1795 4300 1972 4366; x_wconf 87' lang='lat' dir='ltr'><strong>tibus‘,</strong></span> <span class='ocrx_word' id='word_1_649' title='bbox 2003 4298 2096 4353; x_wconf 88' lang='lat' dir='ltr'><strong>ubi</strong></span> <span class='ocrx_word' id='word_1_650' title='bbox 2141 4292 2416 4352; x_wconf 62' lang='lat' dir='ltr'><strong>distinctas</strong></span> <span class='ocrx_word' id='word_1_651' title='bbox 2453 4304 2611 4350; x_wconf 88' lang='lat' dir='ltr'><strong>erant</strong></span> <span class='ocrx_word' id='word_1_652' title='bbox 2655 4293 2978 4348; x_wconf 89' lang='lat' dir='ltr'><strong>traditiones</strong></span> <span class='ocrx_word' id='word_1_653' title='bbox 3023 4293 3382 4363; x_wconf 67' lang='lat' dir='ltr'><strong>apostolicae,</strong></span> 
     </span>
    </p>
   </div>
   <div class='ocr_carea' id='block_1_89' title="bbox 1795 4383 3383 4461">
    <p class='ocr_par' dir='ltr' id='par_1_89' title="bbox 1795 4383 3383 4461">
     <span class='ocr_line' id='line_1_89' title="bbox 1795 4383 3383 4461; baseline -0.006 -14"><span class='ocrx_word' id='word_1_654' title='bbox 1795 4392 2030 4461; x_wconf 67' lang='lat' dir='ltr'><strong>scriptae,</strong></span> <span class='ocrx_word' id='word_1_655' title='bbox 2053 4389 2402 4445; x_wconf 90' lang='lat' dir='ltr'><strong>occasionem</strong></span> <span class='ocrx_word' id='word_1_656' title='bbox 2429 4387 2701 4441; x_wconf 77' lang='lat' dir='ltr'><strong>dederunt</strong></span> <span class='ocrx_word' id='word_1_657' title='bbox 2737 4383 3176 4440; x_wconf 91' lang='lat' dir='ltr'><strong>consarcinatori</strong></span> <span class='ocrx_word' id='word_1_658' title='bbox 3213 4385 3383 4438; x_wconf 88' lang='lat' dir='ltr'><strong>multa</strong></span> 
     </span>
    </p>
   </div>
   <div class='ocr_carea' id='block_1_90' title="bbox 106 4475 1690 4560">
    <p class='ocr_par' dir='ltr' id='par_1_90' title="bbox 106 4483 1689 4559">
     <span class='ocr_line' id='line_1_90' title="bbox 106 4483 1689 4559; baseline -0.003 -16"><span class='ocrx_word' id='word_1_659' title='bbox 106 4505 262 4559; x_wconf 87' lang='lat' dir='ltr'><strong>quam</strong></span> <span class='ocrx_word' id='word_1_660' title='bbox 288 4488 523 4558; x_wconf 77' lang='grc' dir='ltr'>διδαχῆς</span> <span class='ocrx_word' id='word_1_661' title='bbox 556 4494 758 4541; x_wconf 90' lang='lat' dir='ltr'><strong>etcum</strong></span> <span class='ocrx_word' id='word_1_662' title='bbox 789 4483 1105 4538; x_wconf 83' lang='grc' dir='ltr'>διδασκαλία</span> <span class='ocrx_word' id='word_1_663' title='bbox 1137 4484 1454 4555; x_wconf 87' lang='grc' dir='ltr'>Κλήμεντος</span> <span class='ocrx_word' id='word_1_664' title='bbox 1495 4485 1550 4538; x_wconf 88' lang='lat' dir='ltr'><strong>in</strong></span> <span class='ocrx_word' id='word_1_665' title='bbox 1595 4484 1689 4540; x_wconf 90' lang='lat' dir='ltr'><strong>illo</strong></span> 
     </span>
    </p>
   </div>
   <div class='ocr_carea' id='block_1_91' title="bbox 1793 4475 3383 4560">
    <p class='ocr_par' dir='ltr' id='par_1_91' title="bbox 1794 4475 3383 4548">
     <span class='ocr_line' id='line_1_91' title="bbox 1794 4475 3383 4548; baseline -0.004 -13"><span class='ocrx_word' id='word_1_666' title='bbox 1794 4478 2118 4535; x_wconf 89' lang='lat' dir='ltr'><strong>immutaudi</strong></span> <span class='ocrx_word' id='word_1_667' title='bbox 2157 4476 2664 4548; x_wconf 88' lang='lat' dir='ltr'><strong>interpolandique,</strong></span> <span class='ocrx_word' id='word_1_668' title='bbox 2711 4482 2772 4529; x_wconf 90' lang='lat' dir='ltr'><strong>ut</strong></span> <span class='ocrx_word' id='word_1_669' title='bbox 2808 4475 2994 4530; x_wconf 92' lang='lat' dir='ltr'><strong>omnia</strong></span> <span class='ocrx_word' id='word_1_670' title='bbox 3034 4475 3208 4545; x_wconf 90' lang='lat' dir='ltr'><strong>ipsius</strong></span> <span class='ocrx_word' id='word_1_671' title='bbox 3265 4489 3383 4529; x_wconf 69' lang='lat' dir='ltr'><strong>aevo</strong></span> 
     </span>
    </p>
   </div>
   <div class='ocr_carea' id='block_1_92' title="bbox 108 4576 1690 4649">
    <p class='ocr_par' dir='ltr' id='par_1_92' title="bbox 108 4576 1690 4649">
     <span class='ocr_line' id='line_1_92' title="bbox 108 4576 1690 4649; baseline -0.003 -13"><span class='ocrx_word' id='word_1_672' title='bbox 108 4585 272 4638; x_wconf 85' lang='lat' dir='ltr'><strong>altero</strong></span> <span class='ocrx_word' id='word_1_673' title='bbox 299 4580 556 4636; x_wconf 90' lang='lat' dir='ltr'><strong>lndiculo</strong></span> <span class='ocrx_word' id='word_1_674' title='bbox 583 4579 856 4649; x_wconf 70' lang='lat' dir='ltr'><strong>praecedat</strong></span> <span class='ocrx_word' id='word_1_675' title='bbox 880 4593 1000 4632; x_wconf 90' lang='lat' dir='ltr'><strong>eam</strong></span> <span class='ocrx_word' id='word_1_676' title='bbox 1027 4576 1242 4647; x_wconf 80' lang='lat' dir='ltr'><strong>lgnatii,</strong></span> <span class='ocrx_word' id='word_1_677' title='bbox 1272 4591 1373 4630; x_wconf 92' lang='lat' dir='ltr'><strong>cur</strong></span> <span class='ocrx_word' id='word_1_678' title='bbox 1411 4577 1500 4631; x_wconf 91' lang='lat' dir='ltr'><strong>hic</strong></span> <span class='ocrx_word' id='word_1_679' title='bbox 1522 4576 1690 4632; x_wconf 86' lang='lat' dir='ltr'><strong>etiam</strong></span> 
     </span>
    </p>
   </div>
   <div class='ocr_carea' id='block_1_93' title="bbox 105 4655 1689 4748">
    <p class='ocr_par' dir='ltr' id='par_1_93' title="bbox 105 4655 1689 4748">
     <span class='ocr_line' id='line_1_93' title="bbox 105 4655 1689 4748; baseline -0.003 -19"><span class='ocrx_word' id='word_1_680' title='bbox 105 4677 422 4748; x_wconf 74' lang='grc' dir='ltr'>Κλήμεντος</span> <span class='ocrx_word' id='word_1_681' title='bbox 453 4672 643 4743; x_wconf 82' lang='grc' dir='ltr'>διδαχή</span> <span class='ocrx_word' id='word_1_682' title='bbox 672 4687 786 4726; x_wconf 91' lang='lat' dir='ltr'><strong>non</strong></span> <span class='ocrx_word' id='word_1_683' title='bbox 816 4678 966 4725; x_wconf 85' lang='lat' dir='ltr'><strong>recte</strong></span> <span class='ocrx_word' id='word_1_684' title='bbox 993 4655 1350 4740; x_wconf 78' lang='lat' dir='ltr'><strong>intelligatur,</strong></span> <span class='ocrx_word' id='word_1_685' title='bbox 1383 4670 1689 4739; x_wconf 61' lang='lat' dir='ltr'><strong>praesertim</strong></span> 
     </span>
    </p>
   </div>
   <div class='ocr_carea' id='block_1_94' title="bbox 105 4760 1692 4838">
    <p class='ocr_par' dir='ltr' id='par_1_94' title="bbox 105 4760 1692 4838">
     <span class='ocr_line' id='line_1_94' title="bbox 105 4760 1692 4838; baseline -0.004 -17"><span class='ocrx_word' id='word_1_686' title='bbox 105 4786 223 4823; x_wconf 85' lang='lat' dir='ltr'><strong>cum</strong></span> <span class='ocrx_word' id='word_1_687' title='bbox 256 4766 542 4838; x_wconf 63' lang='lat' dir='ltr'><strong>praecedat</strong></span> <span class='ocrx_word' id='word_1_688' title='bbox 565 4766 622 4818; x_wconf 89' lang='lat' dir='ltr'><strong>in</strong></span> <span class='ocrx_word' id='word_1_689' title='bbox 654 4765 782 4828; x_wconf 91' lang='lat' dir='ltr'><strong>hoc,</strong></span> <span class='ocrx_word' id='word_1_690' title='bbox 817 4772 878 4816; x_wconf 91' lang='lat' dir='ltr'><strong>ut</strong></span> <span class='ocrx_word' id='word_1_691' title='bbox 909 4762 962 4816; x_wconf 89' lang='lat' dir='ltr'><strong>in</strong></span> <span class='ocrx_word' id='word_1_692' title='bbox 997 4762 1189 4828; x_wconf 89' lang='lat' dir='ltr'><strong>altero,</strong></span> <span class='ocrx_word' id='word_1_693' title='bbox 1223 4760 1424 4833; x_wconf 82' lang='grc' dir='ltr'><strong>Διδαχὴ</strong></span> <span class='ocrx_word' id='word_1_694' title='bbox 1458 4762 1692 4816; x_wconf 79' lang='grc' dir='ltr'>ἀποστό-</span> 
     </span>
    </p>
   </div>
   <div class='ocr_carea' id='block_1_95' title="bbox 94 4853 1694 4925">
    <p class='ocr_par' dir='ltr' id='par_1_95' title="bbox 94 4853 1694 4925">
     <span class='ocr_line' id='line_1_95' title="bbox 94 4853 1694 4925; baseline -0.002 -13"><span class='ocrx_word' id='word_1_695' title='bbox 94 4861 223 4917; x_wconf 72' lang='grc' dir='ltr'>λων.</span> <span class='ocrx_word' id='word_1_696' title='bbox 260 4859 443 4914; x_wconf 69' lang='lat' dir='ltr'><strong>Tanta</strong></span> <span class='ocrx_word' id='word_1_697' title='bbox 477 4857 640 4912; x_wconf 89' lang='lat' dir='ltr'><strong>estin</strong></span> <span class='ocrx_word' id='word_1_698' title='bbox 669 4866 902 4925; x_wconf 90' lang='lat' dir='ltr'><strong>utroque</strong></span> <span class='ocrx_word' id='word_1_699' title='bbox 949 4854 1194 4909; x_wconf 92' lang='lat' dir='ltr'><strong>lndiculo</strong></span> <span class='ocrx_word' id='word_1_700' title='bbox 1232 4853 1300 4909; x_wconf 89' lang='lat' dir='ltr'><strong>ad</strong></span> <span class='ocrx_word' id='word_1_701' title='bbox 1332 4854 1476 4909; x_wconf 88' lang='lat' dir='ltr'><strong>hanc</strong></span> <span class='ocrx_word' id='word_1_702' title='bbox 1525 4855 1694 4909; x_wconf 76' lang='lat' dir='ltr'><strong>inter-</strong></span> 
     </span>
    </p>
   </div>
   <div class='ocr_carea' id='block_1_96' title="bbox 107 4947 1266 5022">
    <p class='ocr_par' dir='ltr' id='par_1_96' title="bbox 107 4947 1266 5022">
     <span class='ocr_line' id='line_1_96' title="bbox 107 4947 1266 5022; baseline -0.003 -16"><span class='ocrx_word' id='word_1_703' title='bbox 107 4955 476 5022; x_wconf 85' lang='lat' dir='ltr'><strong>pretationem</strong></span> <span class='ocrx_word' id='word_1_704' title='bbox 510 4949 879 5004; x_wconf 88' lang='lat' dir='ltr'><strong>roborandam</strong></span> <span class='ocrx_word' id='word_1_705' title='bbox 907 4947 1266 5018; x_wconf 87' lang='lat' dir='ltr'><strong>conspiratio.</strong></span> 
     </span>
    </p>
   </div>
   <div class='ocr_carea' id='block_1_97' title="bbox 167 5037 1682 5113">
    <p class='ocr_par' dir='ltr' id='par_1_97' title="bbox 167 5037 1682 5113">
     <span class='ocr_line' id='line_1_97' title="bbox 167 5037 1682 5113; baseline -0.005 -12"><span class='ocrx_word' id='word_1_706' title='bbox 167 5049 316 5113; x_wconf 86' lang='lat' dir='ltr'><strong>Quin</strong></span> <span class='ocrx_word' id='word_1_707' title='bbox 349 5054 406 5099; x_wconf 92' lang='lat' dir='ltr'><strong>et</strong></span> <span class='ocrx_word' id='word_1_708' title='bbox 436 5059 532 5098; x_wconf 89' lang='lat' dir='ltr'><strong>res</strong></span> <span class='ocrx_word' id='word_1_709' title='bbox 563 5044 678 5112; x_wconf 90' lang='lat' dir='ltr'><strong>ipsa</strong></span> <span class='ocrx_word' id='word_1_710' title='bbox 717 5042 857 5096; x_wconf 87' lang='lat' dir='ltr'><strong>idem</strong></span> <span class='ocrx_word' id='word_1_711' title='bbox 907 5041 1136 5095; x_wconf 89' lang='lat' dir='ltr'><strong>omnino</strong></span> <span class='ocrx_word' id='word_1_712' title='bbox 1166 5041 1346 5095; x_wconf 90' lang='lat' dir='ltr'><strong>docet.</strong></span> <span class='ocrx_word' id='word_1_713' title='bbox 1382 5037 1682 5094; x_wconf 81' lang='lat' dir='ltr'><strong>Observan-</strong></span> 
     </span>
    </p>
   </div>
   <div class='ocr_carea' id='block_1_98' title="bbox 106 5131 1693 5206">
    <p class='ocr_par' dir='ltr' id='par_1_98' title="bbox 106 5131 1693 5206">
     <span class='ocr_line' id='line_1_98' title="bbox 106 5131 1693 5206; baseline -0.003 -13"><span class='ocrx_word' id='word_1_714' title='bbox 106 5141 226 5195; x_wconf 90' lang='lat' dir='ltr'><strong>dum</strong></span> <span class='ocrx_word' id='word_1_715' title='bbox 256 5140 416 5195; x_wconf 89' lang='lat' dir='ltr'><strong>enim</strong></span> <span class='ocrx_word' id='word_1_716' title='bbox 464 5146 584 5203; x_wconf 88' lang='lat' dir='ltr'><strong>est,</strong></span> <span class='ocrx_word' id='word_1_717' title='bbox 624 5136 811 5206; x_wconf 88' lang='lat' dir='ltr'><strong>plures</strong></span> <span class='ocrx_word' id='word_1_718' title='bbox 841 5135 973 5189; x_wconf 91' lang='lat' dir='ltr'><strong>olim</strong></span> <span class='ocrx_word' id='word_1_719' title='bbox 1005 5134 1282 5188; x_wconf 79' lang='lat' dir='ltr'><strong>exstitisse</strong></span> <span class='ocrx_word' id='word_1_720' title='bbox 1306 5131 1548 5202; x_wconf 80' lang='grc' dir='ltr'>διδαχάς,</span> <span class='ocrx_word' id='word_1_721' title='bbox 1576 5131 1693 5188; x_wconf 85' lang='lat' dir='ltr'><strong>sive</strong></span> 
     </span>
    </p>
   </div>
   <div class='ocr_carea' id='block_1_99' title="bbox 104 5225 1692 5299">
    <p class='ocr_par' dir='ltr' id='par_1_99' title="bbox 104 5225 1692 5299">
     <span class='ocr_line' id='line_1_99' title="bbox 104 5225 1692 5299; baseline -0.004 -13"><span class='ocrx_word' id='word_1_722' title='bbox 104 5233 478 5297; x_wconf 71' lang='grc' dir='ltr'>διδασκαλίας,</span> <span class='ocrx_word' id='word_1_723' title='bbox 510 5230 670 5299; x_wconf 90' lang='lat' dir='ltr'><strong>quasi</strong></span> <span class='ocrx_word' id='word_1_724' title='bbox 697 5229 768 5284; x_wconf 91' lang='lat' dir='ltr'><strong>ab</strong></span> <span class='ocrx_word' id='word_1_725' title='bbox 792 5228 1054 5298; x_wconf 89' lang='lat' dir='ltr'><strong>apostolis</strong></span> <span class='ocrx_word' id='word_1_726' title='bbox 1083 5225 1360 5297; x_wconf 85' lang='lat' dir='ltr'><strong>profectas</strong></span> <span class='ocrx_word' id='word_1_727' title='bbox 1379 5266 1396 5290; x_wconf 95' lang='lat'><strong>,</strong></span> <span class='ocrx_word' id='word_1_728' title='bbox 1427 5234 1482 5280; x_wconf 94' lang='lat' dir='ltr'><strong>et</strong></span> <span class='ocrx_word' id='word_1_729' title='bbox 1510 5225 1595 5280; x_wconf 91' lang='lat' dir='ltr'><strong>vel</strong></span> <span class='ocrx_word' id='word_1_730' title='bbox 1623 5225 1692 5280; x_wconf 90' lang='lat' dir='ltr'><strong>ab</strong></span> 
     </span>
    </p>
   </div>
   <div class='ocr_carea' id='block_1_100' title="bbox 107 5318 1688 5396">
    <p class='ocr_par' dir='ltr' id='par_1_100' title="bbox 107 5318 1688 5396">
     <span class='ocr_line' id='line_1_100' title="bbox 107 5318 1688 5396; baseline -0.003 -19"><span class='ocrx_word' id='word_1_731' title='bbox 107 5329 232 5396; x_wconf 80' lang='lat' dir='ltr'><strong>ipsis</strong></span> <span class='ocrx_word' id='word_1_732' title='bbox 261 5327 509 5395; x_wconf 85' lang='lat' dir='ltr'><strong>scriptas</strong></span> <span class='ocrx_word' id='word_1_733' title='bbox 534 5365 550 5390; x_wconf 90' lang='lat'><strong>,</strong></span> <span class='ocrx_word' id='word_1_734' title='bbox 581 5323 663 5377; x_wconf 83' lang='lat' dir='ltr'><strong>vel</strong></span> <span class='ocrx_word' id='word_1_735' title='bbox 706 5331 854 5376; x_wconf 88' lang='lat' dir='ltr'><strong>certe</strong></span> <span class='ocrx_word' id='word_1_736' title='bbox 889 5321 1024 5375; x_wconf 91' lang='lat' dir='ltr'><strong>viris</strong></span> <span class='ocrx_word' id='word_1_737' title='bbox 1059 5319 1379 5390; x_wconf 87' lang='lat' dir='ltr'><strong>apostolicis</strong></span> <span class='ocrx_word' id='word_1_738' title='bbox 1409 5318 1645 5373; x_wconf 90' lang='lat' dir='ltr'><strong>dictatas</strong></span> <span class='ocrx_word' id='word_1_739' title='bbox 1672 5359 1688 5385; x_wconf 95' lang='lat'><strong>,</strong></span> 
     </span>
    </p>
   </div>
   <div class='ocr_carea' id='block_1_101' title="bbox 108 5407 1694 5486">
    <p class='ocr_par' dir='ltr' id='par_1_101' title="bbox 108 5407 1694 5486">
     <span class='ocr_line' id='line_1_101' title="bbox 108 5407 1694 5486; baseline -0.007 -11"><span class='ocrx_word' id='word_1_740' title='bbox 108 5433 153 5475; x_wconf 81' lang='lat' dir='ltr'><strong>et</strong></span> <span class='ocrx_word' id='word_1_741' title='bbox 177 5424 246 5477; x_wconf 86' lang='lat' dir='ltr'><strong>ab</strong></span> <span class='ocrx_word' id='word_1_742' title='bbox 273 5421 394 5475; x_wconf 88' lang='lat' dir='ltr'><strong>illis</strong></span> <span class='ocrx_word' id='word_1_743' title='bbox 423 5417 532 5472; x_wconf 89' lang='lat' dir='ltr'><strong>sub</strong></span> <span class='ocrx_word' id='word_1_744' title='bbox 563 5414 942 5486; x_wconf 87' lang='lat' dir='ltr'><strong>apostolorum</strong></span> <span class='ocrx_word' id='word_1_745' title='bbox 969 5411 1195 5466; x_wconf 89' lang='lat' dir='ltr'><strong>nomine</strong></span> <span class='ocrx_word' id='word_1_746' title='bbox 1234 5422 1490 5465; x_wconf 82' lang='lat' dir='ltr'><strong>exaratas</strong></span> <span class='ocrx_word' id='word_1_747' title='bbox 1513 5419 1567 5464; x_wconf 90' lang='lat' dir='ltr'><strong>et</strong></span> <span class='ocrx_word' id='word_1_748' title='bbox 1591 5407 1694 5464; x_wconf 87' lang='lat' dir='ltr'><strong>Ec-</strong></span> 
     </span>
    </p>
   </div>
   <div class='ocr_carea' id='block_1_102' title="bbox 113 5502 1692 5574">
    <p class='ocr_par' dir='ltr' id='par_1_102' title="bbox 113 5502 1692 5574">
     <span class='ocr_line' id='line_1_102' title="bbox 113 5502 1692 5574; baseline -0.008 -6"><span class='ocrx_word' id='word_1_749' title='bbox 113 5517 283 5570; x_wconf 70' lang='lat' dir='ltr'><strong>clesia:</strong></span> <span class='ocrx_word' id='word_1_750' title='bbox 309 5509 755 5568; x_wconf 89' lang='lat' dir='ltr'><strong>eommendatas.</strong></span> <span class='ocrx_word' id='word_1_751' title='bbox 790 5507 925 5562; x_wconf 90' lang='lat' dir='ltr'><strong>Cum</strong></span> <span class='ocrx_word' id='word_1_752' title='bbox 958 5505 1106 5560; x_wconf 89' lang='lat' dir='ltr'><strong>enim</strong></span> <span class='ocrx_word' id='word_1_753' title='bbox 1133 5519 1294 5559; x_wconf 89' lang='lat' dir='ltr'><strong>voces</strong></span> <span class='ocrx_word' id='word_1_754' title='bbox 1321 5502 1510 5574; x_wconf 83' lang='grc' dir='ltr'>διδαχή</span> <span class='ocrx_word' id='word_1_755' title='bbox 1536 5511 1590 5556; x_wconf 91' lang='lat' dir='ltr'><strong>et</strong></span> <span class='ocrx_word' id='word_1_756' title='bbox 1613 5502 1692 5556; x_wconf 87' lang='grc' dir='ltr'><strong>δι-</strong></span> 
     </span>
    </p>
   </div>
   <div class='ocr_carea' id='block_1_103' title="bbox 113 5595 1694 5673">
    <p class='ocr_par' dir='ltr' id='par_1_103' title="bbox 113 5595 1694 5673">
     <span class='ocr_line' id='line_1_103' title="bbox 113 5595 1694 5673; baseline -0.006 -14"><span class='ocrx_word' id='word_1_757' title='bbox 113 5607 369 5661; x_wconf 72' lang='grc' dir='ltr'>δασκαλία</span> <span class='ocrx_word' id='word_1_758' title='bbox 412 5600 859 5673; x_wconf 84' lang='lat' dir='ltr'><strong>frequentissime</strong></span> <span class='ocrx_word' id='word_1_759' title='bbox 903 5599 957 5651; x_wconf 91' lang='lat' dir='ltr'><strong>in</strong></span> <span class='ocrx_word' id='word_1_760' title='bbox 999 5595 1153 5651; x_wconf 79' lang='lat' dir='ltr'><strong>Novo</strong></span> <span class='ocrx_word' id='word_1_761' title='bbox 1198 5595 1553 5651; x_wconf 90' lang='lat' dir='ltr'><strong>Testamento</strong></span> <span class='ocrx_word' id='word_1_762' title='bbox 1597 5609 1694 5649; x_wconf 88' lang='lat' dir='ltr'><strong>oc-</strong></span> 
     </span>
    </p>
   </div>
   <div class='ocr_carea' id='block_1_104' title="bbox 117 5687 1688 5764">
    <p class='ocr_par' dir='ltr' id='par_1_104' title="bbox 117 5687 1688 5764">
     <span class='ocr_line' id='line_1_104' title="bbox 117 5687 1688 5764; baseline -0.008 -12"><span class='ocrx_word' id='word_1_763' title='bbox 117 5709 390 5755; x_wconf 83' lang='lat' dir='ltr'><strong>currerent</strong></span> <span class='ocrx_word' id='word_1_764' title='bbox 412 5742 428 5764; x_wconf 93' lang='lat'><strong>,</strong></span> <span class='ocrx_word' id='word_1_765' title='bbox 475 5706 537 5752; x_wconf 88' lang='lat' dir='ltr'><strong>ut</strong></span> <span class='ocrx_word' id='word_1_766' title='bbox 577 5694 766 5764; x_wconf 81' lang='grc' dir='ltr'><strong>διδαχὴ</strong></span> <span class='ocrx_word' id='word_1_767' title='bbox 811 5692 1045 5764; x_wconf 81' lang='grc' dir='ltr'>Κυρίου,</span> <span class='ocrx_word' id='word_1_768' title='bbox 1096 5688 1286 5760; x_wconf 83' lang='grc' dir='ltr'>διδαχὴ</span> <span class='ocrx_word' id='word_1_769' title='bbox 1333 5687 1648 5742; x_wconf 84' lang='grc' dir='ltr'>ἀποστόλων</span> <span class='ocrx_word' id='word_1_770' title='bbox 1672 5726 1688 5752; x_wconf 95' lang='grc'><strong>,</strong></span> 
     </span>
    </p>
   </div>
   <div class='ocr_carea' id='block_1_105' title="bbox 122 5780 1688 5852">
    <p class='ocr_par' dir='ltr' id='par_1_105' title="bbox 122 5780 1688 5852">
     <span class='ocr_line' id='line_1_105' title="bbox 122 5780 1688 5852; baseline -0.009 -4"><span class='ocrx_word' id='word_1_771' title='bbox 122 5788 425 5848; x_wconf 66' lang='grc' dir='ltr'>διδασκαλία</span> <span class='ocrx_word' id='word_1_772' title='bbox 457 5789 551 5844; x_wconf 74' lang='grc' dir='ltr'>τοῦ</span> <span class='ocrx_word' id='word_1_773' title='bbox 574 5789 847 5852; x_wconf 63' lang='grc' dir='ltr'>Σωτῆρος,</span> <span class='ocrx_word' id='word_1_774' title='bbox 879 5783 1193 5838; x_wconf 81' lang='grc' dir='ltr'>διδασκαλία</span> <span class='ocrx_word' id='word_1_775' title='bbox 1227 5780 1443 5836; x_wconf 77' lang='grc' dir='ltr'>Παύλου</span> <span class='ocrx_word' id='word_1_776' title='bbox 1463 5821 1475 5845; x_wconf 92' lang='grc'><strong>,</strong></span> <span class='ocrx_word' id='word_1_777' title='bbox 1515 5780 1688 5834; x_wconf 76' lang='lat' dir='ltr'><strong>Incre-</strong></span> 
     </span>
    </p>
   </div>
   <div class='ocr_carea' id='block_1_106' title="bbox 1793 4568 3380 4643">
    <p class='ocr_par' dir='ltr' id='par_1_106' title="bbox 1793 4568 3380 4643">
     <span class='ocr_line' id='line_1_106' title="bbox 1793 4568 3380 4643; baseline -0.006 -14"><span class='ocrx_word' id='word_1_778' title='bbox 1793 4574 1992 4630; x_wconf 89' lang='lat' dir='ltr'><strong>melius</strong></span> <span class='ocrx_word' id='word_1_779' title='bbox 2015 4572 2350 4643; x_wconf 90' lang='lat' dir='ltr'><strong>quadrarent</strong></span> <span class='ocrx_word' id='word_1_780' title='bbox 2379 4589 2392 4624; x_wconf 92' lang='lat'>:</span> <span class='ocrx_word' id='word_1_781' title='bbox 2429 4568 2892 4640; x_wconf 89' lang='lat' dir='ltr'><strong>quemadmodum</strong></span> <span class='ocrx_word' id='word_1_782' title='bbox 2927 4576 3152 4638; x_wconf 90' lang='lat' dir='ltr'><strong>apparet</strong></span> <span class='ocrx_word' id='word_1_783' title='bbox 3182 4569 3380 4637; x_wconf 60' lang='lat' dir='ltr'><strong>prazcioo</strong></span> 
     </span>
    </p>
   </div>
   <div class='ocr_carea' id='block_1_107' title="bbox 1793 4659 3382 4736">
    <p class='ocr_par' dir='ltr' id='par_1_107' title="bbox 1793 4659 3382 4736">
     <span class='ocr_line' id='line_1_107' title="bbox 1793 4659 3382 4736; baseline -0.005 -16"><span class='ocrx_word' id='word_1_784' title='bbox 1793 4681 1900 4736; x_wconf 90' lang='lat' dir='ltr'><strong>pue</strong></span> <span class='ocrx_word' id='word_1_785' title='bbox 1924 4681 1992 4720; x_wconf 82' lang='lat' dir='ltr'><strong>ex</strong></span> <span class='ocrx_word' id='word_1_786' title='bbox 2028 4664 2118 4732; x_wconf 90' lang='lat' dir='ltr'><strong>iis,</strong></span> <span class='ocrx_word' id='word_1_787' title='bbox 2155 4678 2278 4732; x_wconf 58' lang='lat' dir='ltr'><strong>qua;</strong></span> <span class='ocrx_word' id='word_1_788' title='bbox 2306 4661 2648 4733; x_wconf 88' lang='lat' dir='ltr'><strong>Epiphanius</strong></span> <span class='ocrx_word' id='word_1_789' title='bbox 2679 4660 2897 4726; x_wconf 88' lang='lat' dir='ltr'><strong>citavit,</strong></span> <span class='ocrx_word' id='word_1_790' title='bbox 2925 4675 2956 4714; x_wconf 89' lang='lat' dir='ltr'><strong>a</strong></span> <span class='ocrx_word' id='word_1_791' title='bbox 3002 4659 3210 4714; x_wconf 89' lang='lat' dir='ltr'><strong>nostris</strong></span> <span class='ocrx_word' id='word_1_792' title='bbox 3241 4675 3382 4714; x_wconf 88' lang='lat' dir='ltr'><strong>non-</strong></span> 
     </span>
    </p>
   </div>
   <div class='ocr_carea' id='block_1_108' title="bbox 1795 4751 3378 4828">
    <p class='ocr_par' dir='ltr' id='par_1_108' title="bbox 1795 4751 3378 4828">
     <span class='ocr_line' id='line_1_108' title="bbox 1795 4751 3378 4828; baseline -0.005 -14"><span class='ocrx_word' id='word_1_793' title='bbox 1795 4773 2078 4828; x_wconf 87' lang='lat' dir='ltr'><strong>nunquam</strong></span> <span class='ocrx_word' id='word_1_794' title='bbox 2105 4756 2496 4825; x_wconf 85' lang='lat' dir='ltr'><strong>discrepantia.</strong></span> <span class='ocrx_word' id='word_1_795' title='bbox 2531 4753 2604 4809; x_wconf 89' lang='lat' dir='ltr'><strong>Ut</strong></span> <span class='ocrx_word' id='word_1_796' title='bbox 2635 4754 2691 4808; x_wconf 92' lang='lat' dir='ltr'><strong>in</strong></span> <span class='ocrx_word' id='word_1_797' title='bbox 2724 4751 3100 4808; x_wconf 89' lang='lat' dir='ltr'><strong>vetustissima</strong></span> <span class='ocrx_word' id='word_1_798' title='bbox 3144 4751 3378 4818; x_wconf 79' lang='lat' dir='ltr'><strong>diataxi,</strong></span> 
     </span>
    </p>
   </div>
   <div class='ocr_carea' id='block_1_109' title="bbox 1793 4841 3378 4922">
    <p class='ocr_par' dir='ltr' id='par_1_109' title="bbox 1793 4841 3378 4922">
     <span class='ocr_line' id='line_1_109' title="bbox 1793 4841 3378 4922; baseline -0.008 -16"><span class='ocrx_word' id='word_1_799' title='bbox 1793 4868 1918 4922; x_wconf 68' lang='lat' dir='ltr'><strong>quae</strong></span> <span class='ocrx_word' id='word_1_800' title='bbox 1942 4849 2229 4921; x_wconf 87' lang='lat' dir='ltr'><strong>Epiphanii</strong></span> <span class='ocrx_word' id='word_1_801' title='bbox 2259 4864 2374 4902; x_wconf 57' lang='lat' dir='ltr'><strong>alvo</strong></span> <span class='ocrx_word' id='word_1_802' title='bbox 2389 4847 2618 4911; x_wconf 79' lang='lat' dir='ltr'><strong>exstitit,</strong></span> <span class='ocrx_word' id='word_1_803' title='bbox 2644 4847 2712 4900; x_wconf 88' lang='lat' dir='ltr'><strong>de</strong></span> <span class='ocrx_word' id='word_1_804' title='bbox 2734 4843 3062 4900; x_wconf 88' lang='lat' dir='ltr'><strong>celebrando</strong></span> <span class='ocrx_word' id='word_1_805' title='bbox 3083 4841 3378 4908; x_wconf 71' lang='lat' dir='ltr'><strong>Paschatv,</strong></span> 
     </span>
    </p>
   </div>
   <div class='ocr_carea' id='block_1_110' title="bbox 1794 4933 3382 5008">
    <p class='ocr_par' dir='ltr' id='par_1_110' title="bbox 1794 4933 3382 5008">
     <span class='ocr_line' id='line_1_110' title="bbox 1794 4933 3382 5008; baseline -0.007 -11"><span class='ocrx_word' id='word_1_806' title='bbox 1794 4941 2149 4997; x_wconf 86' lang='lat' dir='ltr'><strong>constitutum</strong></span> <span class='ocrx_word' id='word_1_807' title='bbox 2182 4938 2286 4993; x_wconf 80' lang='lat' dir='ltr'><strong>fuit</strong></span> <span class='ocrx_word' id='word_1_808' title='bbox 2313 4957 2326 4992; x_wconf 86' lang='lat'><strong>:</strong></span> <span class='ocrx_word' id='word_1_809' title='bbox 2366 4937 2551 5008; x_wconf 84' lang='grc' dir='ltr'>Ὑμεῖς</span> <span class='ocrx_word' id='word_1_810' title='bbox 2578 4937 2651 5008; x_wconf 82' lang='grc' dir='ltr'>μὴ</span> <span class='ocrx_word' id='word_1_811' title='bbox 2675 4935 2961 5006; x_wconf 76' lang='grc' dir='ltr'>ψηφίζετε,</span> <span class='ocrx_word' id='word_1_812' title='bbox 3001 4933 3137 4987; x_wconf 80' lang='grc' dir='ltr'>ἀλλὰ</span> <span class='ocrx_word' id='word_1_813' title='bbox 3179 4937 3382 4987; x_wconf 82' lang='grc' dir='ltr'>ποιεῖτε</span> 
     </span>
    </p>
   </div>
   <div class='ocr_carea' id='block_1_111' title="bbox 1793 5024 3384 5099">
    <p class='ocr_par' dir='ltr' id='par_1_111' title="bbox 1793 5024 3384 5099">
     <span class='ocr_line' id='line_1_111' title="bbox 1793 5024 3384 5099; baseline -0.005 -15"><span class='ocrx_word' id='word_1_814' title='bbox 1793 5033 1921 5086; x_wconf 84' lang='grc' dir='ltr'>ὅταν</span> <span class='ocrx_word' id='word_1_815' title='bbox 1954 5032 2003 5083; x_wconf 80' lang='grc' dir='ltr'><strong>οἱ</strong></span> <span class='ocrx_word' id='word_1_816' title='bbox 2036 5030 2255 5098; x_wconf 76' lang='grc' dir='ltr'>ἀδελφοὶ</span> <span class='ocrx_word' id='word_1_817' title='bbox 2293 5027 2446 5099; x_wconf 84' lang='grc' dir='ltr'>ὑμῶν</span> <span class='ocrx_word' id='word_1_818' title='bbox 2484 5027 2533 5079; x_wconf 80' lang='grc' dir='ltr'>οἱ</span> <span class='ocrx_word' id='word_1_819' title='bbox 2573 5028 2638 5079; x_wconf 83' lang='grc' dir='ltr'>ἐκ</span> <span class='ocrx_word' id='word_1_820' title='bbox 2678 5025 3012 5098; x_wconf 80' lang='grc' dir='ltr'>περιτομῆς,</span> <span class='ocrx_word' id='word_1_821' title='bbox 3052 5024 3171 5096; x_wconf 79' lang='grc' dir='ltr'>μετ’</span> <span class='ocrx_word' id='word_1_822' title='bbox 3206 5025 3384 5077; x_wconf 65' lang='lat' dir='ltr'><strong>at”):th</strong></span> 
     </span>
    </p>
   </div>
   <div class='ocr_carea' id='block_1_112' title="bbox 1794 5116 3385 5197">
    <p class='ocr_par' dir='ltr' id='par_1_112' title="bbox 1794 5116 3385 5197">
     <span class='ocr_line' id='line_1_112' title="bbox 1794 5116 3385 5197; baseline -0.007 -18"><span class='ocrx_word' id='word_1_823' title='bbox 1794 5126 1910 5197; x_wconf 74' lang='grc' dir='ltr'>ἅμα</span> <span class='ocrx_word' id='word_1_824' title='bbox 1936 5125 2159 5177; x_wconf 86' lang='grc' dir='ltr'>ποιεῖτε.</span> <span class='ocrx_word' id='word_1_825' title='bbox 2203 5119 2304 5175; x_wconf 81' lang='lat' dir='ltr'><strong>Vos</strong></span> <span class='ocrx_word' id='word_1_826' title='bbox 2339 5118 2561 5173; x_wconf 77' lang='lat' dir='ltr'><strong>calculis</strong></span> <span class='ocrx_word' id='word_1_827' title='bbox 2590 5118 2743 5171; x_wconf 67' lang='lat' dir='ltr'><strong>’ltaud</strong></span> <span class='ocrx_word' id='word_1_828' title='bbox 2769 5118 3009 5181; x_wconf 80' lang='lat' dir='ltr'><strong>utimini,</strong></span> <span class='ocrx_word' id='word_1_829' title='bbox 3041 5116 3131 5169; x_wconf 80' lang='lat' dir='ltr'><strong>sed</strong></span> <span class='ocrx_word' id='word_1_830' title='bbox 3165 5132 3224 5169; x_wconf 88' lang='lat' dir='ltr'><strong>eo</strong></span> <span class='ocrx_word' id='word_1_831' title='bbox 3253 5126 3385 5169; x_wconf 85' lang='lat' dir='ltr'><strong>tem-</strong></span> 
     </span>
    </p>
   </div>
   <div class='ocr_carea' id='block_1_113' title="bbox 1792 5209 3385 5289">
    <p class='ocr_par' dir='ltr' id='par_1_113' title="bbox 1792 5209 3385 5289">
     <span class='ocr_line' id='line_1_113' title="bbox 1792 5209 3385 5289; baseline -0.006 -17"><span class='ocrx_word' id='word_1_832' title='bbox 1792 5234 1918 5289; x_wconf 88' lang='lat' dir='ltr'><strong>pore</strong></span> <span class='ocrx_word' id='word_1_833' title='bbox 1939 5216 2195 5271; x_wconf 79' lang='lat' dir='ltr'><strong>celebrate</strong></span> <span class='ocrx_word' id='word_1_834' title='bbox 2227 5229 2329 5284; x_wconf 91' lang='lat' dir='ltr'><strong>quo</strong></span> <span class='ocrx_word' id='word_1_835' title='bbox 2359 5213 2555 5282; x_wconf 83' lang='lat' dir='ltr'><strong>fratres</strong></span> <span class='ocrx_word' id='word_1_836' title='bbox 2586 5210 2748 5264; x_wconf 78' lang='lat' dir='ltr'><strong>vestri</strong></span> <span class='ocrx_word' id='word_1_837' title='bbox 2774 5211 2865 5280; x_wconf 89' lang='lat' dir='ltr'><strong>qui</strong></span> <span class='ocrx_word' id='word_1_838' title='bbox 2885 5225 2949 5263; x_wconf 81' lang='lat' dir='ltr'><strong>ea:</strong></span> <span class='ocrx_word' id='word_1_839' title='bbox 2977 5209 3385 5262; x_wconf 77' lang='lat' dir='ltr'><strong>circumcisione</strong></span> 
     </span>
    </p>
   </div>
   <div class='ocr_carea' id='block_1_114' title="bbox 1793 5296 3383 5383">
    <p class='ocr_par' dir='ltr' id='par_1_114' title="bbox 1793 5296 3383 5383">
     <span class='ocr_line' id='line_1_114' title="bbox 1793 5296 3383 5383; baseline -0.009 -18"><span class='ocrx_word' id='word_1_840' title='bbox 1793 5311 2137 5383; x_wconf 85' lang='lat' dir='ltr'><strong>prodierunt;</strong></span> <span class='ocrx_word' id='word_1_841' title='bbox 2169 5322 2287 5360; x_wconf 88' lang='lat' dir='ltr'><strong>cum</strong></span> <span class='ocrx_word' id='word_1_842' title='bbox 2316 5305 2382 5358; x_wconf 81' lang='lat' dir='ltr'><strong>iis</strong></span> <span class='ocrx_word' id='word_1_843' title='bbox 2411 5303 2572 5358; x_wconf 81' lang='lat' dir='ltr'><strong>simul</strong></span> <span class='ocrx_word' id='word_1_844' title='bbox 2615 5300 2824 5355; x_wconf 81' lang='lat' dir='ltr'><strong>Pascha</strong></span> <span class='ocrx_word' id='word_1_845' title='bbox 2851 5300 3105 5370; x_wconf 85' lang='lat' dir='ltr'><strong>peragite.</strong></span> <span class='ocrx_word' id='word_1_846' title='bbox 3150 5296 3383 5352; x_wconf 82' lang='lat' dir='ltr'><strong>Videtur</strong></span> 
     </span>
    </p>
   </div>
   <div class='ocr_carea' id='block_1_115' title="bbox 1795 5388 3383 5473">
    <p class='ocr_par' dir='ltr' id='par_1_115' title="bbox 1795 5388 3383 5473">
     <span class='ocr_line' id='line_1_115' title="bbox 1795 5388 3383 5473; baseline -0.009 -17"><span class='ocrx_word' id='word_1_847' title='bbox 1795 5403 1960 5473; x_wconf 81' lang='lat' dir='ltr'><strong>igitur</strong></span> <span class='ocrx_word' id='word_1_848' title='bbox 1990 5400 2105 5454; x_wconf 69' lang='lat' dir='ltr'><strong>haec</strong></span> <span class='ocrx_word' id='word_1_849' title='bbox 2128 5395 2364 5453; x_wconf 77' lang='lat' dir='ltr'><strong>diataxis</strong></span> <span class='ocrx_word' id='word_1_850' title='bbox 2401 5393 2547 5448; x_wconf 84' lang='lat' dir='ltr'><strong>facta</strong></span> <span class='ocrx_word' id='word_1_851' title='bbox 2568 5433 2583 5461; x_wconf 90' lang='lat'><strong>,</strong></span> <span class='ocrx_word' id='word_1_852' title='bbox 2628 5401 2921 5463; x_wconf 87' lang='lat' dir='ltr'><strong>antequam</strong></span> <span class='ocrx_word' id='word_1_853' title='bbox 2956 5390 3088 5445; x_wconf 88' lang='lat' dir='ltr'><strong>urbs</strong></span> <span class='ocrx_word' id='word_1_854' title='bbox 3123 5388 3383 5444; x_wconf 82' lang='lat' dir='ltr'><strong>Hieroso-</strong></span> 
     </span>
    </p>
   </div>
   <div class='ocr_carea' id='block_1_116' title="bbox 1793 5483 3377 5566">
    <p class='ocr_par' dir='ltr' id='par_1_116' title="bbox 1793 5483 3377 5566">
     <span class='ocr_line' id='line_1_116' title="bbox 1793 5483 3377 5566; baseline -0.009 -18"><span class='ocrx_word' id='word_1_855' title='bbox 1793 5495 2056 5566; x_wconf 81' lang='lat' dir='ltr'><strong>lymitana</strong></span> <span class='ocrx_word' id='word_1_856' title='bbox 2093 5491 2162 5546; x_wconf 91' lang='lat' dir='ltr'><strong>ab</strong></span> <span class='ocrx_word' id='word_1_857' title='bbox 2200 5489 2444 5544; x_wconf 85' lang='lat' dir='ltr'><strong>Adriano</strong></span> <span class='ocrx_word' id='word_1_858' title='bbox 2466 5494 2824 5542; x_wconf 89' lang='lat' dir='ltr'><strong>everteretur.</strong></span> <span class='ocrx_word' id='word_1_859' title='bbox 2851 5483 2982 5538; x_wconf 88' lang='lat' dir='ltr'><strong>Post</strong></span> <span class='ocrx_word' id='word_1_860' title='bbox 3023 5483 3168 5537; x_wconf 89' lang='lat' dir='ltr'><strong>hanc</strong></span> <span class='ocrx_word' id='word_1_861' title='bbox 3191 5494 3377 5535; x_wconf 87' lang='lat' dir='ltr'><strong>autem</strong></span> 
     </span>
    </p>
   </div>
   <div class='ocr_carea' id='block_1_117' title="bbox 1792 5577 3380 5655">
    <p class='ocr_par' dir='ltr' id='par_1_117' title="bbox 1792 5577 3380 5655">
     <span class='ocr_line' id='line_1_117' title="bbox 1792 5577 3380 5655; baseline -0.01 -12"><span class='ocrx_word' id='word_1_862' title='bbox 1792 5587 2070 5653; x_wconf 83' lang='lat' dir='ltr'><strong>diataxin,</strong></span> <span class='ocrx_word' id='word_1_863' title='bbox 2105 5583 2308 5655; x_wconf 90' lang='lat' dir='ltr'><strong>prodiit</strong></span> <span class='ocrx_word' id='word_1_864' title='bbox 2335 5581 2467 5636; x_wconf 88' lang='lat' dir='ltr'><strong>alibi</strong></span> <span class='ocrx_word' id='word_1_865' title='bbox 2509 5596 2682 5635; x_wconf 91' lang='lat' dir='ltr'><strong>canon</strong></span> <span class='ocrx_word' id='word_1_866' title='bbox 2723 5578 2826 5632; x_wconf 92' lang='lat' dir='ltr'><strong>sub</strong></span> <span class='ocrx_word' id='word_1_867' title='bbox 2871 5577 3246 5646; x_wconf 82' lang='lat' dir='ltr'><strong>apostolorum</strong></span> <span class='ocrx_word' id='word_1_868' title='bbox 3280 5592 3380 5629; x_wconf 87' lang='lat' dir='ltr'><strong>no-</strong></span> 
     </span>
    </p>
   </div>
   <div class='ocr_carea' id='block_1_118' title="bbox 1793 5667 3379 5750">
    <p class='ocr_par' dir='ltr' id='par_1_118' title="bbox 1793 5667 3379 5750">
     <span class='ocr_line' id='line_1_118' title="bbox 1793 5667 3379 5750; baseline -0.013 -13"><span class='ocrx_word' id='word_1_869' title='bbox 1793 5683 1942 5738; x_wconf 89' lang='lat' dir='ltr'><strong>mine</strong></span> <span class='ocrx_word' id='word_1_870' title='bbox 1967 5680 2062 5750; x_wconf 92' lang='lat' dir='ltr'><strong>qui</strong></span> <span class='ocrx_word' id='word_1_871' title='bbox 2087 5692 2235 5732; x_wconf 91' lang='lat' dir='ltr'><strong>nunc</strong></span> <span class='ocrx_word' id='word_1_872' title='bbox 2265 5675 2534 5745; x_wconf 87' lang='lat' dir='ltr'><strong>septimus</strong></span> <span class='ocrx_word' id='word_1_873' title='bbox 2559 5672 2788 5726; x_wconf 89' lang='lat' dir='ltr'><strong>habetur</strong></span> <span class='ocrx_word' id='word_1_874' title='bbox 2817 5689 2827 5723; x_wconf 93' lang='lat'><strong>:</strong></span> <span class='ocrx_word' id='word_1_875' title='bbox 2852 5669 2922 5722; x_wconf 85' lang='grc' dir='ltr'><strong>Εἵ</strong></span> <span class='ocrx_word' id='word_1_876' title='bbox 2945 5685 3029 5731; x_wconf 82' lang='grc' dir='ltr'><strong>τις</strong></span> <span class='ocrx_word' id='word_1_877' title='bbox 3061 5667 3379 5729; x_wconf 72' lang='grc' dir='ltr'>ἐπίσκοπος,</span> 
     </span>
    </p>
   </div>
   <div class='ocr_carea' id='block_1_119' title="bbox 1793 5759 3376 5846">
    <p class='ocr_par' dir='ltr' id='par_1_119' title="bbox 1793 5759 3376 5846">
     <span class='ocr_line' id='line_1_119' title="bbox 1793 5759 3376 5846; baseline -0.011 -18"><span class='ocrx_word' id='word_1_878' title='bbox 1793 5777 1827 5846; x_wconf 76' lang='grc' dir='ltr'>ἢ</span> <span class='ocrx_word' id='word_1_879' title='bbox 1853 5771 2244 5846; x_wconf 76' lang='grc' dir='ltr'>πρεσϐύτερος,</span> <span class='ocrx_word' id='word_1_880' title='bbox 2275 5768 2310 5839; x_wconf 81' lang='grc' dir='ltr'>ἢ</span> <span class='ocrx_word' id='word_1_881' title='bbox 2331 5767 2579 5830; x_wconf 80' lang='grc' dir='ltr'>διάκονος</span> <span class='ocrx_word' id='word_1_882' title='bbox 2604 5763 2702 5836; x_wconf 81' lang='grc' dir='ltr'>τὴν</span> <span class='ocrx_word' id='word_1_883' title='bbox 2725 5761 2885 5832; x_wconf 83' lang='grc' dir='ltr'>ἁγίαν</span> <span class='ocrx_word' id='word_1_884' title='bbox 2904 5759 2998 5815; x_wconf 79' lang='grc' dir='ltr'>τοῦ</span> <span class='ocrx_word' id='word_1_885' title='bbox 3019 5761 3210 5831; x_wconf 80' lang='grc' dir='ltr'>Πάσχα</span> <span class='ocrx_word' id='word_1_886' title='bbox 3243 5759 3376 5833; x_wconf 69' lang='grc' dir='ltr'><strong>ὴμέ-</strong></span> 
     </span>
    </p>
   </div>
  </div>
