3864 6204
493 306 587 358 ίῦι

1554 305 1616 360 S.
1651 303 1995 362 lGNA'I'lUS.
2037 335 2108 347 —
2143 299 2670 357 PROLEGOMENA.

3658 294 3777 346 152

495 443 596 498 ραν
630 424 737 500 πρδ
770 425 869 498 τῆς
902 428 1124 499 ἐαρινῆς
1155 427 1446 501 ίσημερίας
1481 428 1618 500 μετά
1655 428 1924 482 Ἰουδαίων
1955 428 2071 480 ἐπν-

2174 441 2278 480 ms.
2309 424 2498 480 codice
2515 421 2818 477 Oxoniensi
2843 461 2858 485 ,
2882 433 2994 490 quo
3022 426 3483 488 repraesentantur
3510 425 3633 471 tum
3674 419 3774 467 Δι-

491 517 718 581 τελέσει,
733 517 1118 592 καθαιρείσθω.
1137 518 1326 590 Siquis
1341 521 1633 589 episcopus,
1657 529 1752 574 aut
1776 519 2066 589 presbyter,

493 621 586 665 aut
612 611 867 665 diaconus
900 623 1142 666 sanctum
1175 611 1400 666 Pascha:
1427 613 1568 666 diem
1591 621 1713 666 ante
1733 611 1867 668 veris
1898 611 2067 680 arqui-

494 704 730 756 noctium
758 720 876 756 cum
909 702 1116 758 Judteis
1146 705 1328 774 egerit,
1370 721 1402 757 a
1431 704 1603 774 gradu
1633 721 1731 757 suo
1757 703 2064 772 dejiciatur.

495 791 623 848 Haec
652 809 774 849 cum
804 803 990 864 postea
1019 811 1048 848 a
1071 795 1306 849 concilio
1333 793 1554 849 Nicazno
1581 795 2064 856 conﬁrmarentur,

495 885 948 940 constitutionum
981 901 1171 941 earum
1207 902 1346 956 quas
1372 903 1520 942 nunc
1552 887 1816 941 habemus
1838 901 2068 940 consar-

495 976 712 1031 cinator
759 985 994 1030 veterem
1041 978 1284 1032 diataxin
1337 978 1688 1041 immutavit,
1752 990 1806 1032 et
1854 979 1921 1032 ad
1969 993 2067 1031 sua

498 1075 740 1140 tempora
777 1071 1233 1134 accommodavit,
1252 1071 1346 1124 lib.
1373 1087 1428 1136 v,
1447 1088 1497 1126 c.
1531 1070 1598 1125 16
1625 1090 1638 1125 :
1670 1073 1762 1124 Δεῖ
1789 1067 1880 1124 οὖν
1901 1072 2066 1142 ὑμᾶς,

495 1160 733 1230 ἀδελφοὶ,
756 1163 881 1224 τοὺς
901 1160 979 1231 τῷ
1011 1160 1104 1214 τοῦ
1135 1161 1372 1234 Χριστοῦ
1405 1163 1570 1234 τιμίῳ
1601 1163 2071 1235 ὲξηγορασμένους

495 1251 707 1322 αἵματι,
733 1251 831 1313 τὰς
850 1252 1064 1324 ἡμέρας
1095 1252 1188 1306 τοῦ
1209 1254 1398 1323 Πάσχα
1425 1254 1670 1326 ἀκριϐῶς
1697 1254 1942 1308 ποεῖσθαι
1979 1273 2072 1326 με-

494 1344 563 1397 τὰ
597 1347 777 1415 πάσης
799 1343 1113 1413 ἐπιμελείας
1137 1345 1274 1416 μετὰ
1288 1345 1496 1417 τροπὴν
1532 1347 1871 1418 ἰσημερινήν.
1902 1347 2072 1416 Opor-

497 1445 569 1490 tet
602 1436 766 1504 igitur
803 1451 914 1497 vos,
949 1436 1164 1503 fratres,
1197 1446 1377 1503 utpote
1419 1439 1650 1506 pretioso
1701 1439 1904 1494 Christi
1945 1457 2071 1494 san-

497 1529 652 1596 guine
679 1527 993 1595 redemptos.
1024 1529 1136 1580 dies
1168 1527 1386 1583 Pascha:
1414 1542 1662 1586 accurate
1701 1542 1752 1586 et
1795 1535 1938 1586 omni
1985 1535 2072 1587 di-

494 1623 715 1692 ligentia
757 1633 874 1691 post
920 1625 1290 1690 aequinoctium
1322 1625 1603 1680 celebrare.
1653 1625 1863 1692 Quibus
1905 1627 2067 1680 etiam

496 1724 578 1769 tot
607 1715 870 1769 adversus
897 1714 1116 1770 Judteos
1147 1716 1326 1770 addita
1363 1727 1512 1782 sunt,
1541 1727 1601 1772 ut
1648 1727 1905 1787 appareat
1947 1728 2072 1788 post

2167 514 2434 569 δασκαλία
2452 511 2867 573 δΐΊππολύτοιρ,
2900 520 3013 564 tum
3038 510 3305 578 Διαταγαὶ
3326 509 3667 574 ἀποστόλων,
3692 523 3766 560 ex

2168 607 2369 676 quibus
2395 604 2534 659 liber
2565 613 2794 659 octavus
2822 601 3100 672 praecipue
3123 609 3358 667 constat,
3383 597 3768 670 deprehendi—

2169 715 2314 754 mus.

2240 788 2400 844 Certe
2447 789 2592 844 inter
2639 787 2764 842 illas
2789 786 3140 850 didascalias,
3166 801 3305 855 quas
3331 785 3768 841 consarcinator

2169 883 2432 938 librorum
2465 890 2592 936 octo
2629 881 2936 950 usurpavit,
2963 880 3134 936 fuisse
3178 877 3529 932 Διδασκαλίαν
3574 877 3768 944 Ἱγνα-

2167 974 2306 1036 ττίου,
2347 973 2748 1043 quamplurima
2775 982 2904 1027 sunt
2929 988 3052 1042 quae
3080 981 3141 1026 ut
3167 972 3477 1025 ﬁrmissime
3521 970 3767 1024 credam

2169 1065 2429 1121 efﬁciunt.
2486 1065 2591 1131 Qui
2636 1064 2874 1134 primum
2921 1065 3023 1119 has
3075 1063 3399 1118 didascalias
3445 1063 3763 1123 tinxerunt,
3811 1061 3823 1128 ',

2170 1160 2291 1215 sine
2316 1159 2484 1213 dubio
2510 1173 2703 1213 eorum
2732 1159 2935 1227 scripta
2975 1167 3102 1212 ante
3127 1157 3319 1211 oculos
3351 1156 3613 1220 habuere,
3633 1155 3769 1225 qui-
3817 1163 3824 1212 ὲ

2172 1251 2275 1307 bus
2317 1252 2576 1322 ﬁgmenta
2620 1267 2718 1305 sua
2759 1251 2921 1305 tribui
2968 1250 3295 1313 voluerunt,
3343 1259 3404 1304 ut
3447 1264 3540 1305 eos
3594 1249 3766 1318 ipsos
3813 1233 3823 1250 ’“

2169 1353 2434 1413 quantum
2491 1353 2715 1413 possent
2748 1343 3156 1412 exprimerent;
3202 1343 3344 1395 unde
3391 1358 3498 1394 non
3553 1342 3766 1396 dubito
3813 1323 3820 1328 i

2169 1437 2464 1491 Clementis
2491 1435 2708 1508 διδαχὴν
2739 1437 2810 1489 ita
2843 1435 3013 1492 fuisse
3042 1437 3426 1504 compositam,
3451 1445 3513 1490 ut
3539 1439 3766 1506 episto-

2171 1531 2252 1584 las
2283 1530 2404 1600 ejus
2433 1530 2670 1584 maxime
2698 1529 2982 1584 referrent.
3018 1527 3094 1582 Ex
3123 1529 3225 1583 hac
3252 1529 3416 1599 igitur
3447 1531 3764 1584 Clementis

2171 1620 2479 1676 Didascalia
2506 1620 3006 1676 consarcinatorem
3051 1635 3114 1676 ea
3147 1621 3451 1688 sumpsisse
3482 1621 3764 1676 credibile

2171 1724 2286 1776 est,
2319 1731 2442 1786 qua:
2492 1717 2560 1770 de
2605 1715 2854 1785 phmnice
2882 1714 3126 1769 habet'et
3153 1714 3492 1769 carminibus
3525 1712 3763 1784 Sibyllae

494 1815 745 1876 tempora
789 1807 1073 1877 Epiphanii
1109 1809 1223 1862 hzec
1265 1809 1550 1862 immutata
1581 1809 1772 1873 fuisse,
1803 1820 1857 1864 et
1891 1819 2065 1864 totum
2103 1813 2143 1869 Β
2172 1809 2210 1862 l.
2243 1825 2297 1873 v,
2323 1825 2374 1864 c.
2410 1808 2464 1874 6,
2498 1824 2566 1863 ex
2607 1809 2854 1878 epistolis
2885 1806 3180 1861 Clementis
3202 1807 3356 1876 prius
3380 1807 3668 1876 desumpta
3696 1816 3762 1861 et

497 1899 630 1953 illud
657 1909 821 1969 caput
847 1901 1005 1954 aliter
1035 1901 1193 1970 plane
1216 1910 1540 1969 conceptum
1573 1917 1717 1956 esse.
1746 1900 1902 1956 Unde
1937 1917 2070 1956 con-

493 1991 628 2061 jicio
655 2001 780 2047 octo
810 1993 986 2047 libros
1024 1991 1497 2047 Constitutionum
1554 2002 1682 2062 post
1729 2009 1903 2048 aevum
1946 1994 2072 2064 Epi-

493 2083 687 2152 phanii
738 2098 808 2138 ex
854 2083 1134 2138 veteribus
1188 2084 1501 2139 didascaliis
1549 2095 1714 2155 atque
1761 2086 2072 2142 diataxibus

497 2170 802 2226 immutatis
831 2173 1282 2243 interpolatisque
1323 2174 1497 2229 factos
1529 2190 1681 2239 esse;
1715 2192 1892 2244 neque
1920 2177 2066 2231 enim

494 2265 588 2319 ille
622 2280 907 2320 numerum
935 2265 1199 2318 librorum
1219 2275 1505 2320 memorat.
1531 2265 1587 2320 In
1618 2283 1828 2322 canone
1847 2268 2068 2337 quidem

495 2358 692 2412 ultimo
719 2373 906 2412 eorum
932 2359 1024 2428 qui
1059 2357 1317 2413 dicuntur
1342 2360 1714 2429 apostolorum
1745 2402 1760 2425 ,
1792 2370 1918 2414 orto
1945 2360 2070 2414 libri

495 2447 964 2502 Constitutionum
993 2449 1197 2504 diserte
1223 2451 1584 2505 nominantur
1609 2468 1624 2517 ;
1675 2451 1768 2506 sed
1802 2452 1953 2505 illum
1978 2467 2072 2505 ca-

497 2555 697 2594 nonem
724 2540 798 2594 ita
837 2539 1008 2595 fuisse
1040 2551 1362 2610 conceptum
1397 2552 1522 2596 ante
1545 2552 1758 2597 sextum
1785 2544 2068 2608 saeculum,

501 2631 719 2700 opinor,
749 2645 855 2686 non
891 2641 1132 2701 apparet.
1162 2631 1405 2702 Septimo
1435 2634 1655 2704 quidem
1705 2636 1903 2689 sarculo
1946 2645 2071 2688 ante

497 2725 794 2778 concilium
847 2724 1168 2778 Trullanum
1217 2725 1487 2780 Maximus
1537 2736 1718 2782 monet
1755 2728 2068 2799 Dionysium

497 2817 706 2870 factum
753 2817 1067 2886 episcopum
1115 2816 1363 2880 Athenis,
1409 2818 1547 2871 κατά
1583 2819 1643 2872 τὸ
1683 2820 1980 2891 φερόμενον
2013 2822 2071 2873 ἐν

497 2907 710 2977 ἑϐδόμῳ
745 2906 934 2977 βιϐλίῳ
953 2907 1061 2960 τῶν
1095 2907 1464 2962 ἀποστολικῶν
1497 2909 1898 2981 διαταγμάτων,
1925 2914 2070 2982 quod

496 3014 648 3052 mine
698 2999 927 3068 legimus
961 2998 1056 3052 lib.
1099 3013 1206 3062 vn,
1241 3013 1363 3068 cap.
1393 2998 1485 3054 48.
1526 3001 1733 3055 Auctor
1765 3000 2068 3074 Imperfecti

495 3083 686 3151 Operis
719 3087 771 3141 in
806 3086 1116 3143 Matthteum
1139 3127 1154 3150 ,
1191 3086 1418 3143 homilia
1447 3089 1537 3155 55,
1572 3091 1758 3146 laudat
1785 3094 1968 3163 aliqua
2003 3109 2070 3149 ex

497 3174 639 3230 libro
668 3185 861 3230 octavo
882 3176 1169 3230 Canonum
1198 3180 1572 3246 apostolorum
1591 3223 1606 3246 ,
1639 3198 1761 3252 qua!
1800 3153 1948 3239 nunc
1978 3200 2068 3239 re-
2096 3153 2139 3210 δ

497 3267 787 3336 pariuntur
835 3267 933 3323 lib.
992 3285 1134 3332 vin,
1174 3283 1290 3341 cap.
1354 3270 1390 3324 2
1445 3271 1936 3329 Constitutionum.
2003 3275 2071 3330 Et

497 3357 649 3414 hunc
693 3360 910 3430 quidem
945 3372 1220 3418 auctorem
1263 3362 1522 3418 Usserius
1565 3364 1698 3420 facit
1738 3381 1842 3418 non
1895 3367 2070 3422 minus

500 3451 817 3518 antiquum,
861 3467 1026 3521 quam
1075 3451 1180 3508 fuit
1221 3452 1578 3524 Epiphanius.
1635 3453 1739 3510 Sed
1771 3457 1888 3512 sine
1920 3458 2071 3512 omni

498 3543 873 3597 controversia
921 3545 1096 3600 multo
1118 3545 1308 3615 jnnior
1345 3544 1469 3601 fuit.
1520 3546 1752 3617 Scripsit
1779 3547 2071 3602 Panariunt

500 3630 842 3702 Epiphanius
883 3646 1008 3692 ante
1053 3640 1340 3708 imperium
1385 3638 1679 3695 Theodosii
1723 3658 1737 3693 :
1786 3642 2075 3710 imperavit

503 3724 848 3783 Theodosius
890 3731 1051 3785 annis
1094 3732 1363 3794 sedecim;
1411 3733 1505 3787 diu
1551 3742 1675 3802 post
1704 3732 2070 3791 Theodosium

501 3815 725 3886 scripsit
759 3829 950 3874 auctor
977 3819 1163 3890 Operis
1195 3824 1510 3893 imperfecti,
1541 3834 1602 3880 ut
1629 3826 1714 3881 vel
1735 3842 1802 3880 ex
1832 3827 1917 3882 his
1953 3843 2075 3882 ver-

501 3905 592 3963 bis
615 3917 764 3978 patet
792 3909 981 3965 bomil.
1010 3913 1078 3967 49
1107 3931 1120 3966 :
1167 3912 1226 3968 Si
1252 3915 1369 3984 quis
1413 3926 1590 3970 autem
1621 3918 1919 3972 auditiones
1958 3920 2076 3989 qui-

503 3997 625 4052 dem
668 4000 972 4070 prwliorum
996 4043 1013 4068 ,
1059 4004 1226 4072 fames
1246 4045 1262 4072 ,
1284 4015 1334 4059 et
1358 4007 1639 4074 tumultus,
1667 4017 1718 4061 et
1747 4009 2074 4077 pestilentias

502 4090 766 4163 intelligat
793 4109 904 4148 esse
931 4097 1108 4149 omnia
1129 4097 1238 4150 haee
1262 4097 1406 4151 mala
1431 4099 1759 4168 spiritualia,
1790 4117 1908 4170 qute
1930 4101 2075 4170 farta

503 4193 626 4238 sunt
671 4194 900 4254 tempore
931 4185 1269 4242 Constantini
1301 4189 1462 4243 simul
1503 4201 1552 4245 et
1595 4189 1874 4245 Theodosii
1913 4209 2075 4262 usque

497 4288 664 4338 nunc.
709 4272 856 4329 Inter
903 4285 1148 4347 tempora
1191 4277 1360 4348 igitur
1404 4277 1695 4350 Epiphanii
1738 4290 1793 4336 et
1834 4285 2075 4339 auctoris

507 4365 697 4436 Operis
727 4369 1045 4440 imperfecti,
1077 4373 1331 4427 existimo
1355 4373 1788 4429 Constitutiones
1809 4376 2078 4445 apostolo-

504 4474 629 4514 rum
671 4475 739 4516 ex
782 4462 1014 4520 diversis
1041 4464 1352 4521 didascaliis
1389 4466 1809 4536 diataxibusque
1847 4469 2074 4522 minori-
2102 4493 2148 4548 Β

498 4551 610 4608 bus
641 4553 902 4610 conﬂatas
917 4557 983 4611 ad
1011 4557 1266 4611 volumen
1294 4566 1422 4614 octo
1448 4559 1709 4618 librorum
1737 4562 2069 4627 excrevisse,

501 4648 653 4715 quod
695 4649 765 4703 ab
798 4649 892 4702 illo
936 4649 1194 4705 heretico
1232 4652 1389 4706 avide
1417 4661 1716 4721 arreptum,
1759 4653 1853 4722 qui
1885 4655 2072 4722 spuria

506 4737 805 4794 Clementis
827 4739 1172 4809 aliorumque
1200 4741 1403 4810 scripta
1429 4741 1630 4810 sapius
1655 4740 1896 4796 adducit.
1930 4740 2075 4796 Fue-

505 4839 638 4885 runt
666 4831 830 4898 igitur
855 4848 921 4887 ex
951 4833 1222 4888 sententia
1253 4842 1441 4888 nostra
1474 4832 1780 4902 antiquitus
1822 4832 1878 4886 hi
1925 4833 2070 4898 libri,

504 4921 668 4994 quasi
699 4925 768 4978 ab
796 4926 1060 4994 apostolis
1103 4927 1312 4996 scripti.
1343 4935 1438 4981 aut
1457 4927 1678 4992 dictati,
1703 4925 1901 4997 Διδαχὴ
1936 4927 2072 4980 ἀπο-

506 5015 742 5081 στόλων,
776 5017 1055 5082 Διατάξεις
1087 5018 1429 5079 ἀποστόλων,
1472 5018 1794 5072 Διδασκαλία
1828 5017 2076 5089 Κλήμεν-

503 5121 617 5172 τος,
640 5107 962 5161 Διδασκαλία
991 5107 1270 5176 Ίγνατίου,
1293 5107 1617 5162 Διδασκαλία
1647 5107 1713 5160 δι’
1738 5105 2072 5169 Ἱππολύτου,

504 5200 706 5272 Διδιχὴ
745 5199 1123 5272 Πολυκάρπου.
1157 5199 1237 5254 Ex
1291 5201 1376 5256 his
1412 5188 1782 5263 omnibusret
1803 5200 1924 5253 aliis
1955 5197 2074 5252 for-

474 5325 485 5358 -,
506 5306 657 5351 tasse
689 5295 869 5349 adhuc
892 5294 1186 5366 incognitis
1209 5295 1456 5350 conﬂatm
1491 5304 1616 5350 sunt
1644 5295 1938 5363 Διαταγαὶ,
1959 5294 2077 5349 sive

507 5385 769 5456 καθολικὴ
794 5385 1131 5440 διδασκαλία.
1170 5383 1237 5440 Et
1259 5401 1391 5440 sane
1415 5400 1543 5440 sunt
1575 5387 1629 5440 in
1668 5386 1822 5440 libris
1855 5386 2042 5440 Consti
2062 5415 2076 5426 -

511 5479 782 5532 tutionum
826 5478 1002 5547 capita
1035 5480 1302 5548 quamam,
1331 5494 1452 5548 qua:
1489 5479 1626 5532 nihil
1665 5478 1810 5533 aliud
1853 5493 1975 5534 esse
2004 5478 2079 5531 vi-

509 5568 708 5623 dentur
756 5585 920 5638 quam
972 5571 1211 5625 methodi
1262 5573 1434 5641 gratia
1493 5569 1654 5625 factte
1708 5571 2077 5625 connexiones

510 5661 782 5732 quaedam,
810 5663 1010 5732 quibus
1055 5677 1161 5717 una
1199 5663 1356 5717 alteri
1387 5663 1684 5718 didascalla
1730 5663 2078 5717 subnectere-

500 5763 619 5826 ,tur.
662 5749 834 5822 Quale
875 5765 1039 5826 caput
1082 5756 1306 5816 tertium
1333 5754 1458 5811 libri
1487 5757 1662 5811 octavi
1703 5771 1846 5820 esse,
1873 5755 1976 5822 ipsi
2007 5769 2075 5808 ex

2170 1911 2514 1971 exaggerata.
2575 1901 2650 1954 Ex
2707 1901 2933 1964 eadem,
2993 1901 3046 1954 ni
3109 1899 3291 1966 fallor,
3339 1901 3508 1955 totius
3559 1901 3760 1969 Oper-is

2170 1993 2495 2063 prooemium
2524 1991 2843 2061 descripsit;
2892 2005 3003 2046 non
3036 1990 3180 2045 enim
3206 2006 3238 2044 a
3269 1999 3543 2060 postremo
3568 1990 3759 2044 colle-

2171 2091 2320 2138 ctore
2345 2083 2474 2136 illud
2515 2082 2717 2136 factum
2748 2091 2910 2151 puto;
2943 2096 3103 2150 quem
3143 2079 3446 2149 Epiphanio
3471 2080 3758 2149 juniorem

2170 2193 2292 2233 esse
2308 2177 2508 2240 sentio,
2533 2175 2628 2244 qui
2657 2173 2983 2229 sententiam
3017 2173 3164 2226 illam
3190 2188 3256 2226 ex
3280 2173 3545 2242 prooemio
3568 2172 3706 2226 citat
3732 2191 3748 2226 :

2169 2267 2304 2320 Θεοῦ
2356 2266 2550 2336 φυτεία
2593 2268 2626 2338 ἡ
2674 2265 2936 2336 καθολικὴ
2983 2264 3296 2336 Ἐκκλησία,
3348 2263 3442 2317 καὶ
3485 2262 3757 2334 ἀμπελὼν

2171 2359 2336 2414 αὐτοῦ
2368 2358 2641 2423 ἐκλεκτός,
2677 2356 2916 2412 Ecclesia
2941 2356 3201 2410 catholica
3225 2355 3383 2409 arbor
3409 2371 3442 2409 a
3467 2355 3572 2408 Deo
3598 2365 3753 2421 sata,

2169 2463 2218 2506 et
2263 2453 2412 2505 vinea
2453 2450 2566 2519 ejus
2617 2450 2798 2504 electa.
2842 2449 3139 2504 Clementis
3191 2458 3372 2502 autem
3417 2448 3588 2502 simiae
3642 2447 3756 2500 ista

2171 2543 2410 2608 ascribo,
2436 2541 2898 2612 ὲνεοτερνισμένοι
2947 2541 3036 2593 τὸν
3081 2539 3242 2609 φόϐον
3274 2539 3461 2600 αὑτοῦ,
3505 2547 3562 2591 ιιι
3607 2537 3759 2591 allu-

2171 2636 2322 2689 deret
2352 2635 2419 2690 ad
2451 2634 2540 2688 illa
2569 2635 2621 2688 in
2651 2633 2894 2703 Epistola
2919 2635 3039 2701 ejus
3067 2633 3132 2687 ad
3164 2631 3477 2686 Corinthios
3507 2645 3614 2682 non
3653 2645 3757 2682 sa—

2170 2727 2240 2783 tis
2281 2729 2432 2794 trita,
2481 2726 2884 2797 ὲστερνισμένοι
2936 2722 3035 2797 ἦτε
3080 2728 3190 2787 τοῖς
3244 2723 3586 2792 σπλάγχνοις.
3623 2721 3754 2776 Jam

2170 2833 2303 2872 vero
2333 2827 2480 2872 tanta
2507 2828 2589 2871 est
2616 2818 2972 2886 epistolarum
3004 2816 3216 2887 lgnatii,
3246 2814 3544 2884 praesertim
3572 2813 3757 2867 inter-

2171 2913 2502 2981 polatarum,
2527 2927 2651 2966 cum
2684 2911 3190 2966 Constitutionibus
3227 2907 3548 2972 similitudo,
3581 2919 3755 2976 atque

2172 3001 2525 3072 conspiratio,
2557 3011 2618 3055 ut
2643 3016 2763 3056 eam
2812 3017 2919 3055 non
2969 3010 3176 3054 tantum
3219 2999 3526 3053 Turrianus
3550 3008 3605 3053 et
3636 2997 3752 3051 Bo-

2172 3091 2318 3157 vius,
2365 3092 2429 3145 ad
2465 3093 2801 3160 probandam
2833 3092 3304 3148 Constitutionum
3339 3088 3752 3160 antiquitatem,

2173 3185 2266 3239 sed
2313 3194 2366 3238 et
2418 3182 2677 3241 Usserius
2706 3185 2867 3239 etiam
2902 3185 3192 3246 notaverit,
3218 3192 3275 3238 ut
3304 3183 3562 3253 probaret
3588 3198 3754 3236 eum-

2171 3275 2294 3330 dem
2325 3275 2497 3330 fuisse
2524 3275 2824 3330 Clementis
2861 3285 2916 3330 et
2959 3275 3149 3344 lgnatii
3181 3275 3650 3343 interpolatorem.
3683 3272 3755 3325 Et

2173 3365 2432 3420 Turriani
2461 3366 2684 3436 quidem
2731 3376 2896 3435 atque
2927 3366 3080 3420 Bovii
3119 3366 3388 3421 sententia
3425 3364 3619 3418 merito
3647 3379 3752 3419 ex—

2172 3459 2326 3528 plosa
2353 3467 2456 3512 est.
2495 3455 2752 3513 Usserius
2778 3467 2959 3512 autem
3009 3459 3061 3512 id
3109 3458 3254 3528 quod
3290 3456 3463 3512 voluit
3487 3456 3754 3526 probasse

2173 3563 2281 3603 non
2313 3549 2546 3616 videtur,
2586 3551 2839 3619 quamvis
2875 3551 3156 3604 veritatem
3207 3566 3341 3619 pene
3385 3549 3644 3619 attigerit.
3690 3547 3749 3601 Id

2172 3643 2318 3696 enim
2358 3642 2493 3696 mihi
2521 3643 2796 3700 maximus
2839 3645 2928 3698 ille
2957 3659 3261 3699 consensus
3308 3644 3489 3710 potius
3543 3643 3749 3704 innuit,

2173 3732 2528 3786 Διδασκαλίαν
2575 3732 2767 3804 lgnatii
2818 3734 3315 3790 Constitutionibus
3358 3734 3527 3789 fuisse
3573 3735 3753 3788 inter-

2174 3837 2443 3892 spersam,
2473 3838 2703 3894 eamque
2730 3824 3086 3880 Διδασκαλίαν
3115 3825 3288 3880 fuisse
3333 3825 3402 3878 ad
3455 3826 3755 3894 interpola-

2174 3919 2260 3967 tas
2291 3911 2485 3983 lgnatii
2509 3914 2772 3983 epistolas
2807 3913 3230 3980 conformatam,
3262 3915 3347 3969 vel
3370 3915 3553 3984 potius
3578 3914 3751 3968 inter-

2175 4005 2476 4073 polatorem
2517 4004 2713 4076 lgnatii
2753 4021 2784 4061 e
2828 4006 3134 4062 Didascalia
3183 4008 3427 4078 ejusdem
3477 4023 3607 4062 suas
3640 4009 3755 4076 pri-

2175 4110 2325 4149 mum
2370 4097 2600 4153 lacinias
2628 4098 2875 4166 epistolis
2913 4099 3233 4155 intexuisse.
3265 4099 3420 4164 Quod
3469 4113 3594 4152 cum
3640 4100 3748 4152 alia

2175 4190 2439 4256 suadent,
2469 4201 2582 4245 tum
2613 4196 2776 4246 etiam
2809 4193 2940 4246 illud
2974 4193 3030 4246 in
3064 4193 3298 4262 epistola
3330 4194 3397 4248 ad
3428 4191 3750 4248 Trallianos

2175 4280 2245 4334 ab
2272 4283 2664 4350 interpolatore
2703 4284 2946 4337 additum
2981 4301 2994 4337 ε
3027 4284 3268 4337 Αἰδεῖσοε
3299 4284 3355 4336 δὲ
3385 4284 3478 4336 καὶ
3505 4283 3594 4334 τὸν
3626 4283 3742 4336 ἐπί-

2177 4389 2375 4426 σκοπον
2406 4375 2557 4445 ὑμῶν
2584 4375 2660 4438 ὼς
2679 4375 2932 4446 Χριστὸν,
2956 4375 3076 4429 καθ’
3096 4375 3124 4428 ὃ
3145 4376 3271 4445 ὑμῖν
3293 4376 3343 4427 οἱ
3370 4374 3625 4445 μακάριοι
3644 4373 3752 4426 διε-

2175 4465 2404 4531 τάξαντο
2431 4466 2734 4520 ἀπόστολοι.
2777 4466 3108 4520 Veneramini
3151 4477 3328 4520 autem
3361 4475 3411 4520 et
3451 4467 3752 4535 episcopum

2175 4567 2403 4610 oestrum
2428 4560 2566 4612 sicut
2589 4558 2878 4625 Christum,
2908 4569 2966 4612 ut
2989 4559 3128 4613 vobis
3153 4559 3291 4614 beati
3315 4558 3538 4628 apostoli
3561 4557 3756 4611 consti-

2176 4659 2406 4702 tuerunt.
2432 4648 2567 4706 Cum
2599 4651 2744 4704 enim
2792 4651 2928 4705 nihil
2977 4651 3090 4704 illic
3136 4652 3190 4704 in
3241 4651 3477 4721 genuina
3520 4649 3749 4718 epistola

2173 4736 2368 4808 lgnatii
2399 4739 2467 4794 de
2493 4741 2842 4796 veneratione
2873 4742 3132 4812 episcopo
3183 4742 3489 4811 praestanda
3538 4741 3753 4795 dicere-

2177 4839 2287 4894 tur,
2317 4832 2412 4886 sed
2439 4832 2505 4887 de
2533 4832 2660 4903 fuga
2708 4835 3088 4889 haereticorum
3129 4836 3430 4891 secttndum
3481 4844 3749 4905 pracepta

2175 4926 2494 4993 apostolica,
2519 4927 2634 4981 sive
2657 4927 2999 4998 διατάγματα
3021 4927 3129 4980 τῶν
3149 4926 3480 4991 ἀποστόλων,
3509 4926 3752 4995 interpo-

2177 5013 2337 5080 lator,
2375 5017 2666 5072 occasione
2695 5018 2798 5073 hac
2824 5027 3060 5088 arrepta,
3111 5019 3177 5073 ad
3217 5017 3308 5072 illa
3335 5017 3599 5088 confugit,
3626 5033 3752 5089 qua;

2177 5103 2231 5157 in
2256 5103 2755 5164 Constitutionibus
2780 5110 3090 5175 exstabant,
3122 5125 3190 5163 ex
3222 5107 3526 5164 Didascalia
3555 5107 3685 5178 lgna
3718 5113 3778 5163 ιιι

2178 5196 2298 5250 sine
2345 5197 2512 5251 dubio
2555 5197 2861 5268 desumpta.
2893 5199 2970 5254 lta
2999 5200 3053 5254 in
3085 5199 3296 5270 prolixa
3331 5201 3419 5254 illa
3455 5200 3665 5270 interpo
3694 5198 3761 5252 la-

2180 5287 2348 5355 tione,
2373 5305 2477 5359 qua
2510 5291 2690 5346 viduis
2738 5292 2926 5347 eadem
2981 5303 3250 5362 praecepta
3282 5293 3394 5359 dat,
3423 5302 3478 5347 et
3505 5308 3658 5347 exem
3685 5293 3773 5359 pla

2179 5382 2454 5451 proponit,
2486 5399 2608 5452 qua:
2642 5384 2696 5437 in
2724 5384 3225 5439 Constitutionibus
3275 5386 3312 5438 l.
3345 5401 3426 5451 ιιι,
3457 5401 3508 5440 c.
3552 5385 3586 5439 6
3611 5395 3664 5440 et
3719 5384 3771 5449 7,

2181 5483 2515 5540 occurrunt,
2555 5477 2738 5530 statim
2787 5476 3067 5546 subjungit
3101 5495 3114 5531 :
3162 5477 3347 5531 Ταῦτα
3383 5478 3481 5548 οὐχ
3513 5477 3588 5541 ὡς
3617 5478 3750 5531 ἀπό.

2182 5567 2365 5630 στολος
2400 5568 2776 5639 διατάσσομαι.
2811 5569 2940 5624 Haec
2967 5588 3068 5624 non
3088 5585 3143 5625 ut
3164 5572 3432 5641 apostolus
3455 5575 3740 5637 constituo,

2181 5661 2324 5728 quod
2350 5674 2542 5714 omnes
2584 5660 2769 5713 norint
2811 5661 2924 5716 haec
2954 5663 3010 5718 in
3039 5661 3344 5720 Didascalia
3377 5663 3744 5734 apostolorum

2183 5752 2406 5808 nomine
2432 5751 2604 5808 fuisse
2633 5752 2898 5818 iniuncta.
