3864 6204
148 278 264 334 133

939 278 991 333 J.
1033 277 1405 335 PEABSONH
1441 277 1765 336 VINDICIAE
1804 276 2227 335 IGNA‘I‘IANE.
2261 301 2332 319 -ί
2358 275 2542 334 PARS
2579 277 2622 334 1.

3322 278 3424 340 ιεςι

225 401 518 457 Concludo
568 402 778 471 itaque,
827 401 885 456 in
917 400 1294 457 Stichometria
1327 402 1486 458 nobis
1529 401 1741 471 objecta
1771 409 1817 464 Α
1846 416 1958 455 sua:
1991 399 2206 464 salutis,
2250 408 2468 469 possunt
2497 399 2719 454 discere.
2747 396 2874 454 Haec
2911 397 3168 467 lrenzeus,
3197 415 3265 456 ex
3295 415 3429 458 con-

161 492 432 562 Ἰγνατίου
462 508 665 548 nomen
690 489 839 549 inter
857 494 1031 551 libros
1073 493 1210 550 Novi
1241 493 1574 551 Testamenti
1604 510 1710 563 apo
1729 524 1742 537 -

147 584 402 654 cryphos
448 584 716 653 positum,
749 600 861 640 non
908 586 1172 641 denotare
1216 585 1412 656 lgnatii
1457 587 1741 656 epistolas,

145 691 276 744 quae
329 677 478 730 inter
513 677 826 747 apocrypha
876 693 1148 747 nusquam
1196 688 1444 748 repertae,
1469 694 1592 748 qua:
1621 684 1745 747 post

146 775 398 822 mortem
422 768 675 823 omnium
709 769 1085 837 apostolorum
1111 771 1347 840 scriptae,
1380 787 1502 840 quae
1527 770 1598 824 ab
1621 770 1744 840 ipso

147 859 209 914 in
243 862 444 916 itinere
473 869 732 925 exarata,
760 877 980 916 omnem
1031 864 1396 932 apostolicam
1446 865 1746 920 auctorita-

153 962 268 1008 tem
296 968 445 1022 saepe
474 952 542 1006 de
568 951 842 1007 industria
881 953 1252 1021 amoliuntur;
1284 955 1379 1009 sed
1407 955 1637 1025 Διδαχὴν
1661 956 1761 1011 ei--

149 1046 282 1099 dem
315 1043 530 1114 lgnatio
570 1045 939 1114 suppositam,
975 1045 1134 1114 quasi
1168 1046 1271 1116 ipsi
1302 1046 1370 1100 ab
1398 1048 1685 1116 apostolis,
1713 1064 1745 1102 a

147 1137 364 1206 quibus
385 1136 672 1191 ordinatus
694 1145 778 1191 est
797 1136 1103 1192 Antiochia:
1125 1138 1436 1208 episcopus,
1455 1139 1743 1206 dictatam,

145 1245 278 1300 quae
303 1230 362 1284 in
389 1230 499 1284 alio
529 1229 775 1284 lndiculo
801 1231 943 1286 inter
972 1225 1109 1285 Novi
1151 1224 1489 1286 Testamenti
1519 1247 1746 1303 apocry-

143 1326 262 1394 pha
299 1324 592 1393 reperitur.
621 1321 776 1377 Unde
805 1331 972 1392 patet,
1005 1323 1214 1376 nullum
1239 1323 1422 1379 adhuc
1444 1333 1636 1378 testem
1662 1340 1747 1380 re-

143 1417 322 1485 periri
352 1418 619 1486 potuisse,
653 1417 744 1487 qui
772 1417 980 1472 diceret
1023 1414 1294 1486 Epistolas
1336 1415 1529 1486 lgnatii
1578 1417 1747 1474 fuisse

144 1513 565 1581 supposititias,
590 1521 686 1566 aut
706 1513 802 1582 qui
822 1511 889 1566 de
913 1526 1102 1566 earnm
1126 1511 1474 1580 antiquitate,
1493 1512 1723 1568 veritate

144 1608 600 1678 auctoritateque
628 1608 715 1662 vel
745 1607 1002 1662 dubitare
1039 1607 1330 1662 videretur.

776 1760 1012 1818 CAPUT
1048 1760 1117 1818 γ.

145 1875 544 1948 Testimonium
585 1877 642 1935 S,
681 1877 968 1947 Polycarpi
991 1877 1055 1932 ab
1081 1881 1475 1948 exceptionibus
1508 1881 1749 1936 vindica-

217 1958 334 2022 tur.
364 1945 478 2022 Nec
501 1949 659 2022 [idem
685 1949 731 2000 ei
755 1945 956 2022 deesse,
991 1965 1082 2002 nec
1117 1945 1242 2022 uim.
1272 1953 1578 2006 Auctoritas
1614 1953 1746 2022 Epi-

219 2017 383 2072 stolte
406 2019 477 2092 ad
510 2017 874 2092 Philippenses
905 2018 968 2071 ab
1001 2021 1242 2092 omnibus
1267 2035 1474 2092 recepta
1502 2033 1601 2078 est.
1637 2017 1748 2077 Au-

206 2089 461 2164 ctoritati
502 2088 758 2164 ejusnoit
788 2091 1004 2164 derogat
1037 2088 1425 2164 Stichometria
1454 2111 1571 2164 qua:
1603 2095 1744 2148 dici-

214 2169 308 2212 tur
350 2158 661 2229 Nicephori.
703 2158 978 2231 Posterior
1004 2177 1130 2230 pars
1163 2162 1404 2231 epistola:
1441 2158 1544 2218 non
1571 2167 1744 2219 minus

213 2233 457 2301 genuina
509 2246 670 2300 quam
714 2233 882 2299 prior.
921 2229 1304 2286 Testimonium
1353 2246 1594 2289 nostrum
1634 2252 1745 2290 esse

221 2300 510 2353 mendacio
543 2301 842 2370 inspersum
866 2312 1052 2370 aperta
1081 2302 1352 2358 calumnia
1371 2315 1470 2360 est.
1491 2306 1746 2360 Particu-

216 2371 270 2423 la
301 2388 554 2439 suprema
576 2371 844 2440 prioribus
874 2387 978 2424 non
1007 2374 1352 2429 contradicit.
1391 2374 1478 2430 Vis
1505 2379 1742 2430 testimo-

219 2443 300 2494 nii
336 2442 661 2518 defenditur.
690 2440 886 2495 Nullas
898 2441 1049 2518 _ali_as
1075 2445 1327 2518 epistolas
1347 2444 1741 2518 lgnatii,quam

207 2531 299 2566 eas
336 2528 473 2587 quas
514 2512 788 2580 habemus,
821 2529 855 2566 a
889 2512 1190 2584 Polycarpo
1238 2512 1469 2586 intelligi
1511 2512 1742 2587 potuisse

217 2584 544 2637 ostenditur.

217 2699 363 2754 Cum
397 2706 566 2754 testes
609 2700 678 2753 ab
720 2699 1036 2755 adversario
1064 2699 1309 2768 adducti,
1343 2716 1442 2756 nec
1472 2701 1608 2756 tales
1639 2716 1738 2771 ap-

145 2801 404 2863 pareant,
432 2791 626 2862 quales
654 2793 746 2878 ille
770 2792 961 2860 voluit,
986 2809 1088 2848 nec
1115 2793 1168 2847 id
1191 2794 1420 2848 omnino
1445 2801 1734 2859 testentur,

147 2886 298 2955 quod
345 2885 630 2940 sententia:
673 2895 873 2939 nostra!
919 2893 1004 2940 est
1045 2889 1418 2952 contrarium;
1455 2885 1737 2940 videamus

148 2993 218 3030 an
265 2977 483 3046 aliquid
513 2978 620 3031 tale
648 2978 914 3033 adversus
944 2987 1112 3033 testes
1141 2987 1362 3034 nostros
1401 2978 1510 3032 dici
1541 2978 1736 3048 possit,

145 3087 238 3134 an,
271 3072 510 3137 scilicet,
544 3071 583 3124 ii
607 3087 718 3126 non
750 3072 880 3138 sint,
907 3087 1051 3141 quos
1083 3087 1207 3127 esse
1231 3087 1331 3127 nos
1361 3072 1615 3140 dicimus,
1641 3083 1738 3128 aut

146 3179 338 3219 revera
376 3163 432 3218 id
465 3179 576 3217 non
611 3172 902 3231 testentur,
933 3163 1082 3233 quod
1113 3180 1216 3218 nos
1242 3164 1518 3219 volumus.

211 3253 468 3309 Primum
497 3270 596 3324 pro
632 3255 929 3326 lgnatianis
962 3255 1019 3310 S.
1043 3255 1334 3327 Polycarpi
1360 3257 1732 3313 testimonium

141 3357 248 3413 est,
292 3347 449 3416 quod
477 3347 654 3401 nostri
676 3347 1100 3402 disertissimum
1128 3356 1322 3417 putant
1355 3368 1366 3402 :
1393 3347 1489 3404 sed
1519 3349 1606 3402 vir
1632 3349 1735 3402 do-

145 3439 435 3493 ctissimus
459 3437 622 3508 longe
645 3437 802 3492 aliter
825 3439 1022 3505 sentit;
1053 3447 1108 3494 et
1135 3440 1264 3494 huic
1288 3440 1600 3495 testimonio
1623 3443 1733 3494 duo

144 3532 342 3587 deesse
369 3532 513 3599 vult,
549 3540 664 3586 tum
702 3531 888 3598 fidem,
919 3543 1035 3587 tum
1069 3533 1203 3587 vim.
1230 3532 1417 3588 Fidem
1438 3535 1487 3588 ei
1512 3534 1738 3604 derogat

143 3627 348 3695 primo,
388 3626 539 3696 quod
567 3626 812 3696 epistola:
845 3625 1130 3698 Polycarpi
1152 3644 1256 3681 non
1287 3629 1356 3680 sit
1385 3628 1526 3697 apud
1557 3643 1732 3683 omnes

144 3733 357 3790 recepta
384 3720 706 3773 auctoritas.

211 3812 484 3880 Quamvis
529 3815 646 3869 haec
687 3813 995 3884 responsio,
1032 3812 1251 3868 etiamsi
1282 3829 1410 3868 vera
1430 3821 1597 3879 esset,
1627 3812 1732 3866 mi-

140 3906 293 3960 nime
318 3905 666 3961 satisfaceret
691 3908 837 3975 (cum
864 3915 1078 3960 certum
1106 3906 1197 3972 sit,
1229 3907 1389 3960 tidem
1415 3906 1733 3976 plenissime

141 3998 409 4052 adhibere
435 3999 630 4053 debere
665 3999 941 4068 aliquibus
972 3999 1150 4065 libris,
1169 4014 1404 4069 quorum
1436 3999 1733 4070 aliquando

141 4091 287 4160 apud
315 4107 498 4145 omnes
527 4109 634 4145 non
660 4092 821 4161 fuerit
844 4101 1053 4162 recepta
1081 4092 1401 4156 auctoritas,
1434 4100 1496 4148 ut
1524 4108 1592 4148 ex
1627 4092 1730 4146 ali-

142 4193 275 4256 quot
303 4186 556 4255 epistolis
585 4184 722 4239 Novi
753 4185 1090 4241 Testamenti
1113 4194 1261 4256 patet
1282 4185 1324 4256 ),
1373 4201 1495 4240 eam
1549 4193 1731 4241 tamen

142 4293 336 4333 assero
361 4278 528 4332 etiam
562 4293 684 4333 esse
712 4277 930 4346 falsam,
955 4287 1010 4334 et
1045 4279 1115 4333 ab
1143 4279 1294 4333 omni
1323 4279 1506 4348 specie
1531 4280 1732 4333 verita-

142 4373 211 4426 tis
237 4370 839 4426 alienatn.Auctoritas
861 4371 1009 4426 enim
1038 4371 1206 4441 hujus
1235 4370 1492 4442 Epistolas
1532 4369 1590 4427 S.
1623 4370 1730 4426 Ρο-

1846 489 2012 544 stanti
2057 499 2301 544 coetuum
2351 489 2420 544 ab
2467 489 2733 569 apostolis
2761 488 3107 546 conditorum
3137 491 3429 547 traditione

1843 583 2166 652 disputans;
2199 590 2335 634 recte
2356 581 2569 651 quidem
2597 580 2709 648 ille,
2734 590 2785 635 et
2823 582 3081 650 apposite,
3111 592 3171 637 ut
3194 582 3428 641 Dallaeus

1845 672 1962 741 ipse
2002 681 2254 738 testatur,
2287 673 2354 726 de
2392 672 2791 742 Areopagiticis
2838 673 3017 742 capite
3064 672 3326 728 secundo.
3358 675 3422 727 At

1845 781 2023 835 neque
2051 774 2208 829 recte,
2244 780 2422 834 neque
2468 767 2706 834 apposite
2749 766 3048 836 disputavit
3089 766 3347 835 lrenaeus,
3379 769 3424 824 si

1844 858 1961 912 hzec
2003 859 2230 928 cpistola
2277 874 2307 912 a
2347 857 2650 928 Polycarpo
2685 860 2885 928 scripta
2932 875 3040 914 non
3097 862 3188 928 sit,
3220 870 3316 917 aut
3359 864 3427 916 ab

1843 952 2104 1006 omnibus
2138 963 2268 1006 tunc
2301 953 2564 1021 temporis
2595 968 2702 1007 non
2745 954 3098 1023 reciperetur.
3129 954 3206 1010 De
3233 957 3425 1011 eadem

1847 1045 2078 1115 epistola
2105 1044 2392 1111 Eusebius,
2419 1045 2516 1114 qui
2553 1045 2694 1099 intra
2727 1057 2944 1100 centum
2973 1056 3099 1118 post
3136 1046 3426 1120 Polyearpi

1849 1147 2080 1190 mortem
2130 1151 2305 1192 annos
2348 1148 2509 1191 natus
2539 1146 2640 1200 est,
2676 1135 2820 1192 Hist.
2847 1138 2976 1192 eccl.
3004 1139 3042 1192 l.
3071 1153 3150 1207 ιν,
3179 1155 3303 1209 cap.
3337 1140 3426 1204 ll,

1847 1238 1971 1298 post
1998 1231 2326 1299 prodhctnm
2362 1232 2466 1285 hoc
2493 1229 2680 1283 lrenzei
2709 1232 3082 1286 testimonium
3115 1250 3130 1286 :
3167 1233 3225 1285 ὐ
3248 1233 3430 1302 μέντοι

1844 1318 2201 1393 Πολύκαρπος
2229 1323 2286 1374 ἐν
2301 1324 2366 1392 τῇ
2398 1322 2697 1394 δηλωθείσῃ
2736 1321 2872 1394 πρὸς
2907 1323 3299 1395 Φιλιππησίους
3330 1325 3430 1378 αὐ-

1846 1409 1940 1463 τοῦ
1970 1415 2155 1483 γραφῇ
2180 1409 2456 1486 φερομένῃ
2482 1416 2561 1478 εἰς
2591 1414 2768 1485 δεῦρο,
2791 1414 3053 1487 κέχρηταί
3078 1433 3188 1470 τισι
3221 1434 3427 1488 μαρτυι

1851 1500 1994 1571 ρίαις
2024 1497 2140 1553 ἀπὸ
2157 1503 2255 1574 τῆς
2285 1503 2493 1574 Πέτρου
2523 1505 2794 1576 προτέρας
2826 1506 3131 1578 ἐπιπολῆς.
3165 1507 3423 1576 Polycar-

1848 1609 1968 1661 pus,
2005 1591 2226 1658 scilicet,
2266 1610 2320 1646 tu
2368 1595 2639 1647 antedicta
2677 1595 2745 1647 ad
2775 1593 3137 1664 Pliilippenses
3175 1599 3421 1666 epistola,

1843 1696 1965 1754 qua:
2005 1701 2166 1754 usque
2191 1685 2368 1738 adhuc
2390 1687 2783 1755 circumfertur,
2816 1689 2985 1741 utitur
3007 1689 3322 1758 quibusdam
3345 1699 3423 1743 te-

1773 1779 1816 1833 B
1845 1778 2109 1831 stimoniis
2144 1793 2209 1832 ea:
2243 1779 2412 1848 priori
2443 1777 2590 1832 Petri
2616 1779 2842 1849 epistola
2869 1782 3182 1851 desumptis.
3218 1782 3282 1837 Et
3307 1783 3430 1852 pln-

1853 1869 1991 1924 rima
2019 1871 2237 1940 quidem
2269 1871 2581 1926 testimonia
2611 1889 2678 1928 ex
2718 1874 2884 1942 priori
2911 1875 3142 1943 epistola
3172 1877 3424 1945 deprom-

1848 1969 1962 2029 pta,
1991 1977 2054 2014 εχ
2089 1961 2376 2030 posteriori
2406 1962 2577 2028 nulla,
2607 1963 2786 2019 adhuc
2822 1962 2877 2018 in
2924 1966 3026 2020 hac
3073 1966 3301 2034 epistola
3332 1981 3422 2021 re-

1846 2053 2152 2122 periuntur,
2175 2069 2296 2122 qua!
2319 2068 2445 2108 cum
2471 2054 2538 2109 iis
2569 2055 2881 2124 conjuncta,
2906 2073 3028 2126 qua:
3056 2059 3124 2112 ad
3154 2059 3422 2128 lgnatium

1847 2145 2174 2214 pertinentia
2209 2144 2437 2199 totidem
2465 2147 2648 2201 verbis
2683 2148 2978 2217 exscripsit
3001 2148 3288 2216 Eusebius,
3323 2152 3424 2206 du-

1847 2240 2024 2294 bitare
2051 2254 2156 2294 nos
2186 2254 2296 2293 non
2329 2238 2536 2304 sinunt,
2562 2239 2693 2309 quin
2717 2240 2963 2294 eamdem
2995 2239 3282 2313 Polycarpi
3309 2243 3425 2312 epi-

1845 2333 2042 2387 stolam
2078 2331 2402 2399 habeamus,
2447 2347 2612 2402 quam
2647 2332 2836 2386 habuit
2872 2332 3160 2389 Eusebius.
3193 2333 3420 2388 Multum

1843 2420 2069 2489 Irenaeo,
2092 2424 2326 2477 multum
2360 2423 2598 2479 Eusebio
2626 2424 2942 2478 tribuebant
2971 2435 3214 2492 veteres;
3244 2442 3424 2495 ineque

1841 2515 1909 2568 de
1937 2523 2208 2584 scriptore
2233 2516 2493 2586 quopiam
2533 2529 2724 2570 eorum
2771 2517 3102 2571 testimoniis
3143 2532 3424 2572 commen-

1841 2607 1969 2662 dato
2001 2622 2240 2677 unquam
2271 2607 2616 2662 dubitabant.
2655 2606 2723 2661 Et
2749 2608 2794 2662 si
2825 2608 2876 2662 id
2901 2623 3092 2663 eorum
3122 2612 3424 2664 auctorita-

1840 2705 1948 2752 tem
1984 2697 2231 2754 ell‘ecisse
2259 2699 2521 2766 nolimus,
2556 2710 2616 2754 ut
2657 2701 2727 2754 ab
2777 2701 3038 2756 omnibus
3085 2703 3422 2772 reciperetur

1840 2793 1956 2847 haec
1985 2793 2252 2862 epistola;
2284 2794 2425 2848 idem
2451 2795 2748 2850 extorsisse
2783 2793 3057 2864 publicam
3085 2793 3142 2847 in
3173 2793 3422 2849 ecclesiis

1838 2887 2098 2941 Asiaticis
2140 2888 2433 2942 lectionem
2482 2887 2699 2942 difﬁteri
2729 2905 2836 2941 non
2866 2903 3184 2957 possumus.
3223 2885 3420 2941 Hiero-

1838 2994 2036 3050 nymus
2071 2979 2217 3034 enim
2264 2980 2320 3032 in
2346 2979 2607 3050 Catalogo
2632 2981 2747 3034 haec
2776 2982 2843 3034 de
2884 2979 3186 3050 Polycarpo
3214 2980 3375 3036 habet
3402 2997 3417 3033 :

1839 3069 2064 3140 Scripsit
2089 3072 2157 3122 ad
2185 3069 2551 3139 Philippenses
2577 3071 2729 3124 valde
2754 3071 2939 3125 utilem
2965 3072 3268 3141 epistolam,
3299 3089 3418 3142 qua:

1839 3180 2002 3233 usque
2032 3164 2186 3217 hodie
2214 3165 2266 3217 in
2300 3165 2438 3218 Asite
2461 3173 2714 3217 conventu
2742 3163 2956 3234 legitur.
2984 3165 3070 3218 An
3103 3165 3218 3219 fieri
3241 3166 3418 3234 potuit

1838 3267 1899 3312 ut
1923 3258 2151 3328 epistola
2181 3257 2490 3328 Polycarpi,
2521 3258 2616 3328 qui
2643 3257 2870 3312 Joannis
2906 3257 3134 3324 apostoli
3181 3259 3418 3329 discipu~

1837 3351 1941 3415 lus,
1971 3359 2021 3402 et
2059 3349 2123 3401 ab
2158 3365 2218 3402 eo
2248 3350 2526 3418 episcopus
2573 3349 2876 3415 ordinatus,
2909 3350 3071 3402 totius
3101 3349 3246 3404 Asia:
3269 3351 3419 3419 prin-

1837 3460 1955 3512 ceps
1986 3443 2109 3511 fuit,
2137 3442 2191 3496 in
2221 3451 2371 3496 tanta
2398 3442 2521 3496 luce
2551 3441 2754 3511 posita,
2781 3442 2835 3496 in
2865 3450 3139 3497 conventu
3170 3442 3416 3511 ejusdem

1836 3537 1980 3590 Asia:
2036 3536 2196 3602 lecta,
2243 3535 2314 3589 ab
2363 3535 2622 3589 omnibus
2670 3550 2780 3588 non
2828 3535 3213 3606 reciperetur?
3256 3535 3417 3592 Certe

1835 3625 2201 3697 Hieronymus
2229 3635 2283 3680 et
2313 3623 2696 3680 Theodoretus
2723 3624 3101 3696 Polycarpum,
3119 3638 3417 3683 numerant

1834 3719 1976 3772 inter
1997 3717 2396 3772 vetustissimos
2417 3716 2870 3786 clarissimosque
2896 3717 3158 3774 Ecclesiae
3180 3720 3415 3790 scripto-

1835 3825 1942 3864 res.
1988 3808 2134 3864 Inter
2181 3817 2363 3863 autem
2406 3808 2529 3878 ejus
2557 3823 2725 3877 opera
2753 3810 2870 3865 haec
2888 3810 3121 3880 epistola
3150 3820 3411 3883 tanquam

1833 3901 2110 3971 praecipua
2139 3915 2356 3970 semper
2389 3911 2677 3956 numerata
2705 3912 2809 3956 est.

1901 3995 2179 4049 Adversus
2226 3995 2368 4049 hanc
2391 3995 2642 4064 epistola:
2669 3993 3082 4066 Polycarpiante
3114 3999 3414 4054 auctorita-

1833 4097 1964 4156 tem,
1990 4088 2058 4142 ab
2085 4088 2342 4143 omnibus
2377 4097 2668 4157 receptam,
2720 4103 2752 4144 a
2786 4091 3003 4145 nemine
3041 4102 3207 4158 certe,
3237 4108 3412 4162 quan-

1835 4192 1948 4238 tum
1984 4183 2263 4248 novimus,
2314 4183 2369 4235 in
2404 4181 2634 4236 dubium
2682 4191 2958 4247 vocatam,
2993 4194 3148 4254 urget
3181 4184 3264 4238 vir
3309 4186 3410 4239 do-

1831 4278 2112 4333 ctissimus
2140 4277 2460 4346 scriptores,
2485 4283 2540 4330 et
2559 4275 2804 4345 quidem,
2831 4285 2889 4330 ut
2909 4277 3008 4341 ait,
3029 4277 3408 4347 gravissimos,

1830 4369 1924 4439 qui
1969 4384 2091 4425 eam
2138 4368 2505 4439 apocrypham
2555 4380 2680 4421 esse
2726 4366 3066 4435 judicabant.
3104 4367 3410 4438 Scriptores

141 4463 350 4535 lyearpi
381 4463 454 4518 ad
492 4461 872 4533 Philippenses
916 4465 986 4518 ab
1027 4464 1287 4519 omnibus
1335 4463 1440 4518 fuit
1485 4473 1725 4534 recepta,
1759 4487 1805 4542 ι)
1833 4461 1909 4515 illi
1953 4461 2213 4516 dicuntur
2260 4456 2604 4526 Nicephorus
2633 4457 2948 4527 patriarcha
3001 4468 3056 4514 et
3081 4459 3410 4516 Anastasius

140 4559 238 4625 ita,
265 4559 502 4624 scilicet,
552 4567 611 4612 ut
657 4557 758 4612 viri
789 4557 1075 4627 apostolici
1106 4558 1371 4628 scriptum
1395 4559 1730 4615 ecclesiasti-

140 4664 268 4704 cum
312 4656 370 4704 et
419 4647 787 4703 orthodoxam
810 4647 1180 4717 judicaretur;
1212 4665 1392 4719 neque
1424 4665 1670 4720 unquam
1697 4667 1727 4706 a

140 4741 403 4812 quapiam
439 4755 508 4794 an
541 4739 648 4795 tale
675 4755 869 4794 revera
915 4739 1098 4806 fuerit,
1122 4740 1432 4796 dubitatum
1461 4741 1553 4796 sit.
1589 4740 1726 4796 Nam

140 4835 320 4906 primo
358 4831 752 4902 Irenaeus,'qui
778 4833 959 4902 ipsum
1003 4831 1367 4904 Polycarpum
1390 4831 1546 4901 vidit,
1575 4834 1730 4889 lucu-

140 4926 516 4982 lentissimum
542 4923 667 4979 huic
688 4924 933 4993 epistola:
956 4923 1329 4978 testimonium
1352 4925 1575 4995 praebet,
1603 4925 1641 4980 Ι.
1667 4941 1726 4980 ιιι

136 5021 407 5074 Adversus
449 5017 669 5070 hereses
709 5030 729 5068 :
766 5016 923 5070 Ἔστι
966 5016 1026 5070 δὲ
1069 5017 1326 5089 ἐπιστολὴ
1369 5018 1725 5090 Πολυκάρπου

139 5110 273 5183 πρὸς
299 5106 698 5177 Φιλιππησίους
726 5106 1085 5178 γεγραμμένη
1118 5107 1443 5181 ἱκανωτάτη,
1463 5110 1521 5176 ἐξ
1541 5105 1609 5182 ἦς
1633 5108 1726 5163 καὶ

132 5205 221 5256 τὸν
255 5199 590 5273 χαρακτῆρα
624 5199 723 5269 τῆς
762 5198 996 5262 πίστεως
1025 5197 1211 5264 αὐτοῦ,
1252 5201 1434 5254 καὶτὸ
1465 5203 1724 5274 κήρυγμα

131 5294 228 5364 τῆς
257 5290 521 5363 ἀληθείας
539 5291 589 5342 οἱ
612 5288 921 5360 βουλόμενοι
949 5291 1044 5343 καὶ
1072 5290 1446 5363 φροντίζοντες
1470 5294 1571 5365 τῆς
1597 5293 1725 5349 ἐαυ-

133 5386 238 5439 τῶν
282 5382 566 5454 σωτηρίας
612 5380 865 5435 δύνανται
913 5381 1124 5453 μαθεῖν.
1156 5383 1232 5439 Ita
1262 5383 1531 5442 Eusebius
1574 5384 1718 5444 Hist.

134 5476 256 5532 εει-ι,
290 5477 330 5530 l.
366 5490 444 5541 tv,
476 5490 527 5529 c.
569 5473 657 5540 Η,
697 5484 856 5530 vetus
904 5474 1090 5531 Irentei
1142 5477 1454 5548 interpres:
1485 5479 1582 5535 Est
1622 5497 1722 5534 au-

139 5578 234 5621 tem
280 5577 333 5621 et
387 5565 616 5636 epistola
642 5565 928 5637 Polycarpi
988 5572 1056 5622 ad
1114 5568 1477 5641 Philippenses
1519 5574 1719 5644 scripta

137 5659 544 5731 perfectissima,
569 5674 634 5713 ex
667 5675 775 5728 qua
821 5669 872 5714 et
913 5659 1271 5716 characterem
1310 5663 1437 5733 ﬁdei
1482 5665 1619 5734 ejus,
1668 5674 1716 5718 et

141 5751 573 5818 predicationem
600 5750 859 5822 veritatis,
898 5753 988 5824 qui
1015 5753 1220 5824 volunt,
1241 5762 1290 5809 et
1319 5755 1716 5830 curant/tabent

1833 4552 2312 4613 Bibliothecarius.
2342 4564 2581 4620 quorum
2625 4561 2816 4605 neuter
2843 4562 2969 4607 ante
2997 4567 3202 4606 nonum
3235 4568 3408 4609 szecu-

1832 4647 1947 4701 lum
1980 4645 2218 4716 scripsit.
2255 4642 2361 4699 Sed
2388 4647 2589 4715 primo,
2626 4663 2726 4703 nos
2768 4655 2894 4701 ante
2934 4646 3277 4703 ostendimus
3312 4645 3408 4702 Ni-

1831 4742 2128 4812 cephorum
2174 4741 2330 4794 illum
2379 4740 2582 4797 frustra
2630 4751 2682 4797 et
2733 4741 2852 4797 sine
2892 4739 3004 4794 ullo
3048 4741 3405 4798 fundamento

1830 4841 2090 4902 tanquam
2142 4839 2422 4886 auctorem
2477 4828 2868 4886 Stichometrite
2900 4831 3145 4901 allegari,
3177 4841 3232 4886 et
3259 4833 3406 4886 Ana-

1831 4923 2062 4978 stasium
2108 4923 2488 4977 tantummodo
2539 4922 2687 4977 illius
2718 4921 3111 4977 Stich'ometria’
3139 4923 3405 4993 interpre-

1830 5024 1938 5070 tem
1971 5030 2110 5071 esse.
2148 5013 2420 5080 Secundo,
2451 5014 2498 5070 si
2543 5016 2934 5070 concederetur
2975 5015 3261 5084 epistolam
3291 5015 3402 5070 Po-

1827 5109 2035 5181 lycarpi
2066 5109 2134 5164 ad
2163 5109 2536 5180 Philippenses
2565 5110 2620 5162 in
2652 5123 2716 5163 ea
2747 5105 3125 5162 Stichometria
3173 5108 3401 5181 intelligi

1827 5201 2045 5268 debere,
2080 5216 2151 5256 ne
2179 5201 2313 5256 illud
2359 5201 2577 5272 quidem
2614 5199 2996 5255 auctoritatem
3029 5199 3149 5270 ejus
3177 5202 3402 5256 omnino

1827 5295 2127 5362 minuerit;
2158 5294 2544 5349 tantummodo
2573 5293 2720 5348 enim
2758 5297 2898 5348 inter
2927 5296 3235 5364 apocrypha
3263 5294 3400 5350 Novi

1825 5384 2161 5441 Testamenti
2187 5399 2527 5451 numeratur,
2553 5384 2658 5438 hoc
2687 5391 2790 5447 est,
2817 5397 2848 5436 a
2875 5399 3086 5438 canone
3117 5381 3217 5437 SS.
3254 5381 3403 5438 Scri-

1821 5485 2109 5547 pturarum
2141 5486 2486 5542 removetur;
2518 5491 2644 5532 eum
2687 5484 2870 5530 autem
2903 5477 2955 5530 in
2980 5475 3240 5532 Ecclesiis
3265 5477 3402 5548 lege

1821 5583 1994 5639 retur,
2026 5586 2057 5625 a
2087 5571 2369 5626 canonicis
2395 5568 2552 5625 libris
2586 5570 2845 5625 distincta
2875 5579 2930 5624 et
2961 5571 3104 5625 inter
3147 5571 3400 5626 ecclesia-

1822 5665 1992 5720 sticos
2020 5671 2232 5718 tantum
2263 5671 2552 5718 numerata
2579 5671 2683 5718 est.
2700 5662 2906 5729 Tertio,
2937 5663 3222 5732 epistolam
3256 5663 3398 5718 hanc

1821 5756 1879 5813 in
1908 5753 2288 5814 Stiehometria
2313 5770 2492 5830 neque
2526 5755 2823 5826 nominari,
2859 5764 2954 5811 aut
2983 5743 3208 5828 intelligi
3235 5756 3395 5812 debe~
