3878 6210
496 352 599 409 155

1583 348 1641 404 8.
1679 346 2022 405 lCNATIUS.
2065 379 2130 388 -—
2165 345 2696 404 PROLEGOMENA.

3661 349 3764 408 156

492 491 570 539 re,
603 482 697 528 aut
729 473 841 528 ullo
871 473 1034 528 modo
1067 473 1222 528 innui
1246 473 1523 540 concedo;
1563 474 1658 528 sed
1691 482 1749 526 ut
1787 471 2074 542 Ἰγνατίου,
2108 487 2148 542 Α
2181 471 2414 540 phorum
2467 470 2556 524 hic
2598 470 2825 524 omnino
2877 484 2986 523 non
3032 469 3409 539 agnoscimus.
3461 457 3770 542 Episiolam

493 568 567 622 ita
597 577 652 622 et
677 567 1036 638 Πολυκάρπου
1069 567 1278 621 nomini
1311 566 1708 636 subjiciendam
1735 565 1956 638 διδαχὴν
1983 582 2078 619 ar-

492 661 706 726 bitror;
747 676 875 714 nam
905 660 1157 730 quamvis
1187 658 1242 713 in
1272 659 1381 714 alio
1406 658 1650 713 lndiculo
1677 657 1963 730 Polycarpi
1989 657 2076 712 di-

492 754 729 809 dascalia
780 769 890 808 non
936 760 1271 822 compareat,
1315 760 1376 806 ut
1427 751 1518 806 illa
1574 752 1792 823 lgnatii,
1844 751 2078 821 ideoque

491 847 664 916 gratis
710 847 834 901 ﬁcta
886 862 1008 901 esse
1047 845 1334 913 videatur;
1373 853 1556 900 tamen
1590 861 1715 900 cum
1745 845 2078 900 Διδασκαλία

491 936 580 990 διὰ
619 935 934 991 Ἱππολύτου
965 937 1019 992 in
1055 937 1206 992 nullo
1236 935 1481 992 lndiculo
1512 937 1713 1006 pariter
1742 937 2074 1002 inveniatur,

492 1045 613 1099 quae
641 1038 820 1084 tamen
865 1029 918 1082 in
957 1044 1093 1083 mss.
1137 1029 1432 1099 reperitur,
1470 1039 1524 1084 et
1565 1029 1619 1082 in
1649 1029 2075 1085 Constitutioni-

492 1130 594 1178 bus
621 1139 760 1193 quas
799 1123 1067 1177 habemus
1090 1122 1426 1188 continetur,
1451 1121 1540 1176 vix
1565 1122 1926 1178 dubitandum
1955 1140 2077 1179 esse

491 1213 690 1278 sentio,
727 1213 859 1283 quin
891 1220 1015 1283 post
1045 1212 1444 1282 apostolorum,
1479 1211 1779 1268 Clementis
1832 1223 1888 1268 et
1918 1215 2076 1284 lgna-

491 1306 547 1358 tii
573 1304 938 1369 διδασκαλίας,
970 1305 1133 1358 etiam
1157 1303 1262 1358 alia
1281 1303 1568 1376 Polycarpi
1603 1305 1830 1375 intelligi
1857 1305 2071 1360 debeat.

491 1395 617 1450 Inde
651 1395 741 1450 illa
768 1395 822 1449 in
854 1396 1023 1450 veteri
1055 1395 1378 1460 didascalia,
1411 1411 1534 1466 quae
1575 1412 1724 1451 nunc
1764 1397 1819 1450 in
1848 1395 2076 1452 Consti—

490 1486 762 1541 tutionum
793 1487 891 1541 lib.
929 1502 1010 1553 ιιι,
1038 1502 1159 1556 cap.
1192 1491 1247 1553 6,
1276 1487 1506 1555 legimus
1539 1506 1552 1542 :
1581 1488 1899 1560 Γνωριζέτω
1927 1483 2017 1542 οὖν
2045 1492 2073 1561 ἡ

487 1579 650 1651 χήρα,
683 1579 765 1632 ὅτι
792 1579 1173 1650 θυσιαστήριον
1203 1581 1318 1634 ἐστι
1343 1579 1499 1647 Θεοῦ,
1529 1579 1678 1635 Sciat
1703 1582 1870 1651 igitur
1891 1582 2073 1648 vidua,

489 1671 626 1741 quod
669 1672 841 1726 altare
883 1672 981 1727 Dei
1017 1674 1109 1737 sit,
1140 1672 1209 1727 ad
1248 1673 1350 1727 ista
1379 1672 1670 1745 Polycarpi
1701 1673 1875 1729 elIicta
1913 1693 1925 1727 :
1964 1674 2075 1738 Τὰς

489 1765 661 1836 χήρας
690 1765 1071 1838 σωφρονούσας
1101 1767 1229 1838 περὶ
1270 1767 1368 1838 τὴν
1406 1765 1500 1820 τοῦ
1540 1767 1746 1838 Κυρίου
1778 1766 2072 1821 πίστιν.....

2180 559 2467 633 Polycarpi
2494 562 2548 616 in
2580 562 2958 616 Stichometria
2987 577 3096 616 non
3131 561 3404 619 videmus.
3435 561 3492 618 Si
3519 580 3582 620 ea
3631 566 3761 620 sub-

2181 653 2536 722 intelligatur,
2571 653 2716 706 inter
2745 653 3001 722 pessima:
3041 659 3185 707 nota:
3224 655 3537 726 apocrypha
3580 664 3773 710 tamen

2179 745 2428 799 eamdem
2467 760 2760 799 numerare
2805 754 3119 814 portentqu
3153 755 3433 815 putamus.
3481 746 3538 800 lu
3585 748 3774 803 inter-

2178 845 2330 905 prete
2369 835 2755 890 Stichometrice
2792 837 3061 906 judicium
3101 838 3480 907 requirimus:
3521 855 3647 895 eam
3691 841 3774 895 ita

2177 943 2475 997 exponere,
2515 937 2575 982 ut
2618 939 2809 983 contra
2856 942 3094 984 mentem
3140 929 3390 986 omnium
3430 933 3772 987 saeculorum

2179 1019 2462 1089 loquatur,
2496 1021 2907 1092 iniquissimum
2949 1041 3073 1080 esse
3101 1025 3378 1092 dicimus;
3414 1032 3467 1079 et
3512 1024 3772 1082 clarissi-

2179 1127 2327 1166 mam
2363 1113 2841 1184 certissimamque
2875 1117 3226 1184 sententiam,
3259 1133 3368 1172 non
3402 1116 3770 1185 Hammondi,

2180 1203 2273 1258 sed
2309 1201 2567 1258 Ecclesiae
2609 1203 2850 1272 Asianus,
2880 1208 3242 1278 omniumque
3284 1224 3427 1279 quos
3460 1208 3668 1279 aliquid
3696 1210 3774 1263 .le
3807 1245 3813 1279 ί

2178 1295 2406 1364 epistola
2436 1296 2642 1352 dixisse
2699 1298 2957 1353 novimus
2995 1300 3464 1366 Christianorum,
3507 1301 3774 1356 incertis.

2179 1387 2333 1442 simae
2357 1387 2464 1441 [icti
2488 1385 2782 1458 Nicephori
2812 1391 3145 1460 expositioni
3178 1393 3587 1461 anteponimus.

2250 1477 2432 1534 Prima
2467 1480 2585 1536 haec
2611 1481 2854 1537 velitatio
2890 1501 2903 1536 :
2953 1483 3047 1538 sed
3077 1485 3343 1551 secundo,
3388 1486 3473 1540 vir
3499 1486 3773 1543 doctissi-

2182 1587 2305 1626 mus
2343 1588 2468 1626 cum
2509 1579 2675 1627 totam
2716 1574 3004 1644 epistolam
3046 1577 3274 1646 rejicere
3317 1593 3377 1633 se
3436 1594 3602 1649 posse
3651 1596 3770 1635 non

2180 1673 2446 1732 speraret,
2490 1665 2544 1718 in
2588 1665 2727 1721 duas
2761 1677 2943 1736 partes
2987 1683 3111 1722 eam
3156 1669 3364 1736 divisit,
3413 1687 3558 1726 novo
3602 1672 3772 1741 plane

2182 1773 2320 1810 ausu
2393 1765 2447 1812 et
2511 1758 2779 1815 hactenus
2829 1760 3128 1830 inaudito;
3181 1765 3464 1833 superiora
3514 1766 3771 1836 epistola:

493 1837 859 1926 τινωσκούσας
888 1859 968 1911 ὅτι
988 1859 1092 1911 εἰσὶ
1112 1858 1493 1932 θυσιαστήριον
1516 1859 1674 1914 Θεοῦ.
1709 1859 1879 1914 Vetus
1906 1860 2068 1915 inter-

2181 1850 2406 1917 omittit,
2431 1860 2485 1906 et
2521 1853 2568 1907 si
2600 1853 2727 1923 quis
2764 1869 2828 1908 ea
2861 1855 2919 1911 S.
2954 1853 3260 1926 Polycarpo
3296 1859 3575 1914 ascribere
3609 1860 3767 1927 velit,

488 1965 612 2020 pres
649 1969 662 2006 :
703 1950 891 2005 Vidua:
939 1967 1056 2004 vero
1097 1953 1306 2020 pudica:
1355 1953 1496 2007 circa
1539 1953 1698 2022 fidem
1745 1951 1912 2008 Dei...
1943 1953 2074 2022 quia

487 2055 610 2101 sunt
651 2048 952 2100 sacrarium
981 2046 1097 2101 Dei.
1134 2047 1369 2118 Haecque
1399 2050 1598 2120 saapius
1633 2058 1826 2106 auctor
1850 2049 2074 2104 Consti-

489 2139 763 2194 tutionum
796 2139 1058 2195 inculcat.
1091 2140 1322 2207 Quarto,
1363 2158 1541 2212 neque
1567 2142 1933 2212 Nicephorus,
1977 2159 2074 2198 ne-

486 2244 594 2300 que
638 2229 986 2297 Anastasius,
1017 2247 1192 2301 neque
1232 2230 1624 2288 Stichometriw
1655 2243 1867 2300 auctor,
1897 2249 2076 2306 neque

486 2321 778 2391 quisquam
817 2323 949 2377 noni
985 2323 1171 2379 saeculi
1203 2325 1437 2394 scriptor
1473 2335 1706 2396 recepta:
1749 2327 1918 2398 hujus
1959 2328 2074 2398 epi-

486 2412 639 2468 stola:
669 2415 982 2470 auctoritati
1016 2414 1230 2471 olIicere
1259 2419 1534 2486 putandus
1555 2429 1658 2484 est,
1690 2435 1813 2488 quae
1843 2429 1899 2477 et
1925 2422 2074 2492 prio-

487 2507 663 2572 ribus,
691 2515 746 2562 et
767 2509 958 2564 eodem
988 2525 1105 2564 aevo
1134 2519 1187 2565 et
1216 2512 1573 2580 sequentibus
1605 2513 1798 2582 viguit,
1836 2521 1890 2569 et
1919 2530 1949 2568 a
1978 2531 2075 2570 ne-

487 2599 634 2654 mine
660 2600 858 2668 rejecta
884 2600 1332 2670 deprehenditur.
1347 2602 1487 2658 Ante
1511 2603 1878 2673 Nicephorum
1902 2605 2074 2661 Maxi-

487 2707 611 2746 mus
639 2691 851 2748 abbas:
889 2693 1042 2764 Ἔχει
1087 2692 1146 2746 δὲ
1189 2695 1282 2747 καὶ
1319 2694 1607 2759 ἐπιστολὰς
1650 2697 1679 2748 ὁ
1722 2697 1884 2760 αὐτδς
1931 2697 2074 2764 θεῖος

487 2782 841 2854 Πολύκαρπος
871 2784 1007 2854 πρὸς
1033 2783 1446 2857 Φιλιππησιους.
1473 2785 1809 2842 Venerabilis
1840 2788 1983 2843 Beda
2016 2790 2074 2844 in

487 2875 872 2946 Martyrologio
901 2879 966 2931 ad
995 2894 1072 2932 vn
1105 2877 1225 2934 Kal.
1257 2878 1485 2935 Januar.
1523 2879 1832 2952 Nicephoro
1870 2899 2075 2952 suppar

485 2966 760 3023 Plautius:
802 2969 1138 3040 ’Δνεγνώσθη
1195 2972 1556 3044 Πολυκάρπου
1618 2975 1874 3048 ἐπιστολὴ
1933 2977 2074 3047 πρὸς

483 3058 876 3132 Φιλιππησίους
905 3064 1152 3134 γέμουσα
1189 3065 1394 3136 πολλῆς
1420 3066 1701 3131 νουθεσίας
1733 3069 1870 3140 μετὰ
1902 3087 2075 3141 σαφη-

2177 1958 2288 1996 non
2322 1943 2608 2012 renititur;
2643 1944 2754 1998 imo
2797 1947 3204 2015 posterioribus
3243 1950 3488 2019 exceptis
3521 1951 3662 2004 nihil
3707 1952 3767 2005 in

2175 2035 2401 2105 epistola
2429 2051 2704 2091 occurrere
2737 2039 3009 2106 concedit,
3039 2038 3178 2110 quod
3219 2044 3297 2095 vel
3326 2059 3640 2114 quemquam
3673 2045 3770 2114 of-

2176 2126 2421 2196 fendere,
2471 2128 2549 2182 vel
2599 2128 2905 2200 Polycarpo
2957 2131 3234 2202 indignum
3278 2135 3478 2188 censeri
3530 2136 3766 2202 debeat;

2176 2229 2510 2290 postremam
2535 2223 2858 2292 particulam
2881 2224 3155 2295 suggillat,
3181 2225 3235 2280 in
3261 2243 3366 2296 qua
3384 2228 3774 2294 testimonium

2174 2315 2244 2369 ab
2275 2313 2514 2370 Eusebio
2556 2317 2885 2386 productum
2919 2327 3120 2373 exstat.
3153 2317 3308 2374 Hanc
3340 2321 3508 2392 igitur
3532 2322 3653 2376 vult
3685 2333 3767 2377 te-

2174 2423 2312 2461 mere
2345 2417 2394 2462 et
2414 2419 2609 2480 praeter
2641 2412 2880 2464 auctoris
2919 2421 3162 2480 mentem,
3193 2414 3370 2468 aliena
3399 2431 3563 2468 manu
3591 2416 3768 2485 fuisse

2175 2512 2435 2557 assutam.
2464 2502 2535 2556 At
2557 2501 2779 2559 Eusebii
2812 2513 2972 2559 :etate
3000 2505 3090 2560 illa
3126 2507 3289 2562 etiam
3323 2517 3604 2577 postrema
3629 2524 3770 2580 par-

2178 2593 2343 2648 ticula
2375 2596 2680 2652 certissime
2701 2597 2987 2665 exstabat;
3014 2614 3080 2653 ex
3111 2599 3341 2669 epistola
3366 2599 3654 2673 Polycarpi
3691 2605 3769 2657 ab

2175 2684 2413 2742 Eusebio
2442 2691 2719 2759 exscripta
2753 2688 2875 2745 fuit.
2921 2689 3193 2748 Eusebius
3227 2708 3328 2748 nec
3358 2692 3472 2748 falli
3509 2710 3608 2749 nec
3657 2695 3769 2748 fal-

2174 2779 2288 2834 lere
2315 2781 2496 2851 potuit
2525 2798 2538 2833 :
2565 2791 2682 2837 erat
2719 2782 2864 2837 enim
2899 2793 3010 2838 tota
3034 2783 3265 2854 epistola
3298 2786 3557 2842 omnibus
3580 2803 3767 2857 expo-

2176 2873 2312 2940 sita;
2346 2884 2463 2929 erat
2493 2874 2548 2928 in
2583 2873 2846 2932 Ecclesiis
2869 2877 3148 2943 Asiaticis,
3173 2887 3306 2935 tunc
3331 2881 3596 2951 temporis
3628 2897 3764 2937 cum

2175 2967 2443 3023 scriberet
2471 2965 2767 3035 Eusebius,
2804 2969 3020 3041 publice
3049 2971 3224 3036 lecta;
3266 2972 3421 3028 novit
3457 2989 3580 3029 eam
3628 2971 3766 3030 Ilie-

2175 3077 2463 3135 ronymus,
2493 3063 2654 3134 cujus
2695 3064 2960 3130 versioni,
2998 3065 3105 3121 nisi
3144 3066 3269 3122 aliis
3299 3075 3630 3137 occupatus,
3669 3069 3763 3122 in-

481 3151 631 3216 νείας
684 3153 777 3206 καὶ
816 3153 1135 3226 ἁπλότητος,
1169 3156 1312 3211 κατά
1350 3158 1443 3211 τὸν
1487 3158 1936 3231 ἐκκλησιαστικδν
1975 3162 2068 3234 τῆς

2179 3149 2480 3217 cubuisset,
2503 3160 2558 3206 et
2580 3160 2761 3207 tamen
2789 3150 3098 3208 Eusebiana
3123 3170 3404 3227 nunquam
3435 3160 3762 3214 accusavit:

487 3244 788 3317 ἑρμηνείας
821 3245 1008 3301 τύπον.
1036 3245 1334 3318 Legebatur
1357 3259 1408 3304 et
1433 3248 1724 3321 Polycarpi
1754 3253 1980 3325 epistola
2007 3256 2068 3308 ad

2179 3241 2247 3296 de
2285 3240 2374 3296 illa
2411 3241 2576 3314 igitur
2605 3245 2890 3314 particula,
2928 3263 3093 3317 quam
3147 3250 3420 3320 excerpsit
3455 3248 3763 3319 Eusebius,

485 3337 850 3408 Philippenses
883 3339 1065 3395 multis
1099 3341 1294 3410 referta
1318 3343 1770 3401 admonitionibus
1810 3364 1932 3401 cum
1957 3366 2077 3420 per-

484 3430 769 3497 spicuitate
803 3446 865 3484 ac
888 3430 1252 3501 simplicitate,
1283 3433 1353 3486 ad
1378 3433 1791 3490 ecclesiasticam
1826 3437 2075 3510 loquendi

485 3523 735 3593 formam.
766 3521 868 3577 Ubi
893 3523 1072 3578 obiter
1100 3525 1531 3592 observandum,
1555 3545 1620 3583 eo
1649 3528 1768 3598 ipso
1796 3546 1945 3588 nono
1967 3549 2072 3591 sae-

484 3616 611 3672 culo
655 3616 800 3672 hanc
850 3615 1138 3689 Polycarpi
1166 3619 1456 3688 epistolam
1485 3637 1609 3675 eum
1651 3621 1743 3678 illa
1774 3623 2072 3684 Clementis

483 3709 554 3764 ad
577 3707 894 3764 Corinthios
919 3708 1088 3765 fuisse
1112 3711 1467 3781 conjunctam
1489 3714 1587 3781 (ita
1611 3731 1803 3786 nempe
1819 3716 2068 3786 Photius,

481 3802 542 3854 ὲν
564 3800 643 3871 τῷ
659 3800 804 3872 αὐτῷ
825 3801 880 3854 δὲ
906 3801 1218 3874 βιϐλιδαρεῳ
1243 3803 1578 3878 ἀνεγνώσθη,
1604 3809 1660 3860 in
1681 3809 1862 3863 eodem
1891 3811 2069 3866 libello

484 3891 775 3961 legebatur)
802 3911 816 3957 ;
849 3893 1041 3948 iisdem
1074 3894 1327 3950 laudibus
1378 3911 1409 3951 a
1461 3896 1661 3954 Photio
1695 3900 1869 3958 fuisse
1898 3917 2067 3959 orna-

484 3992 632 4049 tam;
666 3983 914 4038 eamdem
949 3985 1096 4038 enim
1132 3985 1599 4054 perspicuitatem,
1633 3990 2043 4059 simplicitatem

481 4083 542 4129 et
565 4073 1001 4129 ecclesiasticum
1031 4075 1407 4131 characterem
1445 4080 1663 4150 utrique
1706 4081 1934 4150 tribuit;
1963 4085 2065 4140 ob-

482 4166 748 4236 iectiones
805 4167 1018 4236 aliquas
1068 4166 1336 4224 adversus
1393 4170 1540 4225 illam
1598 4172 1896 4230 Clementis
1936 4185 2066 4232 tunc

486 4257 659 4313 {uisse
687 4257 884 4319 factas,
911 4258 1174 4314 adversus
1215 4260 1357 4314 hanc
1400 4260 1685 4335 Polycarpi
1733 4266 1934 4322 nullas.
1960 4266 2065 4324 Eo-

483 4350 609 4405 dem
641 4365 755 4404 aevo
786 4349 1096 4417 Usuardus,
1123 4360 1177 4405 et
1206 4352 1324 4406 Ado
1360 4352 1684 4411 Viennensis
1713 4356 1768 4410 in
1798 4356 2065 4430 Martyro-

483 4440 630 4511 logio
657 4457 725 4494 xv
772 4440 888 4496 Kal.
922 4441 1148 4498 Januar.
1177 4464 1190 4500 :
1221 4443 1434 4500 Natalis
1466 4447 1738 4502 beatorum
1768 4463 2063 4521 martyrum

2177 3333 2416 3390 dubitari
2445 3349 2556 3390 non
2591 3345 2792 3407 potest,
2824 3337 2930 3394 nisi
2965 3339 3131 3394 etiam
3159 3340 3226 3395 de
3260 3350 3370 3397 tota
3403 3344 3639 3414 epistola
3674 3360 3764 3402 ειν

2174 3425 2310 3491 mul,
2345 3426 2554 3498 absque
2584 3427 2692 3483 ulla
2724 3429 2953 3498 ratione,
2981 3431 3313 3489 dubitemus.

2246 3514 2352 3573 Sed
2376 3535 2444 3573 ex
2473 3519 2593 3590 ipsa
2632 3520 2885 3590 epistola,
2916 3537 3082 3591 quam
3127 3539 3240 3593 pra;
3282 3525 3541 3582 manibus
3584 3527 3762 3586 habe»

2175 3625 2317 3676 mus,
2346 3611 2607 3681 disputat,
2636 3622 2690 3667 et
2715 3613 2894 3683 primo
2935 3614 2988 3668 in
3015 3632 3099 3677 ea,
3131 3616 3330 3687 inquit,
3361 3636 3480 3690 qua:
3513 3623 3761 3679 testimo-

2171 3701 2317 3755 nium
2343 3712 2590 3761 nostrum
2621 3705 2944 3774 prwcedunt,
2972 3717 3031 3760 ut
3062 3709 3116 3762 in
3150 3709 3572 3766 decentissimum
3597 3715 3762 3769 clau-

2170 3796 2345 3849 sulam
2370 3837 2385 3861 ,
2427 3796 2694 3852 desinebat
2739 3799 2962 3867 epistola
3005 3816 3023 3854 :
3072 3802 3276 3872 reliqua
3325 3815 3499 3858 autem
3535 3808 3762 3864 minime

2169 3889 2454 3953 cohazrent,
2485 3899 2638 3961 atque
2669 3890 2783 3945 ideo
2806 3894 3149 3962 expungenda
3183 3904 3326 3950 sunt.
3364 3895 3762 3958 Verumenim-

2171 3995 2302 4032 vero
2331 3979 2475 4035 unde
2512 3980 2591 4034 illi
2620 3995 2808 4037 notum
2840 3992 2924 4037 est
2959 3981 3244 4056 Polycarpi
3275 3989 3565 4058 epistolam
3598 3993 3653 4047 in
3687 4012 3760 4051 ea

2168 4070 2334 4126 verba
2361 4072 2637 4129 desiisse?
2668 4091 2737 4130 an
2778 4093 2898 4132 eam
2933 4098 3175 4151 unquam
3223 4085 3436 4141 audivit
3477 4089 3531 4142 in
3579 4092 3762 4148 totius

2169 4158 2314 4215 Asiae
2345 4173 2614 4217 conventu
2652 4164 2889 4221 lectam?
2918 4186 2986 4223 an
3024 4188 3264 4242 unquam
3294 4175 3428 4230 vidit
3457 4176 3759 4252 Polycarpi

2167 4252 2452 4322 epistolam
2489 4256 2573 4310 vel
2622 4257 2809 4314 Griece
2842 4262 2925 4316 vel
2962 4261 3176 4331 Latine,
3225 4267 3311 4321 vel
3356 4285 3484 4338 ms.,
3515 4273 3600 4326 vel
3647 4274 3761 4327 im-

2166 4358 2435 4413 pressam,
2471 4363 2593 4417 quae
2618 4349 2673 4403 in
2703 4365 2767 4404 ea
2800 4355 2963 4408 verba
2995 4355 3317 4412 desineret?
3348 4351 3574 4418 minime
3615 4381 3760 4435 gen-

2168 4435 2327 4490 tium.
2355 4437 2496 4504 Quid
2538 4441 2744 4510 igitur?
2781 4442 3002 4501 Judicio
3059 4446 3108 4502 J.
3156 4449 3340 4506 Dallmi
3381 4468 3444 4508 ea
3495 4455 3760 4516 clausula

483 4529 603 4601 Ruﬁ
641 4541 688 4585 et
719 4531 947 4600 Zosimi,
991 4535 1055 4588 de
1100 4552 1323 4606 quorum
1349 4555 1514 4608 agone
1539 4540 1682 4608 felici
1719 4540 1780 4596 S.
1809 4541 2066 4612 Polycar-

2174 4540 2285 4584 erat
2325 4530 2744 4602 decentissima;
2796 4553 2969 4607 quare
3015 4557 3124 4596 non
3173 4543 3363 4600 debuit
3409 4545 3760 4620 Polycarpus

479 4641 578 4684 nus
608 4625 834 4694 epistola
880 4626 949 4678 ad
981 4625 1346 4698 Philippenses
1393 4631 1600 4684 scribit.
1633 4631 1765 4688 Post
1804 4635 1906 4689 bos
1959 4635 2063 4707 Sy-

483 4727 642 4768 meon
674 4714 1092 4784 Metaphrastes,
1127 4719 1389 4773 Actorum
1419 4720 1475 4774 S.
1511 4721 1702 4792 lgnatii
1731 4741 2059 4797 anonymus.

479 4805 876 4871 Suidas,verbo
898 4809 1592 4884 ΠολύκαρποςοἝγραψεν
1620 4816 1906 4888 ἐπιστολὴν
1927 4817 2064 4890 πρὸς

481 4895 881 4968 Φιλιππησίους
915 4898 1054 4951 πάνυ
1105 4900 1442 4976 θαυμαστήν.
1493 4903 1719 4975 Scripsit
1781 4909 2059 4978 epistolam

479 4987 553 5042 ad
566 4986 933 5058 Philippenses
955 5008 1172 5060 prorsus
1184 4995 1583 5052 admirandam.
1604 4996 1812 5064 Quibus
1828 5002 2059 5058 addendi

479 5077 749 5148 Georgius
781 5079 1195 5151 Pachymerius,
1222 5081 1496 5140 Honorius
1522 5087 2056 5157 Augustodunensis,

477 5181 536 5224 et
561 5168 903 5240 Nicephorus
929 5171 1208 5241 Callistus,
1234 5176 1326 5246 qui
1372 5186 1493 5246 post
1522 5175 1888 5247 Nicephorum
1917 5180 2062 5236 Con-

479 5257 1028 5337 stantinonplitanum
1082 5263 1226 5318 idem
1278 5265 1346 5320 de
1397 5265 1453 5320 S.
1493 5265 1779 5340 Polycarpi
1829 5271 2058 5341 epistola

478 5361 606 5401 cum
638 5347 727 5416 iis,
755 5351 850 5419 qui
884 5362 1011 5407 ante
1041 5354 1245 5422 vixere,
1286 5358 1651 5426 protulerunt.

557 5438 754 5495 Verum
783 5441 866 5496 hic
901 5443 1190 5514 Nicep/zori
1217 5450 1536 5514 patriarcha:
1573 5453 1822 5522 primarii
1856 5455 1924 5511 de
1953 5457 2057 5514 hac

479 5533 706 5602 epistola
755 5535 1022 5606 judicium
1076 5539 1399 5596 flammandi
1439 5546 1712 5600 sententia:
1767 5550 2055 5619 praeferre,

479 5625 650 5689 nulla,
689 5627 884 5699 inquit,
923 5631 1124 5685 invidia
1147 5643 1245 5688 est.
1271 5635 1340 5689 At
1368 5651 1476 5690 non
1505 5636 1596 5692 hic
1621 5637 1687 5693 de
1710 5639 1936 5708 invidia,
1962 5645 2054 5699 sed

478 5719 546 5774 de
575 5733 787 5790 recepta
817 5721 876 5776 S.
907 5721 1192 5795 Polycarpt
1217 5731 1544 5784 auctoritate
1571 5731 1857 5801 quaeritur.
1885 5733 2058 5789 Ham-

475 5811 741 5868 mondum
772 5828 897 5871 cum
923 5813 1232 5887 Nicephoro
1270 5834 1379 5875 non
1409 5835 1794 5892 comparamus
1829 5841 1844 5878 :
1888 5823 2052 5882 Nice-

2166 4620 2324 4712 plura
2357 4623 2594 4679 addere:
2626 4627 2789 4696 igitur
2820 4630 2872 4684 in
2903 4647 2966 4686 ea
2992 4636 3156 4689 verba
3185 4637 3755 4712 desinebatepistola.

2164 4710 2354 4783 Neque
2375 4714 2518 4768 cnim
2551 4718 2854 4786 putandum
2886 4733 2972 4777 cst
3011 4723 3374 4798 Polycarpum
3409 4710 3566 4801 plura
3601 4738 3755 4789 scri-

2166 4805 2293 4859 bere
2316 4807 2578 4877 voluisse,
2608 4825 2773 4878 quam
2820 4815 3157 4881 permitteret
3198 4817 3468 4877 Datianus!
3502 4823 3668 4882 Certe
3702 4831 3755 4885 si

2165 4899 2270 4952 hac
2309 4899 2426 4970 lege
2480 4902 2533 4956 in
2593 4904 2842 4972 epistolis
2881 4911 3156 4967 veteribus
3201 4915 3279 4967 uti
3326 4916 3517 4984 liceat,
3548 4934 3756 4980 omnes

2164 5006 2302 5060 pene
2329 4993 2609 5061 clausula},
2638 5015 2759 5067 qua:
2798 5017 2944 5057 nunc
2970 5014 3209 5071 exstant,
3255 5020 3417 5064 erunt
3462 5012 3621 5069 nobis
3646 5031 3756 5071 ex-

2163 5088 2487 5155 pungentlze.
2530 5089 2723 5146 Nonne
2765 5110 2960 5150 versus
3013 5097 3239 5154 ultimus
3288 5103 3490 5171 capitis
3538 5105 3756 5164 decimi

2163 5179 2340 5248 quinti
2375 5179 2633 5265 Epistola:
2665 5185 2730 5238 ad
2763 5184 3044 5245 Romanos
3072 5190 3245 5246 :Dcus
3277 5205 3454 5249 autem
3480 5201 3629 5265 pacis
3675 5203 3756 5255 sit

2159 5286 2282 5323 cum
2328 5274 2568 5329 omnibus
2615 5277 2780 5345 vobis,
2820 5279 3006 5349 Amen,
3051 5281 3441 5343 decentissima
3492 5290 3756 5350 clausula

2161 5374 2264 5428 est,
2296 5374 2470 5420 totum
2507 5368 2672 5438 igitur
2695 5379 2860 5440 caput
2899 5373 3173 5430 decimum
3213 5389 3429 5434 sextum
3470 5382 3578 5436 erit
3613 5399 3753 5441 era-

2160 5455 2420 5510 dendum.
2467 5457 2659 5514 Nonne
2707 5477 2898 5518 versus
2937 5465 3166 5523 ultimus
3207 5471 3354 5523 tertii
3394 5474 3591 5542 capitis
3615 5474 3747 5548 Epi-

2161 5548 2316 5602 stula:
2358 5549 2424 5603 ad
2469 5549 2787 5620 Ephesios:
2825 5554 2940 5624 Ipsi
2980 5557 3154 5627 gloria
3197 5562 3254 5615 in
3288 5561 3553 5631 Ecclesia,
3589 5578 3640 5621 et
3690 5571 3747 5627 iu

2161 5641 2375 5696 Christo
2406 5643 2560 5711 Jesu,
2599 5647 2653 5700 in
2687 5665 2864 5703 omnes
2894 5655 3256 5721 generationes
3295 5661 3482 5712 swculi
3509 5665 3718 5720 swculo
3747 5694 3752 5701 -

2161 5751 2303 5802 rum,
2336 5737 2524 5806 Amen,
2565 5740 2959 5800 decentissima
3007 5747 3254 5805 clausula
3284 5752 3407 5807 est?
3447 5754 3529 5810 An
3569 5757 3745 5829 igitur

2162 5829 2263 5883 tria
2296 5831 2506 5902 reliqua
2540 5834 2717 5905 capita
2747 5852 2847 5908 pro
2889 5840 3092 5899 assulis
3124 5853 3253 5900 sunt
3290 5845 3588 5906 habenda?
3619 5850 3760 5910 ωε,

3804 1259 3817 1306 ι
