3864 6204
124 297 222 352 157

870 296 921 352 J.
965 294 1332 353 PEARSONII
1375 293 1696 350 VINDICUE
1738 293 2160 352 IGNA'I‘IANAI.
2203 325 2272 334 —
2304 294 2486 350 PARS
2518 293 2561 350 ἰ.

3299 295 3398 350 138

119 388 278 471 mens
307 414 616 481 Romanus,
650 417 893 486 cpistola:
923 419 988 471 ad
1021 417 1338 472 Corinthios
1379 418 1580 488 pagina
1616 418 1710 484 29,
1741 439 1786 494 Δ
1814 420 2000 488 piatis.
2031 415 2310 472 Continent
2330 419 2471 471 enim
2499 417 2562 472 de
2586 418 2691 488 ﬁde
2722 427 2772 473 et
2796 420 3060 487 patientia
3083 420 3369 474 instructio

122 505 227 561 Per
273 505 467 562 Iesum
508 506 808 573 Christum,
859 509 1060 579 inquit,
1106 511 1192 563 cui
1231 509 1402 581 gloria
1449 511 1620 563 omnis
1667 519 1718 564 et

122 601 529 670 magniﬁcentia
566 602 624 655 in
665 603 866 657 saecula
909 602 1248 658 saeculorum.
1293 605 1482 657 Amen.
1526 600 1720 658 Nonne

123 693 240 746 haec
266 692 668 750 decentissima
702 695 952 750 clausula
987 695 1115 750 est?
1151 695 1322 766 Igitur
1351 695 1718 766 quadraginta

119 795 336 854 septem
385 788 606 859 pagina:
662 795 795 844 sunt
835 797 1058 844 assulas.
1104 788 1368 844 Eamdem
1410 787 1716 844 clausulam

121 876 395 933 habemus
431 895 558 950 pag.
598 881 694 948 41,
734 879 824 947 50,
866 881 956 946 57,
989 882 1080 946 59,
1109 881 1203 946 66,
1239 881 1343 948 75;
1375 896 1516 951 Opus
1552 881 1720 953 igitur

115 971 226 1024 erit
255 969 564 1028 Marcionis
589 975 884 1039 machara,
925 982 986 1029 ut
1030 974 1146 1028 haec
1181 983 1237 1028 et
1265 973 1469 1029 similia
1508 975 1717 1028 rescin-

116 1063 351 1119 dantur.
401 1063 480 1120 Ea
516 1065 766 1136 quidem,
814 1082 938 1136 qua:
980 1076 1288 1136 sequuntur
1335 1067 1713 1122 testimonium

115 1170 402 1223 nostrum,
437 1159 656 1215 admitti
697 1175 863 1230 posse
906 1163 1002 1226 ait,
1048 1162 1175 1216 licet
1205 1161 1592 1218 decentissima
1623 1163 1716 1219 illa

113 1251 370 1305 clausula
399 1253 771 1321 praecesserit.
795 1253 863 1308 At
885 1254 930 1308 si
951 1262 1076 1324 post
1099 1254 1540 1311 decentissimam
1566 1256 1718 1312 clau-

111 1342 298 1398 sulam
338 1344 549 1413 aliquid
578 1344 798 1400 admitti
827 1346 1022 1416 possit,
1045 1361 1148 1401 cur
1167 1361 1275 1401 non
1304 1347 1441 1403 illud
1463 1349 1531 1404 de
1558 1348 1716 1419 lgna-

111 1436 229 1490 tio?
253 1436 342 1490 An
378 1438 474 1492 illa
507 1439 752 1496 absurde
780 1440 990 1496 inserta
1019 1450 1185 1512 atque
1221 1440 1421 1497 infulta
1450 1442 1560 1498 dici
1588 1459 1716 1514 pos-

111 1541 264 1598 sunt,
304 1548 434 1603 quae
465 1541 590 1604 post
635 1549 831 1589 omnes
874 1534 1148 1590 salutares
1195 1535 1602 1591 admonitiones
1644 1535 1714 1591 ad

111 1625 305 1691 fidem,
372 1627 698 1696 patientiam
763 1637 819 1683 et
871 1627 1294 1684 aedificationem
1342 1629 1712 1700 pertinentes,

109 1718 406 1786 speciatim
433 1719 504 1774 ad
530 1717 636 1774 ista
664 1721 1017 1790 respondent,
1041 1736 1165 1790 qua:
1187 1721 1294 1791 ipsi
1316 1721 1385 1776 ad
1405 1736 1548 1792 quos
1574 1722 1714 1776 scri-

1822 524 1937 560 nem
1969 509 2255 578 perfectam
2286 509 2571 562 secundum
2613 508 2829 562 Domini
2858 521 3196 580 praeceptum.
3233 510 3397 564 Ense-

1821 598 1971 654 bium
2022 615 2091 654 ex
2139 599 2374 670 cpistola
2423 599 2740 672 Polycarpi,
2793 617 2918 672 quae
2974 611 3107 658 tunc
3151 603 3398 657 omnium

1819 693 2080 749 manibus
2112 694 2425 759 tenebatur,
2469 695 2586 750 haec
2620 696 2740 767 ipsa
2778 697 2947 753 verba
2984 697 3402 768 transeripsisse

1819 787 2132 852 credimus;
2179 796 2296 841 tum
2329 788 2476 857 quod
2527 787 2646 857 ipse
2689 789 2794 844 hoc
2832 798 3067 854 asserat,
3101 799 3216 844 tum
3252 789 3398 860 quod

1819 878 1874 934 in
1903 881 2072 934 veteri
2096 879 2319 948 vulgata
2346 879 2603 936 versione
2625 881 2872 950 epistola:
2895 881 2953 936 S.
2975 880 3262 953 Polycarpi
3285 882 3402 936 haec

1817 969 2120 1028 etiamnum
2175 971 2422 1042 legamus
2469 988 2484 1024 :
2532 971 2803 1042 Epistolas
2858 991 2986 1028 sane
3034 973 3239 1045 lgnatii
3281 990 3402 1045 qua:

1819 1065 2148 1118 transmissi:
2167 1074 2290 1118 sunt
2307 1065 2450 1120 vobis
2467 1068 2590 1136 (pro
2611 1067 2783 1136 nobis)
2813 1067 2879 1120 ab
2892 1083 2971 1130 eo,
2990 1078 3040 1121 et
3055 1068 3216 1136 alias,
3229 1086 3401 1138 quan-

1817 1167 2108 1227 tuscunque
2139 1157 2280 1226 apud
2323 1173 2418 1211 nos
2447 1158 2753 1225 habuimus,
2799 1157 3196 1214 transmisimus
3229 1159 3397 1224 vobis,

1817 1251 2107 1306 secundum
2135 1251 2275 1321 quod
2317 1251 2636 1317 mandastis,
2670 1267 2788 1322 quo:
2819 1261 2943 1306 sunt
2987 1251 3236 1321 subjecta:
3278 1252 3401 1305 huic

1815 1343 2055 1413 cpiston
2096 1359 2117 1398 :
2148 1359 2215 1398 ea:
2252 1342 2444 1414 quibus
2496 1360 2720 1414 magnus
2761 1345 2906 1398 vobis
2957 1345 3057 1399 erit
3106 1344 3395 1414 profectus.

1818 1433 2101 1490 Continent
2131 1436 2272 1490 enim
2310 1435 2491 1504 ﬁdem,
2532 1436 2870 1506 patientiam,
2906 1446 2958 1490 et
2987 1453 3188 1490 onmem
3225 1436 3400 1506 aediﬁ-

1816 1527 2075 1582 cationem
2124 1527 2196 1580 ad
2241 1526 2530 1581 Dominum
2568 1537 2810 1582 nostrum
2854 1530 3236 1600 pertinentem;
3281 1539 3396 1582 tmn

1816 1618 2058 1690 denique
2083 1619 2230 1689 quod
2275 1617 2529 1687 Photius,
2561 1621 2658 1691 qui
2710 1621 2854 1676 hanc
2887 1622 3062 1692 ipsam
3108 1620 3396 1690 epistolam

1815 1710 1966 1784 legit,
1987 1721 2043 1767 et
2068 1720 2355 1782 tantopere
2383 1712 2648 1776 laudavit,
2671 1713 2814 1768 idem
2839 1728 2949 1767 non
2977 1713 3215 1768 obscure
3235 1723 3398 1768 teste-

112 1809 212 1871 bit,
246 1809 454 1866 litteris
479 1809 598 1866 suis
619 1811 1077 1880 postulaverant?
1098 1811 1477 1883 Philippenses
1507 1812 1576 1867 ad
1605 1811 1713 1867 Po-

1817 1812 1925 1871 tur,
1958 1820 2084 1860 cum
2127 1805 2204 1860 ait
2237 1823 2251 1860 :
2299 1805 2461 1875 Λέγει
2496 1805 2554 1858 δὲ
2599 1805 2692 1860 καὶ
2733 1805 2835 1870 τὰς
2879 1806 3170 1870 ἐπιστολὰς
3212 1807 3397 1870 αὐτοῖς

111 1899 405 1971 lyearpum
438 1901 778 1972 scripserant
807 1903 875 1959 de
908 1903 1194 1959 mittendis
1227 1903 1427 1960 litteris
1455 1904 1572 1960 suis
1600 1905 1712 1960 An-

113 1993 408 2060 tiochiam,
431 2003 488 2049 et
507 2004 806 2050 oraverant
845 1994 1012 2050 etiam
1049 2005 1108 2050 ut
1127 1997 1390 2066 epistolas
1413 1996 1470 2052 S.
1497 1999 1710 2068 lgnatii,

112 2101 249 2156 quas
283 2087 439 2156 apud
467 2103 528 2142 se
553 2087 802 2154 haberet,
835 2089 904 2143 ad
935 2088 1087 2158 ipsos
1117 2088 1336 2144 mittere
1367 2089 1709 2160 dignaretur.

111 2177 308 2233 Nonne
335 2180 405 2232 ad
436 2179 603 2234 finem
631 2179 880 2250 epistola:
903 2182 1276 2250 responsoria:
1305 2192 1713 2254 peropportune

113 2271 327 2326 faceret
353 2270 723 2343 Polycarpus,
753 2271 802 2328 si
841 2271 934 2326 illa
983 2283 1292 2342 reponeret,
1335 2289 1460 2345 quae
1491 2274 1597 2344 ipsi
1642 2275 1714 2332 ab

111 2382 178 2420 eo
206 2365 634 2436 efﬂagitabant?
655 2363 795 2420 Cum
825 2366 1089 2436 epistolas
1115 2365 1308 2436 lgnatii
1340 2382 1455 2423 sua:
1483 2368 1713 2439 subjun-

117 2457 315 2520 xisset,
350 2471 421 2510 an
447 2455 516 2510 de
547 2455 660 2512 illis
691 2456 822 2510 alibi
856 2456 1040 2526 potius
1076 2457 1378 2527 quidquam
1422 2458 1708 2524 scriberet,

113 2565 281 2618 quam
314 2549 385 2603 ad
433 2548 602 2603 linem
631 2549 879 2619 epistola:
909 2564 1047 2615 suae,
1093 2549 1181 2603 cui
1228 2565 1423 2604 earum
1465 2567 1711 2620 συναγω-

115 2642 219 2710 γὴν
250 2641 673 2711 subjunxerat?
705 2639 852 2694 Nihil
900 2641 988 2696 his
1017 2649 1167 2697 certe
1205 2650 1302 2696 aut
1340 2643 1418 2697 rei
1449 2643 1574 2713 ipsi,
1615 2651 1714 2699 aut

113 2734 258 2787 mori
307 2733 601 2789 hominum
649 2733 704 2788 in
750 2732 1170 2790 conscribendis
1213 2735 1464 2805 epistolis
1509 2749 1714 2793 conve-

111 2827 365 2882 nientius
388 2827 695 2898 excogitari
730 2836 930 2898 potest.

190 2917 359 2974 Levia
397 2919 578 2990 igitur
615 2921 733 2975 haec
774 2927 924 2985 sunt,
965 2919 1049 2974 vel
1090 2919 1210 2989 ipso
1254 2917 1458 2974 Dallaao
1484 2919 1706 2989 judice:

109 3011 207 3064 sed
235 3021 287 3064 et
332 3011 488 3065 aliud
516 3019 619 3077 est,
668 3012 870 3082 inquit,
910 3011 1078 3065 multo
1122 3011 1356 3083 gravius,
1393 3011 1534 3082 quod
1576 3012 1712 3066 hanc

109 3105 183 3158 de
211 3103 522 3175 Ignatianis
555 3105 878 3175 particulam
909 3122 1015 3159 non
1053 3106 1311 3170 auctoris,
1347 3106 1437 3159 sed
1478 3105 1710 3175 alicujus

112 3197 344 3250 alterius
369 3213 486 3252 esse
512 3198 714 3268 arguit.
741 3195 913 3251 Grave
938 3197 1158 3268 quidem
1184 3197 1313 3262 hoc,
1345 3198 1392 3253 si
1422 3214 1548 3254 vera
1574 3199 1707 3260 sint,

114 3303 241 3358 qua:
293 3290 556 3358 proximo
609 3290 790 3360 capite
838 3289 1040 3344 asserit
1086 3289 1479 3356 adversarius,
1535 3289 1711 3343 locum

118 3393 337 3448 nempe,
353 3395 471 3449 quo
498 3379 780 3451 lgnatiana
810 3381 1190 3446 nominantur,
1210 3380 1407 3451 insigni
1436 3381 1711 3436 mendacio

116 3472 412 3541 defamem
448 3488 596 3538 esse,
633 3481 690 3528 et
719 3488 845 3543 qua:
884 3473 1064 3543 capite
1094 3473 1165 3529 36
1197 3474 1403 3545 pariter
1438 3474 1708 3540 afﬁrmat,

122 3565 442 3637 Polycarpi,
477 3567 710 3634 scilicet,
754 3567 895 3636 quod
935 3567 1161 3636 aﬂ'ertur
1205 3567 1566 3622 testimonium
1601 3584 1713 3622 esse

116 3658 469 3713 subdititium
507 3659 887 3730 mendacioque
916 3660 1237 3730 inspersum.
1268 3658 1448 3716 Grave
1490 3659 1710 3730 quidem

117 3750 329 3805 crimen
365 3749 746 3816 mendacium,
776 3750 1084 3819 praesertim
1131 3751 1180 3806 si
1222 3749 1440 3820 insigne
1468 3749 1576 3817 sit,
1618 3765 1713 3804 ne-

116 3857 222 3912 que
258 3841 427 3897 video
461 3842 744 3912 quomodo
780 3842 1034 3898 excusari
1066 3842 1306 3913 possint,
1336 3841 1432 3913 qui
1462 3842 1714 3897 testimo-

117 3935 206 3989 nio
237 3944 484 3990 utuntur
513 3941 627 3988 tam
667 3935 821 4005 gravi
856 3934 1090 3991 crimine
1133 3935 1406 4006 inspersa.
1451 3933 1572 3991 Non
1620 3951 1714 3990 ne-

117 4027 388 4096 gligenter
411 4027 584 4096 igitur
603 4028 958 4098 quaerendum
983 4037 1071 4083 est
1092 4027 1210 4094 ubi,
1234 4027 1341 4083 hoc
1363 4027 1712 4084 mendacium

119 4119 358 4175 inveniri
390 4121 572 4190 possit
602 4139 616 4174 :
655 4134 790 4175 nam;
821 4129 991 4185 certe,
1027 4128 1086 4175 ut
1117 4135 1266 4175 nunc
1295 4135 1356 4177 se
1397 4135 1487 4176 res
1526 4120 1712 4187 habet,

121 4219 211 4266 aut
242 4213 302 4266 in
329 4209 666 4283 Polyearpo,
703 4221 802 4268 aut
836 4212 890 4268 in
915 4211 1177 4281 Eusebio,
1209 4222 1307 4270 aut
1335 4213 1393 4268 in
1416 4213 1717 4286 impostore

118 4301 332 4372 aliquo,
360 4310 464 4356 aut
497 4302 553 4356 in
587 4302 964 4358 testimonium
988 4301 1279 4372 aderente,
1314 4313 1412 4361 aut
1447 4303 1506 4359 in
1546 4319 1712 4374 repu-

118 4393 304 4450 diante
331 4393 690 4450 mendacium
721 4402 826 4451 est.

1826 1897 2090 1966 Ἰγνατίου
2128 1895 2226 1952 τοῦ
2274 1897 2534 1969 Θεοφόρου
2567 1897 2991 1964 ἀπεσταλκέναι,
3035 1899 3168 1952 dicit
3217 1909 3396 1953 autem

1815 1986 2198 2060 (Polycarpus)
2244 2005 2299 2043 se
2351 1989 2516 2043 etiam
2564 1985 2771 2059 lgnatii
2822 1990 3096 2060 theophori
3141 1991 3397 2060 epistolas

1812 2082 1943 2152 ipsis
1977 2082 2358 2136 transmisisse.
2393 2079 2511 2136 Hoc
2537 2082 2762 2136 unicum
2790 2083 3168 2137 testimonium
3194 2099 3262 2138 ex
3288 2083 3398 2137 Po-

1812 2175 2021 2246 lycarpi
2069 2175 2301 2245 epistola
2343 2173 2746 2245 depromimus,
2789 2174 2935 2245 quod
2982 2175 3396 2246 integerrimum

1811 2282 1937 2324 esse
1970 2279 2253 2338 putamus,
2293 2277 2349 2322 et
2383 2267 2472 2322 cui
2520 2269 2670 2322 nulla
2708 2284 2952 2338 unquam
2985 2269 3140 2325 labes
3170 2285 3398 2340 aspersa

1811 2369 1916 2427 est,
1949 2368 2243 2430 antequam
2277 2375 2308 2413 a
2354 2359 2565 2414 nostris
2602 2374 2701 2429 pro
2745 2358 3048 2430 lgnatianis
3092 2361 3391 2417 adducere-

1812 2464 1923 2511 tur.
1965 2453 2116 2510 Satis
2159 2455 2330 2526 igitur
2357 2471 2460 2512 nos
2490 2455 2644 2554 ipsos
2673 2470 2706 2510 a
2735 2455 3011 2512 mendacii
3043 2459 3278 2514 crimine
3309 2469 3388 2514 tu-

1815 2547 1913 2603 tati
1944 2562 2160 2603 sumus.

1887 2639 1947 2694 8.
1979 2638 2343 2712 Polycarpum
2377 2639 2480 2710 ipsi
2507 2640 2577 2695 ab
2607 2640 2760 2695 omni
2790 2642 3109 2711 suspicione
3136 2641 3394 2707 liberant,

1812 2729 1937 2786 ideo
1963 2731 2112 2786 enim
2157 2733 2350 2787 volunt
2391 2733 2508 2787 haec
2537 2748 2568 2787 a
2599 2731 2902 2804 Polycarpo
2927 2733 3152 2788 minime
3192 2734 3394 2805 scripta

1814 2823 2012 2890 fuisse,
2055 2825 2205 2894 quod
2239 2824 2309 2878 ab
2347 2823 2468 2894 ejus
2494 2824 2784 2894 prudentia
2817 2833 2982 2894 atque
3013 2826 3304 2882 sanctitate
3332 2844 3396 2881 ea

1814 2916 2056 2971 maxime
2106 2916 2405 2971 abhorrere
2456 2917 2816 2971 arbitrantur.
2873 2915 3013 2983 Quid
3071 2918 3282 2988 igitur?
3325 2934 3396 2972 an

1814 3009 2080 3063 mentitus
2109 3016 2194 3063 est
2223 3007 2516 3072 Eusebius,
2549 3018 2602 3062 et
2629 3023 2693 3061 ea
2727 3008 2886 3063 nobis
2922 3010 3167 3076 tradidit,
3189 3025 3314 3081 qua:
3343 3011 3394 3064 in

1813 3101 2044 3170 epistola
2070 3099 2354 3172 Polycarpi
2393 3117 2494 3156 sua
2522 3109 2684 3157 astate
2715 3103 2943 3157 minime
2968 3103 3400 3173 comparebant?

1812 3192 1894 3246 An
1922 3193 2013 3248 ille
2044 3194 2278 3249 lectores
2317 3192 2506 3248 fallere
2545 3194 2785 3250 voluisse
2819 3195 3098 3266 putandus
3125 3204 3211 3251 est
3241 3196 3295 3249 in
3339 3211 3396 3249 re

1814 3291 1926 3337 tam
1965 3292 2153 3354 aperta
2196 3293 2251 3338 et
2297 3283 2558 3339 omnibus
2602 3292 2734 3338 tunc
2761 3285 3028 3356 temporis
3071 3286 3399 3342 notissima?

1813 3373 2006 3430 Nonne
2033 3375 2264 3445 epistola
2298 3375 2587 3448 Polycarpi
2619 3378 2672 3430 in
2700 3387 2973 3432 conventu
3003 3377 3150 3434 Asiae
3177 3379 3398 3449 publice

1813 3467 1952 3523 lecta
1976 3467 2100 3534 fuit,
2124 3482 2250 3522 cum
2269 3463 2567 3523 Historiam
2597 3484 2754 3524 suam
2786 3469 3066 3524 scribebat
3089 3467 3400 3526 Eusebius?

1813 3559 1898 3614 An
1927 3560 2255 3615 sententiam
2282 3560 2422 3615 bene
2448 3559 2668 3631 longam
2692 3559 2810 3630 ipse
2831 3561 3178 3616 comminisci
3201 3560 3396 3628 voluit,

1813 3660 1867 3706 et
1891 3652 2140 3722 epistola:
2160 3651 2425 3717 inserere,
2455 3652 2521 3707 ad
2550 3653 2711 3707 tidem
2737 3651 3037 3723 lgnatianis
3064 3651 3394 3722 faciendam,

1815 3746 1932 3800 suis
1969 3745 2383 3816 derogandam‘!
2428 3743 2546 3801 Hoc
2593 3747 2760 3800 etiam
2799 3745 2966 3802 nimis
3001 3762 3254 3802 crassum
3289 3763 3397 3818 pu-

1817 3845 1965 3903 tant;
2000 3852 2178 3907 neque
2218 3836 2609 3909 Polycarpum,
2633 3836 2819 3908 'neque
2859 3837 3161 3894 Eusebium
3197 3840 3399 3896 menti-

1815 3938 1930 3984 tum
1965 3931 2174 3998 voluit;
2223 3932 2319 3987 sed
2370 3931 2729 4001 impostorem
2771 3932 2964 3988 nescio
3005 3948 3194 4004 quem,
3232 3948 3396 4004 quem

1815 4031 1946 4078 ante
1987 4022 2285 4079 Eusebium
2331 4025 2539 4080 vixisse
2583 4024 2958 4090 hariolantur,
3001 4027 3096 4081 sed
3131 4042 3295 4096 quem
3343 4027 3400 4084 in

1814 4115 1958 4170 vivis
1987 4131 2258 4186 unquam,
2291 4132 2392 4172 nec
2424 4117 2540 4184 ille,
2574 4133 2677 4172 nec
2704 4119 2848 4173 alius
2874 4118 3177 4189 quispiam,
3224 4118 3401 4176 fuisse

1814 4209 2123 4277 praestabit.
2155 4208 2250 4266 Ille
2276 4221 2460 4266 autem
2491 4209 2632 4265 falso
2659 4219 2714 4266 et
2755 4209 2905 4266 vafre
2935 4221 3110 4267 totum
3144 4221 3397 4268 nostrum

1817 4299 2195 4355 testimonium
2249 4301 2416 4357 alicui
2464 4302 2712 4372 epistola:
2753 4300 3169 4374 Polycarpiana:
3207 4318 3401 4358 exem-

1816 4392 1957 4462 plari
1994 4393 2275 4449 inseruit:
2323 4403 2379 4449 et
2421 4396 2608 4450 statim
2652 4404 2750 4450 aut
2794 4397 2848 4450 in
2887 4395 3210 4466 impostoris
3241 4405 3403 4451 auto-

183 4484 380 4542 Primo
411 4487 580 4558 igitur
607 4503 710 4542 nos
729 4487 821 4558 qui
840 4486 1215 4544 testimonium
1239 4485 1591 4558 proferimus,
1611 4502 1712 4542 nos
1745 4506 1791 4563 ο
1819 4486 2111 4554 graphum,
2144 4495 2241 4540 aut
2263 4486 2317 4540 in
2345 4485 2592 4541 libellum
2623 4488 2863 4558 aliquem
2907 4487 2976 4542 ab
3002 4487 3096 4542 illo
3136 4488 3404 4542 transcri-

119 4580 273 4650 ipsos
300 4581 374 4634 ab
398 4580 506 4634 hoc
527 4579 760 4634 crimine
781 4587 970 4650 aperte
998 4579 1379 4636 liberabimus.
1397 4577 1526 4635 Hec
1545 4579 1712 4634 verba

116 4673 312 4728 Graece
364 4687 435 4726 ex
485 4669 724 4726 Eusebio
769 4671 892 4727 sine
931 4671 1046 4726 ullo
1089 4671 1217 4728 dolo
1268 4672 1710 4737 transcribimus,

121 4762 270 4818 Hist.
317 4763 451 4817 eccl.
491 4764 528 4817 i.
578 4779 662 4824 Ill.
699 4778 752 4818 c.
796 4763 868 4818 56
905 4781 919 4817 :
964 4763 1078 4828 Τὰς
1111 4763 1402 4828 ἐπιστολὰς
1452 4764 1712 4834 ἰγνατίου

115 4856 216 4919 τὰς
246 4855 603 4927 πεμφθείσας
636 4856 763 4926 ἡμῖν
793 4855 888 4909 ἀπ’
915 4855 1104 4921 αὐτοῦ,
1140 4857 1235 4910 καὶ
1278 4855 1446 4920 ἄλλας
1473 4856 1606 4919 ὅσας
1637 4855 1715 4908 εῖ-

118 4968 292 5021 χομεν
338 4950 478 5020 παρ’
522 4950 678 5019 ἡμῖν,
722 4947 1052 5020 ἐπέμψαμεν
1085 4949 1237 5019 ὑμῖν,
1286 4947 1471 5012 καθὼς
1511 4947 1712 5001 ἐνετεί-

119 5044 318 5110 Iaces,
373 5043 441 5098 ai.’
481 5059 630 5106 τινες
683 5041 1128 5113 ἀτωτεταγμέναι
1176 5042 1284 5096 εἰσὶ
1330 5043 1399 5112 τῇ
1454 5041 1712 5112 ἐπιστολῇ

118 5135 315 5207 ταύτῃ,
359 5133 428 5198 ἐξ
462 5125 542 5187 ὧν
585 5134 798 5204 μεγάλα
825 5131 1174 5205 ὠφεληθῆναι
1200 5131 1522 5203 δυνήσεσθε·
1555 5149 1714 5204 περι-

120 5225 301 5296 έχωσι
323 5225 442 5295 γὰρ
467 5225 652 5278 πίστιν
671 5227 765 5280 καὶ
791 5224 1090 5296 ὑπομονὴν,
1111 5225 1205 5278 καὶ
1229 5226 1410 5280 πᾶσαν
1427 5225 1717 5298 οἰκοδομὴν

121 5317 214 5389 τὴν
241 5319 325 5382 εἰς
347 5316 450 5370 τὸν
480 5316 684 5389 Κύριον
704 5317 863 5389 ἡμῶν
889 5319 1222 5390 ἀνήκουσαν.
1248 5315 1374 5373 Ιίειξο
1406 5317 1573 5372 verba
1595 5333 1718 5386 qua:

125 5425 270 5465 nunc
320 5411 379 5464 in
430 5407 675 5464 Eusebio
725 5410 982 5480 legimus,
1037 5409 1106 5462 ab
1143 5409 1265 5478 ipso
1308 5407 1481 5462 fuisse
1512 5407 1718 5476 scripta

125 5519 229 5558 non
264 5503 599 5559 dubitamus
634 5521 648 5558 :
675 5505 758 5558 sic
781 5504 929 5558 enim
958 5518 1022 5558 ea
1054 5504 1199 5558 intra
1225 5517 1401 5558 annos
1429 5500 1499 5556 85
1521 5518 1554 5556 a
1596 5498 1718 5553 Ru-

129 5596 252 5659 tlno,
281 5597 421 5651 licet
450 5595 812 5666 negligenter,
842 5611 1001 5651 versa
1025 5595 1274 5650 videmus
1299 5616 1310 5646 :
1333 5591 1550 5648 Mittam
1576 5594 1718 5648 vobis

130 5699 175 5743 et
201 5689 410 5761 Igrtatii
441 5689 724 5758 epistolas,
751 5700 800 5742 et
833 5689 971 5744 alias
1001 5691 1050 5743 si
1071 5705 1188 5761 quae
1211 5691 1341 5754 sint,
1377 5703 1497 5781 θυαε
1523 5685 1594 5740 ad
1625 5701 1718 5742 nos

137 5785 466 5838 transmissa:
494 5792 617 5835 sunt
643 5799 661 5845 ;
686 5799 752 5836 ea:
778 5783 966 5851 quibus
995 5783 1282 5838 utilitatcm
1312 5781 1603 5836 maximam
1628 5796 1718 5835 ca-

409 5878 688 5940 ΡΑτιιοι..
746 5877 860 5938 Gn.
897 5875 972 5936 ν.

1817 4587 1972 4646 ptum
2018 4577 2230 4644 incidit,
2259 4594 2368 4634 non
2397 4577 2540 4635 forte
2583 4580 2676 4635 sed
2721 4580 3049 4647 certissime,
3089 4577 3400 4647 Eusebius;

1815 4683 1942 4724 cum
1971 4669 2138 4740 igitur
2174 4671 2323 4725 aliud
2356 4672 2640 4742 exemplar
2670 4688 2781 4728 non
2812 4672 3042 4738 videret,
3078 4681 3134 4727 et
3169 4673 3302 4743 quid
3345 4673 3402 4728 in

1815 4760 1962 4816 Asia:
1991 4772 2264 4818 conventu
2295 4763 2569 4835 legeretur
2600 4765 2897 4835 ignoraret,
2931 4765 2985 4818 in
3019 4763 3226 4819 foedum
3251 4781 3404 4818 erro-

1817 4869 1933 4908 rem
1964 4854 2223 4925 delapsus
2249 4866 2336 4912 est
2374 4857 2768 4912 Ecclesiastica:
2795 4857 3035 4912 historia:
3068 4856 3251 4912 Pater.
3299 4854 3406 4911 Ne-
3445 4897 3456 4910 .

1816 4962 1925 5016 que
1957 4947 2196 5014 mirum;
2243 4957 2364 5003 erat
2391 4950 2594 5021 quippe
2633 4951 2886 5022 egregius
2929 4948 3128 5005 artifex
3166 4949 3258 5004 hic
3300 4949 3407 5003 im-

1817 5049 2044 5108 postor;
2072 5039 2216 5094 idem
2248 5041 2417 5105 enim,
2452 5057 2629 5112 neque
2652 5043 2948 5114 quisquam
2981 5041 3123 5097 alius
3156 5039 3280 5101 fuit.
3305 5041 3401 5111 qui

1819 5147 1915 5187 sex
1941 5132 2025 5186 vel
2051 5141 2259 5202 septem
2290 5133 2556 5202 epistolas
2589 5149 2623 5188 a
2652 5149 2713 5190 se
2736 5133 3002 5190 conﬁctas
3037 5132 3247 5203 lgnatio
3269 5132 3402 5186 sub-

1819 5224 1978 5291 didit,
2006 5233 2056 5279 et
2091 5226 2203 5280 ha'c
2225 5223 2289 5280 de
2318 5223 2637 5296 quibusdam
2678 5224 2879 5296 lgnatii
2909 5242 2942 5278 a
2980 5222 3278 5294 Polycarpo
3302 5223 3401 5276 lit-

1821 5317 1948 5371 teris
1975 5315 2134 5385 hujus
2171 5316 2242 5370 ad
2272 5317 2635 5388 Philippenses
2673 5326 2922 5371 extrema:
2953 5314 3195 5384 epistola:
3222 5313 3407 5369 subte-

1818 5412 1959 5475 xuit,
1985 5421 2156 5476 ratus,
2180 5407 2320 5480 quod
2340 5408 2556 5472 accidit,
2580 5408 2795 5462 lectores
2817 5409 2926 5462 lucc
2943 5408 3008 5462 de
3030 5409 3142 5462 suis
3164 5406 3404 5478 epistolis

1820 5511 2149 5572 accepturos.
2202 5500 2380 5572 Hujus
2420 5500 2659 5556 fallaciis
2689 5501 2954 5571 deceptus
2982 5510 3067 5556 est
3109 5499 3406 5560 Eusebius,

1822 5604 1884 5650 ut
1918 5593 2158 5660 videtur,
2210 5592 2294 5647 vir
2341 5593 2568 5648 minime
2616 5592 2824 5660 malus,
2865 5603 2964 5648 aut
3008 5591 3303 5662 suspicax;
3352 5591 3405 5642 in

1821 5685 2078 5741 eumdem
2131 5699 2376 5740 errorem
2419 5683 2637 5741 induxit
2678 5700 2872 5740 omnes
2919 5699 3015 5741 eos
3056 5681 3266 5746 Patres,
3312 5679 3408 5751 qui

1824 5779 1959 5834 dum
1993 5777 2224 5850 epistola
2268 5775 2555 5849 Polycarpi
2589 5778 2644 5834 in
2689 5785 2962 5834 conventu
3007 5774 3152 5828 Asia:
3190 5771 3406 5843 publice

3052 5868 3091 5930 ὃ
