3878 6210
495 294 591 353 138

1543 298 1600 353 S.
1640 296 1989 356 IGNATIUS.
2025 329 2094 340 —
2135 300 2668 359 PROLEGOMENA.

3661 301 3762 355 “0

491 433 784 493 tegeretur,
811 423 1018 489 vixere,
1045 423 1247 492 quique
1285 423 1572 493 epistulam
1603 423 1872 493 integram
1905 432 1958 477 et
1990 423 2072 477 iu-
2105 441 2151 498 Α
2179 425 2436 481 dentibus
2463 435 2666 481 etcum
2713 423 3071 496 sequentibus
3107 424 3378 494 congruit.
3411 437 3592 493 neque
3624 423 3764 476 inter

425 518 436 526 ’
490 525 808 585 corruptam
865 516 1048 568 videre
1096 531 1378 585 nunquam
1441 524 1758 584 potuerunt.
1806 515 1876 568 At
1919 524 2075 584 post—

490 622 656 678 quam
674 623 736 660 ea
762 607 864 677 legi
880 607 1059 668 desiit,
1073 607 1386 676 quingentis
1416 615 1541 676 post
1567 605 1862 662 Eusebium
1888 607 2070 674 annis,

491 699 678 753 omnia
707 699 825 754 haec
855 698 991 754 vidit
1031 695 1397 768 Nicephorus,
1432 699 1668 768 ideoque
1709 708 1818 753 tam
1856 700 2069 754 tristem

489 791 815 845 sententiam
848 790 915 844 de
943 789 1230 862 Polycarpi
1257 791 1487 860 epistola
1524 792 1667 856 tulit,
1699 801 1754 846 et
1787 793 1928 846 inter
1952 808 2073 862 pes-

489 884 644 936 simae
696 895 837 937 nota:
884 883 1192 954 apocrypha
1242 883 1574 938 numeravit.
1631 881 1776 937 Proh
1834 883 2070 954 lepidam

489 975 772 1030 fabulam!
820 975 962 1030 Proh
1007 991 1175 1032 suave
1219 975 1530 1031 somnium!
1570 973 1695 1029 Haec
1733 976 1918 1030 omnia
1963 991 2068 1030 non

488 1079 701 1124 tantum
742 1079 935 1124 contra
967 1078 1240 1132 nostrum,
1279 1067 1373 1122 sed
1400 1077 1455 1122 et
1483 1081 1780 1121 commune
1817 1068 2068 1121 omnium

482 1165 776 1235 judicium,
802 1163 914 1217 imo
935 1172 1128 1218 contra
1160 1161 1333 1231 ipsius
1363 1159 1549 1215 Dallaei
1578 1161 1906 1215 sententiam
1937 1175 2072 1216 con-

485 1258 610 1310 ficta
655 1264 805 1310 sunt.
838 1253 1221 1323 Quisquamne
1269 1251 1457 1306 credet
1510 1252 1786 1306 hominem
1829 1250 1922 1320 qui
1966 1252 2072 1307 sub

486 1347 680 1418 Ignatii
712 1345 936 1400 nomine
959 1343 1221 1398 Ecclesia:
1245 1344 1527 1412 imponere
1549 1342 1746 1404 voluit,
1772 1351 2082 1412 antequam

485 1439 760 1493 Eusebius
810 1437 1100 1502 scriberet,
1148 1436 1253 1491 sub
1298 1437 1460 1490 linem
1507 1435 1653 1490 tertii
1704 1443 1802 1489 aut
1850 1435 2066 1490 initittm

482 1533 666 1601 quarti
717 1531 928 1593 sa-culi,
967 1541 1028 1584 ut
1071 1529 1123 1584 id
1157 1528 1374 1584 facilius
1417 1525 1642 1592 faceret,
1692 1527 2069 1598 maioremque

483 1623 867 1678 auctoritatem
899 1623 1046 1677 fictis
1077 1621 1194 1676 suis
1227 1620 1605 1676 mercimoniis
1635 1620 1974 1688 conciliaret,
2005 1619 2064 1675 S.

479 1715 769 1787 Polycarpi
820 1715 1111 1785 epistolam
1148 1713 1330 1784 primo
1373 1728 1732 1783 corrumpere
1781 1714 2064 1778 voluisse;

480 1825 607 1863 cum
651 1825 718 1863 ex
759 1809 849 1864 illa
897 1823 1003 1862 una
1041 1822 1101 1862 te
1144 1807 1266 1876 ejus
1310 1804 1528 1860 fallacia
1571 1805 1831 1860 omnibus
1881 1815 2068 1876 aperta
2103 1796 2144 1853 Β

479 1901 644 1966 foret,
679 1901 1059 1970 majurcmque
1085 1897 1154 1952 de
1184 1895 1482 1968 lgnatianis
1509 1895 1580 1950 ab
1605 1894 1728 1965 ipso
1755 1895 2067 1965 producen-

478 1996 566 2050 dis
597 1993 968 2064 suspicionem
1016 1991 1286 2052 excitare,
1328 1997 1384 2043 ct
1427 1988 1671 2058 scipsum
1704 1989 1910 2043 certius
1941 2003 2069 2058 pro-

477 2089 610 2141 dere
634 2103 742 2141 non
777 2085 1010 2155 posset?
1047 2083 1338 2155 Polycarpi
1362 2083 1509 2137 enim
1542 2083 1658 2138 haec
1687 2081 1918 2153 epistola
1948 2097 2068 2136 om-

478 2180 646 2235 nibus
688 2178 794 2234 fuit
834 2177 1110 2248 exposita,
1152 2176 1207 2230 in
1251 2175 1504 2230 ecclesiis
1545 2174 1806 2230 Asiaticis
1850 2174 2068 2244 publice

478 2273 657 2339 lerta;
697 2273 788 2327 cui
829 2271 874 2326 si
921 2270 1055 2340 quid
1101 2284 1304 2324 novum
1353 2277 1402 2324 et
1454 2268 1721 2323 hactenus
1757 2267 2064 2322 inauditum

479 2367 796 2434 adderetur,
829 2366 1021 2431 latere,
1053 2375 1109 2420 et
1149 2379 1258 2419 non
1294 2362 1547 2434 protinus
1572 2361 1921 2417 innotescere
1957 2375 2064 2414 non

477 2459 675 2529 potuit.
708 2458 915 2512 Fatuus
945 2473 1079 2513 sane
1112 2455 1407 2526 impostor,
1441 2456 1539 2524 qui
1581 2454 1700 2508 hate
1735 2462 1846 2509 tam
1878 2452 2066 2524 pueri-

476 2552 601 2606 liter
628 2551 966 2621 excogitaret
998 2569 1012 2603 :
1057 2549 1261 2618 fungus
1299 2546 1592 2612 Eusebius,
1635 2545 1730 2616 qui
1763 2554 1874 2600 tam
1909 2546 2067 2601 adul-

475 2641 670 2697 teriuis
702 2642 981 2696 mercibus
1006 2648 1116 2695 tam
1143 2639 1306 2694 facile
1332 2639 1679 2708 deciperetur
1717 2656 1731 2692 :
1775 2638 1905 2692 caeci
1937 2652 2063 2694 sur-

475 2735 603 2788 dive
625 2749 820 2789 omnes
843 2732 1055 2796 Patres,
1083 2733 1178 2802 qui
1199 2732 1429 2801 epistola
1469 2746 1566 2801 per
1599 2730 1780 2786 Asiam
1809 2739 2062 2799 sonante,

477 2825 594 2879 haec
641 2839 751 2879 non
795 2823 1281 2894 deprehenderunt
1325 2841 1336 2876 :
1381 2822 1603 2887 unicus,
1648 2831 1702 2875 et
1750 2820 1841 2876 ille
1879 2822 2061 2886 fictus,

474 2916 818 2988 Nicephorus
862 2917 977 2971 haec
1015 2917 1224 2981 omnia,
1261 2915 1492 2978 scilicet,
1525 2913 1752 2982 detexit,
1795 2921 1849 2968 et
1889 2923 2061 2968 totam

477 3009 764 3082 Polycarpi
795 3010 1080 3079 epistolam
1107 3010 1172 3064 ad
1199 3009 1485 3065 scombros
1517 3007 1924 3063 condemnavit.
1955 3006 2063 3062 Sed

2175 533 2296 572 eam
2321 527 2376 573 et
2407 519 2573 572 ullam
2601 518 2762 571 aliam
2784 517 3033 586 epistola:
3057 515 3384 586 particulam
3412 515 3522 568 ulla
3550 514 3761 571 discre-

2175 611 2361 678 pantia
2398 618 2504 665 est.
2535 609 2715 665 Verba
2757 624 2880 680 quae
2918 607 3273 678 producimus
3313 607 3383 662 ab
3414 605 3659 662 Eusebio
3698 621 3761 657 ex

2176 702 2461 774 Polycarpi
2508 703 2739 773 epistola
2790 700 3124 770 transcripta
3165 714 3267 754 nec
3312 697 3584 770 lgnatium
3635 707 3764 750 tunc

2176 796 2439 866 temporis
2473 795 2528 850 in
2559 794 2722 859 vivis,
2758 809 2859 849 nec
2885 805 3162 847 mortuum
3199 790 3372 846 fuisse
3420 789 3762 861 significant.

2177 903 2279 942 nec
2299 887 2426 942 vita:
2449 896 2546 941 aut
2567 884 2721 940 necis
2745 883 3082 938 mentionem
3102 883 3270 937 ullam
3288 881 3530 936 faciunt:
3555 880 3764 950 episto-

2173 979 2256 1034 las
2303 988 2514 1034 tantum
2558 981 2739 1050 primo
2775 979 2997 1050 petitas,
3045 976 3171 1032 dein
3227 975 3426 1030 missas
3487 972 3768 1041 indicant,

2173 1087 2296 1143 qua:
2318 1071 2528 1143 lgnatio
2563 1073 2648 1128 vel
2680 1073 2897 1128 vivente
2923 1071 3005 1126 vel
3036 1078 3257 1126 mortuo
3285 1077 3341 1124 et
3378 1066 3489 1138 peti
3525 1076 3581 1122 et
3616 1067 3765 1120 mitti

2173 1174 2490 1235 p0tuerunt.
2531 1163 2754 1220 Nullum
2802 1165 2972 1236 igitur
3018 1163 3104 1217 vel
3146 1161 3435 1216 minimum
3484 1159 3764 1217 mendacii

2175 1258 2464 1330 vestigium
2503 1258 2560 1311 in
2596 1257 2918 1312 testimonio
2946 1264 3137 1309 nostro
3161 1243 3412 1323 apparet.
3444 1250 3503 1305 Si
3533 1250 3670 1321 quid
3705 1251 3762 1314 in

2172 1351 2424 1418 sequenti
2452 1349 2723 1419 particula
2752 1349 2936 1403 minus
2963 1359 3271 1416 congruum
3304 1343 3580 1410 videatur,
3621 1341 3763 1396 illud

2172 1460 2281 1499 non
2305 1443 2484 1513 magis
2507 1452 2697 1498 nostra
2734 1441 2900 1497 verba
2934 1440 3108 1496 inficit
3135 1454 3301 1511 quam
3335 1437 3540 1508 priora.
3572 1437 3640 1490 At
3674 1435 3763 1489 fa-

2173 1545 2317 1593 tetur
2345 1536 2581 1591 Dallteus
2614 1535 2748 1589 nihil
2781 1534 2834 1588 in
2864 1533 3145 1604 prioribus
3177 1546 3475 1594 occurrere,
3506 1529 3650 1600 quod
3679 1529 3762 1582 vel

2170 1647 2485 1702 quemquam
2511 1629 2793 1699 offendere,
2819 1628 2899 1683 vel
2925 1626 3224 1698 Polycarpo
3247 1626 3524 1696 indignum
3556 1623 3761 1676 censeri

2171 1724 2378 1779 debeat.
2418 1723 2562 1777 Idem
2607 1723 2780 1792 igitur
2807 1720 2875 1775 de
2905 1720 3114 1774 nostris
3157 1718 3387 1773 omnino
3436 1715 3759 1779 dicendum,

2171 1827 2268 1874 aut
2305 1817 2513 1888 aliquid
2545 1816 2598 1870 in
2632 1817 2702 1871 iis
2732 1815 2914 1870 verbis
2953 1811 3378 1878 ostendendum,
3406 1811 3556 1881 quod
3590 1809 3763 1880 Poly-

2171 1925 2341 1980 carpo
2370 1909 2442 1964 sit
2480 1907 2764 1978 indignum
2807 1923 2822 1961 :
2871 1905 3003 1960 illud
3035 1915 3217 1960 autem
3257 1919 3361 1959 nec
3391 1903 3472 1971 tit,
3504 1918 3608 1959 nec
3640 1903 3755 1957 fier'

2170 1998 2398 2054 omnino
2427 2005 2631 2070 potest.
2656 1996 2819 2052 Certe
2844 1995 3152 2068 Polycarpo
3189 1995 3474 2066 indignum
3509 2011 3619 2049 non
3649 2005 3759 2055 est.

2171 2098 2231 2146 ut
2253 2090 2514 2161 epistolas
2545 2088 2740 2161 lgnatii
2768 2091 2911 2160 apud
2939 2105 2999 2145 se
3033 2096 3404 2146 conservaret.
3436 2096 3499 2142 ut
3543 2085 3761 2156 Philip-

2168 2200 2367 2255 penses
2393 2199 2488 2240 eas
2525 2184 2595 2239 ab
2638 2184 2761 2254 ipso
2799 2191 3069 2253 peterent,
3117 2193 3212 2237 aut
3253 2190 3314 2237 ut
3347 2182 3417 2237 ab
3458 2182 3528 2238 iis
3558 2181 3761 2252 petitas

2169 2277 2429 2340 mitteret,
2474 2286 2530 2332 et
2580 2291 2695 2332 suae
2729 2277 2977 2346 epistola:
3016 2275 3396 2345 subjungerct,
3449 2277 3527 2330 uti
3584 2274 3760 2328 moris

2167 2381 2313 2436 erat;
2347 2370 2429 2425 sic
2460 2370 2609 2424 enim
2657 2370 2840 2425 clerus
2871 2368 3157 2424 Romanus
3187 2369 3252 2422 ad
3285 2366 3345 2422 S.
3375 2367 3713 2439 Cyprianum
3742 2385 3757 2420 :

2170 2460 2365 2527 Quales
2395 2461 2604 2516 litteras
2641 2462 2693 2516 in
2736 2460 2982 2516 Siciliam
3019 2477 3221 2531 quoque
3260 2460 3588 2526 miserimus,
3626 2458 3761 2514 sub-

2158 2553 2330 2624 jectas
2359 2553 2574 2608 habebis
2607 2568 2624 2606 :
2664 2553 2747 2608 sic
2777 2552 3022 2624 synodus
3062 2552 3330 2606 adversus
3369 2550 3602 2605 Paulum
3656 2549 3762 2603 Sa-

2167 2655 2514 2702 mosatenum
2553 2656 2781 2709 coacta,
2817 2645 2885 2700 ad
2930 2644 3254 2716 Dionysium
3293 2642 3557 2721 Romanae
3599 2645 3764 2698 urbis

2165 2739 2509 2808 episcopum,
2543 2737 2834 2808 epistolam
2865 2735 3114 2808 Dionysii
3146 2736 3501 2790 Alexandrini
3544 2749 3765 2789 memo-

2167 2839 2312 2896 rant,
2344 2825 2414 2902 ἦς
2456 2830 2552 2883 καὶ
2579 2829 2641 2882 τὸ
2669 2827 3027 2901 ἀντίγραφον,
3068 2829 3348 2898 inquiunt,
3381 2825 3762 2898 ὑπετάξαμεν,

2166 2921 2316 2991 cujus
2342 2923 2504 2975 exiam
2529 2919 2801 2989 exentplar
2826 2919 3171 2990 subjecimus.
3197 2917 3398 2974 Euseb.
3420 2916 3567 2973 Hist.
3597 2918 3760 2985 eccl.,

2166 3012 2203 3068 l.
2237 3030 2334 3080 vtt,
2359 3030 2411 3068 c.
2437 3012 2527 3068 30.

473 3121 544 3160 an
574 3114 796 3174 propter
830 3103 974 3158 hanc
1017 3103 1494 3173 interpolationem
1533 3099 1874 3171 Nicephorus
1903 3099 2064 3172 Poly-
2090 3142 2132 3199 Ο
2238 3107 2377 3163 Tota
2405 3107 2572 3179 igitur
2607 3107 2858 3162 criminis
2908 3106 3145 3178 objecrio
3195 3105 3264 3162 ad
3309 3105 3458 3161 illam
3511 3116 3764 3161 tantum-

472 3199 626 3268 carpi
659 3199 945 3268 epistolam
974 3197 1382 3262 condemnavit,
1434 3212 1562 3251 cum
1602 3195 1656 3250 id
1701 3211 1893 3252 verum
1939 3211 2065 3252 esse
2100 3195 2131 3199 ’ἡ
2165 3201 2330 3254 modo
2365 3200 2688 3270 particulam
2724 3199 2981 3270 pertinet,
3037 3214 3277 3269 quacum
3311 3208 3562 3253 nostrum
3600 3200 3733 3253 testi

471 3293 542 3346 de
568 3290 820 3360 epistolis
848 3289 1044 3362 lgnatii
1089 3305 1198 3344 non
1251 3304 1414 3359 posse
1453 3287 1892 3358 pronuntiaverit
1935 3286 2065 3342 Dal-

473 3384 630 3447 lzeus,
657 3383 803 3454 quod
835 3383 889 3436 in
922 3383 1074 3437 nullo
1099 3382 1208 3437 alio
1236 3398 1403 3452 opere
1430 3382 1572 3437 idem
1599 3381 1907 3452 praestitum
1935 3381 2006 3436 sit
2031 3396 2061 3435 a

471 3467 822 3541 Nicephoro?
867 3469 948 3523 An
998 3470 1088 3524 ille
1128 3468 1500 3541 Nicephorum
1546 3471 1618 3526 ob
1658 3470 1804 3525 hanc
1832 3486 2058 3526 causam

470 3561 759 3635 Polycarpi
791 3561 1078 3633 epistolam
1122 3562 1260 3617 adeo
1305 3563 1572 3628 nobilem,
1595 3572 1705 3618 tam
1728 3563 1818 3620 diu
1840 3563 2061 3633 publice

472 3655 696 3719 lectam,
720 3664 775 3710 et
801 3657 868 3710 ab
898 3655 1157 3710 omnibus
1184 3655 1252 3710 ad
1281 3671 1437 3711 suam
1462 3671 1639 3726 usque
1661 3664 1874 3711 aetatem
1907 3664 2058 3710 tanta

471 3763 598 3803 cum
631 3747 986 3802 veneratione
1017 3755 1332 3816 susceptam
1381 3764 1494 3802 uno
1533 3747 1760 3802 verbulo
1793 3747 2060 3817 ﬁrejecisse

469 3842 609 3907 vult,
636 3840 731 3910 qui
771 3841 914 3895 idem
943 3839 1001 3894 in
1037 3838 1248 3910 lgnatio
1273 3841 1392 3894 fieri
1421 3855 1527 3895 non
1554 3841 1801 3910 potuisse
1831 3849 2060 3896 conten-

467 3935 570 4000 dit,
605 3934 710 3988 nisi
742 3931 1150 3988 Stichometriae
1180 3939 1376 3986 auctor
1411 3933 1462 3986 id
1513 3933 1693 4002 ipsum
1724 3933 2058 3998 monuisset,

467 4030 525 4080 et
554 4025 844 4095 diligenter
882 4040 941 4079 se
987 4025 1318 4094 purgasset?
1347 4023 1433 4078 Au
1467 4025 1520 4079 id
1563 4023 1880 4096 Nicephoro
1919 4025 2056 4080 sub-

467 4119 678 4174 oiuisse
711 4126 818 4172 tam
851 4126 1004 4172 certo
1046 4117 1263 4172 definiri
1290 4125 1494 4188 potest,
1525 4135 1689 4188 quem
1722 4119 1920 4190 legisse
1945 4117 2057 4173 Po-

465 4212 753 4283 l'ycarpum
782 4211 1028 4264 nondum
1055 4211 1285 4277 scimus,
1326 4225 1452 4266 cum
1477 4210 1759 4277 Pbotium,
1788 4212 1882 4282 qui
1907 4226 2053 4266 eam-

465 4305 591 4359 dem
628 4303 814 4359 sedem
854 4312 981 4374 post
1010 4318 1219 4374 paucos
1250 4320 1428 4360 annos
1464 4306 1662 4369 tenuit,
1701 4303 1846 4359 idem
1893 4304 2057 4374 plane

463 4397 647 4464 latuit,
681 4411 844 4466 quem
888 4404 942 4451 et
985 4395 1276 4468 epistolam
1317 4404 1373 4452 et
1419 4411 1484 4452 ea
1522 4397 1687 4452 verba
1723 4395 1922 4467 legisse
1952 4411 2053 4451 no~

461 4490 644 4544 vimus
665 4491 689 4545 ἵ

535 4583 646 4642 Sed
673 4586 805 4656 quid
835 4593 1116 4640 auctorem
1145 4583 1414 4639 mendacii
1441 4583 1764 4654 quterimus,
1788 4582 1885 4653 qui
1913 4597 2052 4636 non-

464 4680 597 4735 dum
629 4678 979 4735 mendacium
1025 4677 1204 4746 ipsum
1245 4675 1750 4746 deprehendimus?
1794 4673 2054 4728 Testimo-

462 4773 615 4826 nium
640 4770 950 4841 Polycarpi,
978 4769 1176 4839 inquit,
1203 4767 1542 4822 subdititium
1565 4777 1666 4833 est,
1697 4775 1747 4820 et
1775 4765 2052 4819 mendacio

462 4867 786 4934 inspersam.
843 4862 1247 4919 Testimonium
1306 4861 1646 4926 audivimus,
1701 4859 2050 4915 mendacium

463 4971 575 5010 non
610 4954 1002 5024 perspicimus.
1037 4952 1144 5007 Sed
1174 4952 1442 5022 impostor
1489 4951 1555 5004 de
1583 4949 1800 5021 Ignatio
1844 4952 1924 5004 ita
1967 4952 2050 5004 lo-

460 5047 667 5118 quitur,
702 5053 762 5098 ut
791 5060 911 5098 eum
941 5059 1044 5114 quo
1075 5054 1306 5110 tempore
1333 5043 1444 5097 haec
1471 5042 1674 5110 scripta
1703 5049 1848 5106 sunt,
1875 5041 2050 5095 adhuc

461 5153 732 5209 superesse
773 5135 1056 5207 signiﬁcet.
1090 5133 1166 5188 De
1207 5134 1348 5204 ipso,
1382 5132 1576 5203 inquit,
1613 5129 1848 5202 lgnatio,
1885 5141 1942 5186 et
1982 5132 2051 5186 de

461 5231 551 5286 bis
578 5229 671 5300 qui
703 5243 829 5284 cum
861 5242 928 5282 eo
969 5237 1118 5292 sunt,
1151 5225 1300 5296 quod
1335 5225 1542 5280 certius
1587 5223 1945 5294 agnoveritis,
1975 5223 2051 5277 si-

458 5323 736 5394 gnificate.
785 5320 856 5373 At
896 5318 1136 5386 epistolae
1187 5325 1378 5371 auctor
1419 5319 1576 5387 plane
1628 5316 1738 5369 alia
1787 5314 2045 5386 loquitur,

456 5413 788 5484 apertissime
817 5411 1084 5481 afﬁrmans
1115 5409 1414 5482 lgnatium,
1433 5426 1535 5480 quo
1567 5418 1797 5478 tempore
1834 5410 1946 5479 ipse
1975 5409 2046 5462 ad

457 5506 823 5577 Philippenses
841 5504 1127 5569 scribebat,
1143 5504 1262 5574 jam
1280 5503 1446 5573 fuisse
1466 5502 1906 5574 τετελειωμένον.
1927 5500 2047 5558 Huc

457 5601 678 5656 tandem
719 5608 833 5654 tota
861 5597 1133 5655 mendacii
1159 5596 1454 5667 imputatio
1485 5596 1646 5651 redit.
1678 5594 1821 5662 Quid
1858 5604 2043 5650 autem

455 5710 572 5750 uase
598 5693 665 5748 ad
688 5691 1071 5748 testimonium
1103 5701 1378 5757 nostrum,
1405 5688 1550 5758 quod
1585 5703 1687 5743 nos
1706 5702 1773 5742 ex
1801 5686 2042 5742 Eusebio

451 5782 1170 5858 transcripsimus?0ptime
1231 5791 1376 5841 certe
1411 5781 1544 5838 illud
1574 5790 1627 5837 et
1669 5796 1794 5836 cum
1831 5795 2039 5853 praece-

2164 3294 2412 3348 ntunium
2438 3292 2576 3346 nihil
2601 3307 2900 3347 commune
2941 3293 3128 3359 habet,
3156 3306 3280 3362 quae
3309 3291 3358 3346 si
3403 3291 3762 3362 admittatur,

2164 3387 2428 3440 nihilnos
2453 3385 2657 3456 juvat;
2709 3385 2756 3438 si
2806 3384 3110 3454 rejiciatur,
3168 3384 3305 3438 nihil
3349 3383 3512 3438 nobis
3563 3383 3759 3439 oﬂicit.

2161 3475 2362 3532 Nostra
2394 3486 2527 3531 tunc
2574 3478 2629 3531 in
2681 3475 2914 3546 epistola
2961 3475 3248 3548 Polycarpi
3279 3474 3417 3530 vidit
3457 3475 3761 3542 Eusebius,

2161 3583 2287 3623 cum
2320 3575 2434 3621 tota
2485 3575 2541 3621 et
2585 3567 2798 3638 integra
2851 3567 2906 3621 in
2940 3574 3218 3620 conventu
3267 3564 3413 3620 Asiae
3450 3566 3733 3637 legeretur

2161 3671 2286 3709 cum
2321 3653 2594 3710 Eusebius
2618 3671 2721 3710 nec
2743 3656 2864 3711 sine
2908 3670 3124 3710 summa
3155 3654 3491 3726 negligentia
3520 3665 3573 3711 et
3600 3658 3758 3712 osci-

2161 3748 2334 3803 tantia
2359 3747 2496 3816 falli,
2535 3765 2637 3805 nec
2668 3750 2790 3806 sine
2848 3747 3160 3804 incredibili
3209 3748 3441 3803 audacia
3471 3757 3528 3804 et
3569 3751 3761 3820 impu-

2160 3841 2343 3896 dentia
2373 3841 2564 3896 fallere
2590 3843 2791 3913 potuit.
2818 3841 2945 3898 Haec
2984 3841 3255 3913 particula
3283 3842 3604 3914 quingentis
3631 3853 3762 3914 post

2158 3933 2459 3990 Eusebium
2491 3938 2654 3992 annis
2683 3937 2740 3992 in
2762 3937 2954 3992 eadem
2985 3935 3220 4008 epistola
3245 3936 3522 4002 exsmbat,
3576 3945 3640 3990 ut
3683 3952 3756 3990 sx

2159 4027 2357 4082 Pbotio
2381 4027 2686 4097 discimus;
2739 4045 2810 4084 an
2862 4029 3092 4100 reliquis
3133 4043 3318 4084 coaeva
3371 4028 3538 4084 fuerit
3585 4029 3761 4099 plane

2159 4120 2459 4175 nescimus.
2493 4118 2600 4174 Sed
2645 4121 2690 4176 Si
2742 4120 2938 4176 demus
2966 4135 3090 4174 eam
3119 4120 3286 4174 etiam
3331 4118 3508 4175 fuisse
3558 4130 3757 4174 nostra

2160 4213 2478 4267 testimonio
2525 4221 2775 4284 tempore
2824 4211 3049 4269 Eusebii
3110 4211 3442 4282 subiectam,
3496 4213 3756 4266 nondum

2159 4313 2340 4359 tamen
2372 4303 2457 4360 vel
2485 4305 2635 4360 illam
2667 4305 2956 4361 mendacio
2983 4306 3288 4376 inspersam
3322 4319 3447 4360 esse
3487 4305 3760 4359 concedi-

2159 4412 2303 4451 mus.
2348 4394 2464 4451 lmo
2517 4412 2648 4452 vero
2710 4380 2992 4467 quomodo
3025 4397 3144 4452 haec
3190 4397 3399 4451 verba:
3440 4394 3512 4449 Et
3541 4397 3606 4449 de
3630 4397 3756 4462 ipso

2087 4487 2131 4543 D
2161 4487 2410 4559 lgnatio,
2439 4499 2491 4544 et
2544 4489 2610 4544 de
2653 4490 2735 4545 his
2791 4491 2881 4555 qui
2925 4506 3045 4544 cum
3082 4505 3144 4543 eo
3189 4499 3337 4556 sunt,
3379 4495 3518 4559 quod
3544 4489 3756 4543 certius

2158 4581 2478 4651 agnoveritis
2514 4580 2837 4652 signiﬁcate,
2859 4595 2984 4651 qua:
3039 4579 3176 4634 nihil
3207 4579 3437 4634 omnino
3463 4593 3752 4652 asserunt,

2157 4670 2295 4725 nihil
2326 4651 2598 4726 afﬁrmant
2621 4679 2716 4725 aut
2749 4677 2971 4740 negant,
3005 4668 3276 4723 mendacii
3307 4677 3362 4722 et
3405 4651 3632 4738 quidem
3661 4668 3758 4723 in-

2158 4763 2332 4832 signis
2386 4779 2477 4818 rea
2523 4777 2646 4819 esse
2692 4762 2927 4833 possint,
2987 4777 3096 4815 non
3144 4760 3406 4831 intelligo.
3467 4759 3574 4827 Qui
3613 4761 3754 4818 talia

2157 4857 2295 4909 tnihi
2322 4855 2614 4922 scriberet,
2645 4869 2770 4910 eum
2805 4870 2873 4909 ne
2903 4868 3028 4907 vera
3057 4853 3280 4923 quidem
3311 4852 3541 4920 dixisse,
3569 4854 3754 4908 multo

2156 4949 2340 5004 minus
2391 4950 2681 5004 mentitum
2731 4963 2852 5003 esse
2909 4948 3171 5002 dicerem.
3227 4946 3454 5012 Verum,
3503 4947 3757 5018 inquies,

2155 5043 2412 5114 quamvis
2434 5059 2542 5097 non
2594 5052 2874 5111 asserunt,
2933 5044 3174 5098 innuunt
3215 5051 3398 5096 tamen
3428 5042 3560 5097 illud
3591 5043 3754 5112 quod

2155 5147 2273 5191 erat
2298 5135 2519 5190 veritati
2551 5136 2918 5198 contrarium,
2953 5135 3184 5200 scilicet,
3234 5134 3511 5204 lgnatium
3541 5150 3749 5204 super-

2151 5245 2294 5295 esse,
2329 5227 2512 5283 vivere
2555 5236 2611 5282 et
2654 5227 2875 5290 valere,
2926 5243 3090 5298 quem
3133 5226 3472 5299 Polycarpus
3513 5239 3754 5284 noverat

2151 5330 2280 5376 ante
2305 5319 2629 5376 defunctum
2673 5335 2814 5376 esse.
2876 5318 2984 5375 Sed
3036 5335 3105 5375 ne
3145 5319 3249 5374 hoc
3280 5320 3503 5391 quidem
3548 5335 3752 5377 verum

2149 5422 2266 5481 est;
2300 5412 2582 5483 particulae
2613 5411 2762 5466 illius
2792 5421 2988 5466 auctor
3016 5427 3126 5466 non
3170 5410 3480 5480 significat,
3508 5421 3606 5466 aut
3631 5413 3752 5467 ullo

2150 5506 2315 5560 modo
2347 5504 2528 5560 innuit
2566 5503 2837 5574 lgnatium
2868 5513 3002 5560 tunc
3055 5504 3109 5558 in
3143 5503 3284 5558 vivis
3312 5501 3508 5558 fuisse.
3558 5501 3746 5559 Verba

2147 5593 2432 5664 particula:
2480 5593 2535 5648 in
2593 5594 2764 5650 veteri
2823 5592 3019 5648 Latina
3075 5593 3375 5650 versione:
3422 5592 3494 5647 Et
3535 5594 3601 5648 de
3625 5595 3750 5664 ipso

2147 5688 2408 5759 lgnatio,
2470 5697 2519 5742 et
2595 5687 2656 5741 de
2710 5687 2777 5740 iis
2833 5687 2923 5757 qui
2969 5703 3088 5740 cum
3137 5702 3198 5740 eo
3251 5696 3375 5740 sunt
3427 5685 3639 5758 (Graece
3678 5701 3749 5744 ut

2146 5779 2382 5853 opinor,
2438 5779 2532 5833 καὶ
2598 5778 2725 5851 περὶ
2789 5776 3052 5846 Ίγνατίου
3111 5778 3205 5832 xui.
3267 5777 3395 5850 περὶ
3463 5777 3573 5831 τῶν
3625 5779 3750 5849 μετ’
