3864 6204
161 386 244 440 lii
279 375 282 382 ’
863 381 914 438 J.
955 376 1325 439 PEARSONII
1366 377 1690 440 VINDICIIE

1807 379 2156 440 ΝΑΤΙΛΝΕ.
2193 415 2264 426 --
2295 379 2478 438 PARS
2519 377 2560 436 1.

3285 379 3390 433 tt:
3433 369 3437 374 ’

156 507 321 579 αὐτοῦ)
344 507 479 578 quod
537 507 726 561 certius
791 507 1113 576 agnoveritis
1156 507 1490 576 signiﬁcate;
1541 509 1704 561 verba
1735 517 1782 572 Α
1883 509 2060 578 Atque
2094 508 2209 561 haec
2241 507 2461 572 deiide;
2517 519 2663 558 nunc
2688 504 2758 558 de
2805 503 2856 557 vi
2897 501 3194 557 testimonii
3223 516 3390 572 agen-

156 596 309 651 Photii
336 606 497 652 sunt:
539 598 776 648 Αἱτεῖται
809 595 1224 668 ἀναδιδαχθῆναι
1275 600 1408 669 παρ’
1439 597 1624 652 αὐτῶν
1657 597 1710 650 cl

153 707 197 744 τι
225 691 342 761 περὶ
373 689 578 742 ἐκείνου
600 687 962 753 διακούσαιεν,
997 690 1130 759 petit
1154 699 1212 742 ut
1247 689 1313 743 ab
1349 691 1479 760 ipsis
1513 693 1708 745 certior

154 787 256 851 ﬁat,
283 783 326 836 si
353 782 476 850 quid
501 781 565 834 de
609 780 703 835 illo
738 783 1118 838 inaudiverint.
1171 782 1361 836 Primo
1391 790 1573 836 autem
1608 798 1708 837 au-

152 877 252 931 dire
280 883 522 944 poterant
542 873 922 943 Philippenses
951 874 1161 944 aliquid
1193 875 1260 930 de
1309 873 1519 945 lgnatio
1557 875 1704 942 vivo,

151 967 276 1036 quod
302 965 631 1036 Polycarpus
657 966 726 1020 ab
758 967 864 1021 illis
893 966 1037 1021 scire
1057 979 1280 1038 cuperet
1304 970 1399 1022 illo
1423 967 1702 1023 defuncto.

153 1057 391 1128 lgnatius,
421 1064 480 1110 ut
531 1054 778 1110 referunt
833 1057 980 1112 illius
1005 1067 1149 1123 acta,
1197 1075 1291 1128 per
1337 1057 1705 1128 Philippenses

149 1152 460 1220 pertransivit
513 1150 884 1204 Macedoniam
925 1152 1118 1220 pedes;
1170 1165 1202 1206 a
1259 1150 1706 1221 I‘hilippensibus

151 1243 284 1299 missi
309 1251 432 1296 sunt
460 1242 630 1311 aliqui
655 1243 748 1311 qui
783 1257 932 1306 eum,
975 1243 1204 1298 honoris
1227 1255 1281 1298 et
1330 1243 1706 1314 refrigeratio-

149 1333 224 1386 nis
253 1347 430 1394 causa,
461 1332 514 1385 in
543 1331 741 1386 itinere
764 1332 1121 1399 deducerent,
1153 1333 1298 1403 quod
1332 1333 1465 1386 mihi
1490 1333 1706 1387 videtur

147 1423 454 1495 Polycarpus
481 1425 535 1476 in
568 1423 729 1478 initio
778 1423 1023 1493 epistola:
1065 1424 1332 1491 innuisse,
1372 1425 1457 1480 his
1483 1425 1702 1480 verbis:

147 1517 442 1587 Δεξαμένοις
471 1515 539 1568 τὰ
577 1517 874 1587 μιμήματα
904 1517 1005 1588 τῆς
1043 1514 1280 1586 ἀληθοῦς
1331 1517 1575 1588 ἀγάπης,
1611 1517 1706 1569 καὶ

146 1609 530 1680 προπέμψασιν,
556 1611 635 1673 ὡς
665 1609 932 1664 ἐπέϐαλεν
976 1610 1128 1681 ὑμῖν,
1161 1609 1288 1674 τοὺς
1326 1609 1705 1680 ἐνειλημένους

145 1705 242 1764 τοίς
269 1702 628 1772 ἁγιοπρεπέσι
672 1703 913 1772 δεσμοῖς,
959 1717 1084 1771 qua:
1113 1703 1334 1772 quidem
1375 1704 1541 1757 verba
1578 1719 1703 1756 cum

148 1811 233 1850 nec
255 1807 391 1852 recte
423 1798 656 1868 legeret,
692 1811 792 1851 nec
827 1797 1056 1851 omnino
1081 1796 1408 1866 intelligeret
1427 1805 1588 1852 vetus
1619 1797 1705 1851 in-

145 1897 350 1956 terpres,
380 1887 453 1941 ita
486 1886 771 1942 transtulit
818 1905 832 1940 :
877 1884 1185 1955 Suscipiens
1216 1886 1506 1940 imitabilia
1547 1887 1705 1940 verba

146 1977 439 2044 dilectionis,
461 1993 625 2048 quam
684 1978 999 2032 ostendistis
1047 1979 1104 2032 in
1133 1978 1266 2045 illis,
1313 1980 1406 2049 qui
1439 1981 1706 2049 praemissi

145 2081 251 2125 sunt
284 2072 405 2124 uiris
451 2071 658 2124 sanctis
711 2071 983 2124 decorosis
1031 2070 1260 2127 vinculis
1298 2074 1572 2128 connexis.
1626 2073 1707 2129 Ita

148 2163 240 2225 ille,
280 2163 570 2234 δεξάμενος
607 2177 708 2233 pro
741 2162 1072 2246 δεξαμένοις,
1105 2163 1314 2234 legens,
1367 2172 1532 2234 atque
1583 2164 1708 2220 ideo

147 2256 331 2325 reliqua
381 2257 569 2310 omnia
620 2255 886 2309 aliorsum
927 2255 1184 2320 trahens;
1218 2263 1275 2310 tu
1307 2266 1526 2312 vertas:
1555 2256 1705 2312 Con-

147 2349 341 2415 garisus
363 2363 486 2402 sum
519 2348 704 2411 vobis,
753 2349 842 2418 qui
898 2364 1036 2403 verte
1063 2349 1350 2403 cltaritatis
1375 2349 1706 2419 exemplaria

145 2438 414 2506 accepistis,
437 2447 486 2490 et
509 2437 838 2502 deduxistis,
861 2448 919 2491 ut
951 2446 1121 2490 uestro
1149 2437 1315 2505 ofﬁcio
1346 2435 1704 2501 conveniebat,

147 2528 381 2582 involutos
437 2528 704 2592 vinculis,
755 2545 874 2597 qua:
939 2529 1142 2582 sanctis
1193 2537 1502 2581 ornamento
1555 2539 1701 2582 sunt.

149 2615 424 2675 llalloixius
445 2621 524 2683 ὡς
557 2619 830 2674 ἐπέϐαλεν
863 2621 1011 2690 ὑμῖν,
1049 2621 1306 2686 reddidit,
1343 2630 1401 2673 ut
1429 2620 1573 2675 vobis
1597 2621 1708 2673 Do-

149 2711 296 2763 minus
323 2712 639 2778 inspiravit;
674 2726 776 2782 ego
802 2712 1005 2780 potius,
1042 2721 1101 2764 ut
1130 2721 1298 2764 vestro
1329 2711 1494 2781 oﬂicio
1521 2727 1707 2765 conre-

150 2799 319 2861 niebat,
349 2800 482 2870 quia
539 2803 657 2854 inec
701 2802 874 2855 multo
902 2802 1240 2871 simpliciora
1289 2812 1440 2867 sunt,
1487 2811 1542 2857 et
1600 2802 1706 2857 hoc

148 2906 288 2946 sensu
316 2892 451 2946 bene
475 2891 693 2948 Grarca.
725 2892 1076 2947 Deducebant
1107 2893 1272 2962 igitur
1303 2908 1370 2946 ex
1394 2891 1707 2963 Philippen-

149 2983 278 3039 sibus
300 2985 465 3054 aliqui
495 2985 771 3055 lgnatium
795 2985 1140 3054 comitesque
1166 3001 1263 3055 per
1302 2983 1704 3051 Macedoniam,

149 3073 264 3129 forte
285 3077 444 3130 etiam
477 3091 660 3146 usque
711 3075 1074 3146 Epidamum;
1126 3077 1269 3132 unde
1310 3076 1705 3149 pseudo-lgna-

147 3166 257 3230 tius,
284 3169 362 3222 vel
399 3169 586 3238 potius
643 3168 845 3238 aliquis
887 3169 1051 3234 alius,
1079 3167 1173 3239 qui
1206 3168 1424 3223 titulum
1459 3169 1704 3239 epistolae

1809 601 1940 654 dum
1967 609 2070 656 est.
2104 599 2313 653 Asserit
2337 598 2608 654 Eusebius
2633 598 2734 652 bas
2761 597 2913 666 ipsas
2935 595 3224 664 epistolas,
3249 609 3390 664 quas

1809 691 2180 756 defendimus,
2213 691 2382 748 fuisse
2411 708 2441 746 a
2479 691 2781 762 Polycarpo
2823 696 3177 743 memoratas.
3217 688 3327 741 Καὶ
3359 689 3391 744 ὁ

1807 781 2166 854 Πολύκαρπος
2185 781 2242 836 δὲ
2279 781 2484 834 τούτων
2529 780 2706 835 αὐτῶν
2737 779 3009 851 μέμνηται
3041 782 3101 838 ἐν
3133 781 3198 850 τῇ
3227 795 3390 850 φερο-

1809 875 1948 945 μένῃ
1981 873 2147 927 αὑτοῦ
2174 873 2310 945 πρὸς
2332 873 2728 943 Φιλιππησίους
2759 871 3036 943 ἐπιστολῇ.
3067 871 3170 926 Sed
3200 881 3250 925 et
3279 871 3389 924 Po-

1808 964 2056 1034 lycarpus
2090 966 2146 1019 in
2201 981 2302 1018 sua
2331 966 2400 1018 ad
2435 965 2797 1034 Philippenses
2827 963 3051 1033 epistola
3079 964 3388 1017 earumdem

1808 1058 2046 1111 meminit
2096 1057 2462 1126 epistolarum.
2522 1056 2678 1122 Quod
2720 1055 2990 1111 Eusebius
3031 1055 3251 1122 asserit,
3283 1070 3386 1109 no-

1808 1148 1908 1204 stri
1958 1149 2165 1217 pariter
2191 1149 2497 1216 alllrmant;
2528 1148 2764 1203 Dallzeus
2795 1158 2979 1217 negat.
3019 1147 3244 1202 Fatetur
3269 1147 3387 1216 qui-

1807 1239 1930 1295 dem
1973 1243 2162 1296 testari
2216 1255 2379 1312 posse
2427 1241 2811 1314 Polycarpum,
2842 1243 3057 1312 aliquas
3098 1241 3388 1310 scripsisse

1807 1332 2068 1402 epistolas
2098 1332 2390 1404 lgnatinm,
2421 1335 2522 1390 has
2549 1345 2730 1388 autem
2755 1347 2850 1389 eas
2877 1333 3048 1388 fuisse
3080 1342 3274 1404 negat;
3309 1333 3386 1388 si-

1808 1425 1965 1480 miles
1991 1427 2172 1495 aliqua
2204 1442 2263 1481 re
2290 1426 2460 1481 fuisse
2506 1426 2756 1496 largitur,
2804 1426 3025 1480 easdem
3059 1424 3229 1480 fuisse
3262 1440 3388 1494 per-

1807 1530 1986 1586 negat.
2022 1515 2315 1574 Rationem
2340 1519 2648 1590 negationis
2677 1519 2895 1573 unicam
2924 1517 3102 1583 aﬂ‘ert,
3141 1517 3289 1588 quod
3329 1517 3383 1572 id

1807 1608 2102 1666 clarissime
2125 1621 2174 1665 et
2203 1612 2557 1682 multifariam
2581 1630 2612 1665 a
2637 1628 2688 1666 se
2725 1613 2886 1682 fuerit
2924 1613 3382 1677 demonstratum,

1806 1703 1878 1758 ob
1912 1719 2106 1773 nempe
2146 1702 2640 1758 Valentinianorum
2691 1706 2872 1777 σιγὴν,
2909 1716 2959 1759 et
3001 1705 3386 1775 Patripassia-

1807 1810 1996 1848 norum
2019 1793 2266 1858 ha'resin,
2299 1794 2613 1865 similiaque
2645 1811 2764 1866 qua:
2805 1795 2923 1864 ﬁeri
2956 1813 3056 1849 non
3100 1806 3270 1864 potest
3324 1806 3385 1850 ut

1735 1875 1778 1929 Β
1805 1885 2042 1952 epistola:
2073 1901 2190 1940 vere
2232 1885 2298 1938 ab
2328 1885 2544 1956 [gnatio
2569 1888 2783 1956 scriptae
2827 1887 3131 1943 habuerint.
3189 1887 3267 1943 Ita
3315 1889 3386 1944 ab

1809 1987 2136 2049 argumento
2182 1993 2213 2033 a
2246 1979 2575 2033 testimoniis
2616 1979 2807 2049 petito,
2857 1979 2923 2033 ad
2954 1980 3085 2033 illud
3131 1981 3276 2050 quod
3316 1995 3384 2035 ex

1809 2067 2039 2122 materia
2067 2067 2248 2137 operis
2274 2067 2580 2133 deducitur,
2607 2068 2906 2124 desultorie
2932 2068 3150 2136 transit,
3173 2079 3226 2124 et
3256 2085 3383 2124 cum

1807 2166 2036 2212 externo
2065 2167 2391 2228 argumento
2431 2160 2719 2230 premitur,
2772 2160 2838 2213 ad
2876 2162 3152 2214 internum
3187 2159 3383 2216 confu-

1808 2249 1902 2318 git.
1929 2248 2129 2304 Dicunt
2157 2251 2330 2305 nostri
2361 2251 2724 2324 Polycarpum
2778 2251 2967 2306 testari
3019 2251 3079 2307 S.
3112 2254 3383 2323 lgnatium

1811 2340 1910 2394 bas
1935 2340 2198 2410 epistolas
2227 2342 2552 2412 scripsisse;
2588 2343 2901 2412 respondet,
2949 2344 3080 2413 ipsae
3138 2343 3382 2399 luculen-

1810 2432 2012 2486 tissime
2034 2443 2247 2502 negant.
2279 2431 2508 2489 Frustra
2539 2435 2767 2488 omnino
2807 2443 2861 2488 et
2888 2435 3053 2491 dictis
3104 2452 3272 2492 causa
3299 2453 3384 2492 re-

1806 2520 2056 2578 l‘ellendis
2093 2534 2408 2578 nostrorum
2441 2525 2777 2594 argumentis
2816 2538 2847 2579 a
2877 2533 3120 2580 veterum
3146 2528 3386 2582 auctori.

1809 2623 1917 2668 tate
1941 2615 2172 2685 sumptis
2196 2617 2492 2682 insudavit,
2525 2617 2571 2672 si
2617 2617 2834 2688 quoties
2861 2633 2924 2673 ea
2949 2618 3282 2685 aderuutur,
3316 2621 3384 2675 ad

1807 2708 1944 2763 tales
1996 2708 2498 2764 demonstrationes
2545 2719 2828 2776 recurrat;
2874 2725 2998 2765 cum
3052 2727 3162 2765 una
3218 2727 3383 2782 opera

1806 2801 1989 2870 potius
2011 2801 2196 2855 omnia
2244 2801 2531 2871 repudiare
2579 2801 2846 2856 debuerit.
2884 2800 2990 2856 Sed
3030 2816 3134 2858 nos
3158 2802 3386 2859 demon—

1807 2894 2103 2948 strationcs
2147 2893 2268 2963 ejus
2320 2907 2512 2948 omnes
2533 2907 2672 2963 quas
2699 2894 2903 2964 ubique
2945 2895 3228 2964 praedicat,
3258 2909 3398 2965 pro-'

1808 2987 1953 3039 xima
1968 2985 2378 3050 dissertatione,
2410 2985 2514 3039 hoc
2537 2993 2641 3050 est,
2663 3000 2765 3040 suo
2789 2985 2930 3052 loco,
2951 2986 3386 3056 objectiunculas

1806 3084 2019 3132 tantum
2070 3076 2338 3144 infirmas,
2393 3075 2812 3148 levissimasque
2863 3077 3212 3148 conjecturas
3261 3093 3386 3134 esse

1807 3169 2332 3235 demonstrabimus,
2385 3178 2548 3240 atque
2589 3170 2806 3226 interim
2839 3169 2943 3225 hoc
2998 3169 3178 3238 ipsum
3225 3167 3386 3244 Poly-

147 3259 201 3311 ad
225 3259 593 3330 Philippenses
641 3261 894 3330 praeﬁxit,
947 3260 1209 3330 scriptam
1238 3275 1360 3315 eam
1408 3261 1583 3314 voluit
1631 3239 1775 3316 abc
1806 3262 1953 3330 carpi
1983 3260 2354 3317 testimonium
2412 3239 2793 3327 defendemus,
2847 3269 2904 3316 et
2950 3271 3105 3317 extra
3163 3239 3385 3318 omnem

148 3348 440 3420 Epidamno.
499 3352 568 3406 lli
617 3353 785 3424 igitur
831 3352 1119 3423 Philippos
1145 3353 1214 3407 ab
1237 3351 1447 3422 lgnatio
1499 3353 1705 3408 reversi

146 3443 291 3496 multa
318 3445 436 3499 sine
464 3445 641 3501 dubio
666 3445 734 3499 de
772 3445 892 3516 ipso
921 3446 1254 3510 narrabant,
1293 3447 1464 3500 multa
1497 3445 1565 3500 de
1612 3460 1706 3500 co-

147 3534 362 3602 mitibus,
393 3552 520 3606 quze
561 3535 623 3591 S.
672 3534 1036 3608 Polycarpum
1091 3538 1162 3591 ab
1210 3536 1346 3607 ipsis
1390 3537 1583 3592 audire
1606 3552 1705 3591 vo-

147 3622 308 3691 luisse,
347 3629 517 3682 etiam
572 3637 698 3697 post
739 3629 1064 3698 martyrium
1120 3628 1179 3682 S.
1233 3627 1446 3699 lgnatii,
1477 3645 1574 3698 par
1622 3638 1707 3684 est

146 3719 360 3774 credere.
393 3719 656 3788 Secundo
691 3721 884 3775 audire
911 3731 1159 3791 poterant
1181 3720 1564 3792 Philippenscs
1597 3721 1702 3776 ali-

145 3809 255 3874 quid
282 3811 345 3864 de
373 3811 588 3882 lgnatiu
612 3821 852 3877 mortuo,
887 3828 998 3867 non
1028 3813 1210 3868 minus
1235 3827 1402 3882 quam
1452 3812 1580 3866 vivo
1606 3831 1620 3867 :
1649 3820 1706 3866 et

144 3895 457 3972 Polyca'rpus
494 3903 617 3958 sine
657 3903 826 3957 dubio
849 3904 990 3958 scire
1032 3903 1208 3974 magis
1265 3903 1458 3957 avebat
1483 3917 1608 3972 quae
1633 3901 1704 3956 ad

145 4003 371 4059 mortem,
400 4010 567 4063 quam
611 4008 735 4063 quae
767 3993 834 4048 ad
864 3993 1083 4048 vincula
1111 3992 1304 4062 lgnatii
1334 3993 1700 4064 pertinebant;
1748 4027 1751 4029 -

144 4099 282 4150 quam
305 4088 568 4155 praeclare
617 4102 677 4142 se
705 4087 759 4140 iu
792 4087 910 4156 ipso
938 4086 1204 4156 martyrio
1255 4086 1506 4156 gesserit,
1535 4100 1706 4155 quan-

145 4188 239 4234 tum
262 4183 527 4238 honorem
572 4183 904 4238 Christianae
952 4183 1204 4254 religioni
1252 4183 1519 4246 attulerit,
1570 4180 1705 4252 quid

144 4275 350 4330 comites
372 4277 422 4330 ei
453 4277 510 4330 in
563 4286 676 4330 tam
709 4277 976 4347 praecipiti
1023 4277 1268 4346 periculo
1319 4275 1700 4345 praestiterint,

143 4366 253 4434 quid
282 4370 424 4438 passi
477 4369 614 4433 sint,
666 4379 764 4424 aut
811 4368 1063 4434 fecerint,
1091 4385 1161 4423 an
1192 4369 1259 4424 de
1285 4369 1535 4438 reliquiis
1566 4367 1701 4422 tanti

146 4462 374 4531 martyris
397 4462 608 4532 aliquid
635 4463 1105 4518 conservaverint.
1159 4459 1277 4516 Non
1308 4461 1456 4516 enim
1487 4467 1699 4516 tantum

1807 3353 2260 3409 contradiCtionis
2291 3354 2466 3410 aleam
2492 3369 2781 3424 ponemus.

1880 3445 2020 3513 Has,
2072 3446 2272 3516 inquit,
2302 3447 2578 3517 scripsisse
2615 3445 2882 3517 lgnatium
2911 3461 3014 3499 non
3055 3445 3186 3500 dicit
3238 3445 3386 3500 locus

1807 3540 2060 3610 objectus.
2095 3539 2235 3606 Quid
2265 3539 2464 3610 igitur?
2488 3555 2558 3594 an
2592 3539 2776 3594 minus
2814 3538 3070 3594 idoneum
3104 3547 3189 3593 est
3231 3539 3388 3594 testi-

1806 3633 2078 3700 monium,
2110 3641 2206 3686 aut
2241 3648 2310 3688 eo
2341 3632 2562 3686 nomine
2598 3631 2782 3686 statim
2819 3630 3218 3702 rejiciendum?
3250 3629 3389 3697 Quis

1807 3739 2048 3793 unquam
2084 3735 2330 3778 veterum
2377 3723 2516 3777 dixit
2564 3735 2660 3777 eos
2689 3721 2886 3792 libros,
2911 3737 3052 3792 quos
3105 3737 3254 3776 nunc
3283 3722 3388 3776 ha—

1805 3815 2022 3882 bemus,
2080 3814 2252 3871 l'uisse
2299 3815 2370 3870 ab
2429 3815 2537 3870 illis
2583 3814 2844 3885 scriptos,
2881 3815 3083 3884 quibus
3123 3814 3237 3883 jam
3285 3813 3392 3868 tri.

1805 3907 2088 3963 buuntur?
2111 3907 2194 3961 An
2219 3923 2410 3963 eorum
2445 3909 2738 3978 quisquam
2774 3906 2912 3960 vidit
2961 3905 3147 3962 nostra
3201 3921 3392 3960 exem-

1805 3998 2015 4070 plaria?
2071 4013 2140 4052 an
2188 3998 2332 4052 scire
2385 3998 2498 4053 ullo
2532 3998 2699 4053 modo
2729 3999 2941 4068 potuit,
2997 3997 3129 4068 quid
3157 4011 3258 4052 uos
3286 3997 3391 4052 hac

1806 4099 1963 4144 astate
1986 4090 2330 4160 legeremus?
2375 4087 2433 4142 Si
2486 4091 2567 4144 sic
2592 4089 2820 4144 criticen
2872 4104 3127 4145 exercere
3155 4089 3388 4159 placeat,

1805 4181 2061 4236 universa
2087 4192 2332 4236 veterum
2357 4181 2668 4236 testimonia
2693 4182 2969 4236 incassum
2997 4181 3152 4236 libris
3183 4181 3389 4236 nostris

1805 4272 2094 4328 doctorum
2135 4273 2378 4328 virorum
2432 4273 2703 4328 industria
2732 4273 3004 4344 praeﬁxit:
3055 4287 3179 4343 qua:
3206 4274 3389 4343 potius

1805 4365 1860 4420 in
1889 4373 2170 4436 posterum
2225 4366 2501 4422 eradenda
2555 4367 2850 4433 videntur;
2882 4365 2930 4419 si
2957 4365 3104 4420 enim
3149 4365 3262 4420 haec
3289 4365 3390 4418 ob-

1806 4459 2044 4513 servatio
2089 4459 2372 4526 obtineat,
2431 4459 2586 4512 uituli
2622 4468 2752 4513 sunt
2784 4457 2990 4513 omnia.
3049 4455 3223 4511 Verba
3259 4462 3390 4510 sunt

143 4547 198 4603 de
220 4549 435 4621 lgnatio,
481 4554 578 4608 sed
641 4554 804 4608 etiam
855 4554 923 4609 de
971 4552 1204 4608 Philone
1251 4561 1308 4608 et
1343 4551 1702 4623 Agathopode
1730 4579 1780 4640 υ
1809 4545 1993 4640 Baliari
2026 4567 2045 4640 :7
2091 4548 2416 4640 Quodenim
2441 4551 2621 4616 aiunt,
2664 4547 2959 4640 [gnatiana
3004 4547 3146 4640 apud
3193 4557 3388 4640 ueteres

142 4645 405 4701 comitibus
427 4646 552 4716 ejus
583 4646 802 4715 quaarit.
830 4644 1020 4700 Potuit
1049 4646 1214 4716 igitur
1247 4643 1582 4716 Polycarpus
1613 4644 1700 4698 in-

143 4741 277 4796 cendi
313 4743 497 4798 studio
525 4742 783 4798 audiendi
812 4742 1020 4812 aliquid
1047 4741 1115 4797 de
1147 4740 1359 4812 lgnatio
1383 4740 1528 4804 vivo,
1553 4739 1702 4810 quod

144 4833 358 4888 nondum
389 4835 702 4901 audiverat,
735 4835 860 4890 licet
888 4850 1015 4888 eum
1051 4834 1164 4903 jam
1211 4831 1533 4888 defunctum
1579 4846 1703 4886 esse

143 4938 233 4978 non
257 4925 561 4994 dubitaret;
592 4927 768 4996 potuit
795 4927 1028 4981 aviditas
1051 4941 1178 4981 eum
1212 4933 1395 4980 tenere
1419 4925 1603 4994 aliqua
1634 4924 1702 4979 de

144 5013 245 5082 ipso
270 5028 487 5074 mortuo
518 5020 769 5088 vivisque
823 5021 1120 5074 comitibus
1169 5018 1528 5090 intelligendi,
1579 5033 1702 5088 quae

142 5110 272 5176 prius
322 5112 389 5167 ad
451 5113 833 5184 Philippeuses
889 5114 943 5168 in
999 5112 1360 5179 Macedonia,
1411 5127 1579 5182 quam
1631 5111 1699 5165 ad

145 5199 558 5272 Smyrnensesin
611 5205 738 5260 Asia
795 5206 1083 5274 pervenire
1110 5213 1353 5274 possent.
1408 5202 1530 5259 Non
1570 5211 1702 5258 sunt

144 5291 284 5364 igitur
310 5299 422 5353 haec
459 5299 530 5354 de
552 5301 742 5353 eadem
800 5316 856 5354 re
898 5299 1270 5364 dissentanea,
1317 5297 1469 5352 nulla
1509 5297 1563 5350 in
1612 5297 1700 5350 his

144 5389 299 5443 verbis
342 5393 704 5446 contrarietas
751 5400 848 5446 ant
899 5391 1281 5461 repugnantia.
1328 5389 1511 5455 Quare
1562 5388 1698 5444 satis

145 5481 404 5538 manifesto
463 5501 568 5540 nos
615 5494 918 5540 extremam
973 5484 1298 5554 particulam
1341 5499 1374 5536 a
1418 5481 1696 5536 mendacii

147 5572 343 5630 crimine
370 5577 758 5644 liberavimus;
799 5593 926 5632 eum
987 5585 1193 5642 autem,
1217 5575 1315 5646 qui
1348 5585 1460 5629 tam
1490 5575 1699 5630 diserte

150 5664 475 5720 testimonium
507 5668 793 5739 Polycarpi
840 5668 1115 5722 mendacio
1159 5668 1487 5738 inspersum,
1537 5677 1584 5720 et
1613 5667 1694 5719 lo-

149 5767 244 5808 aut
263 5759 446 5830 insigni
467 5763 738 5817 mendacio
764 5763 1053 5834 deformem
1073 5761 1235 5830 dixit,
1264 5760 1360 5817 alii
1381 5761 1479 5831 qui
1500 5760 1692 5816 volunt

150 5854 191 5898 α
213 5863 444 5922 possunt,
477 5855 729 5912 liberem.
818 5907 823 5912 .

1805 4638 1874 4696 ab
1899 4639 2052 4694 omni
2081 4654 2198 4694 aevo
2229 4637 2420 4692 Patres
2459 4640 2579 4709 pari
2631 4655 2750 4692 cum
2799 4637 3086 4694 Clementis
3122 4648 3172 4692 et
3220 4635 3388 4706 Poly-

1806 4737 1954 4805 carpi
1999 4733 2240 4804 epistolis
2295 4733 2600 4788 reverentia
2648 4747 2864 4802 semper
2904 4732 3088 4801 fuisse,
3135 4729 3192 4784 id
3221 4730 3393 4796 miror

1803 4831 1872 4883 iis
1909 4829 2168 4883 excidisse
2202 4828 2292 4897 qui
2345 4827 2504 4898 probe
2543 4827 2753 4892 sciunt,
2795 4834 3074 4894 utramque
3116 4823 3252 4877 hanc
3278 4823 3388 4893 epi-

1802 4926 1997 4979 stolam
2027 4923 2091 4976 ab
2118 4921 2325 4977 Irenazo
2348 4921 2553 4991 magnis
2575 4918 2824 4974 laudibus
2855 4917 3174 4972 celebratam
3198 4918 3385 4987 fuisse,
3434 4947 3437 4952 ·

1804 5029 1856 5072 et
1905 5015 2293 5072 Clementinam
2323 5013 2532 5083 proprie
2581 5029 2615 5064 a
2665 5010 2924 5079 Dionysio
2960 5007 3241 5062 Corinthio
3267 5007 3391 5061 lau-

1803 5111 2010 5163 datam.
2064 5105 2170 5161 Sed
2223 5120 2394 5175 quare
2427 5105 2657 5158 miretur
2701 5117 2812 5156 non
2837 5101 3020 5164 video,
3060 5115 3187 5154 cum
3219 5099 3388 5169 probe

1803 5201 1967 5266 sciat,
1995 5213 2096 5252 nec
2121 5196 2181 5251 S.
2209 5197 2473 5250 Irenzeum
2509 5193 2651 5246 hanc
2670 5188 2982 5260 Polycarpi,
3019 5199 3114 5242 aut
3142 5187 3390 5241 Clemen-

1803 5293 1892 5355 tis,
1925 5305 2025 5344 nec
2054 5287 2374 5358 Dionysium
2408 5285 2550 5338 hanc
2597 5282 2656 5337 S.
2703 5281 3005 5336 Clementis
3027 5279 3246 5350 proprie
3268 5277 3389 5332 lau-

1800 5384 1980 5438 dasse.
2047 5379 2107 5434 S.
2155 5379 2345 5434 lreuaai
2397 5377 2560 5431 verba
2593 5381 2762 5430 sunt:
2798 5371 2906 5427 Sub
2941 5371 3038 5425 hoc
3073 5371 3240 5441 igitur
3269 5368 3386 5425 Cle:

1803 5474 2337 5542 mente,dissensione
2363 5487 2467 5525 non
2492 5469 2702 5523 modica
2733 5469 2874 5521 inter
2905 5483 2998 5521 eos
3025 5467 3115 5536 qui
3142 5465 3387 5520 Corinthi

1799 5578 1969 5624 essent
2004 5568 2196 5636 fratres
2224 5565 2395 5635 facta,
2425 5563 2639 5632 scripsit
2669 5577 2788 5631 qua:
2819 5569 2898 5615 est
2932 5559 3128 5622 Roma:
3147 5555 3387 5610 Ecclesia

1799 5662 2192 5732 potentissimas
2252 5660 2460 5713 litteras
2519 5656 2839 5712 Corinthiis.
2897 5651 3019 5707 Non
3074 5650 3209 5706 dicit
3245 5650 3387 5704 hanc

1798 5756 2107 5827 epistolam,
2150 5769 2340 5825 quam
2397 5767 2544 5806 nunc
2607 5751 2896 5814 habemus,
2945 5747 3014 5801 ad
3071 5743 3387 5799 Corinthios

1802 5860 1932 5906 tunc
1959 5847 2132 5905 fuisse
2163 5845 2458 5916 scriptam;
2505 5859 2616 5900 non
2659 5839 2903 5897 afﬁrmat
2926 5839 3090 5901 hanc,
3122 5851 3188 5890 ne
3221 5833 3386 5887 ullam
