3878 6210
435 376 543 435 ω

1489 369 1545 423 S.
1581 364 1932 426 lCNATlUS.
1974 394 2044 404 —
2079 361 2618 420 PROLEGOMENA.
2662 367 2664 370 ’

3610 360 3714 412 ιιι

437 500 657 572 quidrm
684 511 714 551 a
765 495 1046 551 Clemente
1077 492 1248 548 fuisse
1279 501 1583 547 exaratam.
1621 492 1694 545 De
1731 487 2015 561 Polycarpi
2049 491 2088 546 Α
2121 486 2386 556 probatus
2430 487 2522 554 sit,
2555 495 2613 540 ut
2663 484 3052 550 Antiochense,
3089 482 3142 537 id
3170 495 3256 538 est
3283 482 3536 538 omnium
3584 497 3718 550 quae

435 587 670 660 epistola
701 586 818 641 hate
847 585 1048 640 habet:
1106 583 1204 638 Est
1261 594 1440 638 autem
1483 593 1534 637 et
1580 580 1804 652 epistola
1849 581 2019 649 Poly—

435 681 586 752 earpi
609 680 680 734 ad
711 676 1073 749 Philippenses
1125 678 1328 748 scripta
1379 676 1788 746 perfectissima,
1819 689 1885 729 ea:
1913 690 2018 744 qua

436 773 800 836 characterem
847 769 972 840 ﬁdei
1027 768 1174 838 ejus,
1200 777 1250 822 et
1281 767 1716 838 praedicationem
1753 765 2016 830 veritatis,

435 863 529 929 qui
557 861 761 927 volunt,
800 869 850 916 et
891 874 1076 914 curam
1127 857 1320 912 habent
1349 875 1462 914 sine
1512 857 1707 914 salutis
1731 896 1747 922 ,
1800 868 2019 925 possunt

435 960 663 1016 discere.
693 955 812 1012 Non
846 955 1081 1011 affirmat
1105 955 1356 1010 eamdem
1377 953 1664 1026 epistolam
1689 967 1808 1008 eam
1849 951 2022 1007 fuisse

435 1068 561 1123 quas
589 1067 737 1106 nunc
782 1055 985 1112 exstat,
1021 1048 1136 1102 imo
1184 1048 1396 1103 nullum
1453 1047 1825 1102 characterem
1855 1045 2022 1101 tradit

439 1143 570 1198 huic
602 1141 958 1213 peculiarem.
991 1139 1066 1195 De
1094 1139 1394 1195 Clementis
1437 1138 1670 1210 epistola
1722 1137 2019 1210 Dionysius

433 1234 854 1290 Corinthiorum
878 1233 1194 1303 episcopus,
1222 1232 1290 1287 ad
1320 1231 1568 1287 Soterem
1599 1229 1786 1285 Romae
1806 1230 2020 1300 episco-

435 1342 566 1398 pum
603 1326 720 1382 haec
761 1325 992 1380 scribit:
1033 1322 1209 1378 Hodie
1259 1339 1471 1378 sacrum
1494 1322 1635 1379 diem
1683 1322 2021 1376 Dominicum

437 1419 792 1491 transegimus
818 1457 834 1479 ,
887 1419 945 1470 in
994 1433 1097 1488 quo
1159 1417 1440 1487 epistolam
1493 1428 1722 1471 vestram
1772 1415 2018 1486 legimus,

435 1527 597 1583 quam
623 1511 837 1582 quidem
890 1519 1138 1582 perpetuo
1161 1509 1407 1578 deinceps
1436 1506 1662 1578 legentes
1701 1506 1918 1576 perinde
1957 1522 2021 1561 ac

435 1621 668 1675 priorem
716 1604 869 1660 illam
913 1604 1060 1659 nobis
1119 1619 1153 1656 α
1203 1601 1468 1657 Clemente
1519 1600 1780 1662 scriptam
1827 1598 2024 1668 episto-

436 1698 582 1762 lam,
625 1698 841 1766 optimis
886 1695 1165 1766 prwceptis
1219 1710 1282 1748 ac
1345 1692 1680 1747 documentis
1723 1689 2023 1745 abundabi-

435 1807 578 1847 mus.
609 1789 805 1845 Tradit
849 1789 1072 1859 quidem
1100 1796 1157 1842 et
1189 1787 1280 1844 ille
1333 1785 1624 1857 epistolam
1659 1783 1956 1855 quamdam
1987 1799 2020 1838 a

2125 577 2268 648 apud
2293 587 2483 649 gentes
2528 586 2690 634 erant
2744 576 3118 632 Ecclesiarum
3165 574 3592 644 antiquissimae,
3645 571 3716 628 ad

2126 671 2262 737 haec,
2290 673 2365 728 ob
2419 670 2660 727 civitatis
2713 670 2769 725 iu
2820 669 3028 725 sacculo
3081 668 3496 738 amplitudinem
3548 675 3714 736 atque

2123 763 2522 834 prestantiam,
2551 762 2931 828 nobilissimas,
2977 761 3179 833 prasfici
3233 761 3518 816 meruerit.
3566 757 3716 827 Quid

2122 855 2246 927 ejus
2280 865 2568 926 postremo
2613 855 2939 926 martyrium
2994 853 3201 920 dicam,
3227 867 3336 924 quo
3381 867 3548 922 opere
3575 851 3717 907 nihil

2123 961 2368 1017 unquam
2398 946 2544 1016 apud
2601 955 2821 1002 nostros
2852 945 3212 1002 excellentius
3246 953 3345 1000 aut
3386 943 3716 1015 praeclarius

2125 1039 2375 1096 habitum
2428 1037 2600 1094 fuisse
2650 1021 2896 1094 scimus?
2947 1037 3124 1108 Hujus
3145 1052 3277 1108 ergo
3304 1036 3440 1091 tanti
3493 1051 3561 1092 ac
3587 1035 3718 1090 talis

2123 1131 2249 1199 viri,
2278 1130 2333 1186 in
2357 1145 2470 1202 quo
2492 1146 2710 1187 summa
2752 1130 2938 1186 omnia
2968 1137 3150 1196 erant,
3200 1129 3249 1185 si
3298 1129 3423 1183 alia:
3452 1127 3715 1194 fuissent,

2121 1241 2291 1298 quam
2325 1241 2450 1297 quae
2479 1241 2627 1280 nunc
2669 1225 3140 1282 circumferuntur
3186 1225 3454 1296 epistolae,
3479 1240 3576 1280 eas
3595 1224 3716 1294 jam

2123 1317 2193 1372 ab
2215 1316 2325 1371 illis
2351 1315 2713 1387 temporibus,
2741 1315 3067 1385 saeculisque
3085 1313 3332 1383 proxime
3352 1314 3718 1383 sequentibus

2123 1408 2509 1467 celeberrimas
2535 1409 2708 1464 fuisse
2736 1423 2964 1465 necesse
3013 1416 3120 1470 est.
3168 1415 3224 1462 et
3272 1416 3402 1478 post
3431 1408 3716 1477 apostolo-

2123 1518 2246 1558 rum
2276 1503 2524 1573 ipsorum
2563 1511 2619 1558 et
2671 1501 2974 1558 Clementis
3034 1499 3081 1557 si
3129 1499 3270 1556 forte
3317 1501 3524 1571 scripta
3553 1501 3718 1568 longe

2123 1596 2524 1653 nobilissimas.
2577 1597 2684 1651 Sed
2731 1611 2828 1653 eas
2884 1604 3084 1666 praeter
3144 1595 3391 1650 aut-toris
3430 1595 3714 1660 meritum,

2121 1689 2304 1760 ipsum
2361 1689 2589 1760 insuper
2639 1698 2880 1758 tempus,
2931 1703 3045 1759 quo
3073 1687 3216 1743 datae
3261 1703 3385 1744 esse
3428 1688 3714 1751 dicuntur,

2122 1793 2289 1852 supra
2320 1781 2544 1836 modum
2581 1781 2873 1836 nobilitare
2893 1780 3105 1837 debuit.
3140 1779 3323 1836 lnnuit
3349 1781 3498 1837 enim
3547 1779 3716 1850 Poly-

427 1880 717 1937 Clementc
741 1881 812 1936 ad
833 1879 1158 1936 Corinthios
1195 1879 1458 1948 scriptam
1507 1876 1703 1943 fuisse,
1734 1885 1790 1932 et
1816 1877 1873 1931 in
1917 1874 2012 1931 Ec-
2049 1871 2094 1932 Β
2120 1889 2320 1944 carpus
2342 1874 2412 1930 ab
2435 1872 2649 1945 lgnatio
2678 1874 2734 1928 in
2769 1873 3066 1944 supremis,
3119 1874 3174 1928 in
3211 1874 3454 1945 martyrii
3481 1874 3717 1929 medita-

432 1973 602 2030 clesia
633 1973 827 2029 lectam
857 1989 871 2027 :
919 1987 1030 2026 non
1055 1971 1189 2026 dicit
1213 1971 1373 2032 hanc,
1399 1984 1566 2041 quam
1601 1967 1802 2026 Junius
1827 1985 1895 2024 ex
1929 1985 2022 2025 co-

431 2067 557 2124 dice
582 2065 754 2138 Regio
782 2066 1108 2136 descripsit,
1143 2080 1263 2120 eam
1321 2063 1533 2120 fuisse:
1574 2065 1686 2119 imo
1710 2063 1894 2134 qualis
1931 2062 2023 2118 illa

432 2159 603 2216 fuerit
637 2175 803 2232 quam
857 2158 1131 2214 Corinthii
1189 2156 1460 2228 legebant,
1502 2156 1655 2210 nullo
1715 2155 1884 2210 modo
1923 2154 2022 2210 de-

433 2251 633 2322 pingit,
658 2259 720 2304 ut
751 2259 996 2304 nostram
1027 2248 1093 2302 ad
1119 2248 1272 2302 illius
1300 2247 1675 2302 characterem
1705 2245 2025 2301 examinare

432 2355 748 2413 possemus.
781 2339 850 2394 Et
883 2349 1067 2395 tamen
1099 2340 1216 2395 haec
1257 2338 1447 2394 lremei
1481 2349 1537 2394 et
1595 2336 1843 2410 Dionysii
1870 2336 2025 2393 testi-

437 2432 624 2487 monia
649 2430 718 2486 ad
752 2431 1156 2486 Clementinam
1215 2428 1510 2500 epistolam
1549 2428 2023 2484 statuminandam

434 2539 696 2596 magnam
729 2524 840 2578 vim
870 2522 1074 2579 habere
1100 2521 1316 2588 volunt,
1371 2511 1660 2594 Polycarpi
1692 2528 1876 2576 autem
1909 2519 2026 2577 suf-

436 2613 674 2686 fragium
729 2621 786 2670 et
843 2614 1021 2668 multo
1080 2613 1365 2683 antiquius
1423 2620 1590 2683 atque
1643 2611 1909 2668 disertius
1956 2613 2025 2669 ad

438 2705 633 2777 lgnatii
657 2704 923 2776 epistolas
944 2706 1357 2761 confirmandas
1384 2705 1546 2777 plane
1577 2707 1809 2762 nullam.

508 2796 637 2854 llaec
668 2813 794 2854 cum
825 2789 987 2853 unica
1041 2796 1115 2853 sit
1163 2798 1424 2869 objectio,
1465 2813 1590 2870 qum
1633 2798 1856 2869 proprie
1888 2799 2024 2854 'vim

435 2891 741 2948 testimonii
770 2899 1002 2962 spectat,
1033 2899 1232 2962 praeter
1277 2892 1555 2948 silentium
1608 2891 1817 2961 Irenaai,
1877 2892 2027 2964 quod

435 2982 694 3055 proximo
742 2983 925 3054 capite
985 2982 1416 3039 examinandum
1473 2993 1600 3050 est;
1665 2999 1903 3056 cumque
1961 3000 2024 3040 ea

439 3087 552 3133 tam
589 3077 778 3147 iniqua
821 3091 888 3132 ac
917 3075 1054 3132 levis
1082 3076 1189 3144 sit,
1218 3085 1278 3131 ut
1305 3091 1499 3132 omnes
1521 3076 1738 3145 vident;
1778 3088 2026 3148 superest

438 3179 502 3227 ut
533 3168 917 3242 Polycarpiani
966 3167 1212 3239 suffragii
1265 3169 1438 3224 robur
1488 3169 1654 3226 latius
1699 3169 2022 3240 explicetur,

439 3264 803 3333 omniumque
832 3261 1012 3318 oculis
1058 3261 1266 3318 clarius
1295 3270 1625 3331 exponetur.
1659 3260 1848 3318 Primo
1874 3262 2024 3319 enim

440 3355 778 3430 Polycarpus
809 3369 922 3410 non
954 3363 1169 3410 tantum
1198 3364 1434 3411 testatur
1485 3355 1778 3427 scripsisse
1814 3355 2028 3426 aliquas

439 3450 702 3522 epistolas
748 3446 1049 3520 Ignatium,
1080 3448 1177 3504 sed
1227 3447 1504 3519 significat
1549 3448 1876 3520 συναγωγὴν
1906 3449 2027 3518 epi-

439 3544 709 3600 stolarum
738 3541 861 3613 ejus
889 3549 1024 3597 tunc
1056 3541 1320 3612 temporis
1352 3539 1603 3614 Smyrnae
1619 3555 1680 3597 se
1705 3556 1819 3611 prae
1847 3541 2028 3596 mani-

442 3637 546 3693 bus
572 3635 878 3703 habuisse;
923 3633 1243 3689 earumdem
1283 3633 1567 3704 exemplar
1618 3633 1863 3703 epistolae
1911 3647 2028 3688 suae

440 3730 634 3800 (quam
667 3726 890 3782 aliunde
919 3728 973 3780 in
1005 3724 1257 3780 ecclesiis
1289 3723 1550 3780 Asiaticis
1572 3723 1794 3795 publice
1823 3723 2023 3779 lectam

441 3819 672 3890 scimus)
701 3834 761 3876 se
791 3817 1096 3887 subiecisse
1135 3814 1328 3882 tradit,
1355 3823 1412 3871 et
1450 3814 1900 3886 Philippensibus
1925 3813 2032 3868 mi-

443 3912 606 3981 sisse,
638 3913 804 3984 idque
829 3911 1076 3982 ipsorum
1108 3920 1337 3981 rogatu;
1367 3909 1561 3980 quanti
1591 3924 1688 3966 eas
1731 3912 1845 3978 ipse
1882 3909 2030 3964 aesti-

443 4014 623 4062 maret
645 4004 891 4076 optimus
934 4003 1104 4075 judex
1129 4002 1406 4069 ostendit,
1433 4017 1640 4073 easque
1666 4000 2032 4072 Philippensi-

445 4101 550 4153 bus
575 4095 904 4153 utilissimas
957 4095 1076 4152 fore
1130 4095 1442 4166 profitetur,
1490 4103 1547 4150 et
1589 4095 1774 4163 fidem,
1816 4095 2032 4166 patien-

447 4190 607 4258 tiam,
631 4203 964 4260 omnemque
1017 4187 1438 4244 aedificationem
1483 4186 1551 4243 ad
1585 4185 1877 4242 Dominum
1906 4201 2032 4256 per-

448 4282 714 4338 tinentem
739 4282 1026 4338 continere
1058 4280 1313 4336 allirmat.
1366 4274 1496 4335 Haec
1518 4278 1585 4334 de
1607 4277 1859 4349 epistolis
1888 4291 2032 4348 quas

447 4372 566 4446 ipse
593 4373 815 4445 collegit
841 4382 898 4429 et
928 4372 1072 4443 apud
1125 4387 1186 4428 se
1216 4370 1408 4427 habuit
1455 4384 1581 4426 cum
1613 4376 1844 4424 testetur
1868 4365 2034 4439 Poly-

447 4483 671 4540 carpus,
694 4467 916 4524 easdem
945 4466 1174 4522 omnino
1202 4481 1328 4521 eum
1361 4461 1718 4526 intellexisse,
1749 4476 1890 4532 quas
1931 4475 2034 4517 nos

2124 1967 2532 2038 tione,eoipso
2585 1976 2832 2036 tempore
2884 1968 3119 2040 scriptas
3149 1967 3356 2031 fuisse,
3404 1981 3518 2038 quo
3567 1969 3717 2023 edita

2123 2061 2432 2117 Antiochiae
2472 2047 2634 2132 apud
2686 2059 2986 2132 Traianum
3036 2063 3459 2133 praeclarissima
3505 2060 3718 2116 Chtisti

2124 2153 2496 2220 confessione,
2552 2153 2818 2224 principis
2867 2171 2965 2210 ore
3011 2155 3078 2209 ad
3142 2155 3350 2210 bestias
3392 2155 3718 2218 damnatus,

2127 2243 2358 2299 Romam
2387 2244 2454 2299 ad
2482 2252 2714 2298 mortem
2765 2258 2867 2314 pro
2927 2243 3160 2300 Domino
3208 2245 3572 2316 appetendam
3618 2247 3721 2300 ab—

2127 2333 2451 2390 ducebatur.
2482 2334 2620 2389 Cum
2671 2334 2839 2406 igitur
2889 2337 3189 2392 charorum
3239 2337 3447 2407 pietate
3483 2352 3722 2406 prmser—

2128 2427 2223 2482 tim
2256 2442 2320 2482 ac
2363 2426 2567 2482 virtute
2599 2427 2979 2497 praestantium
3029 2430 3274 2484 virorum
3336 2430 3390 2484 in
3440 2430 3722 2500 supremis

2127 2519 2305 2576 editas
2333 2535 2499 2577 voces
2525 2535 2722 2592 magna
2784 2536 2919 2576 cura
2970 2522 3245 2593 excipere,
3290 2538 3535 2591 servare,
3576 2523 3723 2578 cele-

2120 2616 2291 2676 brare
2318 2616 2711 2685 memoriaeque
2737 2626 3090 2687 posterorum
3119 2617 3382 2672 mandare
3411 2618 3720 2684 soleamus,

2128 2723 2241 2778 quo
2271 2707 2457 2763 studio
2499 2722 2532 2762 a
2575 2707 2712 2762 viris
2764 2707 2876 2762 illis
2908 2715 3006 2762 aut
3030 2706 3282 2763 ecclesiis
3303 2716 3562 2778 exceptas
3589 2723 3726 2764 esse

2125 2815 2228 2870 par
2252 2810 2336 2856 est
2365 2800 2700 2857 sanctissimi
2756 2799 3016 2872 martyris
3069 2800 3136 2856 ad
3185 2815 3247 2856 se
3290 2801 3345 2855 in
3379 2799 3515 2872 ipsa,
3544 2810 3604 2857 ut
3635 2802 3726 2858 sic

2129 2893 2334 2960 dicam,
2365 2908 2534 2949 arena
2565 2893 2798 2964 scriptas
2825 2892 3056 2960 litteras,
3079 2909 3193 2964 quo
3216 2894 3529 2949 animorum
3562 2903 3721 2950 mutu

2128 2985 2412 3054 recitatas,
2437 3001 2546 3057 qua
2577 2986 2845 3043 charitate
2871 3000 2999 3041 cum
3029 2987 3169 3052 suis,
3189 3001 3525 3058 quacunque
3553 2987 3724 3042 Chri-

2127 3081 2199 3135 sti
2253 3097 2452 3138 nomen
2513 3083 2841 3149 colebatur,
2903 3083 3172 3159 fratribus
3235 3085 3728 3153 communicatas!

2129 3173 2422 3230 Summum
2470 3177 2830 3233 ecclesiarum
2881 3177 2936 3232 in
2987 3176 3122 3232 istas
3151 3177 3412 3248 epistolas
3445 3193 3722 3245 amorem,

2130 3282 2403 3322 summam
2441 3267 2875 3338 colligendarum
2923 3277 2978 3325 et
3033 3269 3430 3324 servandarum
3469 3277 3522 3324 et
3569 3271 3722 3339 apud

2128 3356 2327 3414 fratres
2349 3358 2892 3416 disseminandarum
2922 3375 3112 3415 curam
3135 3402 3150 3426 ,
3185 3376 3576 3432 summumque
3601 3372 3720 3416 stu-

2129 3453 2284 3508 dium
2317 3450 2492 3507 fuisse
2519 3453 2654 3507 satis
2685 3461 2918 3507 testatur
2945 3450 3004 3508 S.
3031 3451 3391 3526 Polycarpus,
3430 3453 3488 3508 S.
3543 3451 3722 3508 Joan-

2130 3545 2217 3601 nis
2239 3544 2471 3616 apostoli
2506 3544 2714 3614 pariter
2763 3543 3092 3614 discipulus,
3133 3545 3228 3614 qui
3261 3545 3329 3600 ab
3362 3560 3430 3600 eo
3466 3543 3728 3618 Smyrna:

2129 3635 2426 3706 cpiscopus
2476 3635 2788 3701 ordinatus,
2839 3635 3011 3692 totius
3067 3636 3214 3692 Asiae
3270 3636 3550 3708 princeps,
3611 3638 3726 3709 ipsi

2131 3725 2342 3799 lgnatio
2379 3728 2670 3784 familiaris
2704 3727 2828 3794 fuit,
2859 3730 2953 3798 qui
2987 3727 3148 3784 docet
3199 3743 3259 3786 se
3289 3743 3321 3784 a
3345 3727 3727 3801 Philippensi-

2130 3819 2234 3875 bus
2271 3829 2524 3890 rogatum
2553 3835 2747 3876 onmcs
2785 3817 2981 3891 lgnatii
3028 3821 3311 3892 epistolas,
3357 3831 3731 3893 quascunque

2131 3914 2274 3985 apud
2301 3928 2364 3970 se
2399 3913 2643 3981 haberet,
2660 3913 2969 3985 collegisse,
2994 3929 3200 3984 easque
3222 3916 3290 3971 ad
3318 3915 3468 3984 ipsos
3489 3914 3575 3970 his
3600 3915 3728 3971 suis

2130 4006 2328 4063 litteris
2369 4005 2650 4077 subiectas
2700 4007 2937 4063 mittere.
2991 4006 3068 4062 Ex
3102 4006 3188 4064 his
3247 4007 3384 4063 satis
3410 4021 3560 4062 nunc
3583 4022 3730 4062 con-

2131 4107 2245 4155 stat
2281 4097 2407 4155 illas
2443 4097 2706 4168 epistolas
2734 4113 2876 4169 quas
2899 4099 3122 4169 scripsit
3154 4098 3416 4170 lgnatius,
3443 4113 3581 4170 quas
3606 4100 3729 4156 colo

2133 4191 2266 4264 legit
2289 4201 2345 4246 et
2369 4191 2541 4247 edidit
2574 4189 2936 4263 Polycarpus,
2996 4207 3104 4246 non
3155 4192 3404 4263 potuisse
3453 4206 3560 4246 non
3593 4207 3732 4249 esse

2134 4283 2304 4351 illius,
2329 4292 2384 4339 et
2426 4283 2694 4354 proximae
2743 4283 3002 4354 deinceps
3033 4285 3311 4340 memoria:
3357 4283 3727 4348 Christianis,

2135 4377 2438 4449 praesertim
2469 4393 2602 4434 vero
2639 4378 2896 4433 litteratis
2921 4387 2974 4434 et
3013 4379 3248 4433 eruditis
3268 4420 3283 4444 ,
3313 4379 3359 4433 si
3389 4379 3484 4449 qui
3509 4389 3727 4446 essent,

2135 4467 2479 4524 notissimas.
2507 4467 2649 4534 Quid
2681 4469 2828 4538 quod
2884 4469 2999 4523 hace
3031 4468 3147 4537 ipsa
3177 4467 3235 4522 S.
3280 4466 3564 4538 Polycarpi
3601 4469 3728 4539 epi-

449 4561 743 4624 habemus,
795 4573 936 4629 quas
985 4567 1113 4612 ante
1152 4571 1256 4612 nos
1315 4553 1610 4620 Eusebius,
1665 4551 2026 4615 Athanasius,

2135 4560 2302 4625 stola,
2328 4575 2437 4631 qua
2462 4559 2740 4631 lgnatiana
2790 4569 3075 4630 tantopere
3119 4559 3580 4630 prazdicabantur,
3626 4576 3732 4630 per

448 4651 854 4713 Theodoretus,
901 4648 1107 4719 aliique
1158 4647 1468 4702 habuerunt
1491 4684 1507 4710 .
1555 4653 1612 4700 ei
1655 4643 1948 4709 comendo.
1976 4650 2033 4698 ει
2139 4653 2246 4708 tria
2279 4653 2494 4724 integra
2525 4653 2728 4709 saecula
2758 4653 2812 4707 in
2840 4661 3110 4708 conventu
3137 4651 3284 4706 Asiae
3335 4651 3551 4722 publice
3575 4652 3731 4724 lege-

449 4754 639 4818 aperte
666 4744 1007 4815 ﬁrmiterque
1045 4742 1241 4814 probo.
1299 4742 1408 4795 Aul
1435 4738 1584 4795 enim
1643 4737 1751 4792 illa?
1790 4737 2036 4807 θρῑειοιω
2137 4755 2311 4812 retur,
2372 4761 2484 4816 qua
2533 4761 2751 4802 summa
2803 4760 2993 4800 eorum
3052 4744 3259 4800 utilitas
3316 4744 3726 4811 inculcabatur,

449 4851 591 4909 quas
613 4835 912 4908 publicavit
938 4833 1300 4906 Polycarpus,
1323 4833 1411 4887 ita:
1433 4831 1564 4901 ipsa:
1591 4838 1740 4892 sum.
1767 4843 1907 4900 quas
1931 4843 2033 4883 ιιο·
2137 4837 2422 4907 animique
2453 4836 2738 4891 hominum
2771 4836 3101 4906 scriptorum
3141 4836 3301 4890 fidem
3335 4836 3640 4906 antiquam,
3667 4846 3731 4891 et

449 4929 554 4985 stri
587 4927 907 4994 defendunt,
936 4936 1031 4981 aut
1053 4926 1277 4980 fuerunt
1305 4924 1427 4979 alia
1464 4933 1520 4979 et
1552 4923 1623 4979 ab
1662 4921 1748 4978 his
1781 4921 2032 4976 diVBI'SFB-
2134 4931 2480 5000 patientiam,
2513 4937 2568 4984 et
2597 4929 3013 4984 aedificationem
3069 4928 3468 4983 continentium
3510 4927 3728 4997 cupidi.

452 5018 562 5075 Sed
601 5018 743 5086 aliae,
770 5026 826 5072 et
849 5017 920 5072 ab
941 5016 1030 5072 his
1050 5016 1284 5072 diversae
1313 5031 1424 5071 non
1467 5015 1711 5070 fuerunt.
1739 5012 2034 5082 Reliquum
2135 5030 2250 5076 tate
2281 5031 2547 5092 perpetuo
2599 5022 3062 5077 accendebantur.
3117 5021 3176 5074 Si
3232 5020 3402 5090 igitur
3453 5019 3556 5074 alia
3604 5028 3660 5073 et
3690 5035 3730 5074 ει

451 5112 622 5183 igitur
641 5123 728 5168 est
763 5119 826 5166 ut
857 5111 942 5166 ha:
966 5111 1099 5181 ipsae
1127 5108 1353 5165 fuerint.
1381 5107 1654 5179 Epistolas
1690 5117 1871 5163 autem
1897 5121 2037 5176 quas

451 5203 754 5276 publicavit
775 5201 1135 5275 Polycarpus,
1166 5217 1276 5257 non
1323 5200 1495 5257 fuisse
1524 5201 1684 5268 alias,
1731 5209 1784 5255 et
1825 5201 1894 5256 ab
1926 5199 2035 5265 his,

453 5311 595 5367 quas
624 5310 774 5351 nunc
802 5295 1091 5359 habemus,
1123 5293 1395 5358 diversas,
1427 5294 1509 5350 sic
1544 5291 1777 5349 ostendo
1803 5310 1815 5344 :

529 5387 590 5444 S.
626 5387 920 5460 Ignatium,
953 5387 1050 5458 qui
1083 5386 1276 5460 paucis
1303 5395 1431 5456 post
1449 5383 1508 5441 S.
1533 5383 1766 5440 Joannis
1804 5383 2038 5455 apostoli

457 5489 690 5536 mortem
720 5480 884 5535 annis
926 5479 1252 5552 martyrium
1301 5478 1491 5534 Romae
1546 5476 1714 5542 fecit,
1760 5476 2040 5546 apostolos

458 5579 638 5645 ipsum
670 5573 968 5640 audivisse,
993 5583 1050 5628 et
1077 5588 1141 5628 ex
1178 5574 1265 5628 his
1295 5571 1609 5643 purissimis
1629 5569 2040 5626 Christianismi

457 5665 705 5722 fontibus
750 5666 1057 5721 doctrinam
1117 5681 1275 5720 suam
1316 5665 1570 5721 hausisse
1617 5673 1857 5720 constat.
1924 5662 2042 5720 Huc

456 5758 669 5814 accedit
693 5758 895 5814 eximia
927 5759 1030 5812 viri
1063 5757 1324 5828 dignitas,
1359 5759 1456 5828 qui
1483 5772 1592 5811 non
1629 5757 1792 5811 modo
1818 5769 2044 5827 aposto-

458 5851 636 5908 lorum
678 5851 1004 5923 discipulus,
1062 5851 1156 5910 scd
1187 5865 1378 5907 eorum
1432 5853 1657 5922 insuper
1693 5851 1904 5922 judicio
1961 5852 2045 5909 sic

2141 5127 2334 5172 nostra
2389 5116 2611 5170 diversa
2673 5113 2777 5170 fuit
2813 5114 3100 5186 Polycarpi
3161 5114 3480 5184 συναγωγὴ,
3509 5113 3555 5169 si
3599 5113 3732 5169 alia

2137 5209 2384 5279 epistola:
2414 5206 2611 5278 lgnatii
2670 5205 2876 5262 fuerint
2903 5221 3042 5276 quas
3095 5204 3186 5260 ille
3235 5205 3479 5274 collegit,
3521 5212 3576 5258 et
3607 5205 3732 5260 suis

2141 5301 2336 5356 litteris
2377 5299 2809 5365 commendavit,
2842 5310 2896 5354 et
2929 5298 3373 5369 Philippensibus
3405 5299 3732 5352 communi-

2141 5393 2306 5456 cavit,
2339 5405 2507 5460 quam
2533 5405 2634 5456 eae,
2667 5406 2808 5461 quas
2831 5407 2932 5447 nos
2966 5392 3234 5446 habemus
3256 5398 3313 5445 et
3336 5399 3467 5445 ante
3487 5405 3591 5445 nos
3628 5390 3736 5445 ha-

2143 5484 2260 5539 lmit
2288 5483 2598 5551 Eusebius;
2631 5483 2740 5546 illa;
2771 5493 2916 5540 certe
2969 5494 3029 5538 ut
3073 5483 3208 5538 viris
3235 5482 3489 5538 litteratis
3532 5481 3737 5548 praeci-

2142 5593 2252 5646 pue
2285 5588 2450 5647 atque
2491 5578 2725 5632 eruditis
2781 5577 3104 5641 notissimae,
3155 5592 3254 5647 per
3284 5575 3469 5630 omnia
3507 5575 3598 5630 illa
3625 5588 3739 5628 saa-

2145 5664 2288 5730 eula,
2318 5668 2624 5735 praesertim
2653 5667 2856 5737 quibus
2900 5666 3186 5738 Pulycarpi
3228 5667 3457 5738 epistola
3483 5666 3543 5719 in
3575 5664 3739 5721 Asia-

2147 5759 2270 5814 ticis
2303 5760 2554 5815 ccclesiis
2612 5775 2744 5817 sane
2778 5761 3143 5817 nobilissimis
3180 5760 3536 5832 personabat,
3570 5761 3736 5813 inno-

2147 5862 2416 5910 tcscercnt
2441 5861 2602 5918 atque
2622 5861 3051 5923 agnoscerentur
3077 5869 3302 5914 necesse
3325 5853 3449 5910 fuit.
3492 5851 3551 5907 ln
3579 5861 3737 5908 tanta
