3878 6210
181 362 290 419 N5

915 369 966 416 .t.
1007 359 1371 417 PEARSONII
1414 353 1732 417 VINDICIE
1775 357 2199 416 IGNATIAN.E.
2241 389 2308 400 -—
2344 356 2524 412 PARS
2551 356 2594 413 1.

3333 347 3442 408 ιιι

171 482 586 540 existimatione
637 498 765 538 cum
822 483 1002 553 primo
1041 483 1264 549 fuerint,
1315 492 1464 540 tanta
1510 500 1641 539 cura
1674 491 1756 539 at-
1785 489 1831 545 Α
1861 482 2257 549 Theodoretus,
2283 482 2423 537 duas
2473 477 2724 534 Gelasius
2774 474 3070 533 sententias
3123 471 3437 540 laudarunt,

169 593 282 646 que
303 577 496 632 studio
543 577 615 630 ab
671 577 905 632 ecclesia
963 576 1031 631 ad
1074 577 1364 632 ecclesiam
1396 575 1755 640 transmissae,

167 678 283 724 tam
315 669 563 737 publius,
589 677 810 740 tamque
830 678 1090 739 perpetua
1113 670 1638 723 commemoratione
1661 683 1758 722 or—

166 771 313 816 nata:
339 771 513 832 atque
535 763 844 833 posteritati
874 762 1293 827 commendatae,
1324 777 1433 817 non
1459 771 1760 832 potuerunt

165 854 401 909 omnino
431 855 626 920 latere,
649 863 704 909 et
730 854 866 910 viris
904 853 1103 919 doctis,
1160 863 1216 908 et
1246 854 1562 924 apostolica:
1587 854 1760 909 tradl-

165 947 340 1003 tionis
373 948 621 1002 maxime
667 947 907 1002 curiosis
936 947 1133 1018 ignota!
1161 962 1304 1003 esse.
1334 947 1404 1003 At
1429 946 1478 1002 si
1508 947 1756 1003 omnium

165 1038 619 1094 Christianorum
648 1054 746 1108 per
799 1040 905 1094 tria
953 1038 1174 1100 sarcula.
1211 1055 1320 1093 non
1373 1047 1586 1094 tantum
1636 1048 1760 1110 post

167 1129 390 1201 lgnatii.
424 1131 520 1185 sed
551 1140 606 1186 et
649 1131 938 1202 Polyrarpi
988 1140 1244 1200 mortem,
1291 1132 1463 1188 libros
1503 1132 1760 1188 consula-

167 1237 317 1288 mus,
343 1221 560 1276 nullam
619 1222 878 1288 aliarum,
933 1238 1100 1292 quam
1141 1239 1284 1293 quas
1312 1237 1414 1278 nos
1467 1223 1755 1289 habemus,

167 1311 366 1384 lgnatii
429 1313 791 1383 epistularum
855 1313 1190 1369 mentionem
1241 1329 1486 1384 unquam
1557 1313 1757 1368 factam

167 1405 545 1461 inveniemus.
585 1405 736 1462 Alias
781 1407 945 1476 igitur
1011 1421 1296 1476 nunquam
1354 1405 1526 1463 fuisse
1580 1407 1758 1461 mani-

167 1497 370 1553 festum
405 1507 512 1554 est.
527 1497 756 1564 Clarus,
788 1499 843 1552 ni
876 1497 1058 1565 fallor,
1090 1513 1276 1554 rerum
1309 1513 1506 1566 nexus,
1531 1499 1676 1556 clara
1703 1507 1760 1554 et

165 1587 554 1645 indubitabilis
580 1589 925 1645 consecutio.

235 1681 343 1746 Qui
375 1682 627 1752 quinque
650 1681 734 1736 vel
776 1696 874 1736 sex
923 1681 1187 1751 epistolas
1226 1697 1405 1751 nuper
1430 1680 1640 1753 lgnatio
1671 1692 1757 1739 at-

163 1770 404 1825 tributas
433 1779 698 1841 tanquam
727 1771 946 1841 spurias
972 1781 1028 1827 et
1054 1772 1209 1828 fictas
1233 1773 1572 1843 rejiciebant,
1605 1775 1658 1830 id
1698 1789 1758 1832 se

163 1858 292 1914 ideo
316 1858 522 1915 fecisse
562 1860 980 1930 profitebantur,
1032 1862 1178 1931 quod
1223 1861 1442 1918 Eusebii
1472 1873 1529 1920 et
1559 1861 1754 1920 Hiero-

163 1954 312 2023 nymi
356 1962 609 2022 tempore
645 1967 757 2008 nou
806 1963 1130 2009 exstarent:
1163 1969 1230 2010 eo
1277 1966 1462 2012 autem
1512 1965 1758 2027 tempore

161 2061 272 2099 non
293 2045 586 2100 exstitisse
610 2045 736 2100 inde
758 2046 1109 2116 colligebant,
1158 2049 1306 2117 quod
1337 2063 1435 2102 nec
1465 2045 1754 2116 Eusebius,

162 2152 261 2192 nec
287 2135 667 2208 Hieronymus
710 2153 902 2192 earum
954 2139 1286 2205 meminerit,
1331 2155 1456 2195 cum
1494 2141 1633 2196 alias
1659 2156 1756 2196 sex

158 2239 468 2298 septemve,
493 2244 636 2299 quas
671 2231 846 2286 nostri
875 2229 1195 2297 defendunt,
1228 2232 1520 2302 diligenter
1549 2247 1759 2288 memo-o

158 2331 401 2386 rassent,
455 2330 624 2391 atque
654 2322 1096 2392 descripsissent.
1126 2323 1282 2380 Hanc
1307 2339 1500 2379 eorum
1529 2333 1756 2379 senten-

157 2415 292 2468 tiam
344 2422 521 2484 atque
574 2413 843 2470 rationem
874 2424 930 2470 et
958 2415 1146 2472 laudat
1171 2424 1227 2472 et
1247 2417 1598 2486 amplectitur
1629 2416 1757 2473 Dal-

157 2507 315 2564 Ianus.
353 2507 498 2564 Nam
529 2510 600 2566 de
634 2509 861 2568 Usserio
880 2512 1133 2582 loquens,
1167 2512 1284 2568 haec
1312 2513 1492 2583 capite
1515 2511 1759 2570 secundo

157 2600 392 2654 scribit:
428 2599 679 2656 Primum
709 2620 835 2674 ergo
860 2619 954 2658 se:
985 2604 1109 2660 illas
1141 2604 1396 2675 epistolas
1421 2606 1492 2659 ad
1526 2605 1758 2660 Mariam

159 2688 577 2758 Cassobolitaut,
608 2695 680 2748 ad
709 2693 1083 2766 Polycarpum,
1117 2698 1186 2750 ad
1223 2697 1527 2766 Tarsenses,
1561 2698 1632 2752 ad
1659 2699 1762 2753 An-

169 2783 472 2852 tiochenos,
509 2785 579 2838 ad
603 2785 890 2854 Heronem,
922 2797 973 2842 et
1005 2789 1075 2841 ad
1108 2787 1495 2859 Philippeum,
1530 2790 1649 2856 has,
1677 2790 1760 2844 in-

158 2888 342 2940 quam,
381 2877 619 2931 nondum
656 2878 872 2934 Eusebii
896 2891 946 2935 et
983 2879 1296 2951 Hieronymi
1324 2881 1643 2952 temporibus
1669 2897 1762 2938 ex-

159 2967 368 3022 stitisse
391 2969 518 3023 inde
548 2969 878 3025 validissime
898 2971 1108 3042 probat,
1160 2974 1302 3044 quod
1340 2973 1406 3028 de
1437 2975 1506 3029 iis
1541 2984 1761 3045 uterque

159 3058 261 3113 iste
288 3061 531 3129 scriptor
560 3061 772 3116 nullum
811 3061 1025 3116 verbum
1059 3062 1212 3132 facit,
1248 3064 1342 3133 qui
1371 3079 1466 3118 sea:
1495 3063 1636 3118 alias
1664 3078 1760 3116 su-

1859 589 2052 629 omnes
2079 589 2146 629 ex
2173 573 2419 642 epistolis
2449 571 2674 634 nostris,
2699 585 2762 624 ex
2800 569 2906 624 alia
2953 568 3136 636 aliqua
3168 581 3233 621 ue
3272 579 3436 618 unam

1859 667 2102 738 quidem.
2133 666 2268 720 Alia:
2294 665 2458 736 igitur
2487 679 2654 734 quam
2708 672 2909 718 nostra;
2959 659 3152 730 lgnatii
3194 657 3436 729 epistola

1859 774 2142 830 nunquam
2183 759 2406 813 fuerunt
2431 773 2461 812 a
2493 756 2797 828 Polycarpo
2827 753 3132 824 posteritati
3152 767 3438 808 commen-

1858 851 2019 907 datae.
2068 849 2251 915 Quare
2304 863 2428 904 cum
2465 848 2534 903 ab
2580 847 2674 902 illo
2722 847 2918 916 aliqua:
2954 845 3157 901 fuerint
3197 844 3440 899 collecta!

1815 960 1822 967 ·
1859 941 2277 1012 publicamque,
2314 949 2377 995 ut
2407 956 2473 994 ex
2522 939 2697 1010 ipsius
2747 935 3068 994 testimonio
3104 944 3290 1006 patet;
3319 933 3442 988 alia:

1860 1040 2043 1088 autem
2073 1039 2128 1088 et
2149 1047 2177 1085 a
2206 1031 2409 1088 nostris
2457 1029 2689 1086 diversae
2721 1045 2829 1085 nou
2883 1026 3108 1096 fuerint,
3143 1035 3202 1082 ut
3227 1041 3294 1080 ex
3329 1025 3441 1080 alto

1859 1133 1942 1181 tot
1970 1124 2298 1179 saeculorum
2329 1122 2548 1178 silentio
2575 1121 2923 1175 manifestum
2944 1128 3059 1185 est;
3091 1126 3260 1174 restat
3279 1127 3338 1172 ut
3357 1117 3442 1172 ha:

1861 1216 1992 1285 ipsa:
2015 1213 2240 1280 fuerint,
2267 1229 2408 1285 quas
2439 1212 2614 1268 nostri
2642 1211 2968 1279 defendunt,
3002 1225 3142 1280 quas
3170 1208 3442 1265 Eusebius

1860 1307 2017 1372 vidit,
2052 1307 2366 1378 descripsit,
2397 1305 2702 1364 defloravit.

1931 1420 2194 1486 Quaenam
2243 1420 2413 1483 enim,
2466 1434 2676 1490 quaso,
2705 1418 2811 1474 illa
2830 1417 3076 1489 epistolae
3105 1425 3254 1482 sunt,
3287 1417 3335 1474 si
3358 1418 3444 1474 ha:

1861 1529 1968 1569 non
1991 1513 2101 1568 sint
2123 1513 2146 1566 Ἰ
2171 1510 2306 1579 Quis
2334 1528 2429 1568 eas
2456 1527 2697 1582 unquam
2728 1511 2900 1582 legit?
2929 1510 3055 1581 quis
3082 1509 3256 1565 oculis
3282 1525 3445 1564 usur-

1860 1607 2052 1677 pavit?
2079 1604 2205 1674 quis
2242 1603 2326 1658 vel
2377 1602 2544 1658 fando
2573 1603 2642 1658 de
2681 1603 2803 1658 aliis
2853 1601 3102 1671 epistolis
3135 1601 3206 1656 ab
3235 1598 3442 1670 lgnatio

1860 1697 2105 1766 scriptis,
2135 1711 2165 1750 a
2189 1695 2490 1768 Polycarpo
2512 1695 2760 1750 collectis
2781 1692 2988 1762 aliquid
3017 1691 3227 1746 audivit
3247 1691 3272 1742 ἲ
3293 1691 3440 1754 aliis,

1862 1790 2108 1860 inquam,
2138 1804 2306 1858 quam
2343 1803 2484 1858 quas
2517 1785 2829 1842 habemus?
2855 1786 2939 1839 Au
2977 1785 3088 1840 ullo
3115 1784 3278 1838 modo
3302 1782 3443 1837 veri-

1858 1881 2038 1938 simile
2071 1887 2175 1953 est,
2217 1879 2482 1950 epistolas
2511 1894 2542 1933 a
2591 1887 2747 1934 tanto
2806 1885 3048 1947 martyre
3102 1883 3378 1940 exaratas,
3411 1889 3443 1929 a

1858 1979 2013 2026 tanto
2037 1971 2212 2027 editas
2235 1979 2401 2040 atque
2428 1968 2701 2033 laudatas,
2726 1967 2973 2037 epistolae
3001 1967 3164 2021 etiam
3192 1965 3269 2020 illi
3309 1965 3445 2022 sub-

1853 2063 2051 2134 jectas,
2083 2077 2208 2133 qua
2227 2077 2324 2134 per
2354 2069 2434 2117 tot
2464 2060 2666 2117 saecula
2698 2059 2914 2130 publice
2941 2059 3077 2114 lecta
3105 2074 3294 2114 earum
3325 2075 3446 2114 me-

1859 2155 2090 2210 moriam
2127 2163 2393 2225 perpetuo
2419 2153 2850 2223 redintegrabat,
2895 2153 3081 2206 statim
3112 2151 3363 2222 periisse,
3391 2162 3446 2206 et

1858 2247 1929 2302 ab
1968 2246 2216 2302 omnium
2265 2246 2440 2303 oculis
2491 2254 2709 2314 ereptas
2752 2244 2972 2300 fuisse?
3003 2244 3086 2298 An
3131 2244 3446 2313 putabimus

1859 2335 2052 2403 lgnatii
2082 2337 2290 2393 ossium
2339 2335 2601 2406 reliquias
2649 2334 2822 2389 Roma
2874 2334 3224 2388 Antiochiam
3259 2342 3445 2388 trans-

1858 2437 2126 2500 portatas,
2170 2437 2434 2498 tantaque
2469 2425 2822 2482 veneratione
2858 2440 2953 2494 per
2987 2433 3067 2479 tot
3117 2438 3296 2479 annos
3349 2424 3447 2479 ha-

1861 2521 2008 2578 bitas
2034 2540 2049 2587 ;
2075 2522 2340 2592 epistolas
2369 2529 2552 2576 autem
2579 2520 2631 2573 in
2668 2517 2787 2588 ipso
2818 2517 3012 2572 itinere
3039 2517 3293 2586 scriptas,
3320 2530 3446 2585 pro-

1859 2613 2075 2686 pediem
2109 2612 2163 2667 in
2189 2620 2388 2670 ventos
2424 2611 2672 2667 abiisse?
2701 2611 2784 2662 An
2829 2608 3216 2678 conjiciemus,
3269 2607 3444 2676 impe-

1863 2715 2019 2763 rante
2046 2703 2344 2770 Antonino,
2372 2713 2468 2759 aut
2489 2702 2733 2766 Aurelio,
2761 2701 2866 2756 hoc
2887 2711 2973 2757 est
2998 2741 3014 2767 ,
3038 2702 3163 2756 vivo
3188 2701 3368 2755 adhuc
3392 2709 3448 2757 et

1861 2798 2077 2853 valente
2116 2794 2175 2850 S.
2206 2795 2530 2868 Polycarpo,
2575 2794 2730 2850 fictas
2767 2794 2961 2861 fuisse,
2989 2793 3089 2850 has
3115 2809 3255 2862 quas
3279 2793 3450 2847 habe-

1862 2906 1988 2948 mus
2042 2890 2328 2960 epistolas,
2373 2903 2500 2944 cum
2559 2886 2831 2943 Salmasio
2883 2896 2940 2941 et
2987 2886 3308 2952 Albertino;
3353 2896 3448 2940 aut

1861 2982 2056 3038 saltem
2078 2982 2265 3038 statim
2293 2991 2419 3051 post
2441 2979 2744 3036 Clementis
2789 2977 3148 3034 Alexandrini
3182 2987 3438 3043 mortem,

1861 3089 1987 3131 cum
2013 3072 2318 3140 Blondello,
2347 3087 2584 3143 quorum
2623 3073 2803 3142 ipsum
2843 3071 3103 3126 Dallaeum
3130 3073 3334 3142 pudet?
3361 3073 3446 3128 Au

159 3157 397 3224 perieres
432 3155 592 3209 ambo
630 3163 947 3209 memorant.
973 3153 1085 3210 Cur
1114 3156 1256 3210 enim
1287 3155 1384 3209 has
1409 3157 1584 3225 potius
1599 3172 1756 3225 quam

1863 3176 2044 3223 autem
2099 3165 2258 3221 tertio
2307 3165 2510 3220 saeculo
2561 3173 2816 3231 exeunte,
2845 3172 2942 3218 aut
2972 3162 3196 3217 ineunte
3223 3173 3444 3232 quarto,

156 3248 307 3313 illas,
344 3249 393 3301 si
447 3247 597 3313 illas,
633 3249 682 3301 si
729 3257 980 3318 utrasque
1037 3257 1254 3312 norunt,
1288 3248 1603 3303 dixissent?
1647 3245 1760 3303 Cur

157 3355 277 3394 sero
297 3355 393 3394 eas
422 3339 779 3393 eruditissimi
808 3357 871 3394 ac
902 3339 1304 3410 diligentissimi
1344 3340 1582 3395 homines
1610 3341 1762 3412 igno-

157 3443 364 3492 rarent.
394 3433 444 3486 si
476 3440 652 3494 erant,
688 3441 749 3484 ut
783 3442 975 3485 narrat
1019 3432 1308 3498 Baronius,
1338 3449 1373 3486 a
1401 3432 1761 3502 Philippensi-

155 3524 250 3578 ὕεα
280 3540 408 3578 cum
437 3538 534 3578 sea:
561 3524 897 3592 superiorum
943 3523 1014 3577 ad
1052 3541 1140 3578 eos
1192 3525 1360 3580 missa
1391 3541 1424 3579 a
1459 3524 1758 3596 Polycarpo

153 3616 474 3670 collectione
521 3615 859 3684 conjuncta?
898 3614 1024 3670 Non
1078 3615 1263 3686 fuisse,
1298 3617 1529 3689 adeoque
1574 3634 1739 3690 neque

158 3722 272 3765 tum
304 3709 590 3764 exstitisse
633 3708 757 3763 inde
807 3717 1042 3771 constat,
1076 3709 1220 3777 quod
1251 3727 1343 3766 eas
1373 3708 1634 3766 Eusebius
1665 3728 1760 3767 ne-

154 3803 346 3859 scierit
369 3815 389 3855 :
423 3800 707 3856 nescirisse
730 3799 904 3853 altum
924 3798 1038 3869 ejus
1057 3799 1123 3853 de
1151 3801 1232 3855 his
1254 3801 1525 3856 silentium
1554 3803 1754 3874 arguit.

156 3893 214 3944 Si
243 3901 434 3945 autem
459 3889 576 3945 haec
605 3889 940 3945 validissime
965 3890 1196 3960 probent
1227 3891 1342 3946 sive
1369 3893 1612 3963 quinque
1643 3893 1759 3950 sive

155 4002 249 4039 sex
274 3985 402 4039 illas
426 3984 689 4053 epistolas
716 3995 961 4053 tempore
989 3983 1207 4041 Eusebii
1228 3994 1284 4041 et
1304 3985 1616 4059 Hieronymi
1645 4004 1756 4044 non

153 4077 468 4141 exstitisse,
507 4076 756 4146 adeoque
785 4085 972 4146 postea
997 4077 1338 4148 excogitatas
1361 4089 1417 4134 et
1443 4081 1599 4137 fictas
1629 4079 1760 4138 fuis-

157 4185 251 4234 se;
287 4178 545 4224 nostrum
595 4176 743 4223 certe
795 4178 1179 4234 argumentum
1215 4170 1552 4227 validissime
1587 4172 1756 4228 etiam

157 4262 378 4331 probat,
411 4261 553 4315 alias
578 4275 743 4330 quam
785 4268 1003 4315 nostras
1035 4259 1224 4332 lgnatii
1247 4263 1512 4333 epistolas
1540 4277 1642 4320 nec
1667 4279 1760 4320 eo-

158 4356 282 4410 dem
314 4369 418 4408 nec
443 4353 556 4406 ullo
577 4353 686 4406 alio
704 4352 1059 4408 antecedente
1079 4369 1196 4409 avo
1211 4354 1566 4425 apparuisse;
1602 4363 1663 4411 ut
1687 4355 1756 4412 de

159 4446 284 4499 aliis
308 4460 341 4498 a
375 4442 681 4512 Polycarpo
734 4442 1000 4510 collectis,
1055 4443 1109 4498 in
1143 4460 1314 4499 unum
1342 4459 1544 4516 corpus
1596 4446 1758 4502 reda-

1861 3276 1988 3316 cuxn
2019 3258 2270 3314 homines
2299 3257 2544 3327 undique
2572 3255 2883 3311 doctissimi
2912 3256 2966 3310 in
2998 3253 3242 3310 Ecclesia
3286 3253 3446 3309 ﬂore-

1860 3359 2003 3414 rent,
2033 3359 2090 3405 et
2137 3349 2488 3412 bibliothecae
2536 3349 2703 3405 varia:
2727 3348 2793 3403 ad
2821 3342 3066 3405 veterum
3098 3347 3446 3403 Christiano-

1861 3458 1984 3499 rum
2021 3441 2227 3510 scripta
2279 3440 2656 3496 conservanda
2704 3439 3094 3501 conderentur,
3131 3439 3445 3508 putabimus

1861 3535 2000 3590 alias
2024 3532 2286 3603 epistolas
2311 3547 2502 3587 earum
2531 3530 2656 3586 loco
2679 3529 2995 3600 suppositas
3016 3527 3210 3595 fuisse,
3235 3537 3291 3583 et
3314 3529 3443 3595 illis,

1861 3627 2067 3697 quibus
2101 3623 2406 3680 Christiani
2451 3639 2549 3694 per
2579 3631 2660 3678 tot
2689 3625 2865 3677 annds
2894 3630 3314 3685 consueverant,
3346 3636 3444 3690 pe-

1858 3719 2008 3774 nitus
2039 3717 2274 3773 sublatis
2302 3713 2674 3771 successisse?
2707 3714 2846 3769 Ecce
2873 3713 3020 3768 enim
3065 3712 3319 3778 Dallazus,
3351 3713 3444 3783 qui

1860 3810 2026 3866 modo
2055 3809 2410 3879 impostorem
2443 3822 2608 3863 suum
2649 3805 2937 3877 Polycarpi
2993 3806 3240 3876 epistola:
3292 3807 3443 3861 testi-

1858 3901 2108 3958 monium
2158 3908 2412 3956 nostrum
2447 3897 2772 3963 inseruisse,
2812 3907 2868 3952 ct
2906 3898 2998 3952 ubi
3021 3907 3179 3953 antea
3211 3914 3317 3952 non
3347 3913 3446 3952 ex-

1859 4001 2055 4060 staret,
2086 3989 2368 4047 infulsisse
2415 3990 2623 4046 diserte
2644 3989 2968 4054 allirmabat,
2995 4004 3120 4043 cum
3151 3988 3220 4043 de
3251 3997 3444 4044 aucto-

1859 4083 2022 4139 ritate
2075 4082 2320 4154 epistolaa
2365 4079 2776 4152 Polycarpiame
2807 4088 3096 4150 ageretur:
3132 4095 3280 4136 nunc
3317 4095 3445 4136 eum

1858 4176 1928 4232 de
1963 4178 2015 4230 vi
2044 4173 2344 4232 testimonii
2378 4171 2581 4244 agitur,
2626 4171 2909 4226 conversis
2930 4171 3065 4226 velis
3083 4173 3363 4242 remisque
3388 4172 3443 4226 in

1859 4267 2047 4322 omnia
2097 4266 2205 4320 alia
2257 4263 2453 4330 fertur,
2506 4278 2618 4317 non
2665 4261 2858 4316 eodem
2893 4260 3114 4330 quidem
3163 4261 3307 4327 loco,
3348 4262 3443 4316 sed

1860 4367 2020 4415 caute
2042 4356 2378 4428 provideque
2422 4355 2603 4424 capite
2629 4351 2723 4420 26,
2755 4352 2848 4406 ubi
2876 4360 3053 4406 totum
3101 4349 3300 4406 fabula
3330 4366 3446 4407 sua:

1861 4458 2245 4519 argumentum
2275 4448 2546 4514 contexit,
2580 4445 2744 4500 aliam
2784 4444 2946 4500 nobis
2983 4459 3205 4499 scenam
3246 4446 3440 4514 aperit.

158 4538 284 4600 etis,
316 4538 386 4591 ad
419 4534 698 4592 Ecclesias
727 4537 1092 4605 transmissis,
1123 4547 1179 4594 et
1206 4539 1410 4610 insigni
1441 4539 1622 4611 elogio
1654 4555 1750 4596 or-
1785 4524 1831 4585 Ρ
1864 4541 1990 4598 Vult
2019 4541 2166 4598 enim
2197 4541 2535 4610 inpostorem
2577 4552 2763 4603 suum,
2792 4553 2913 4592 cum
2937 4537 3166 4607 scriptas
3200 4537 3322 4591 hinc
3358 4536 3446 4590 di-

159 4632 307 4687 natis
334 4629 514 4700 loqui,
560 4630 718 4701 plane
751 4640 1124 4686 commentum
1159 4632 1356 4703 sapiat.
1400 4631 1574 4689 Nemo
1602 4633 1750 4690 enim

156 4734 285 4779 ante
313 4721 643 4787 Eusebium,
687 4723 773 4777 vel
799 4720 1214 4795 Hieronymum,
1267 4724 1349 4779 vel
1380 4725 1547 4780 etiam
1575 4725 1753 4784 Theo-

155 4820 443 4880 doretum,
468 4823 568 4868 aut
590 4814 893 4881 Gelasium,
923 4828 1088 4870 nemo
1110 4825 1236 4870 ante
1257 4815 1437 4885 quinti
1465 4817 1653 4872 muli
1683 4819 1750 4874 ll-

159 4924 305 4971 nem,
358 4922 477 4976 quo
510 4915 720 4962 veteres
763 4921 958 4962 omnes
1008 4907 1367 4964 ecclesiastici
1414 4918 1471 4966 et
1495 4911 1752 4967 catholici

155 5002 495 5072 scriptores,
529 5013 596 5054 ac
633 4999 689 5053 in
716 4998 914 5068 primis
951 4997 1012 5054 S.
1059 4998 1324 5070 lgnatius,
1357 5000 1412 5055 in
1439 5011 1755 5058 controver-

155 5095 254 5150 siis
282 5092 417 5148 ﬁdei
447 5102 565 5148 tum
587 5106 618 5145 a
641 5091 952 5156 catholicis,
977 5099 1089 5146 tum
1115 5107 1146 5147 a
1173 5093 1456 5151 modernis
1484 5095 1755 5152 haereticis

155 5198 423 5256 tanquam
453 5182 650 5237 arbitri
687 5183 1138 5248 admittebantur,
1171 5185 1256 5239 vel
1287 5185 1492 5252 virum,
1540 5186 1627 5242 vel
1657 5201 1752 5242 ec-

153 5278 385 5333 clesiam
417 5277 586 5330 aliam
618 5275 944 5339 nominavit,
969 5275 1038 5329 ad
1075 5291 1242 5342 quam
1277 5275 1519 5346 lguatius
1539 5278 1752 5334 litteras

153 5372 426 5436 dederat;
466 5383 633 5422 nemo
677 5367 845 5422 ullam
875 5368 1203 5424 sententiam
1237 5383 1305 5424 ex
1345 5369 1455 5424 ulla
1501 5369 1607 5424 alia
1636 5370 1754 5440 epi-

156 5466 294 5519 stola
346 5461 650 5533 excerpsit.
683 5459 763 5514 Ex
801 5461 1011 5517 nostris
1063 5477 1231 5517 unam
1276 5461 1538 5528 lrcnaaus,
1582 5478 1750 5518 unam

157 5555 523 5628 Theophilus,
553 5561 654 5608 aut
684 5553 952 5624 antiquus
996 5553 1182 5610 Basilii
1233 5565 1452 5620 auctor,
1502 5554 1752 5626 ejusdem

158 5664 278 5702 cu
309 5647 520 5703 [teneo
549 5645 677 5713 aevi,
702 5644 840 5700 duas
870 5643 1155 5716 Origenes,
1189 5659 1358 5701 uuam
1379 5645 1751 5716 pseudo-Dio-

163 5742 364 5811 nysius,
405 5738 730 5809 complures
798 5737 1088 5804 Eusebius,
1160 5753 1328 5794 unam
1393 5737 1748 5803 Athanasius,

167 5835 291 5891 duas
332 5833 794 5905 Clnrysostomus,
823 5831 1007 5902 plures
1054 5829 1439 5904 Hieronymus,
1478 5830 1748 5902 plurimas

1856 4634 2075 4688 dicisset
2097 4631 2228 4687 olim
2253 4631 2418 4702 fuisse
2443 4628 2508 4683 ab
2540 4627 2756 4701 Ignatio
2786 4629 2998 4700 aliquas
3028 4629 3443 4699 epistolas,eas-

1856 4742 1956 4797 que
1990 4725 2110 4795 jam
2161 4721 2459 4778 desiderari
2504 4721 2972 4788 animadverteret,
3009 4721 3293 4777 consilium
3321 4721 3443 4777 inde

1856 4813 2054 4883 cepisse
2092 4828 2220 4867 suos
2250 4811 2350 4866 sub
2384 4810 2568 4866 eodem
2611 4811 2818 4866 nomine
2858 4809 3092 4882 ﬁngendi
3139 4821 3189 4866 et
3228 4811 3438 4870 edendi.

1854 4904 2120 4972 Quamvis
2143 4903 2328 4959 Dalla-i
2359 4903 2627 4974 impostor
2654 4903 2827 4957 mirus
2856 4903 3053 4958 artifex
3081 4903 3173 4970 sit,
3202 4919 3304 4960 nec
3339 4904 3442 4958 nui-

1856 5000 1978 5056 nori
2008 4999 2210 5070 ingenii
2244 4999 2500 5053 acumine
2526 4999 2808 5067 praulitus,
2831 5013 3000 5068 quam
3047 4997 3182 5065 ipse,
3213 5012 3321 5050 non
3353 5005 3444 5050 ta-

1854 5110 1981 5149 men
2021 5093 2138 5148 haec
2167 5092 2278 5147 duo
2305 5091 2450 5145 idem
2490 5097 2748 5160 praestare
2787 5090 2998 5158 potuit;
3032 5105 3140 5143 non
3165 5089 3338 5158 potuit
3371 5103 3440 5143 ex

1854 5184 2141 5258 Polycarpi
2188 5184 2420 5254 epistola
2465 5183 2700 5243 discere,
2739 5180 2976 5249 scriptas
3018 5179 3188 5235 fuisse
3211 5179 3342 5234 olim
3366 5180 3438 5235 ab

1855 5280 2065 5352 lgnatio
2100 5279 2316 5348 aliquas
2363 5277 2649 5348 epistolas,
2695 5285 2751 5331 et
2793 5274 2937 5329 idem
2980 5289 3045 5328 ea
3097 5273 3284 5338 verba,
3313 5289 3438 5342 qua

1854 5370 1961 5426 hoc
1981 5369 2160 5439 ipsqu
2192 5369 2458 5431 indicant,
2493 5367 2756 5423 inserere.
2797 5366 2854 5420 Si
2880 5365 2995 5436 ipse
3023 5364 3236 5436 primus
3261 5379 3327 5423 ea
3354 5365 3438 5420 ἰη-

1854 5461 2047 5525 seruit,
2100 5477 2210 5514 non
2248 5461 2414 5532 igitur
2443 5461 2498 5514 in
2543 5458 2830 5532 Polycarpi
2859 5457 3095 5528 epistola
3121 5457 3274 5526 prius
3316 5456 3437 5511 fuc-

1851 5560 2016 5619 runt;
2043 5567 2214 5623 quare
2237 5552 2364 5608 inde
2395 5553 2606 5608 discere
2635 5567 2742 5606 non
2787 5552 2986 5621 potuit.
3015 5551 3098 5605 An
3119 5551 3244 5605 ideo
3266 5550 3442 5606 insul-

1853 5646 1947 5714 sit,
1969 5654 2032 5701 ut
2062 5661 2174 5701 non
2222 5655 2434 5702 tantum
2489 5646 2652 5712 alios,
2704 5645 2801 5701 sed
2824 5653 2878 5701 et
2905 5645 3148 5711 seipsum
3181 5641 3440 5699 falleret!

1853 5757 1922 5796 an
1969 5740 2061 5795 illa
2099 5740 2520 5810 interpolatione
2551 5756 2656 5794 non
2699 5747 2911 5795 tantum
2946 5740 3092 5801 aliis,
3124 5741 3220 5794 sed
3248 5747 3303 5794 et
3333 5737 3435 5793 sibi

1855 5832 2130 5902 persuasit
2169 5831 2400 5903 scriptas
2437 5830 2605 5889 fuisse
2639 5830 2854 5902 aliquas
2902 5831 2970 5888 ab
3000 5829 3205 5898 ignauo
3229 5829 3439 5892 episto-
