3878 6210
397 381 400 384 ~
435 351 534 407 H7

1477 345 1535 400 S.
1574 343 1926 402 lGNATlUS.
1969 374 2029 384 -
2070 342 2601 400 PROLEGOMENA.

3602 345 3708 401 HS

433 474 535 540 las,
571 463 968 545 quod‘omnes
1018 479 1143 526 ante
1171 485 1319 535 eum,
1365 467 1592 534 scilicet,
1645 466 2000 538 ignorabanti

2113 467 2350 522 Paulus:
2383 467 2519 522 Οὔτε
2549 469 2658 540 γάρ
2687 469 2818 538 ἐγὼ.
2853 469 2977 523 οὔτε
3021 467 3181 533 ἄλλος
3227 470 3412 540 ὅμοιος
3451 470 3579 540 ἐμοὶ
3607 469 3710 524 δύο

434 565 540 621 Sed
565 565 696 636 quid
736 579 876 634 opus
904 572 989 618 est
1018 571 1083 617 ut
1112 563 1383 631 impostor
1429 562 1533 615 hoc
1559 576 1625 615 ex
1653 561 1884 630 epistola
1907 558 2012 613 Po-

434 657 639 728 lycarpi
667 657 921 722 disceret,
952 663 1068 719 aut,
1102 664 1160 708 ut
1190 654 1282 708 alii
1328 653 1453 707 inde
1500 651 1806 718 haurirent,
1851 667 2014 706 cura-

435 749 560 805 ret?
591 749 760 816 Quasi
791 765 912 803 vero
941 749 1220 818 quisquam
1273 745 1403 800 adeo
1436 744 1632 799 stultus
1660 745 1752 808 sit,
1777 755 1836 798 ut
1864 754 2010 813 neget

441 841 774 911 amplissima:
803 841 1037 894 civitatis
1065 840 1385 908 episcopum,
1419 837 1488 892 ad
1517 837 1626 892 htec
1649 837 2012 905 apostolorum

432 931 758 999 discipulum
806 931 944 985 ullas
987 930 1063 985 vel
1116 930 1345 984 scribere
1396 931 1652 1000 potuisse,
1702 929 1779 982 vel
1832 945 2011 983 revera

432 1025 708 1094 scripsisse
733 1023 958 1078 litteras.
987 1022 1163 1077 Verba
1185 1030 1316 1078 sunt
1355 1021 1559 1076 Dallaei.
1602 1020 1878 1088 Quorsum
1910 1021 2011 1091 igi~

433 1123 523 1168 tur
554 1115 906 1182 impostorem
959 1128 1118 1168 suum
1166 1113 1232 1167 ad
1273 1111 1631 1182 Polyearpum
1675 1110 1923 1175 remittit,
1950 1117 2010 1165 ut

432 1207 538 1260 hoc
569 1204 638 1259 ab
657 1219 724 1260 eo
758 1203 970 1259 discat?
994 1218 1260 1274 quorsum
1287 1218 1412 1258 eum
1456 1202 1731 1257 violentas
1762 1202 2010 1271 epistolae

430 1297 733 1352 notissima:
777 1312 974 1351 manus
1029 1295 1233 1350 ml‘erre
1279 1295 1446 1364 cogit,
1482 1303 1542 1349 ut
1571 1295 1708 1350 alios
1737 1295 1879 1350 idem
1910 1295 2010 1351 doc

429 1399 570 1456 ceat,
596 1390 744 1461 quod
777 1404 846 1444 ne
869 1388 1021 1444 stulti
1054 1388 1273 1458 quidem
1301 1403 1498 1460 negare
1531 1386 1870 1458 potuerunt?
1903 1385 2008 1441 Sed

428 1485 477 1540 si
511 1485 616 1540 hoc
652 1485 924 1554 impostor
947 1500 1015 1538 ex
1067 1481 1366 1555 Polycarpo
1409 1482 1712 1549 didicisset,
1745 1481 2008 1552 epistolas

427 1576 622 1650 lgnatii
662 1579 732 1633 ab
775 1579 896 1648 ipso
944 1578 1200 1634 collectas
1225 1587 1279 1633 et
1316 1576 1622 1646 posteritati
1653 1573 2006 1630 commenda~

429 1681 515 1727 tas
553 1671 747 1739 fuisse,
798 1671 942 1726 unde
973 1686 1070 1726 eas
1109 1671 1222 1741 jam
1254 1669 1552 1724 desiderari
1578 1667 2008 1724 animadvertit?

429 1763 574 1818 unde
602 1764 710 1818 hoc
756 1763 842 1817 vir
871 1764 1227 1820 doctissimus
1275 1763 1510 1820 didicit?
1558 1765 1682 1834 quis
1727 1763 2006 1818 collectio-

427 1874 552 1913 nem
582 1857 867 1928 Polycarpi
911 1858 1142 1927 periisse
1166 1858 1325 1926 dixrt,
1379 1867 1475 1914 aut
1503 1858 1735 1913 credidit
1762 1857 1785 1910 ?
1814 1856 2004 1912 Nonne

427 1951 619 2006 eodem
647 1952 808 2007 tertio
830 1951 1034 2006 sazculo
1060 1950 1273 2006 dixerat
1298 1949 1561 2022 Origenes
1587 1969 1601 2007 :
1630 1950 1918 2021 Eleganter
1948 1950 2002 2003 in

427 2042 709 2110 cujusdam
739 2043 993 2113 martyris
1037 2043 1262 2113 epistola
1303 2044 1559 2113 scriptum
1614 2043 1805 2109 reperi,
1835 2041 2000 2113 lgna-

427 2134 562 2184 tium
583 2131 725 2196 dico,
755 2132 1058 2202 episcopum
1087 2133 1383 2186 Antiochiae
1422 2145 1537 2204 post
1572 2131 1796 2188 Petrum
1820 2149 2005 2188 secun-

425 2225 576 2290 dum,
595 2226 686 2295 qui
711 2227 766 2280 in
789 2227 1150 2293 persecutione
1188 2227 1370 2284 Roma:
1397 2229 1648 2299 pugnavit
1688 2228 1758 2283 ad
1774 2229 2006 2285 bestias?

426 2319 508 2376 Au
538 2320 632 2390 qui
658 2318 1020 2392 Polycarpum
1052 2321 1275 2391 legerat,
1324 2322 1632 2392 lectamque
1658 2323 1779 2394 ejus
1802 2324 2004 2378 etiam-

427 2426 577 2466 num.
597 2411 650 2466 in
677 2411 912 2482 publicis
939 2413 1310 2473 conventibus
1352 2415 1641 2484 epistolam
1672 2423 1919 2481 noverat,
1949 2422 2005 2468 et

424 2517 490 2556 ex
543 2503 732 2559 eadem
806 2502 1210 2573 lgnatianorum
1292 2507 1610 2576 συναγωγὴν
1668 2513 1817 2560 tanta
1869 2521 2002 2561 cura

428 2595 677 2668 Smyrnae
723 2611 1123 2666 conservatam,
1175 2600 1231 2654 in
1286 2599 1660 2656 Macedoniam
1703 2611 1852 2656 tanta
1877 2618 2002 2656 cum

427 2689 590 2745 laude
623 2692 1030 2754 transmissam,
1057 2691 1538 2757 animadverterat,
1575 2693 1770 2750 eodem
1802 2693 2004 2749 saeculo

425 2799 538 2855 quo
561 2782 825 2855 Origenes
855 2783 1104 2840 eamdem
1142 2784 1479 2852 laudaverat,
1503 2786 1746 2842 funditus
1776 2789 2006 2858 periisse

428 2885 619 2945 putare
646 2876 867 2946 potuit?
892 2875 1066 2932 Nimis
1111 2892 1298 2934 crassa
1327 2879 1445 2936 hmo
1493 2888 1640 2946 sunt,
1694 2896 1860 2950 quam
1895 2889 2004 2934 uta

425 2969 559 3024 viris
587 2969 766 3024 doctis
795 2978 1151 3039 coquantur;
1197 2970 1360 3026 nimis
1415 2971 1676 3039 invalida,
1726 2989 1893 3042 quam
1947 2981 2008 3028 ut

424 3070 807 3132 argumentum
862 3071 1112 3118 nostrum
1183 3062 1486 3130 debilitent,
1538 3079 1649 3134 quo
1703 3080 1813 3121 non
1868 3067 2006 3122 alias

2112 576 2268 612 ναται
2297 560 2762 633 ητακολουθῆσαι
2782 565 2846 634 τῇ
2882 563 3045 635 σοφίᾳ
3063 563 3158 616 τοῦ
3191 564 3463 633 μακαρίου
3502 564 3599 616 καί
3619 563 3711 616 ὲν-

2111 650 2264 716 δόξου
2297 653 2534 716 Παύλου,
2564 654 2623 718 ὃς
2651 655 2942 726 γενόμενος
2977 659 3036 710 ὲν
3062 657 3194 727 ὑμῖν
3243 657 3385 710 κατὰ
3408 657 3710 728 πρόσωπον

2111 744 2221 798 τῶν
2249 745 2370 799 τότε
2402 745 2728 818 ἀνθρώπων,
2764 747 3002 814 ἐδίδαξεν
3054 748 3301 820 ἀκριϐῶς
3333 750 3428 802 καὶ
3467 747 3710 818 βεσαίως

2110 837 2203 890 τὸν
2237 838 2368 908 περὶ
2407 837 2667 908 ἀληθείας
2713 839 2899 908 λόγον’
2934 839 2994 904 ὃς
3031 841 3129 894 καὶ
3161 840 3316 895 ἀπὼν
3351 843 3481 914 ὑμῖν
3531 841 3706 913 ἔγραο

2109 928 2212 999 ψεν
2244 929 2552 993 ἐπιστολάς.
2605 931 2818 997 Quibus
2845 932 2974 1002 quis
3011 947 3119 986 non
3167 934 3314 988 videt
3368 950 3496 989 eum
3541 932 3708 1004 lgna-

2111 1021 2249 1075 tium
2280 1030 2530 1077 nostrum
2553 1022 2622 1077 ad
2651 1022 2941 1093 Ephesios,
2974 1025 3304 1094 quibuscum
3339 1027 3543 1097 pariter
3564 1043 3707 1083 con-

2110 1122 2364 1169 versatus
2389 1122 2474 1170 est
2497 1125 2552 1169 et
2573 1115 2640 1169 ad
2672 1131 2815 1186 quos
2848 1117 3146 1184 scripserat
3167 1117 3225 1172 S.
3252 1117 3477 1186 Paulus,
3512 1121 3705 1174 imita-

2111 1215 2225 1260 tum
2264 1221 2387 1262 esse
2434 1206 2507 1259 ita
2545 1207 2909 1262 scribentem:
2943 1205 3071 1262 Οἶδα
3126 1210 3212 1274 τίς
3264 1211 3402 1282 είμι,
3433 1213 3528 1265 καὶ
3553 1211 3702 1265 τίσιν

2110 1296 2326 1366 γράφω.
2354 1297 2568 1350 Παύλου
2600 1299 2915 1370 συμμύσται
2948 1301 3042 1353 τοῦ
3076 1302 3435 1373 ἡγιασμένον,
3482 1322 3703 1375 μεμαρ-

2109 1391 2419 1461 τυρημένον
2465 1391 2951 1465 ἁξιομακαρίστου.
3006 1391 3081 1450 Οὖ
3126 1397 3337 1465 γένοιτό
3369 1415 3457 1468 μοι
3487 1399 3596 1452 ὑπὸ
3626 1399 3701 1452 τά

2110 1482 2232 1554 ἴχνη
2271 1483 2584 1555 εὑρεθῆναι,
2629 1486 2708 1538 ὅτ’
2737 1485 2822 1547 ἂν,
2855 1486 2991 1540 Θεοῦ
3048 1488 3323 1558 ἐπιτύχω·
3355 1490 3416 1554 ὃς
3453 1493 3512 1544 ὲν
3540 1492 3699 1566 πάσῃ

2109 1575 2367 1646 ἐπιστολῇ
2397 1575 2724 1647 μνημονεύει
2757 1577 2911 1648 ὑμῶν
2943 1581 3000 1634 ὲν
3022 1581 3244 1652 Χριστῷ
3291 1581 3485 1653 Ἰησοῦ.
3509 1581 3697 1638 Mouet

2108 1665 2466 1737 Polycarpus,
2543 1677 2604 1722 ut
2654 1667 3034 1740 Philippenses
3093 1673 3206 1727 sint
3262 1675 3699 1745 ὑποτασσόμενοι

2109 1760 2518 1832 πρεσϐυτέροις,
2575 1762 2670 1816 καὶ
2715 1763 2981 1828 διακόνοις
3023 1765 3100 1828 ὡς
3145 1766 3264 1837 Θεῷ
3309 1768 3403 1820 καὶ
3450 1769 3696 1840 Χριστῷ,

2107 1853 2253 1921 quod
2304 1856 2463 1910 toties
2493 1854 2737 1910 inculcat
2768 1855 3012 1927 lgnatius
3043 1871 3251 1913 noster.
3290 1857 3368 1913 De
3394 1861 3650 1917 diaconis
3681 1886 3693 1917 :

2119 1947 2351 2017 Ὁμοίως
2388 1949 2627 2003 διάκονοι
2673 1951 2952 2022 ἄμεμπτοι
3013 1953 3351 2006 κατενώπιον
3396 1954 3561 2008 αὐτοῦ
3593 1957 3694 2026 τῆς

2105 2039 2455 2113 δικαιοσύνης
2501 2041 2576 2106 ὼς
2602 2041 2741 2095 Θεοῦ
2775 2044 2869 2097 καὶ
2902 2043 3140 2114 Χριστοῦ
3176 2045 3435 2110 διάκονοι,
3471 2049 3564 2102 καὶ
3593 2049 3697 2102 οὐκ

2107 2132 2432 2205 ἀνθρώπων.
2488 2131 2560 2188 Ut
2595 2146 2780 2190 noster
2823 2137 2890 2191 ad
2939 2136 3286 2195 Trallenses:
3348 2142 3441 2192 Δεῖ
3483 2140 3541 2194 δὲ
3599 2143 3690 2196 καὶ

2103 2227 2234 2290 τοὺς
2281 2225 2565 2291 διακόνους
2620 2228 2780 2292 ὄντας
2837 2231 3153 2302 μυστηρίων
3220 2233 3396 2303 Ἰησοῦ
3454 2235 3693 2305 Χριστοῦ

2105 2319 2247 2374 κατὰ
2277 2319 2456 2374 πάντα
2484 2321 2684 2392 τρόπον
2719 2325 2885 2376 πᾶσιν
2917 2323 3174 2393 ἀρέσκειν
3193 2343 3205 2355 ·
3241 2325 3302 2378 οὐ
3324 2325 3434 2398 γὰρ
3467 2327 3682 2400 βρωμά⁴

2103 2431 2212 2469 των
2241 2415 2336 2470 καὶ
2379 2415 2560 2470 ποτῶν
2593 2417 2730 2470 εἰσὶν
2777 2417 3035 2481 διάκονοι,
3082 2419 3195 2474 ἀλλ’
3231 2421 3526 2493 ἐκκλησίας
3556 2421 3692 2475 Θεοῗ

2107 2505 2400 2578 ὑπηρέται.
2452 2506 2706 2578 Praecipit
2753 2506 3088 2580 Polycarpus
3131 2510 3601 2583 Philippensibus,
3636 2524 3690 2566 ul

2106 2599 2218 2654 sint
2271 2599 2346 2671 μὴ
2377 2599 2708 2671 ἀμελοῦντες
2749 2603 2945 2674 χήρας,
2996 2603 3028 2673 ἢ
3062 2603 3321 2674 ὀρφανοῦ,
3366 2616 3398 2686 ἢ
3438 2605 3693 2676 πένητος,

2106 2705 2234 2745 cum
2261 2688 2502 2761 lgnatius
2530 2693 2604 2746 ita
2626 2693 2910 2754 haereticos
2947 2696 3032 2749 sui
3068 2699 3330 2766 temporis
3370 2699 3676 2770 descripsis

2107 2787 2208 2843 set,
2241 2778 2372 2850 περὶ
2396 2781 2619 2853 ἀγάπης
2641 2782 2702 2835 οὐ
2741 2783 2892 2854 μέλει
2919 2786 3125 2850 αὐτοῖς,
3161 2788 3223 2840 οὐ
3251 2789 3378 2857 περὶ
3406 2791 3600 2860 χήρας,
3629 2792 3694 2844 οὐ

2107 2873 2238 2942 περὶ
2270 2874 2531 2944 ὀρφανοῦ,
2587 2875 2650 2928 οὐ
2703 2877 2832 2948 περὶ
2879 2877 3225 2949 θλιϐομένου,
3262 2889 3317 2934 et
3369 2883 3473 2950 ipsi
3526 2883 3689 2954 Poly-

2108 2979 2276 3033 carpo
2315 2965 2421 3020 hoc
2467 2979 2798 3037 praeceptum
2849 2969 3110 3036 dedisset,
3167 2972 3331 3042 χῆραι
3367 2973 3443 3045 μὴ
3468 2975 3692 3044 ἀμελεί-

2111 3053 2345 3110 σθωσαν.
2376 3054 2534 3112 Unde
2568 3058 2684 3122 illa,
2722 3075 2846 3128 quae
2875 3076 3023 3115 nunc
3054 3060 3244 3116 Latina
3293 3071 3503 3117 tantum
3550 3067 3694 3136 legi-

423 3169 590 3224 qnam
640 3161 858 3209 nostras
887 3169 918 3208 a
949 3152 1252 3226 Polycarpo
1278 3156 1453 3211 editas
1501 3155 1761 3225 epistolas
1819 3166 2000 3212 osten-

2110 3162 2255 3210 mus,
2297 3147 2406 3202 nisi
2434 3162 2499 3202 ex
2539 3147 2746 3218 lgnatio
2795 3151 3032 3205 nostro?
3063 3149 3175 3221 Ego
3204 3163 3382 3205 autem
3419 3154 3552 3207 nihil
3583 3158 3696 3209 tale

423 3248 627 3304 dimus.

495 3339 640 3395 Idem
671 3349 852 3396 autem
883 3341 1014 3409 alio,
1047 3348 1104 3396 et
1136 3341 1355 3411 quidem
1402 3339 1747 3406 afﬁrmativo,
1779 3358 1883 3398 nec
1907 3341 2003 3397 illo

423 3435 828 3493 contemnendo
871 3443 1216 3505 argumento,
1256 3449 1324 3489 ex
1352 3434 1488 3504 ipsis
1515 3433 1760 3504 epistolis
1808 3434 1999 3503 petito,

423 3543 534 3582 non
570 3527 759 3582 leviter
781 3527 1108 3582 conﬁrmare
1137 3543 1226 3582 me
1250 3543 1412 3597 posse
1439 3527 1675 3582 conﬁdo.
1704 3525 1822 3580 Non
1853 3526 2001 3581 enim

422 3625 638 3672 tantum
689 3627 911 3674 nostras
961 3619 1219 3688 epistolas
1265 3618 1516 3688 quamvis
1545 3618 1888 3689 generaliter,
1915 3629 2000 3673 ta-

422 3724 546 3763 men
571 3709 707 3764 satis
726 3710 928 3765 diserte
967 3709 1248 3774 describit,
1275 3726 1415 3780 quas
1445 3710 1629 3775 ﬁdem,
1657 3711 1998 3779 patientiam,

421 3814 754 3870 omnemque
807 3802 1225 3856 aediﬁcationem
1293 3802 1576 3856 continere
1629 3810 1880 3865 testatur,
1932 3803 2000 3857 de

421 3908 530 3960 qua
563 3908 622 3946 re
649 3893 812 3962 paulo
847 3893 1024 3948 fusius
1059 3902 1187 3948 ante
1208 3893 1484 3959 diximus;
1515 3893 1610 3948 sed
1638 3901 1693 3946 et
1717 3893 1998 3962 speciatim

421 3985 745 4053 legationem
779 3985 842 4039 ad
867 3985 1237 4040 Antiochenos
1264 3985 1453 4055 tangit,
1476 4001 1599 4053 quae
1632 4001 1758 4040 cum
1794 3985 1848 4038 in
1875 3985 1998 4041 aliis

419 4083 535 4128 tum
589 4075 864 4144 praecipue
894 4075 948 4128 in
995 4075 1084 4129 illa
1117 4075 1185 4130 ad
1228 4074 1593 4145 Polycarpum
1645 4084 1857 4141 exstat;
1886 4075 1996 4129 imo

420 4166 536 4236 ipse
564 4165 899 4237 Polycarpus
929 4169 985 4220 in
1031 4168 1240 4236 reliquo
1269 4169 1513 4236 epistolae
1556 4183 1784 4238 corpore
1825 4168 1996 4221 multa

421 4266 796 4328 repraesentat,
821 4275 943 4329 qua:
965 4258 1224 4330 epistolas
1254 4270 1470 4315 nostras
1501 4276 1644 4330 saepe
1675 4260 1992 4330 respiciunt;

418 4358 480 4403 ut
508 4364 634 4405 eum
656 4349 879 4404 easdem
905 4350 1133 4405 omnino
1179 4349 1469 4420 diligenter
1494 4350 1714 4421 legisse,
1739 4361 1792 4406 et
1817 4351 1993 4406 liben-

419 4449 503 4495 ter
534 4446 694 4496 usum
727 4441 922 4506 fuisse,
959 4441 1142 4511 quivis
1173 4440 1490 4510 perspiciat,
1535 4451 1594 4496 ut
1620 4441 1709 4495 vix
1759 4441 1817 4497 S.
1850 4441 1994 4496 Pan-

2104 3237 2244 3290 sensi
2283 3238 2339 3290 in
2367 3237 2532 3302 vobis,
2563 3240 2642 3293 vel
2668 3240 2872 3306 audivi,
2906 3242 2960 3294 in
2989 3243 3180 3312 quibus
3217 3245 3478 3298 laboravit
3503 3246 3694 3300 beatus

2103 3325 2350 3393 Paulus;
2381 3332 2469 3399 qui
2497 3332 2624 3384 estis
2652 3332 2707 3384 in
2748 3333 3011 3403 principio
3051 3336 3289 3404 epistolae
3315 3334 3430 3406 ejus
3454 3354 3474 3392 :
3497 3339 3561 3392 de
3592 3357 3692 3394 oo-

2105 3417 2184 3474 bis
2221 3421 2414 3475 etenim
2445 3422 2711 3492 gloriatur
2742 3425 2798 3477 in
2825 3425 3067 3480 omnibus
3093 3429 3346 3483 ecclesiis.
3397 3429 3569 3498 Nihil,
3605 3432 3694 3486 in-

2103 3511 2225 3581 quit
2252 3511 2588 3583 Polycarpus
2613 3515 2680 3569 ad
2706 3514 3102 3586 Philippenses,
3134 3535 3223 3573 vos
3247 3519 3414 3573 latet:
3442 3520 3693 3590 lgnatius

2103 3606 2170 3660 ad
2204 3605 2504 3676 Ephesios:
2554 3603 2657 3660 Ὦν
2688 3608 2840 3662 οὐδὲν
2903 3609 3154 3665 λανθάνει
3203 3612 3368 3683 ὑμᾶς.
3394 3613 3461 3668 Et
3487 3624 3695 3684 praeter

2103 3698 2210 3752 alia
2262 3699 2550 3765 nonnulla,
2596 3701 2858 3770 epistolas
2915 3703 3107 3772 lgnatii
3159 3703 3497 3775 Polycarpus
3523 3711 3692 3778 quasi

2103 3790 2276 3860 ipsius
2307 3791 2488 3846 verbis
2521 3795 2738 3849 tandem
2776 3796 2982 3858 laudat,
3036 3796 3266 3863 scilicet,
3311 3801 3453 3869 quod
3507 3803 3693 3855 conti-

2103 3894 2269 3938 neunt
2309 3885 2596 3958 οἰκοδομὴν
2645 3887 2744 3958 τὴν
2791 3889 2870 3950 εἰς
2899 3888 2991 3942 τὸν
3020 3888 3225 3960 Κύριον
3263 3892 3591 3961 ἀνήκουσαν,
3628 3905 3692 3948 ιιι

2101 3976 2230 4031 ille:
2268 3977 2514 4047 ’Ἑτοιμοί
2539 3979 2664 4031 ἐστε
2697 3980 2777 4042 εἰς
2807 3980 3054 4033 εὐποιΐαν
3094 3980 3215 4051 Θεῷ
3255 3983 3585 4052 ἀνήκουσαν,
3629 3995 3690 4038 et

2101 4067 2228 4122 alibi
2265 4087 2278 4123 :
2317 4067 2437 4122 Τῶν
2462 4069 2774 4138 ἀνηκόντων
2804 4072 2885 4134 είς
2919 4071 3019 4142 τὴν
3069 4071 3415 4144 Ἐκκλησίαν,
3443 4085 3494 4128 ct
3523 4095 3535 4128 :
3568 4077 3689 4145 Τὴν

2097 4160 2372 4214 διακονίαν
2399 4161 2496 4233 τὴν
2530 4165 2610 4226 εἰς
2636 4162 2697 4215 τὸ
2732 4163 2908 4218 κοινὸν
2947 4165 3275 4235 ἀνήκουσαν.
3331 4164 3456 4223 llaec
3491 4175 3686 4221 osten-

2097 4253 2238 4306 dunt
2259 4250 2622 4324 Polycarpum
2653 4255 2707 4308 in
2740 4255 2828 4310 his
2852 4256 3006 4325 ipsis,
3039 4273 3178 4326 quas
3215 4273 3314 4312 nos
3340 4259 3502 4312 etiam
3551 4269 3687 4314 tan-

2095 4342 2219 4398 dem
2252 4343 2537 4410 habemus,
2562 4342 2753 4413 lgnatii
2775 4345 3022 4414 epistolis
3045 4361 3154 4400 non
3186 4347 3530 4420 indiligenter
3557 4365 3690 4403 ver-

2096 4443 2274 4489 satum
2303 4449 2446 4490 esse.

414 4534 554 4601 lum,
582 4540 678 4587 aut
709 4532 767 4588 S.
802 4531 1047 4590 Petrum.
1086 4540 1181 4587 aut
1205 4531 1539 4587 Clementem
1586 4535 1763 4603 magis
1792 4534 1848 4588 in
1879 4535 1996 4604 epi-
2029 4523 2077 4583 Ι)
2169 4529 2349 4597 Atque
2381 4530 2472 4584 hic
2495 4530 2656 4584 tinem
2683 4531 2813 4587 huic
2847 4532 3206 4602 disputationi
3239 4535 3520 4604 imponere
3539 4545 3654 4591 tem
3680 4573 3686 4577 -

415 4626 553 4681 stola
590 4642 711 4690 sua,
742 4641 908 4696 quam
932 4624 1201 4696 lgnatium
1238 4635 1488 4681 nostrum
1516 4635 1738 4682 secutus
1768 4641 1890 4682 esse
1913 4627 1995 4680 vi-

412 4717 630 4771 deatur.
681 4715 893 4786 Quippe
933 4731 1001 4770 ex
1037 4732 1249 4771 summa
1302 4717 1674 4782 veneratione,
1720 4716 1993 4786 frequenti

413 4809 668 4874 lectione,
699 4816 754 4862 et
777 4807 981 4862 recenti
1035 4807 1299 4862 memoria
1335 4816 1484 4862 tunc,
1517 4822 1642 4861 cum
1691 4806 1757 4860 ad
1786 4804 1995 4875 Philip-

412 4917 611 4972 penses
636 4899 918 4965 scriberet,
949 4899 1064 4952 hzec
1090 4897 1210 4966 ejus
1243 4898 1430 4952 animo
1457 4897 1564 4957 alte
1599 4898 1870 4956 insedisse
1890 4898 1993 4952 ob-

412 5006 719 5048 servamus.
752 4987 947 5042 Statim
971 4989 1040 5043 ab
1067 4987 1246 5051 initio,
1272 5002 1397 5042 cum
1429 4988 1497 5042 de
1526 4985 1738 5058 lgnatio
1765 4987 1993 5056 ejusque

410 5083 706 5140 comitibus
734 5082 997 5151 loquitur,
1031 5095 1126 5134 eos
1165 5080 1238 5132 ita
1269 5079 1552 5145 describit,
1600 5080 1728 5142 τοὺς
1787 5081 1993 5151 ἐνειλη-

413 5175 611 5246 μένους
636 5175 751 5236 τοῖς
787 5170 1150 5240 ἁγιοπρεπέσι
1202 5168 1440 5240 δεσμοῖς,
1472 5170 1628 5224 ἅτινά
1673 5171 1990 5245 ὲστιδιαδή-

414 5281 562 5335 ματα
589 5262 697 5316 τῶν
723 5261 940 5332 ἀληθῶς
986 5260 1092 5314 ὑπὸ
1131 5259 1288 5323 Θεοῦ,
1333 5263 1427 5316 καὶ
1456 5261 1552 5315 τοῦ
1585 5263 1789 5334 Κυρίου
1833 5265 1992 5334 ἡμῶν

411 5358 840 5429 ἐκλελεγμένων,
873 5359 1047 5426 iisque
1069 5357 1251 5412 verbis
1275 5357 1385 5410 duo
1424 5356 1620 5426 lgnatii
1663 5359 1840 5411 nostri
1873 5360 1991 5413 loca

410 5454 703 5522 expressit,
729 5467 900 5506 unum
931 5450 1177 5520 epistolae
1203 5450 1270 5504 ad
1301 5447 1645 5520 Smyrnaeos:
1700 5449 1991 5520 Δεδεμένος

409 5545 906 5617 θεοπρεπεστάτοις
931 5545 1149 5616 δεσμοῖς
1172 5545 1379 5608 πάντας
1397 5542 1736 5613 ἀσπάζομαι,
1758 5543 1989 5597 alterum

409 5641 477 5695 ad
498 5639 794 5710 Ephesios:
832 5639 920 5692 Ἐν
952 5632 997 5706 ᾧ
1027 5639 1097 5692 τὰ
1124 5637 1301 5710 δεσμὰ
1345 5637 1626 5710 περιφέρω
1663 5637 1790 5699 τοὺς
1823 5653 1988 5688 πνευ-

412 5732 678 5804 ματικοὺς
711 5731 1078 5804 μαργαρίτας.
1138 5731 1206 5786 Ει
1250 5748 1360 5786 non
1413 5731 1585 5786 multo
1612 5742 1736 5800 post
1765 5730 1832 5784 ad
1863 5729 1988 5784 ΡΙιί-

408 5828 687 5898 ]ippcnscs
745 5840 898 5893 suos,
955 5824 1023 5881 ad
1069 5840 1208 5895 quos
1262 5826 1548 5898 epistolam
1607 5825 1900 5897 scripserat
1928 5825 1985 5888 S,

2100 4637 2202 4690 pus
2247 4631 2415 4686 esset,
2473 4623 2579 4678 nisi
2635 4622 2888 4690 Dallzens,
2931 4626 2999 4678 ab
3046 4625 3152 4680 hoc
3202 4637 3527 4696 argumento
3574 4629 3683 4682 de-

2097 4713 2306 4781 lapsus,
2351 4721 2566 4782 postea,
2621 4723 2681 4768 ut
2727 4713 2886 4781 solet,
2920 4729 3116 4768 novam
3155 4716 3312 4770 nobis
3366 4718 3683 4772 molestiam

2097 4814 2329 4873 crearet,
2353 4813 2598 4876 et,quasi
2623 4814 2706 4867 sui
2731 4813 2956 4874 onlitus,
2979 4804 3185 4874 aliquid
3247 4806 3464 4872 fortius,
3526 4809 3682 4874 quod

2096 4903 2226 4950 ante
2264 4896 2550 4962 omiserat,
2604 4895 2852 4962 haberet,
2884 4896 3316 4950 controversiam
3347 4898 3488 4951 hanc
3520 4912 3680 4966 post—

2096 4987 2310 5041 liminio
2337 4988 2754 5058 redintegraret.
2788 4989 2977 5058 Capite
2998 4988 3142 5042 eriim
3171 4989 3451 5043 tricesimo
3474 4998 3632 5042 sexto
3661 5008 3676 5042 :

2099 5081 2215 5135 Hoc
2234 5091 2394 5146 certe,
2448 5082 2648 5150 inquit,
2695 5081 2985 5151 Polycarpi
3041 5082 3338 5136 testimonio
3368 5081 3549 5134 Latini
3579 5100 3680 5150 pro

2094 5191 2185 5229 sca:
2214 5174 2323 5227 illis
2360 5173 2657 5243 lgnatiauis
2678 5175 3087 5245 epistolis,quas
3108 5185 3300 5244 praeter
3333 5174 3685 5228 Usserianam

2095 5268 2459 5322 collectionem
2511 5277 2776 5333 asserunt,
2815 5285 2921 5322 non
2951 5269 3126 5321 minus
3149 5270 3380 5336 speciose
3423 5277 3678 5336 utuntur,

2094 5377 2251 5429 quam
2280 5377 2376 5430 pro
2411 5361 2523 5413 suis
2555 5376 2646 5413 sea:
2672 5363 2861 5430 primis
2915 5364 3380 5416 reverendissimus
3427 5363 3680 5418 Usserius

2092 5464 2142 5506 et
2189 5453 2531 5506 doctissimus
2577 5452 2968 5508 Hammondus.
3026 5454 3131 5508 Ain
3178 5469 3332 5520 vero,
3363 5470 3468 5508 non
3500 5457 3680 5508 minus

2094 5545 2391 5612 speciose?
2445 5546 2618 5599 miror
2667 5545 2927 5600 maxime.
2986 5546 3070 5598 An
3121 5546 3375 5614 speciose,
3435 5545 3549 5599 imo
3606 5561 3680 5599 an

2093 5637 2323 5691 omnino
2352 5636 2637 5708 Polycarpi
2664 5638 2980 5693 testimonio
3001 5639 3055 5692 in
3089 5653 3151 5692 ea
3185 5654 3244 5693 re
3275 5636 3547 5691 utuntur?
3570 5639 3679 5693 nisi

2094 5730 2328 5784 Dallaeus
2364 5730 2467 5789 hoc
2491 5731 2718 5795 diceret,
2744 5747 2851 5785 non
2879 5730 3158 5785 crederem
3182 5749 3194 5795 ;
3240 5731 3351 5785 imo
3383 5741 3678 5799 postquam

2094 5825 2254 5894 dixit,
2285 5825 2415 5882 dum
2465 5841 2682 5885 mecum
2737 5825 3033 5896 perpendo,
3085 5841 3194 5882 non
3251 5825 3436 5881 credo.
3490 5822 3679 5886 Latini
