3864 6204
135 345 226 402 ιω

849 348 900 404 J.
941 349 1307 406 PEARSONII
1343 351 1667 408 VINDICIAZ
1703 351 2122 409 IGNATIANAE.
2161 383 2232 394 --
2263 352 2444 408 PARS
2482 349 2518 404 1.

3270 357 3288 409 l
3302 357 3368 410 330

131 467 284 532 enim,
316 474 373 520 ut
399 467 620 537 opinor,
651 468 729 522 illi
769 482 920 539 sunt,
976 473 1071 543 qui
1118 474 1375 531 Ecclesia:
1427 475 1688 530 Romanae
1718 481 1764 536 Α
1791 490 1982 529 omnes
2017 485 2220 528 norunt
2266 489 2388 528 esse
2420 472 2757 528 falsissima?
2788 472 2991 543 Nempe
3033 485 3088 527 ut
3118 472 3348 543 Polycar

132 560 408 624 adherent,
463 577 700 629 quorum
763 579 892 633 pars
952 568 1193 620 maxima
1228 569 1514 638 epistolas,
1548 588 1688 642 quas

133 650 284 706 nostri
332 653 611 721 rejiciunt,
671 656 937 711 hactenus
991 661 1214 730 recepit.
1269 661 1374 717 Sed
1425 665 1573 732 quod
1607 665 1686 720 illi

132 744 394 814 Polycarpi
428 747 745 802 testimonio
778 747 898 803 [reti
929 751 981 804 id
1013 751 1263 819 fecerint,
1321 757 1565 810 nondum
1613 758 1692 812 di-

129 835 244 891 dici.
289 835 596 894 Audiamus
652 841 1093 899 illustrissimum
1145 847 1298 901 illum
1350 849 1686 904 cardinalem

130 925 438 983 Baronium:
474 929 630 995 Quod
680 933 848 1002 igitur
876 944 1072 1004 septem
1103 937 1216 991 illte
1243 955 1476 994 seorsum
1501 944 1689 1010 posita:

128 1020 423 1075 haberentur
439 1022 532 1092 (de
555 1027 754 1078 nostris
777 1026 1060 1096 loquitur),
1093 1031 1194 1098 fuit
1219 1031 1315 1085 illa
1330 1034 1504 1101 prima
1527 1035 1687 1090 colle-

125 1113 218 1164 ctio
242 1112 386 1180 facta
405 1130 440 1166 a
471 1111 791 1185 Polycarpo,
814 1119 905 1186 qui
927 1135 1032 1172 non
1058 1129 1264 1174 tantum
1293 1123 1364 1176 ad
1392 1140 1446 1177 se
1473 1125 1682 1188 missas,

125 1201 202 1252 sed
221 1213 266 1254 et
304 1202 443 1256 alias
479 1206 537 1258 in
571 1222 735 1258 unum
773 1208 1005 1278 collegit,
1033 1226 1151 1278 quae
1173 1209 1243 1262 ad
1271 1212 1414 1266 Asiae
1438 1213 1674 1267 nomina-

125 1301 198 1343 tas
219 1291 460 1347 ecclesias
481 1295 698 1364 scripta:
720 1296 973 1364 fuissent,
1003 1315 1136 1368 quas
1166 1342 1182 1366 ,
1218 1312 1273 1353 ut
1305 1311 1554 1369 testatur,
1584 1307 1685 1357 mi-

121 1381 180 1448 sit
225 1383 291 1434 ad
333 1382 727 1454 Philippenses.
763 1389 836 1442 lii
888 1406 1026 1454 vero,
1062 1391 1127 1443 iis
1159 1409 1192 1444 a
1216 1391 1512 1462 Polycarpo
1535 1410 1684 1448 acce-

121 1475 233 1540 ptis,
279 1485 511 1543 quatuor
546 1478 689 1532 alias
735 1480 992 1535 volumini
1044 1484 1412 1548 addiderunt;
1450 1495 1555 1540 tres
1599 1487 1682 1539 ni-

121 1566 293 1618 mirum
318 1567 586 1638 Philippis
638 1574 781 1641 apud
811 1589 866 1628 se
898 1574 1078 1640 datas,
1111 1576 1181 1628 ad
1205 1576 1582 1644 Antiochenos,
1609 1580 1680 1632 ad

125 1656 384 1713 Tarsenses
406 1700 424 1723 ,
485 1670 539 1716 et
591 1664 663 1716 ad
717 1663 984 1720 Heronem
1052 1667 1372 1731 diaconum,
1450 1687 1679 1740 quarum

118 1752 329 1821 exempla
367 1756 516 1823 apud
562 1774 618 1810 se
666 1761 1083 1822 remansissent:
1129 1774 1380 1832 quartam
1429 1782 1549 1819 vero
1606 1768 1676 1821 ad

1793 568 1942 636 piani
1968 567 2255 624 testimonii
2285 576 2446 619 cesset
2479 567 2533 619 in
2560 575 2782 636 utraque
2825 583 2992 619 causa
3031 567 3326 619 auctoritas
3347 607 3360 619 .

1793 659 1847 712 in
1881 675 1974 712 nos
1989 674 2085 726 pro
2113 657 2430 711 doctissimis
2462 659 2590 713 viris
2630 657 2796 711 nihilo
2835 657 3088 722 validior,
3128 674 3286 728 quam
3311 659 3368 712 in

1791 751 1928 804 viros
1955 749 2288 803 doctissimos
2315 765 2412 818 pro
2434 748 2669 805 Latinis.
2703 749 2881 816 Quam
2923 749 3062 804 falsa
3088 749 3324 804 assertio
3350 749 3364 804 l

1790 856 1957 911 quam
2011 841 2200 908 iniqua
2251 841 2574 909 postulatio!
2611 851 2724 896 tam
2782 850 2928 896 certe
2982 841 3102 896 haec
3152 841 3363 910 iniqua,

1789 949 1954 1002 quam
1987 933 2078 987 illa
2106 932 2264 987 falsa.
2309 931 2488 986 Latini
2531 932 2648 988 haec
2679 947 2962 1001 nunquam
2993 932 3283 1002 objecere;
3317 931 3366 987 si

1790 1024 2140 1094 obiecissent,
2194 1032 2464 1076 noverunt
2509 1023 2643 1076 nihil
2691 1039 2750 1079 se
2789 1023 3060 1092 prolicere,
3094 1023 3362 1092 potuisse,

1789 1116 1972 1169 statim
2010 1129 2340 1184 responsum
2371 1122 2540 1181 esset,
2579 1113 2868 1186 Polycarpi
2897 1114 3270 1170 testimonium
3294 1112 3365 1167 ad

1790 1208 1908 1262 illas
1945 1207 2205 1277 epistolas
2241 1221 2380 1276 quas
2438 1221 2539 1261 nec
2600 1205 2896 1271 Eusebius,
2951 1221 3051 1261 nec
3097 1205 3364 1277 Hierony-

1789 1314 1931 1364 mus,
1965 1314 2066 1356 nec
2101 1296 2394 1367 quisquam
2419 1296 2595 1366 quinti
2630 1298 2817 1353 sreculi
2846 1308 3226 1363 memorasset,
3251 1312 3361 1350 non

1787 1389 2076 1459 pertinere.
2108 1389 2191 1443 Ad
2220 1396 2438 1442 nostras
2468 1395 2650 1444 autem
2681 1390 2938 1459 epistolas
2964 1403 3125 1444 nemo
3144 1404 3358 1455 eorum,

1787 1489 2097 1536 nostrorum
2153 1495 2316 1535 nemo
2371 1497 2496 1536 cmn
2552 1481 2664 1537 ulla
2696 1483 2908 1537 ratione
2939 1483 3078 1537 dixit
3105 1479 3361 1552 Polycar-

1785 1585 1912 1638 pum
1961 1584 2070 1624 non
2123 1570 2451 1640 respexisse.
2507 1571 2613 1625 Pro
2674 1571 2832 1626 nobis
2864 1571 3032 1642 igitur
3060 1579 3116 1625 et
3146 1586 3362 1641 semper

1783 1663 1908 1730 fuit,
1939 1672 1994 1719 et
2013 1661 2118 1716 erit
2145 1661 2283 1716 tanti
2312 1661 2492 1718 Patris
2539 1663 2713 1718 multo
2765 1663 3001 1718 validior
3054 1665 3360 1720 auctoritas

1781 1762 1972 1808 contra
2023 1766 2404 1822 quoscunque,
2450 1768 2615 1822 quam
2647 1766 2749 1822 pro
2777 1751 2989 1806 Latinis
3014 1760 3203 1806 contra
3236 1766 3358 1816 nos,

116 1844 312 1911 seipsos,
359 1857 478 1916 post
523 1864 787 1904 recessum
835 1852 1100 1924 Philippis
1141 1827 1209 1908 ab
1233 1856 1418 1910 eodem
1460 1856 1675 1928 Ignatio
1712 1827 1752 1886 Β
1781 1846 1875 1916 qui
1897 1861 2076 1919 neque
2112 1846 2381 1900 adversus
2418 1861 2541 1912 "05,
2577 1860 2755 1915 neque
2774 1859 3161 1915 (ιυοηιουηίιιιθ
3190 1845 3359 1898 alium

116 1938 365 2006 scriptam.
399 1939 568 1998 Vides
617 1942 941 2000 Latinorum
984 1949 1356 2004 sententiam:
1388 1950 1674 2006 collectio-

117 2044 219 2082 nem
246 2039 448 2100 septem
478 2035 840 2102 epistularum
889 2036 1194 2110 Pnlycarpo
1225 2040 1496 2108 tribuunt,
1540 2042 1674 2097 reli-

115 2133 232 2185 quas
252 2119 318 2173 ab
343 2135 411 2174 eo
432 2123 700 2179 collectas
732 2142 844 2180 non
867 2127 1088 2196 dicunt;
1131 2130 1217 2185 vel
1243 2129 1512 2202 Philippis
1533 2133 1674 2188 scri-

117 2219 236 2277 ptas,
275 2212 357 2266 vel
381 2214 450 2268 ad
498 2213 884 2288 Philippenses
915 2230 1104 2290 postea
1136 2224 1336 2280 missas
1364 2226 1588 2293 volunt;
1621 2235 1678 2281 et

115 2302 593 2375 aPhilippensibus
643 2326 844 2366 novam
903 2315 1287 2372 collectionem
1341 2318 1544 2375 factam
1571 2322 1674 2376 do-

116 2402 244 2458 cent;
270 2393 559 2469 Polycarpi
593 2401 914 2458 testimonio
937 2421 1033 2474 pro
1065 2408 1192 2463 aliis
1217 2420 1414 2479 praeter
1439 2419 1670 2482 septem,

117 2501 230 2552 quas
266 2489 410 2545 solas
474 2493 656 2548 nostri
703 2494 1026 2558 defendunt,
1091 2517 1198 2556 non
1250 2503 1521 2572 speciose,
1563 2521 1673 2561 non

115 2580 310 2634 omnino
344 2593 605 2640 utuntur.
641 2585 788 2643 Duas
813 2592 1168 2650 collectiones
1197 2605 1384 2666 aperte
1409 2597 1672 2664 fatentur,

117 2685 256 2725 unam
303 2673 621 2748 Polycarpi,
672 2681 836 2736 aliam
884 2681 1314 2760 Philippensium
1353 2709 1368 2756 ;
1428 2693 1671 2760 priorem

113 2765 259 2832 illam,
291 2773 658 2839 posteriorem
692 2776 857 2843 hanc,
897 2782 1200 2850 appellant;
1244 2781 1529 2854 Polycarpi
1553 2787 1672 2855 epi-

110 2861 279 2914 stolam
302 2863 366 2916 ad
402 2863 808 2937 Philippenses,
837 2874 981 2926 haud
1015 2875 1208 2931 multos
1234 2887 1352 2946 post
1383 2877 1494 2932 dies
1515 2879 1673 2933 adis-

117 2952 315 3007 :essioue
334 2953 546 3025 lgnatii
571 2958 810 3030 Philippi
833 2965 1094 3034 scriptam
1127 2978 1320 3037 putant
1348 2987 1364 3035 ;
1393 2969 1674 3025 continere

111 3043 254 3109 igitur
284 3047 419 3103 alias
440 3064 554 3103 non
604 3051 806 3119 potuit,
845 3070 1012 3123 quam
1039 3072 1155 3123 eas,
1191 3076 1330 3129 quas
1357 3063 1670 3132 priusquam

109 3149 165 3186 es
189 3137 306 3190 Asia
331 3142 768 3209 proficisceretur
819 3150 1156 3218 conscripsit,
1191 3151 1258 3206 de
1283 3153 1488 3222 quibus
1536 3156 1669 3212 solis
1698 3173 1740 3232 ρ

108 3239 251 3294 agunt
287 3229 563 3290 Eusebius
589 3245 641 3289 et
677 3235 1062 3311 Hieronymus,
1098 3252 1156 3296 ut
1180 3243 1254 3296 illi
1281 3245 1444 3298 etiatn
1476 3246 1671 3302 obser-

110 3329 235 3372 vant.
262 3319 365 3376 Pro
396 3325 731 3382 collectione
758 3327 922 3398 igitur
946 3329 1378 3403 Philippensium
1417 3339 1669 3394 testimo-

113 3411 187 3464 nio
205 3411 482 3486 Polycarpi
509 3433 622 3473 non
655 3428 903 3484 utuntur,
934 3423 1027 3478 sed
1058 3425 1177 3479 sine
1205 3427 1317 3480 ullo
1339 3427 1450 3482 alio
1471 3427 1670 3486 funda-

113 3513 286 3568 mento,
317 3505 438 3559 sine
466 3506 760 3578 Polycarpi
792 3519 889 3566 aut
927 3513 1154 3569 alterius
1179 3515 1487 3586 cujus’piam
1517 3521 1671 3574 testi-

113 3593 267 3649 monio
287 3612 352 3651 es
376 3598 518 3668 ipsis
541 3600 792 3670 epistolis
816 3618 941 3658 eam
991 3605 1280 3676 colligunt,
1307 3624 1449 3677 quas
1470 3610 1546 3664 illi
1578 3627 1670 3680 ge-

112 3690 302 3760 nuinas,
359 3698 539 3750 nostri
593 3698 750 3753 ﬁctas
829 3697 999 3755 fuisse
1034 3704 1393 3762 contendunt.
1452 3705 1559 3762 Sed
1613 3707 1668 3762 in

111 3785 382 3841 etiarranda
429 3787 624 3843 fabula
670 3805 772 3846 sua
823 3792 1000 3862 pergit
1047 3794 1134 3848 vir
1177 3796 1557 3853 doctissimus.
1595 3798 1670 3854 Hi

115 3869 385 3942 (Usserius,
410 3879 648 3945 scilicet,
678 3892 733 3935 et
760 3879 1163 3956 Hammondus)
1196 3885 1406 3942 Latinis
1425 3890 1673 3959 objectio-

113 3966 240 4056 nibus
269 3979 484 4038 negant,
517 3971 584 4025 de
613 3987 707 4025 sea:
741 3973 854 4028 illis
876 3984 970 4028 aut
992 3979 1224 4048 quinque
1261 3982 1499 4049 epistolis
1523 3983 1670 4056 loqui

114 4050 463 4126 Polycarpum.
497 4059 615 4116 lmo
649 4079 780 4118 vero
805 4065 858 4118 hi
887 4082 986 4122 nec
1023 4068 1154 4125 illud
1187 4081 1408 4141 negant,
1437 4089 1540 4130 nec
1569 4050 1672 4132 ne-

115 4161 220 4211 gare
243 4160 477 4218 possunt
537 4151 753 4210 Latinis
807 4157 1229 4227 objectionibus,
1281 4165 1429 4233 quod
1487 4165 1671 4222 Latini

115 4251 363 4309 nunquam
397 4244 744 4314 objeceruut.
798 4247 872 4305 De
901 4251 1145 4323 quinque
1171 4255 1285 4314 illis
1311 4259 1559 4327 epistolis
1589 4260 1671 4315 lo-

113 4330 188 4396 qui
223 4331 586 4407 Pulycarpum
636 4355 800 4394 nemo
839 4341 1161 4400 Latinorum
1205 4349 1363 4404 dixit.
1411 4349 1530 4404 Non
1565 4351 1670 4408 hoc

115 4417 343 4481 Usserius
389 4444 586 4484 eorum
645 4431 1052 4500 objectionibus
1079 4449 1263 4508 negat,
1309 4442 1406 4496 sed
1452 4443 1670 4512 planee

111 4518 380 4581 contrario,
429 4519 622 4574 multis
653 4522 870 4589 probat,
899 4541 996 4580 eos
1022 4543 1304 4598 nunquam
1349 4531 1457 4588 hoc
1507 4532 1667 4606 Poly-
1696 4529 1744 4588 ι)

111 4618 253 4673 carpo
295 4609 579 4676 tribuisse,
621 4624 828 4682 septem
883 4625 1096 4672 tantum
1144 4622 1406 4690 epistolas
1429 4625 1483 4679 in
1509 4624 1670 4697 Poly-

112 4697 239 4766 carpi
281 4700 613 4759 collectione
672 4715 961 4764 contentas
1026 4725 1245 4780 semper
1289 4713 1468 4772 lassos
1523 4732 1666 4784 esse,

111 4802 313 4860 eamque
334 4796 630 4862 rationem,
678 4813 778 4853 cur
803 4798 1074 4858 Eusebius
1101 4813 1150 4858 et
1175 4803 1545 4878 llieronymus
1570 4825 1668 4866 ea-

113 4893 216 4934 rum
259 4894 467 4939 tantum
523 4889 902 4958 meminerint,
945 4893 1283 4961 assignasse.
1339 4895 1456 4953 lloc
1498 4898 1668 4952 Baro-

114 4971 242 5026 nium
266 4975 536 5045 innuisse,
569 4979 1009 5037 hocGretserum
1049 4987 1211 5056 plane
1241 4997 1295 5042 et
1323 4991 1481 5058 plene
1503 5001 1666 5046 extu-

115 5061 225 5118 lisse
247 5068 382 5134 vult,
411 5086 588 5138 quare
633 5071 708 5126 illi
739 5074 1004 5144 epistolas
1055 5077 1224 5134 hasce
1279 5097 1386 5136 non
1425 5099 1668 5140 comme-

114 5160 444 5225 moraverint,
477 5177 705 5218 causam
734 5165 894 5220 istam
926 5166 1099 5224 fuisse
1145 5183 1502 5240 asserentem,
1540 5177 1668 5244 quia

114 5260 199 5298 sou
219 5250 452 5305 viderant
481 5255 586 5308 nisi
615 5255 767 5309 illam
792 5259 1138 5326 epistularum
1161 5264 1523 5321 collectionem
1549 5286 1667 5339 qua:

115 5337 237 5404 facta
288 5343 466 5412 fuerat
501 5363 535 5398 a
574 5345 633 5402 S.
690 5348 1030 5419 Polycarpo;
1072 5355 1163 5424 qui
1201 5356 1326 5412 illas
1376 5337 1662 5426 duntaa'at,

113 5446 223 5497 quas
251 5434 312 5490 Β.
346 5439 597 5508 Ignatius
626 5439 870 5511 Smyrna:
908 5445 1140 5513 primum
1163 5459 1210 5502 et
1242 5462 1423 5516 postea
1462 5452 1666 5508 Troade

118 5527 394 5592 scripserat,
428 5548 592 5585 unum
633 5534 689 5586 in
717 5536 958 5589 volumen
995 5544 1362 5606 comportavit.
1398 5543 1473 5599 lla
1510 5544 1666 5601 Usse-

118 5613 214 5668 rius
232 5619 488 5690 disputat,
514 5633 572 5678 ut
601 5627 793 5694 probet
827 5628 950 5685 illas
975 5635 1236 5701 epistolas
1261 5637 1504 5709 antiquis
1536 5639 1665 5696 fuis-

122 5718 168 5758 se
189 5715 494 5782 incognitas.

180 5819 436 5888 Quorsum
467 5830 630 5903 igitur
659 5834 778 5891 haec
799 5851 1034 5896 narrare
1066 5840 1237 5897 voluit
1260 5841 1518 5905 Dallatus.
1541 5862 1662 5917 qua:

1778 1955 1899 1995 eam
1923 1948 2019 1994 aut
2047 1940 2414 2006 adduxerunt,
2439 1947 2534 1994 aut
2553 1939 2823 1994 adducere
2841 1945 3154 2008 potuerunt.
3183 1937 3358 2003 Quam

1781 2027 1945 2098 igitur
1997 2027 2188 2098 iniqua
2240 2028 2544 2098 postulatio
2590 2037 2696 2094 est,
2727 2037 2786 2082 ut
2819 2027 2941 2097 ejus
2972 2028 3277 2083 auctoritas
3304 2029 3360 2082 in

1779 2126 2002 2187 utraque
2036 2133 2202 2171 causa
2233 2125 2418 2181 cesset,
2450 2133 2573 2187 qua:
2611 2118 2666 2171 in
2699 2117 2867 2172 altera
2907 2133 3186 2187 nunquam
3214 2119 3358 2173 obti-

1779 2209 1933 2275 nuit;
1963 2209 2018 2263 in
2048 2209 2160 2276 illa,
2185 2225 2292 2278 qua
2326 2209 2395 2263 ab
2428 2210 2686 2264 omnibus
2717 2210 3028 2275 adducitur,
3057 2210 3360 2266 oblitterari

1779 2316 2058 2370 nunquam
2109 2301 2349 2370 poterit!
2403 2301 2799 2358 Auctoritatem
2851 2302 3018 2374 igitur
3071 2301 3358 2375 Polycarpi

1779 2408 1880 2447 suo
1911 2393 2031 2448 loco
2051 2393 2358 2463 justissime
2379 2394 2680 2459 aﬂ‘erimus,
2704 2380 3030 2465 premimus,
3061 2412 3358 2467 urgemus;

1777 2483 2214 2552 objectiunculas
2248 2485 2515 2540 adversus
2537 2486 2802 2556 epistolas
2844 2487 2992 2542 illius
3047 2489 3360 2542 testimonio

1778 2576 2163 2632 corroboratus
2193 2591 2295 2633 suo
2311 2578 2477 2633 etiam
2507 2579 2631 2634 loco
2654 2579 3040 2648 discutiemus,
3067 2589 3231 2651 atque
3263 2581 3348 2636 dif

1778 2669 2054 2725 dabimus.

2380 2761 2609 2819 CAPUT
2657 2761 2744 2817 Vl.

1781 2852 2157 2924 Testimonium
2202 2854 2260 2910 S.
2317 2854 2510 2910 Irenwi
2553 2854 2618 2908 ab
2665 2857 3046 2924 objectionibus
3080 2858 3356 2913 liberatur.

1850 2923 2129 2998 Frivolum
2149 2935 2197 2979 et
2214 2927 2448 2998 ineptum
2478 2935 2554 2980 est
2574 2923 2765 2995 putare
2785 2929 2924 2981 illud
2954 2929 3175 2981 aliunde
3199 2946 3358 2998 quam

1845 3010 1911 3048 ea:
1939 2995 2164 3060 epistola
2209 2997 2278 3049 ad
2326 2996 2589 3049 Romanos
2639 2998 2865 3050 citatum
2903 3014 3035 3051 esse.
3077 2995 3261 3051 Inanis
3281 3009 3359 3054 est

1845 3065 2124 3137 distinctio
2154 3067 2292 3120 inter
2315 3066 2542 3132 dixisse,
2565 3077 2614 3120 et
2640 3069 2950 3137 scripsisse.
2990 3067 3162 3124 Nulla
3194 3069 3358 3137 lgna-

1849 3135 1915 3188 tii
1933 3135 2375 3208 apophthegmata
2410 3154 2442 3189 α
2477 3136 2733 3208 veteribus
2755 3135 3155 3193 memorantur.
3198 3135 3356 3208 Igno-

1845 3221 1989 3259 rasse
2025 3205 2292 3261 Irenaeum
2328 3205 2529 3273 lgnatii
2547 3207 2798 3276 epistolas
2829 3208 2976 3261 nulla
3005 3225 3123 3261 cum
3152 3205 3358 3263 ratione

1850 3277 2130 3330 asseritnr.
2160 3278 2540 3346 Argumentum
2557 3287 2857 3346 negatwum
2880 3279 3131 3333 adversus
3163 3278 3356 3335 Irenwi

1847 3347 2210 3400 testimonium
2240 3347 2448 3402 nullam
2475 3347 2580 3402 vim
2609 3347 2785 3403 habet.

1844 3458 2164 3515 Proximum
2199 3469 2284 3516 est
2314 3459 2373 3516 S.
2409 3461 2622 3529 lrenaei,
2654 3463 2938 3534 Polycarpi
2965 3464 3239 3533 discipuli,
3277 3471 3358 3517 te-

1775 3549 2122 3618 stimonium,
2140 3553 2290 3624 quod
2319 3556 2555 3625 appellat
2579 3555 2664 3609 vir
2678 3556 3036 3612 doctissimus
3056 3571 3355 3627 argumen—

1775 3651 1888 3696 tum
1924 3657 2022 3712 pro
2047 3641 2347 3714 lgnatianis
2377 3647 2701 3702 secundum.
2747 3647 2961 3703 Asserit
2991 3647 3135 3702 enim
3185 3645 3358 3702 Ense-

1772 3733 1896 3788 bius
1924 3732 2188 3789 Irenaeum
2233 3736 2429 3791 harum
2462 3738 2815 3808 epistolsrum
2861 3739 3198 3807 meminisse,
3230 3755 3354 3795 cum

1772 3822 1978 3878 diceret
2023 3842 2036 3878 :
2073 3825 2534 3890 Quemadmodum
2583 3829 2804 3899 quidam
2844 3830 2907 3883 de
2949 3831 3146 3883 nostris
3191 3830 3354 3896 dixit,

1771 3927 1984 3986 propter
2003 3919 2319 3988 martyrium
2345 3920 2415 3972 ad
2444 3919 2612 3974 Deum
2642 3920 2986 3986 adjudicatus
3027 3923 3098 3975 ad
3141 3923 3354 3989 bestias,

1771 4011 2022 4080 quoniam
2054 4030 2072 4061 ι
2111 4011 2434 4080 frumentum
2460 4028 2580 4066 sum
2609 4011 2834 4078 Christi,
2869 4023 2919 4068 et
2952 4031 3046 4084 per
3071 4015 3248 4069 dentes
3270 4015 3356 4069 be-

1771 4103 1998 4156 stiarum
2027 4103 2220 4166 molor,
2259 4115 2316 4158 ut
2337 4105 2564 4158 mundus
2595 4107 2750 4174 panis
2770 4108 3026 4162 inveniar.
3054 4127 3072 4160 ι
3107 4107 3357 4177 Respon-

1770 4195 1863 4250 det
1886 4196 2367 4252 virdoctissimns:
2391 4195 2506 4268 Ego
2530 4197 2806 4252 haecrerba
2828 4215 2944 4253 vere
2962 4199 3166 4269 lgnatii
3189 4201 3356 4270 fuisse

1772 4288 2034 4353 concedo;
2067 4289 2166 4343 sed
2207 4290 2336 4361 quid
2367 4291 2436 4344 ad
2473 4291 2766 4360 epistolas?
2800 4290 3023 4361 Rogas?
3049 4293 3179 4362 quia
3224 4300 3365 4346 sunt

1772 4381 1826 4436 in
1849 4381 2119 4451 epistolis,
2145 4382 2274 4437 alibi
2298 4382 2354 4436 in
2386 4383 2790 4453 antiquissimis
2817 4386 3193 4440 monumentis
3219 4402 3354 4441 nus-

1772 4488 1937 4542 quam
1965 4514 1980 4537 ,
2016 4489 2118 4528 ne
2149 4474 2370 4545 quidem
2416 4474 2471 4528 in
2515 4476 2836 4540 modernis,
2871 4479 2975 4532 nisi
3021 4479 3240 4548 quando
3284 4495 3351 4533 ex

1770 4564 2019 4633 epistolis
2040 4567 2393 4636 transcripta.
2420 4564 2500 4622 Ne
2538 4583 2710 4623 unum
2743 4567 2960 4638 quidem
2993 4569 3185 4640 lgnatii
3215 4585 3352 4640 apo-

1774 4657 2136 4728 phthegma-a.
2175 4658 2453 4714 veteribus
2487 4669 2848 4716 memoratum
2879 4670 2982 4716 est.
3011 4661 3082 4716 At
3114 4661 3352 4717 Irenwus

1772 4765 1876 4802 non
1904 4750 1988 4803 hic
2010 4749 2142 4819 facit
2158 4749 2403 4820 epistola:
2419 4753 2734 4806 mentionem
2756 4767 2776 4816 ;
2801 4753 2893 4808 sed
2918 4768 3094 4823 neque
3115 4753 3174 4809 Β.
3193 4753 3352 4826 lgna-

1771 4838 1832 4892 tii
1864 4839 2198 4894 mentionem
2229 4838 2380 4896 facit.
2407 4840 2872 4897 Concedistamen
2899 4843 3203 4901 verhahtec
3223 4861 3354 4901 vere

1769 4946 1892 4988 esse
1922 4931 2113 5003 lgnatii
2141 4973 2155 4997 ,
2188 4948 2288 4988 cur
2319 4948 2428 4987 non
2455 4942 2510 4988 et
2543 4934 2832 5004 epistolae?“
2860 4950 2984 4991 cum
3029 4937 3084 5001 in
3117 4938 3348 5009 epistola

1769 5021 1964 5093 lgnatii
2015 5024 2396 5090 inveniantur,
2443 5025 2575 5080 alibi
2628 5025 3160 5098 nusquam?Neque
3198 5031 3344 5084 enim

1769 5116 1876 5170 alia
1909 5116 2051 5171 ratio
2069 5117 2368 5188 excogitari
2393 5127 2591 5187 potest,
2624 5135 2796 5189 quare
2815 5118 3006 5189 lgnatii
3037 5120 3202 5176 verba
3224 5137 3347 5178 esse

1769 5215 1866 5261 aut
1899 5216 1984 5274 tu,
2033 5216 2128 5261 aut
2162 5223 2262 5264 nos
2301 5209 2624 5276 credamus,
2661 5210 2766 5266 nisi
2800 5212 2946 5281 quod
2978 5215 3030 5265 in
3073 5211 3195 5281 ejus
3223 5213 3345 5281 epi-

1769 5299 1908 5352 stola
1936 5299 2318 5367 inveniantur;
2342 5301 2435 5354 aiii
2469 5302 2615 5356 enim
2653 5311 2850 5372 praeter
2885 5303 3152 5374 lgnatium
3186 5304 3345 5373 adju-

1769 5391 1935 5446 dicati
1961 5399 2119 5446 erant
2145 5391 2213 5447 ad
2240 5390 2466 5448 bestias.
2503 5392 2775 5450 Eusebius
2797 5395 2994 5451 crebro
3015 5395 3211 5465 probat
3231 5397 3348 5466 epi-

1769 5483 1940 5539 stolas
1975 5482 2308 5554 apostolicas
2338 5492 2392 5538 et
2431 5484 2723 5558 Evangelia
2755 5496 2964 5551 nostra,
2993 5488 3141 5557 quod
3176 5504 3239 5543 ex
3280 5490 3346 5545 iis

1768 5575 2078 5631 testimonia
2099 5573 2381 5644 proferant
2402 5574 2590 5632 Patres
2618 5578 2876 5647 primitivi
2898 5597 2912 5646 ;
2934 5595 3056 5648 qua:
3088 5579 3202 5636 fere
3227 5597 3337 5635 om-

1768 5667 1858 5719 nia
1888 5681 2026 5731 vana
2055 5674 2262 5733 essent,
2299 5667 2347 5722 si
2388 5667 2493 5722 hac
2522 5669 2736 5723 ratione
2783 5670 3099 5725 testimonia
3156 5673 3331 5725 metia-

1769 5771 1927 5820 mur;
1979 5772 2104 5810 raro
2135 5757 2282 5811 enim
2327 5757 2498 5814 libros
2545 5768 2640 5814 aut
2676 5760 2940 5830 epistolas
2986 5761 3349 5817 vetustissimi

1767 5848 1844 5904 illi
1875 5849 2174 5919 scriptores
2210 5850 2590 5920 nominabant,
2623 5868 2690 5911 ex
2719 5854 2918 5926 quibus
2942 5854 3107 5911 verba
3139 5862 3193 5910 et
3217 5867 3341 5910 sen-
