  <div class='ocr_page' id='page_1' title='image "/cluster/home/n/w/nwhite01/storage/ocr_20150623/5/nnc1.0046978607/083.png"; bbox 0 0 3878 6210; ppageno 0'>
   <div class='ocr_carea' id='block_1_1' title="bbox 489 357 2064 421">
    <p class='ocr_par' dir='ltr' id='par_1_1' title="bbox 489 359 2064 421">
     <span class='ocr_line' id='line_1_1' title="bbox 489 359 2064 421; baseline -0.002 -4"><span class='ocrx_word' id='word_1_1' title='bbox 489 364 580 417; x_wconf 70' lang='grc'><strong>151</strong></span> <span class='ocrx_word' id='word_1_2' title='bbox 1444 366 1503 420; x_wconf 82' lang='lat' dir='ltr'><strong>S.</strong></span> <span class='ocrx_word' id='word_1_3' title='bbox 1543 360 1894 421; x_wconf 75' lang='lat' dir='ltr'><strong>IGNATIUS.</strong></span> <span class='ocrx_word' id='word_1_4' title='bbox 1937 393 2005 406; x_wconf 84' lang='lat'><strong>——</strong></span> <span class='ocrx_word' id='word_1_5' title='bbox 2047 359 2064 414; x_wconf 91' lang='lat' dir='ltr'><strong>l</strong></span> 
     </span>
    </p>
   </div>
   <div class='ocr_carea' id='block_1_2' title="bbox 2170 357 2580 421">
    <p class='ocr_par' dir='ltr' id='par_1_2' title="bbox 2170 357 2580 415">
     <span class='ocr_line' id='line_1_2' title="bbox 2170 357 2580 415; baseline 0 -4"><span class='ocrx_word' id='word_1_6' title='bbox 2170 357 2580 415; x_wconf 61' lang='grc' dir='ltr'><strong>ιιεαοιηιω.</strong></span> 
     </span>
    </p>
   </div>
   <div class='ocr_carea' id='block_1_3' title="bbox 508 473 3763 558">
    <p class='ocr_par' dir='ltr' id='par_1_3' title="bbox 508 473 3763 558">
     <span class='ocr_line' id='line_1_3' title="bbox 508 473 3763 558; baseline -0.005 -17"><span class='ocrx_word' id='word_1_7' title='bbox 508 488 691 543; x_wconf 84' lang='lat' dir='ltr'><strong>entias</strong></span> <span class='ocrx_word' id='word_1_8' title='bbox 715 487 1128 558; x_wconf 86' lang='lat' dir='ltr'><strong>decerpserunt.</strong></span> <span class='ocrx_word' id='word_1_9' title='bbox 1163 487 1392 544; x_wconf 71' lang='lat' dir='ltr'><strong>lieeolat</strong></span> <span class='ocrx_word' id='word_1_10' title='bbox 1423 486 1659 543; x_wconf 71' lang='lat' dir='ltr'><strong>Dallteus</strong></span> <span class='ocrx_word' id='word_1_11' title='bbox 1686 487 1852 541; x_wconf 90' lang='lat' dir='ltr'><strong>verba</strong></span> <span class='ocrx_word' id='word_1_12' title='bbox 1885 500 1985 540; x_wconf 88' lang='lat' dir='ltr'><strong>sua</strong></span> <span class='ocrx_word' id='word_1_13' title='bbox 2007 485 2074 539; x_wconf 82' lang='lat' dir='ltr'><strong>tle</strong></span> <span class='ocrx_word' id='word_1_14' title='bbox 2103 493 2146 550; x_wconf 80' lang='grc' dir='ltr'>Α</span> <span class='ocrx_word' id='word_1_15' title='bbox 2179 483 2347 538; x_wconf 83' lang='lat' dir='ltr'><strong>scribi</strong></span> <span class='ocrx_word' id='word_1_16' title='bbox 2376 483 2541 538; x_wconf 87' lang='lat' dir='ltr'><strong>etiam</strong></span> <span class='ocrx_word' id='word_1_17' title='bbox 2573 497 2682 537; x_wconf 91' lang='lat' dir='ltr'><strong>non</strong></span> <span class='ocrx_word' id='word_1_18' title='bbox 2713 479 2880 536; x_wconf 81' lang='lat' dir='ltr'><strong>semel</strong></span> <span class='ocrx_word' id='word_1_19' title='bbox 2924 494 3032 536; x_wconf 91' lang='lat' dir='ltr'><strong>non</strong></span> <span class='ocrx_word' id='word_1_20' title='bbox 3077 477 3335 549; x_wconf 87' lang='lat' dir='ltr'><strong>potuerit.</strong></span> <span class='ocrx_word' id='word_1_21' title='bbox 3371 474 3654 530; x_wconf 79' lang='lat' dir='ltr'><strong>Maximus</strong></span> <span class='ocrx_word' id='word_1_22' title='bbox 3680 473 3763 526; x_wconf 79' lang='lat' dir='ltr'><strong>af-</strong></span> 
     </span>
    </p>
   </div>
   <div class='ocr_carea' id='block_1_4' title="bbox 489 574 2070 648">
    <p class='ocr_par' dir='ltr' id='par_1_4' title="bbox 489 574 2070 648">
     <span class='ocr_line' id='line_1_4' title="bbox 489 574 2070 648; baseline -0.001 -19"><span class='ocrx_word' id='word_1_23' title='bbox 489 574 749 648; x_wconf 85' lang='lat' dir='ltr'><strong>Dionysio</strong></span> <span class='ocrx_word' id='word_1_24' title='bbox 779 596 794 632; x_wconf 90' lang='lat'><strong>:</strong></span> <span class='ocrx_word' id='word_1_25' title='bbox 825 578 960 644; x_wconf 67' lang='lat' dir='ltr'><strong>Quae</strong></span> <span class='ocrx_word' id='word_1_26' title='bbox 984 580 1136 644; x_wconf 90' lang='lat' dir='ltr'><strong>citat,</strong></span> <span class='ocrx_word' id='word_1_27' title='bbox 1167 595 1286 633; x_wconf 90' lang='lat' dir='ltr'><strong>cum</strong></span> <span class='ocrx_word' id='word_1_28' title='bbox 1319 579 1538 632; x_wconf 87' lang='lat' dir='ltr'><strong>totidem</strong></span> <span class='ocrx_word' id='word_1_29' title='bbox 1561 578 1731 632; x_wconf 81' lang='lat' dir='ltr'><strong>verbis</strong></span> <span class='ocrx_word' id='word_1_30' title='bbox 1765 577 1819 631; x_wconf 90' lang='lat' dir='ltr'><strong>in</strong></span> <span class='ocrx_word' id='word_1_31' title='bbox 1843 575 2070 647; x_wconf 82' lang='lat' dir='ltr'><strong>epistola</strong></span> 
     </span>
    </p>
   </div>
   <div class='ocr_carea' id='block_1_5' title="bbox 485 667 2069 742">
    <p class='ocr_par' dir='ltr' id='par_1_5' title="bbox 485 667 2069 742">
     <span class='ocr_line' id='line_1_5' title="bbox 485 667 2069 742; baseline 0.001 -22"><span class='ocrx_word' id='word_1_32' title='bbox 485 667 556 721; x_wconf 86' lang='lat' dir='ltr'><strong>ad</strong></span> <span class='ocrx_word' id='word_1_33' title='bbox 586 668 848 724; x_wconf 81' lang='lat' dir='ltr'><strong>Romanos</strong></span> <span class='ocrx_word' id='word_1_34' title='bbox 881 669 1175 742; x_wconf 83' lang='lat' dir='ltr'><strong>Ignatiana</strong></span> <span class='ocrx_word' id='word_1_35' title='bbox 1197 670 1463 742; x_wconf 85' lang='lat' dir='ltr'><strong>legantur,</strong></span> <span class='ocrx_word' id='word_1_36' title='bbox 1491 669 1742 739; x_wconf 83' lang='lat' dir='ltr'><strong>frivolum</strong></span> <span class='ocrx_word' id='word_1_37' title='bbox 1760 681 1807 724; x_wconf 88' lang='lat' dir='ltr'><strong>et</strong></span> <span class='ocrx_word' id='word_1_38' title='bbox 1833 670 2069 739; x_wconf 88' lang='lat' dir='ltr'><strong>ineptum</strong></span> 
     </span>
    </p>
   </div>
   <div class='ocr_carea' id='block_1_6' title="bbox 485 761 2070 834">
    <p class='ocr_par' dir='ltr' id='par_1_6' title="bbox 485 761 2070 834">
     <span class='ocr_line' id='line_1_6' title="bbox 485 761 2070 834; baseline 0.001 -21"><span class='ocrx_word' id='word_1_39' title='bbox 485 769 586 822; x_wconf 80' lang='lat' dir='ltr'><strong>est,</strong></span> <span class='ocrx_word' id='word_1_40' title='bbox 616 776 680 814; x_wconf 91' lang='lat' dir='ltr'><strong>ea</strong></span> <span class='ocrx_word' id='word_1_41' title='bbox 698 761 917 817; x_wconf 78' lang='lat' dir='ltr'><strong>aliunde</strong></span> <span class='ocrx_word' id='word_1_42' title='bbox 938 779 1099 834; x_wconf 87' lang='lat' dir='ltr'><strong>quam</strong></span> <span class='ocrx_word' id='word_1_43' title='bbox 1121 779 1187 818; x_wconf 76' lang='lat' dir='ltr'><strong>ea:</strong></span> <span class='ocrx_word' id='word_1_44' title='bbox 1224 762 1325 816; x_wconf 90' lang='lat' dir='ltr'><strong>hac</strong></span> <span class='ocrx_word' id='word_1_45' title='bbox 1358 763 1586 832; x_wconf 88' lang='lat' dir='ltr'><strong>epistola</strong></span> <span class='ocrx_word' id='word_1_46' title='bbox 1627 764 1796 816; x_wconf 91' lang='lat' dir='ltr'><strong>citata</strong></span> <span class='ocrx_word' id='word_1_47' title='bbox 1827 778 1938 816; x_wconf 88' lang='lat' dir='ltr'><strong>esse</strong></span> <span class='ocrx_word' id='word_1_48' title='bbox 1974 762 2070 814; x_wconf 86' lang='lat' dir='ltr'><strong>ha-</strong></span> 
     </span>
    </p>
   </div>
   <div class='ocr_carea' id='block_1_7' title="bbox 487 853 2070 926">
    <p class='ocr_par' dir='ltr' id='par_1_7' title="bbox 487 853 2070 926">
     <span class='ocr_line' id='line_1_7' title="bbox 487 853 2070 926; baseline 0.002 -21"><span class='ocrx_word' id='word_1_49' title='bbox 487 853 698 907; x_wconf 83' lang='lat' dir='ltr'><strong>riolari.</strong></span> <span class='ocrx_word' id='word_1_50' title='bbox 739 854 878 910; x_wconf 87' lang='lat' dir='ltr'><strong>Cum</strong></span> <span class='ocrx_word' id='word_1_51' title='bbox 911 855 1058 911; x_wconf 89' lang='lat' dir='ltr'><strong>enim</strong></span> <span class='ocrx_word' id='word_1_52' title='bbox 1091 870 1215 926; x_wconf 64' lang='lat' dir='ltr'><strong>qua;</strong></span> <span class='ocrx_word' id='word_1_53' title='bbox 1243 856 1380 910; x_wconf 90' lang='lat' dir='ltr'><strong>citat</strong></span> <span class='ocrx_word' id='word_1_54' title='bbox 1410 853 1650 911; x_wconf 75' lang='lat' dir='ltr'><strong>lrenteus</strong></span> <span class='ocrx_word' id='word_1_55' title='bbox 1679 854 1909 909; x_wconf 76' lang='lat' dir='ltr'><strong>totidem</strong></span> <span class='ocrx_word' id='word_1_56' title='bbox 1947 870 2070 909; x_wconf 82' lang='lat' dir='ltr'><strong>ver-</strong></span> 
     </span>
    </p>
   </div>
   <div class='ocr_carea' id='block_1_8' title="bbox 487 945 2070 1017">
    <p class='ocr_par' dir='ltr' id='par_1_8' title="bbox 487 945 2070 1017">
     <span class='ocr_line' id='line_1_8' title="bbox 487 945 2070 1017; baseline -0.001 -17"><span class='ocrx_word' id='word_1_57' title='bbox 487 945 572 1000; x_wconf 91' lang='lat' dir='ltr'><strong>bis</strong></span> <span class='ocrx_word' id='word_1_58' title='bbox 601 945 655 999; x_wconf 92' lang='lat' dir='ltr'><strong>iu</strong></span> <span class='ocrx_word' id='word_1_59' title='bbox 681 947 910 1015; x_wconf 89' lang='lat' dir='ltr'><strong>epistola</strong></span> <span class='ocrx_word' id='word_1_60' title='bbox 936 946 1004 1001; x_wconf 81' lang='lat' dir='ltr'><strong>ad</strong></span> <span class='ocrx_word' id='word_1_61' title='bbox 1042 946 1323 1002; x_wconf 80' lang='lat' dir='ltr'><strong>Romanos</strong></span> <span class='ocrx_word' id='word_1_62' title='bbox 1348 946 1632 1017; x_wconf 88' lang='lat' dir='ltr'><strong>lguatiana</strong></span> <span class='ocrx_word' id='word_1_63' title='bbox 1665 947 1940 1016; x_wconf 90' lang='lat' dir='ltr'><strong>legantur,</strong></span> <span class='ocrx_word' id='word_1_64' title='bbox 1969 961 2070 1001; x_wconf 89' lang='lat' dir='ltr'><strong>cur</strong></span> 
     </span>
    </p>
   </div>
   <div class='ocr_carea' id='block_1_9' title="bbox 485 1036 2067 1107">
    <p class='ocr_par' dir='ltr' id='par_1_9' title="bbox 485 1036 2067 1107">
     <span class='ocr_line' id='line_1_9' title="bbox 485 1036 2067 1107; baseline -0.001 -17"><span class='ocrx_word' id='word_1_65' title='bbox 485 1051 598 1091; x_wconf 87' lang='lat' dir='ltr'><strong>non</strong></span> <span class='ocrx_word' id='word_1_66' title='bbox 623 1052 777 1107; x_wconf 77' lang='lat' dir='ltr'><strong>teque</strong></span> <span class='ocrx_word' id='word_1_67' title='bbox 801 1036 1054 1092; x_wconf 86' lang='lat' dir='ltr'><strong>frivolum</strong></span> <span class='ocrx_word' id='word_1_68' title='bbox 1087 1046 1143 1092; x_wconf 91' lang='lat' dir='ltr'><strong>et</strong></span> <span class='ocrx_word' id='word_1_69' title='bbox 1164 1039 1408 1107; x_wconf 89' lang='lat' dir='ltr'><strong>ineptum</strong></span> <span class='ocrx_word' id='word_1_70' title='bbox 1441 1046 1544 1100; x_wconf 88' lang='lat' dir='ltr'><strong>est,</strong></span> <span class='ocrx_word' id='word_1_71' title='bbox 1569 1052 1632 1092; x_wconf 89' lang='lat' dir='ltr'><strong>ea</strong></span> <span class='ocrx_word' id='word_1_72' title='bbox 1656 1036 1878 1091; x_wconf 91' lang='lat' dir='ltr'><strong>aliunde</strong></span> <span class='ocrx_word' id='word_1_73' title='bbox 1901 1050 2067 1106; x_wconf 91' lang='lat' dir='ltr'><strong>quam</strong></span> 
     </span>
    </p>
   </div>
   <div class='ocr_carea' id='block_1_10' title="bbox 485 1128 1641 1199">
    <p class='ocr_par' dir='ltr' id='par_1_10' title="bbox 485 1128 1641 1199">
     <span class='ocr_line' id='line_1_10' title="bbox 485 1128 1641 1199; baseline -0.002 -15"><span class='ocrx_word' id='word_1_74' title='bbox 485 1143 554 1184; x_wconf 88' lang='lat' dir='ltr'><strong>ex</strong></span> <span class='ocrx_word' id='word_1_75' title='bbox 593 1132 697 1185; x_wconf 90' lang='lat' dir='ltr'><strong>hac</strong></span> <span class='ocrx_word' id='word_1_76' title='bbox 724 1131 954 1199; x_wconf 87' lang='lat' dir='ltr'><strong>epistola</strong></span> <span class='ocrx_word' id='word_1_77' title='bbox 989 1130 1156 1186; x_wconf 86' lang='lat' dir='ltr'><strong>citata</strong></span> <span class='ocrx_word' id='word_1_78' title='bbox 1185 1145 1310 1186; x_wconf 89' lang='lat' dir='ltr'><strong>esse</strong></span> <span class='ocrx_word' id='word_1_79' title='bbox 1334 1128 1641 1184; x_wconf 84' lang='lat' dir='ltr'><strong>hariolari?</strong></span> 
     </span>
    </p>
   </div>
   <div class='ocr_carea' id='block_1_11' title="bbox 557 1218 2067 1292">
    <p class='ocr_par' dir='ltr' id='par_1_11' title="bbox 557 1218 2067 1292">
     <span class='ocr_line' id='line_1_11' title="bbox 557 1218 2067 1292; baseline -0.001 -16"><span class='ocrx_word' id='word_1_80' title='bbox 557 1218 664 1276; x_wconf 85' lang='lat' dir='ltr'><strong>Sed</strong></span> <span class='ocrx_word' id='word_1_81' title='bbox 691 1220 857 1276; x_wconf 77' lang='lat' dir='ltr'><strong>habet</strong></span> <span class='ocrx_word' id='word_1_82' title='bbox 887 1223 1034 1292; x_wconf 87' lang='lat' dir='ltr'><strong>quod</strong></span> <span class='ocrx_word' id='word_1_83' title='bbox 1065 1232 1291 1292; x_wconf 79' lang='lat' dir='ltr'><strong>reponat</strong></span> <span class='ocrx_word' id='word_1_84' title='bbox 1322 1237 1391 1277; x_wconf 88' lang='lat' dir='ltr'><strong>ex</strong></span> <span class='ocrx_word' id='word_1_85' title='bbox 1426 1219 1666 1276; x_wconf 81' lang='lat' dir='ltr'><strong>Parkero</strong></span> <span class='ocrx_word' id='word_1_86' title='bbox 1695 1219 1780 1274; x_wconf 84' lang='lat' dir='ltr'><strong>vir</strong></span> <span class='ocrx_word' id='word_1_87' title='bbox 1809 1219 2067 1275; x_wconf 82' lang='lat' dir='ltr'><strong>doctissi~</strong></span> 
     </span>
    </p>
   </div>
   <div class='ocr_carea' id='block_1_12' title="bbox 483 1311 2064 1378">
    <p class='ocr_par' dir='ltr' id='par_1_12' title="bbox 483 1311 2064 1378">
     <span class='ocr_line' id='line_1_12' title="bbox 483 1311 2064 1378; baseline -0.001 -12"><span class='ocrx_word' id='word_1_88' title='bbox 483 1326 611 1367; x_wconf 85' lang='lat' dir='ltr'><strong>mus</strong></span> <span class='ocrx_word' id='word_1_89' title='bbox 638 1327 652 1365; x_wconf 91' lang='lat'>:</span> <span class='ocrx_word' id='word_1_90' title='bbox 686 1311 842 1368; x_wconf 76' lang='lat' dir='ltr'><strong>Nihil</strong></span> <span class='ocrx_word' id='word_1_91' title='bbox 869 1314 1020 1368; x_wconf 83' lang='lat' dir='ltr'><strong>aliud</strong></span> <span class='ocrx_word' id='word_1_92' title='bbox 1048 1315 1235 1369; x_wconf 77' lang='lat' dir='ltr'><strong>scribit</strong></span> <span class='ocrx_word' id='word_1_93' title='bbox 1283 1313 1556 1377; x_wconf 77' lang='lat' dir='ltr'><strong>Irenteus,</strong></span> <span class='ocrx_word' id='word_1_94' title='bbox 1589 1312 1694 1366; x_wconf 90' lang='lat' dir='ltr'><strong>nisi</strong></span> <span class='ocrx_word' id='word_1_95' title='bbox 1743 1311 1840 1366; x_wconf 91' lang='lat' dir='ltr'><strong>hoc</strong></span> <span class='ocrx_word' id='word_1_96' title='bbox 1881 1311 2064 1378; x_wconf 88' lang='lat' dir='ltr'><strong>istum,</strong></span> 
     </span>
    </p>
   </div>
   <div class='ocr_carea' id='block_1_13' title="bbox 483 1407 2070 1478">
    <p class='ocr_par' dir='ltr' id='par_1_13' title="bbox 483 1407 2070 1478">
     <span class='ocr_line' id='line_1_13' title="bbox 483 1407 2070 1478; baseline 0.003 -18"><span class='ocrx_word' id='word_1_97' title='bbox 483 1407 635 1475; x_wconf 88' lang='lat' dir='ltr'><strong>cujus</strong></span> <span class='ocrx_word' id='word_1_98' title='bbox 664 1409 929 1477; x_wconf 79' lang='lat' dir='ltr'><strong>meminit,</strong></span> <span class='ocrx_word' id='word_1_99' title='bbox 953 1411 1176 1466; x_wconf 75' lang='lat' dir='ltr'><strong>dixisse.</strong></span> <span class='ocrx_word' id='word_1_100' title='bbox 1210 1409 1270 1465; x_wconf 88' lang='lat' dir='ltr'><strong>Si</strong></span> <span class='ocrx_word' id='word_1_101' title='bbox 1302 1411 1492 1464; x_wconf 79' lang='lat' dir='ltr'><strong>saltem</strong></span> <span class='ocrx_word' id='word_1_102' title='bbox 1521 1410 1632 1464; x_wconf 68' lang='lat' dir='ltr'><strong>haec</strong></span> <span class='ocrx_word' id='word_1_103' title='bbox 1653 1427 1773 1465; x_wconf 90' lang='lat' dir='ltr'><strong>eum</strong></span> <span class='ocrx_word' id='word_1_104' title='bbox 1795 1410 2070 1478; x_wconf 72' lang='lat' dir='ltr'><strong>scripsisse</strong></span> 
     </span>
    </p>
   </div>
   <div class='ocr_carea' id='block_1_14' title="bbox 483 1499 2066 1572">
    <p class='ocr_par' dir='ltr' id='par_1_14' title="bbox 483 1499 2066 1572">
     <span class='ocr_line' id='line_1_14' title="bbox 483 1499 2066 1572; baseline 0.001 -20"><span class='ocrx_word' id='word_1_105' title='bbox 483 1499 704 1566; x_wconf 82' lang='lat' dir='ltr'><strong>diceret,</strong></span> <span class='ocrx_word' id='word_1_106' title='bbox 735 1501 966 1556; x_wconf 86' lang='lat' dir='ltr'><strong>colorem</strong></span> <span class='ocrx_word' id='word_1_107' title='bbox 989 1543 1005 1568; x_wconf 93' lang='lat'><strong>,</strong></span> <span class='ocrx_word' id='word_1_108' title='bbox 1029 1502 1150 1557; x_wconf 90' lang='lat' dir='ltr'><strong>licet</strong></span> <span class='ocrx_word' id='word_1_109' title='bbox 1187 1502 1386 1571; x_wconf 80' lang='lat' dir='ltr'><strong>falsum</strong></span> <span class='ocrx_word' id='word_1_110' title='bbox 1415 1512 1467 1556; x_wconf 90' lang='lat' dir='ltr'><strong>et</strong></span> <span class='ocrx_word' id='word_1_111' title='bbox 1494 1502 1799 1568; x_wconf 84' lang='lat' dir='ltr'><strong>evanidum,</strong></span> <span class='ocrx_word' id='word_1_112' title='bbox 1831 1501 2066 1572; x_wconf 86' lang='lat' dir='ltr'><strong>aliquem</strong></span> 
     </span>
    </p>
   </div>
   <div class='ocr_carea' id='block_1_15' title="bbox 484 1590 2068 1664">
    <p class='ocr_par' dir='ltr' id='par_1_15' title="bbox 484 1590 2068 1664">
     <span class='ocr_line' id='line_1_15' title="bbox 484 1590 2068 1664; baseline 0.002 -21"><span class='ocrx_word' id='word_1_113' title='bbox 484 1599 661 1644; x_wconf 89' lang='lat' dir='ltr'><strong>tamen</strong></span> <span class='ocrx_word' id='word_1_114' title='bbox 715 1590 930 1646; x_wconf 80' lang='lat' dir='ltr'><strong>haberet</strong></span> <span class='ocrx_word' id='word_1_115' title='bbox 989 1595 1406 1663; x_wconf 85' lang='lat' dir='ltr'><strong>argumentatio.</strong></span> <span class='ocrx_word' id='word_1_116' title='bbox 1461 1591 1550 1648; x_wconf 87' lang='lat' dir='ltr'><strong>Sic</strong></span> <span class='ocrx_word' id='word_1_117' title='bbox 1591 1593 1731 1648; x_wconf 88' lang='lat' dir='ltr'><strong>enim</strong></span> <span class='ocrx_word' id='word_1_118' title='bbox 1784 1609 1849 1646; x_wconf 76' lang='lat' dir='ltr'><strong>ea:</strong></span> <span class='ocrx_word' id='word_1_119' title='bbox 1888 1593 2068 1664; x_wconf 86' lang='lat' dir='ltr'><strong>aliquo</strong></span> 
     </span>
    </p>
   </div>
   <div class='ocr_carea' id='block_1_16' title="bbox 483 1681 2069 1755">
    <p class='ocr_par' dir='ltr' id='par_1_16' title="bbox 483 1681 2069 1755">
     <span class='ocr_line' id='line_1_16' title="bbox 483 1681 2069 1755; baseline 0.001 -19"><span class='ocrx_word' id='word_1_120' title='bbox 483 1681 691 1752; x_wconf 84' lang='lat' dir='ltr'><strong>lgnatii</strong></span> <span class='ocrx_word' id='word_1_121' title='bbox 715 1685 914 1755; x_wconf 86' lang='lat' dir='ltr'><strong>scripto</strong></span> <span class='ocrx_word' id='word_1_122' title='bbox 946 1687 1057 1740; x_wconf 83' lang='lat' dir='ltr'><strong>htec</strong></span> <span class='ocrx_word' id='word_1_123' title='bbox 1087 1685 1202 1754; x_wconf 85' lang='lat' dir='ltr'><strong>ejus</strong></span> <span class='ocrx_word' id='word_1_124' title='bbox 1233 1685 1388 1740; x_wconf 83' lang='lat' dir='ltr'><strong>verba</strong></span> <span class='ocrx_word' id='word_1_125' title='bbox 1429 1685 1462 1740; x_wconf 88' lang='grc' dir='ltr'><strong><em>Ι</em></strong></span> <span class='ocrx_word' id='word_1_126' title='bbox 1466 1701 1695 1740; x_wconf 79' lang='lat' dir='ltr'><strong>remeam</strong></span> <span class='ocrx_word' id='word_1_127' title='bbox 1723 1683 1968 1738; x_wconf 81' lang='lat' dir='ltr'><strong>habuisse</strong></span> <span class='ocrx_word' id='word_1_128' title='bbox 1989 1683 2069 1738; x_wconf 85' lang='lat' dir='ltr'><strong>le-</strong></span> 
     </span>
    </p>
   </div>
   <div class='ocr_carea' id='block_1_17' title="bbox 483 1775 2064 1844">
    <p class='ocr_par' dir='ltr' id='par_1_17' title="bbox 483 1775 2064 1844">
     <span class='ocr_line' id='line_1_17' title="bbox 483 1775 2064 1844; baseline -0.001 -16"><span class='ocrx_word' id='word_1_129' title='bbox 483 1775 666 1844; x_wconf 76' lang='lat' dir='ltr'><strong>gitime</strong></span> <span class='ocrx_word' id='word_1_130' title='bbox 696 1775 1035 1832; x_wconf 88' lang='lat' dir='ltr'><strong>concluderes</strong></span> <span class='ocrx_word' id='word_1_131' title='bbox 1068 1791 1088 1832; x_wconf 66' lang='grc' dir='ltr'><strong><em>ξ</em></strong></span> <span class='ocrx_word' id='word_1_132' title='bbox 1130 1779 1345 1832; x_wconf 88' lang='lat' dir='ltr'><strong>tametsi</strong></span> <span class='ocrx_word' id='word_1_133' title='bbox 1377 1777 1514 1832; x_wconf 90' lang='lat' dir='ltr'><strong>illud</strong></span> <span class='ocrx_word' id='word_1_134' title='bbox 1539 1776 1677 1831; x_wconf 86' lang='lat' dir='ltr'><strong>unde</strong></span> <span class='ocrx_word' id='word_1_135' title='bbox 1705 1793 1769 1830; x_wconf 88' lang='lat' dir='ltr'><strong>ea</strong></span> <span class='ocrx_word' id='word_1_136' title='bbox 1811 1776 2064 1844; x_wconf 86' lang='lat' dir='ltr'><strong>sumpsis-</strong></span> 
     </span>
    </p>
   </div>
   <div class='ocr_carea' id='block_1_18' title="bbox 481 1864 2064 1940">
    <p class='ocr_par' dir='ltr' id='par_1_18' title="bbox 481 1864 2064 1940">
     <span class='ocr_line' id='line_1_18' title="bbox 481 1864 2064 1940; baseline 0 -20"><span class='ocrx_word' id='word_1_137' title='bbox 481 1876 558 1920; x_wconf 88' lang='lat' dir='ltr'><strong>set</strong></span> <span class='ocrx_word' id='word_1_138' title='bbox 591 1864 797 1938; x_wconf 84' lang='lat' dir='ltr'><strong>lgnatii</strong></span> <span class='ocrx_word' id='word_1_139' title='bbox 819 1869 1075 1940; x_wconf 85' lang='lat' dir='ltr'><strong>scriptum</strong></span> <span class='ocrx_word' id='word_1_140' title='bbox 1100 1885 1162 1923; x_wconf 88' lang='lat' dir='ltr'><strong>ne</strong></span> <span class='ocrx_word' id='word_1_141' title='bbox 1191 1869 1266 1922; x_wconf 87' lang='lat' dir='ltr'><strong>sic</strong></span> <span class='ocrx_word' id='word_1_142' title='bbox 1289 1869 1501 1940; x_wconf 87' lang='lat' dir='ltr'><strong>quidem</strong></span> <span class='ocrx_word' id='word_1_143' title='bbox 1523 1869 1804 1938; x_wconf 79' lang='lat' dir='ltr'><strong>conﬁceres</strong></span> <span class='ocrx_word' id='word_1_144' title='bbox 1827 1867 2064 1921; x_wconf 86' lang='lat' dir='ltr'><strong>eamdem</strong></span> 
     </span>
    </p>
   </div>
   <div class='ocr_carea' id='block_1_19' title="bbox 482 1958 2064 2031">
    <p class='ocr_par' dir='ltr' id='par_1_19' title="bbox 482 1958 2064 2031">
     <span class='ocr_line' id='line_1_19' title="bbox 482 1958 2064 2031; baseline 0 -19"><span class='ocrx_word' id='word_1_145' title='bbox 482 1958 635 2013; x_wconf 88' lang='lat' dir='ltr'><strong>illam</strong></span> <span class='ocrx_word' id='word_1_146' title='bbox 673 1975 818 2027; x_wconf 87' lang='lat' dir='ltr'><strong>esse,</strong></span> <span class='ocrx_word' id='word_1_147' title='bbox 867 1977 1028 2031; x_wconf 88' lang='lat' dir='ltr'><strong>quam</strong></span> <span class='ocrx_word' id='word_1_148' title='bbox 1066 1977 1159 2015; x_wconf 90' lang='lat' dir='ltr'><strong>nos</strong></span> <span class='ocrx_word' id='word_1_149' title='bbox 1209 1960 1363 2015; x_wconf 85' lang='lat' dir='ltr'><strong>hodie</strong></span> <span class='ocrx_word' id='word_1_150' title='bbox 1395 1960 1648 2016; x_wconf 85' lang='lat' dir='ltr'><strong>habemus</strong></span> <span class='ocrx_word' id='word_1_151' title='bbox 1683 1960 1753 2014; x_wconf 88' lang='lat' dir='ltr'><strong>ad</strong></span> <span class='ocrx_word' id='word_1_152' title='bbox 1796 1959 2064 2014; x_wconf 79' lang='lat' dir='ltr'><strong>Romanos</strong></span> 
     </span>
    </p>
   </div>
   <div class='ocr_carea' id='block_1_20' title="bbox 479 2052 2065 2124">
    <p class='ocr_par' dir='ltr' id='par_1_20' title="bbox 479 2052 2065 2124">
     <span class='ocr_line' id='line_1_20' title="bbox 479 2052 2065 2124; baseline 0 -18"><span class='ocrx_word' id='word_1_153' title='bbox 479 2052 596 2121; x_wconf 84' lang='lat' dir='ltr'><strong>ejus</strong></span> <span class='ocrx_word' id='word_1_154' title='bbox 625 2054 835 2107; x_wconf 88' lang='lat' dir='ltr'><strong>nomine</strong></span> <span class='ocrx_word' id='word_1_155' title='bbox 867 2054 1181 2123; x_wconf 83' lang='lat' dir='ltr'><strong>inscriptam</strong></span> <span class='ocrx_word' id='word_1_156' title='bbox 1210 2053 1512 2124; x_wconf 84' lang='lat' dir='ltr'><strong>epistolam.</strong></span> <span class='ocrx_word' id='word_1_157' title='bbox 1553 2052 1672 2110; x_wconf 89' lang='lat' dir='ltr'><strong>Duo</strong></span> <span class='ocrx_word' id='word_1_158' title='bbox 1705 2053 1872 2124; x_wconf 78' lang='lat' dir='ltr'><strong>igitur</strong></span> <span class='ocrx_word' id='word_1_159' title='bbox 1901 2069 2065 2123; x_wconf 72' lang='lat' dir='ltr'><strong>repo-</strong></span> 
     </span>
    </p>
   </div>
   <div class='ocr_carea' id='block_1_21' title="bbox 481 2143 2062 2216">
    <p class='ocr_par' dir='ltr' id='par_1_21' title="bbox 481 2143 2062 2216">
     <span class='ocr_line' id='line_1_21' title="bbox 481 2143 2062 2216; baseline 0 -19"><span class='ocrx_word' id='word_1_160' title='bbox 481 2143 564 2198; x_wconf 88' lang='lat' dir='ltr'><strong>nit</strong></span> <span class='ocrx_word' id='word_1_161' title='bbox 589 2162 605 2198; x_wconf 87' lang='lat'><strong>:</strong></span> <span class='ocrx_word' id='word_1_162' title='bbox 633 2145 775 2215; x_wconf 89' lang='lat' dir='ltr'><strong>apud</strong></span> <span class='ocrx_word' id='word_1_163' title='bbox 808 2143 1074 2200; x_wconf 64' lang='lat' dir='ltr'><strong>Irenaeum</strong></span> <span class='ocrx_word' id='word_1_164' title='bbox 1099 2145 1205 2216; x_wconf 82' lang='lat' dir='ltr'><strong>legi</strong></span> <span class='ocrx_word' id='word_1_165' title='bbox 1245 2160 1353 2200; x_wconf 83' lang='lat' dir='ltr'><strong>non</strong></span> <span class='ocrx_word' id='word_1_166' title='bbox 1386 2146 1682 2214; x_wconf 86' lang='lat' dir='ltr'><strong>scripsisse,</strong></span> <span class='ocrx_word' id='word_1_167' title='bbox 1719 2145 1814 2200; x_wconf 89' lang='lat' dir='ltr'><strong>sed</strong></span> <span class='ocrx_word' id='word_1_168' title='bbox 1840 2145 2062 2212; x_wconf 69' lang='lat' dir='ltr'><strong>dixisse,</strong></span> 
     </span>
    </p>
   </div>
   <div class='ocr_carea' id='block_1_22' title="bbox 483 2235 2062 2310">
    <p class='ocr_par' dir='ltr' id='par_1_22' title="bbox 483 2235 2062 2310">
     <span class='ocr_line' id='line_1_22' title="bbox 483 2235 2062 2310; baseline 0.003 -22"><span class='ocrx_word' id='word_1_169' title='bbox 483 2235 588 2291; x_wconf 87' lang='lat' dir='ltr'><strong>hoc</strong></span> <span class='ocrx_word' id='word_1_170' title='bbox 619 2236 895 2306; x_wconf 88' lang='lat' dir='ltr'><strong>primum;</strong></span> <span class='ocrx_word' id='word_1_171' title='bbox 926 2237 972 2293; x_wconf 88' lang='lat' dir='ltr'><strong>si</strong></span> <span class='ocrx_word' id='word_1_172' title='bbox 1006 2238 1312 2309; x_wconf 79' lang='lat' dir='ltr'><strong>legeremus</strong></span> <span class='ocrx_word' id='word_1_173' title='bbox 1345 2239 1643 2309; x_wconf 78' lang='lat' dir='ltr'><strong>scripsisse,</strong></span> <span class='ocrx_word' id='word_1_174' title='bbox 1677 2248 2062 2310; x_wconf 76' lang='lat' dir='ltr'><strong>argumentum</strong></span> 
     </span>
    </p>
   </div>
   <div class='ocr_carea' id='block_1_23' title="bbox 479 2331 2065 2402">
    <p class='ocr_par' dir='ltr' id='par_1_23' title="bbox 479 2331 2065 2402">
     <span class='ocr_line' id='line_1_23' title="bbox 479 2331 2065 2402; baseline 0.001 -19"><span class='ocrx_word' id='word_1_175' title='bbox 479 2339 661 2384; x_wconf 90' lang='lat' dir='ltr'><strong>tamen</strong></span> <span class='ocrx_word' id='word_1_176' title='bbox 695 2339 942 2386; x_wconf 91' lang='lat' dir='ltr'><strong>nostrum</strong></span> <span class='ocrx_word' id='word_1_177' title='bbox 965 2331 1194 2386; x_wconf 86' lang='lat' dir='ltr'><strong>colorem</strong></span> <span class='ocrx_word' id='word_1_178' title='bbox 1222 2341 1436 2387; x_wconf 88' lang='lat' dir='ltr'><strong>tantum</strong></span> <span class='ocrx_word' id='word_1_179' title='bbox 1471 2331 1668 2402; x_wconf 84' lang='lat' dir='ltr'><strong>falsum</strong></span> <span class='ocrx_word' id='word_1_180' title='bbox 1698 2339 1750 2387; x_wconf 88' lang='lat' dir='ltr'><strong>et</strong></span> <span class='ocrx_word' id='word_1_181' title='bbox 1784 2331 2065 2386; x_wconf 84' lang='lat' dir='ltr'><strong>evanidum</strong></span> 
     </span>
    </p>
   </div>
   <div class='ocr_carea' id='block_1_24' title="bbox 481 2422 2066 2495">
    <p class='ocr_par' dir='ltr' id='par_1_24' title="bbox 481 2422 2066 2495">
     <span class='ocr_line' id='line_1_24' title="bbox 481 2422 2066 2495; baseline 0.002 -20"><span class='ocrx_word' id='word_1_182' title='bbox 481 2422 728 2486; x_wconf 83' lang='lat' dir='ltr'><strong>haberet,</strong></span> <span class='ocrx_word' id='word_1_183' title='bbox 784 2422 889 2478; x_wconf 89' lang='lat' dir='ltr'><strong>hoc</strong></span> <span class='ocrx_word' id='word_1_184' title='bbox 940 2425 1268 2480; x_wconf 90' lang='lat' dir='ltr'><strong>secundum.</strong></span> <span class='ocrx_word' id='word_1_185' title='bbox 1309 2425 1356 2479; x_wconf 74' lang='grc' dir='ltr'><strong>Α</strong></span> <span class='ocrx_word' id='word_1_186' title='bbox 1400 2423 1692 2495; x_wconf 83' lang='lat' dir='ltr'><strong>posteriori</strong></span> <span class='ocrx_word' id='word_1_187' title='bbox 1741 2424 1966 2494; x_wconf 87' lang='lat' dir='ltr'><strong>incipio,</strong></span> <span class='ocrx_word' id='word_1_188' title='bbox 2012 2433 2066 2478; x_wconf 88' lang='lat' dir='ltr'><strong>ct</strong></span> 
     </span>
    </p>
   </div>
   <div class='ocr_carea' id='block_1_25' title="bbox 479 2513 2060 2587">
    <p class='ocr_par' dir='ltr' id='par_1_25' title="bbox 479 2513 2060 2587">
     <span class='ocr_line' id='line_1_25' title="bbox 479 2513 2060 2587; baseline 0.001 -20"><span class='ocrx_word' id='word_1_189' title='bbox 479 2513 682 2570; x_wconf 68' lang='lat' dir='ltr'><strong>Dallteo</strong></span> <span class='ocrx_word' id='word_1_190' title='bbox 717 2513 978 2570; x_wconf 69' lang='lat' dir='ltr'><strong>Dallaeum</strong></span> <span class='ocrx_word' id='word_1_191' title='bbox 1027 2532 1249 2587; x_wconf 90' lang='lat' dir='ltr'><strong>oppono</strong></span> <span class='ocrx_word' id='word_1_192' title='bbox 1277 2557 1295 2584; x_wconf 92' lang='lat'><strong>,</strong></span> <span class='ocrx_word' id='word_1_193' title='bbox 1342 2531 1443 2586; x_wconf 91' lang='lat' dir='ltr'><strong>pro</strong></span> <span class='ocrx_word' id='word_1_194' title='bbox 1480 2516 1648 2572; x_wconf 88' lang='lat' dir='ltr'><strong>simili</strong></span> <span class='ocrx_word' id='word_1_195' title='bbox 1693 2517 1964 2574; x_wconf 89' lang='lat' dir='ltr'><strong>sententia</strong></span> <span class='ocrx_word' id='word_1_196' title='bbox 1996 2531 2060 2571; x_wconf 90' lang='lat' dir='ltr'><strong>ex</strong></span> 
     </span>
    </p>
   </div>
   <div class='ocr_carea' id='block_1_26' title="bbox 477 2605 2064 2678">
    <p class='ocr_par' dir='ltr' id='par_1_26' title="bbox 477 2605 2064 2678">
     <span class='ocr_line' id='line_1_26' title="bbox 477 2605 2064 2678; baseline 0.001 -18"><span class='ocrx_word' id='word_1_197' title='bbox 477 2605 668 2660; x_wconf 85' lang='lat' dir='ltr'><strong>eadem</strong></span> <span class='ocrx_word' id='word_1_198' title='bbox 695 2607 931 2676; x_wconf 88' lang='lat' dir='ltr'><strong>epistola</strong></span> <span class='ocrx_word' id='word_1_199' title='bbox 965 2623 996 2662; x_wconf 89' lang='lat' dir='ltr'><strong>a</strong></span> <span class='ocrx_word' id='word_1_200' title='bbox 1029 2606 1532 2678; x_wconf 82' lang='lat' dir='ltr'><strong>pseudo-Dionysio</strong></span> <span class='ocrx_word' id='word_1_201' title='bbox 1563 2608 1827 2677; x_wconf 87' lang='lat' dir='ltr'><strong>producta</strong></span> <span class='ocrx_word' id='word_1_202' title='bbox 1869 2608 2064 2663; x_wconf 89' lang='lat' dir='ltr'><strong>adver-</strong></span> 
     </span>
    </p>
   </div>
   <div class='ocr_carea' id='block_1_27' title="bbox 477 2696 2066 2771">
    <p class='ocr_par' dir='ltr' id='par_1_27' title="bbox 477 2696 2066 2771">
     <span class='ocr_line' id='line_1_27' title="bbox 477 2696 2066 2771; baseline 0.001 -20"><span class='ocrx_word' id='word_1_203' title='bbox 477 2713 576 2752; x_wconf 92' lang='lat' dir='ltr'><strong>sus</strong></span> <span class='ocrx_word' id='word_1_204' title='bbox 619 2696 839 2751; x_wconf 79' lang='lat' dir='ltr'><strong>Maximi</strong></span> <span class='ocrx_word' id='word_1_205' title='bbox 877 2697 1142 2769; x_wconf 82' lang='lat' dir='ltr'><strong>eil&#39;ugium</strong></span> <span class='ocrx_word' id='word_1_206' title='bbox 1191 2697 1408 2754; x_wconf 79' lang='lat' dir='ltr'><strong>fortiter</strong></span> <span class='ocrx_word' id='word_1_207' title='bbox 1449 2709 1808 2771; x_wconf 73' lang='lat' dir='ltr'><strong>pugnantem.</strong></span> <span class='ocrx_word' id='word_1_208' title='bbox 1855 2699 2066 2754; x_wconf 81' lang='lat' dir='ltr'><strong>Auctor</strong></span> 
     </span>
    </p>
   </div>
   <div class='ocr_carea' id='block_1_28' title="bbox 477 2790 2063 2867">
    <p class='ocr_par' dir='ltr' id='par_1_28' title="bbox 477 2790 2063 2867">
     <span class='ocr_line' id='line_1_28' title="bbox 477 2790 2063 2867; baseline 0.004 -25"><span class='ocrx_word' id='word_1_209' title='bbox 477 2790 1015 2861; x_wconf 77' lang='lat' dir='ltr'><strong>Areopagiticorum,</strong></span> <span class='ocrx_word' id='word_1_210' title='bbox 1049 2791 1306 2867; x_wconf 88' lang='lat' dir='ltr'><strong>quisquis</strong></span> <span class='ocrx_word' id='word_1_211' title='bbox 1322 2799 1430 2858; x_wconf 89' lang='lat' dir='ltr'><strong>est,</strong></span> <span class='ocrx_word' id='word_1_212' title='bbox 1452 2791 1790 2862; x_wconf 82' lang='lat' dir='ltr'><strong>produxerat</strong></span> <span class='ocrx_word' id='word_1_213' title='bbox 1814 2793 2063 2848; x_wconf 83' lang='lat' dir='ltr'><strong>testimo—</strong></span> 
     </span>
    </p>
   </div>
   <div class='ocr_carea' id='block_1_29' title="bbox 478 2881 2065 2954">
    <p class='ocr_par' dir='ltr' id='par_1_29' title="bbox 478 2881 2065 2954">
     <span class='ocr_line' id='line_1_29' title="bbox 478 2881 2065 2954; baseline 0.002 -18"><span class='ocrx_word' id='word_1_214' title='bbox 478 2882 631 2936; x_wconf 90' lang='lat' dir='ltr'><strong>nium</strong></span> <span class='ocrx_word' id='word_1_215' title='bbox 658 2898 728 2938; x_wconf 85' lang='lat' dir='ltr'><strong>ex</strong></span> <span class='ocrx_word' id='word_1_216' title='bbox 753 2881 946 2953; x_wconf 88' lang='lat' dir='ltr'><strong>lgnatii</strong></span> <span class='ocrx_word' id='word_1_217' title='bbox 977 2883 1209 2954; x_wconf 88' lang='lat' dir='ltr'><strong>epistola</strong></span> <span class='ocrx_word' id='word_1_218' title='bbox 1234 2882 1304 2938; x_wconf 89' lang='lat' dir='ltr'><strong>ad</strong></span> <span class='ocrx_word' id='word_1_219' title='bbox 1339 2881 1654 2950; x_wconf 81' lang='lat' dir='ltr'><strong>Romanos;</strong></span> <span class='ocrx_word' id='word_1_220' title='bbox 1685 2884 1972 2954; x_wconf 85' lang='lat' dir='ltr'><strong>epistolam</strong></span> <span class='ocrx_word' id='word_1_221' title='bbox 2000 2885 2065 2939; x_wconf 76' lang='lat' dir='ltr'><strong>il-</strong></span> 
     </span>
    </p>
   </div>
   <div class='ocr_carea' id='block_1_30' title="bbox 476 2969 2065 3041">
    <p class='ocr_par' dir='ltr' id='par_1_30' title="bbox 476 2969 2065 3041">
     <span class='ocr_line' id='line_1_30' title="bbox 476 2969 2065 3041; baseline 0.001 -14"><span class='ocrx_word' id='word_1_222' title='bbox 476 2982 587 3036; x_wconf 79' lang='lat' dir='ltr'><strong>lam</strong></span> <span class='ocrx_word' id='word_1_223' title='bbox 605 2981 817 3028; x_wconf 84' lang='lat' dir='ltr'><strong>veteres</strong></span> <span class='ocrx_word' id='word_1_224' title='bbox 842 2987 1038 3028; x_wconf 89' lang='lat' dir='ltr'><strong>omnes</strong></span> <span class='ocrx_word' id='word_1_225' title='bbox 1069 2971 1174 3028; x_wconf 91' lang='lat' dir='ltr'><strong>sub</strong></span> <span class='ocrx_word' id='word_1_226' title='bbox 1201 2969 1440 3041; x_wconf 80' lang='lat' dir='ltr'><strong>Trajano</strong></span> <span class='ocrx_word' id='word_1_227' title='bbox 1464 2971 1723 3040; x_wconf 87' lang='lat' dir='ltr'><strong>scriptam</strong></span> <span class='ocrx_word' id='word_1_228' title='bbox 1751 2972 1916 3041; x_wconf 87' lang='lat' dir='ltr'><strong>paulo</strong></span> <span class='ocrx_word' id='word_1_229' title='bbox 1938 2979 2065 3028; x_wconf 87' lang='lat' dir='ltr'><strong>ante</strong></span> 
     </span>
    </p>
   </div>
   <div class='ocr_carea' id='block_1_31' title="bbox 475 3050 2107 3136">
    <p class='ocr_par' dir='ltr' id='par_1_31' title="bbox 475 3050 2107 3136">
     <span class='ocr_line' id='line_1_31' title="bbox 475 3050 2107 3136; baseline -0.002 -17"><span class='ocrx_word' id='word_1_230' title='bbox 475 3064 799 3136; x_wconf 84' lang='lat' dir='ltr'><strong>martyrium</strong></span> <span class='ocrx_word' id='word_1_231' title='bbox 832 3061 1027 3135; x_wconf 88' lang='lat' dir='ltr'><strong>lgnatii</strong></span> <span class='ocrx_word' id='word_1_232' title='bbox 1057 3062 1430 3118; x_wconf 90' lang='lat' dir='ltr'><strong>crediderunt.</strong></span> <span class='ocrx_word' id='word_1_233' title='bbox 1460 3059 1782 3134; x_wconf 86' lang='lat' dir='ltr'><strong>Dionysium</strong></span> <span class='ocrx_word' id='word_1_234' title='bbox 1819 3062 2065 3133; x_wconf 83' lang='lat' dir='ltr'><strong>Areopa-</strong></span> <span class='ocrx_word' id='word_1_235' title='bbox 2101 3050 2107 3057; x_wconf 75' lang='grc'><em>’</em></span> 
     </span>
    </p>
   </div>
   <div class='ocr_carea' id='block_1_32' title="bbox 2175 571 3762 647">
    <p class='ocr_par' dir='ltr' id='par_1_32' title="bbox 2175 571 3762 647">
     <span class='ocr_line' id='line_1_32' title="bbox 2175 571 3762 647; baseline -0.008 -14"><span class='ocrx_word' id='word_1_236' title='bbox 2175 581 2380 640; x_wconf 86' lang='lat' dir='ltr'><strong>ﬂrmat,</strong></span> <span class='ocrx_word' id='word_1_237' title='bbox 2410 578 2822 647; x_wconf 81' lang='lat' dir='ltr'><strong>apophtliegma</strong></span> <span class='ocrx_word' id='word_1_238' title='bbox 2858 575 2990 629; x_wconf 94' lang='lat' dir='ltr'><strong>illud</strong></span> <span class='ocrx_word' id='word_1_239' title='bbox 3023 574 3167 628; x_wconf 79' lang='lat' dir='ltr'><strong>forte</strong></span> <span class='ocrx_word' id='word_1_240' title='bbox 3201 572 3270 626; x_wconf 87' lang='lat' dir='ltr'><strong>ab</strong></span> <span class='ocrx_word' id='word_1_241' title='bbox 3293 571 3498 641; x_wconf 83' lang='lat' dir='ltr'><strong>Ignatio</strong></span> <span class='ocrx_word' id='word_1_242' title='bbox 3529 581 3643 622; x_wconf 89' lang='lat' dir='ltr'><strong>non</strong></span> <span class='ocrx_word' id='word_1_243' title='bbox 3674 581 3762 621; x_wconf 88' lang='lat' dir='ltr'><strong>se-</strong></span> 
     </span>
    </p>
   </div>
   <div class='ocr_carea' id='block_1_33' title="bbox 2171 659 3762 736">
    <p class='ocr_par' dir='ltr' id='par_1_33' title="bbox 2171 659 3762 736">
     <span class='ocr_line' id='line_1_33' title="bbox 2171 659 3762 736; baseline -0.009 -13"><span class='ocrx_word' id='word_1_244' title='bbox 2171 669 2278 723; x_wconf 85' lang='lat' dir='ltr'><strong>mel</strong></span> <span class='ocrx_word' id='word_1_245' title='bbox 2307 669 2542 732; x_wconf 91' lang='lat' dir='ltr'><strong>dictum,</strong></span> <span class='ocrx_word' id='word_1_246' title='bbox 2574 683 2752 736; x_wconf 86' lang='lat' dir='ltr'><strong>neque</strong></span> <span class='ocrx_word' id='word_1_247' title='bbox 2779 666 2948 721; x_wconf 87' lang='lat' dir='ltr'><strong>semel</strong></span> <span class='ocrx_word' id='word_1_248' title='bbox 2981 665 3246 734; x_wconf 88' lang='lat' dir='ltr'><strong>scriptum</strong></span> <span class='ocrx_word' id='word_1_249' title='bbox 3284 661 3486 727; x_wconf 88' lang='lat' dir='ltr'><strong>fuisse;</strong></span> <span class='ocrx_word' id='word_1_250' title='bbox 3510 659 3630 716; x_wconf 86' lang='lat' dir='ltr'><strong>sive</strong></span> <span class='ocrx_word' id='word_1_251' title='bbox 3660 659 3762 728; x_wconf 83' lang='lat' dir='ltr'><strong>igi-</strong></span> 
     </span>
    </p>
   </div>
   <div class='ocr_carea' id='block_1_34' title="bbox 2170 751 3760 832">
    <p class='ocr_par' dir='ltr' id='par_1_34' title="bbox 2170 751 3760 832">
     <span class='ocr_line' id='line_1_34' title="bbox 2170 751 3760 832; baseline -0.008 -16"><span class='ocrx_word' id='word_1_252' title='bbox 2170 769 2261 816; x_wconf 92' lang='lat' dir='ltr'><strong>tur</strong></span> <span class='ocrx_word' id='word_1_253' title='bbox 2292 760 2588 832; x_wconf 85' lang='lat' dir='ltr'><strong>Dionysius</strong></span> <span class='ocrx_word' id='word_1_254' title='bbox 2626 761 2830 814; x_wconf 71' lang='lat' dir='ltr'><strong>dimisse</strong></span> <span class='ocrx_word' id='word_1_255' title='bbox 2872 758 2989 815; x_wconf 87' lang='lat' dir='ltr'><strong>sive</strong></span> <span class='ocrx_word' id='word_1_256' title='bbox 3028 755 3303 825; x_wconf 84' lang='lat' dir='ltr'><strong>scripsisse</strong></span> <span class='ocrx_word' id='word_1_257' title='bbox 3336 755 3608 826; x_wconf 80' lang='lat' dir='ltr'><strong>lgnatium</strong></span> <span class='ocrx_word' id='word_1_258' title='bbox 3651 751 3760 804; x_wconf 89' lang='lat' dir='ltr'><strong>ista</strong></span> 
     </span>
    </p>
   </div>
   <div class='ocr_carea' id='block_1_35' title="bbox 2170 842 3761 924">
    <p class='ocr_par' dir='ltr' id='par_1_35' title="bbox 2170 842 3761 924">
     <span class='ocr_line' id='line_1_35' title="bbox 2170 842 3761 924; baseline -0.006 -15"><span class='ocrx_word' id='word_1_259' title='bbox 2170 854 2476 924; x_wconf 85' lang='lat' dir='ltr'><strong>scripserit,</strong></span> <span class='ocrx_word' id='word_1_260' title='bbox 2511 853 2738 923; x_wconf 89' lang='lat' dir='ltr'><strong>perinde</strong></span> <span class='ocrx_word' id='word_1_261' title='bbox 2767 852 2893 907; x_wconf 87' lang='lat' dir='ltr'><strong>erit.</strong></span> <span class='ocrx_word' id='word_1_262' title='bbox 2926 852 3310 906; x_wconf 88' lang='lat' dir='ltr'><strong>Commentum</strong></span> <span class='ocrx_word' id='word_1_263' title='bbox 3342 854 3491 901; x_wconf 89' lang='lat' dir='ltr'><strong>certe</strong></span> <span class='ocrx_word' id='word_1_264' title='bbox 3535 842 3761 899; x_wconf 86' lang='lat' dir='ltr'><strong>Maximi</strong></span> 
     </span>
    </p>
   </div>
   <div class='ocr_carea' id='block_1_36' title="bbox 2171 936 3764 1014">
    <p class='ocr_par' dir='ltr' id='par_1_36' title="bbox 2171 936 3764 1014">
     <span class='ocr_line' id='line_1_36' title="bbox 2171 936 3764 1014; baseline -0.006 -14"><span class='ocrx_word' id='word_1_265' title='bbox 2171 945 2278 1000; x_wconf 85' lang='lat' dir='ltr'><strong>hoc</strong></span> <span class='ocrx_word' id='word_1_266' title='bbox 2307 947 2472 1001; x_wconf 86' lang='lat' dir='ltr'><strong>modo</strong></span> <span class='ocrx_word' id='word_1_267' title='bbox 2504 945 2733 1000; x_wconf 88' lang='lat' dir='ltr'><strong>refutari</strong></span> <span class='ocrx_word' id='word_1_268' title='bbox 2766 960 2875 999; x_wconf 91' lang='lat' dir='ltr'><strong>non</strong></span> <span class='ocrx_word' id='word_1_269' title='bbox 2908 952 3120 1014; x_wconf 83' lang='lat' dir='ltr'><strong>potest;</strong></span> <span class='ocrx_word' id='word_1_270' title='bbox 3153 953 3215 998; x_wconf 92' lang='lat' dir='ltr'><strong>ut</strong></span> <span class='ocrx_word' id='word_1_271' title='bbox 3246 940 3442 996; x_wconf 88' lang='lat' dir='ltr'><strong>frivola</strong></span> <span class='ocrx_word' id='word_1_272' title='bbox 3474 939 3641 1008; x_wconf 78' lang='lat' dir='ltr'><strong>plane</strong></span> <span class='ocrx_word' id='word_1_273' title='bbox 3688 936 3764 990; x_wconf 89' lang='lat' dir='ltr'><strong>sit</strong></span> 
     </span>
    </p>
   </div>
   <div class='ocr_carea' id='block_1_37' title="bbox 2172 1029 3764 1103">
    <p class='ocr_par' dir='ltr' id='par_1_37' title="bbox 2172 1029 3764 1103">
     <span class='ocr_line' id='line_1_37' title="bbox 2172 1029 3764 1103; baseline -0.007 -13"><span class='ocrx_word' id='word_1_274' title='bbox 2172 1035 2290 1090; x_wconf 65' lang='lat' dir='ltr'><strong>haec</strong></span> <span class='ocrx_word' id='word_1_275' title='bbox 2313 1036 2624 1100; x_wconf 81' lang='lat' dir='ltr'><strong>distinctio,</strong></span> <span class='ocrx_word' id='word_1_276' title='bbox 2659 1044 2712 1090; x_wconf 84' lang='lat' dir='ltr'><strong>et</strong></span> <span class='ocrx_word' id='word_1_277' title='bbox 2746 1033 2948 1090; x_wconf 69' lang='lat' dir='ltr'><strong>Dallazo</strong></span> <span class='ocrx_word' id='word_1_278' title='bbox 2974 1033 3214 1103; x_wconf 84' lang='lat' dir='ltr'><strong>indigna.</strong></span> <span class='ocrx_word' id='word_1_279' title='bbox 3251 1033 3374 1102; x_wconf 84' lang='lat' dir='ltr'><strong>Ipse</strong></span> <span class='ocrx_word' id='word_1_280' title='bbox 3401 1029 3549 1085; x_wconf 91' lang='lat' dir='ltr'><strong>enim</strong></span> <span class='ocrx_word' id='word_1_281' title='bbox 3581 1029 3638 1082; x_wconf 91' lang='lat' dir='ltr'><strong>in</strong></span> <span class='ocrx_word' id='word_1_282' title='bbox 3665 1042 3764 1080; x_wconf 82' lang='lat' dir='ltr'><strong>eo—</strong></span> 
     </span>
    </p>
   </div>
   <div class='ocr_carea' id='block_1_38' title="bbox 2169 1124 3760 1196">
    <p class='ocr_par' dir='ltr' id='par_1_38' title="bbox 2169 1124 3760 1196">
     <span class='ocr_line' id='line_1_38' title="bbox 2169 1124 3760 1196; baseline -0.005 -15"><span class='ocrx_word' id='word_1_283' title='bbox 2169 1127 2293 1181; x_wconf 83' lang='lat' dir='ltr'><strong>dem</strong></span> <span class='ocrx_word' id='word_1_284' title='bbox 2337 1142 2502 1196; x_wconf 90' lang='lat' dir='ltr'><strong>opere</strong></span> <span class='ocrx_word' id='word_1_285' title='bbox 2545 1143 2654 1182; x_wconf 91' lang='lat' dir='ltr'><strong>non</strong></span> <span class='ocrx_word' id='word_1_286' title='bbox 2702 1127 2920 1182; x_wconf 87' lang='lat' dir='ltr'><strong>dubitat</strong></span> <span class='ocrx_word' id='word_1_287' title='bbox 2967 1142 3095 1182; x_wconf 88' lang='lat' dir='ltr'><strong>eum</strong></span> <span class='ocrx_word' id='word_1_288' title='bbox 3140 1124 3426 1179; x_wconf 83' lang='lat' dir='ltr'><strong>Albertino</strong></span> <span class='ocrx_word' id='word_1_289' title='bbox 3469 1133 3760 1181; x_wconf 84' lang='lat' dir='ltr'><strong>asserere.</strong></span> 
     </span>
    </p>
   </div>
   <div class='ocr_carea' id='block_1_39' title="bbox 2169 1213 3760 1290">
    <p class='ocr_par' dir='ltr' id='par_1_39' title="bbox 2169 1213 3760 1290">
     <span class='ocr_line' id='line_1_39' title="bbox 2169 1213 3760 1290; baseline -0.005 -17"><span class='ocrx_word' id='word_1_290' title='bbox 2169 1217 2727 1290; x_wconf 80' lang='lat' dir='ltr'><strong>pseudo-Dionysium</strong></span> <span class='ocrx_word' id='word_1_291' title='bbox 2763 1219 2880 1274; x_wconf 64' lang='lat' dir='ltr'><strong>hinc</strong></span> <span class='ocrx_word' id='word_1_292' title='bbox 2919 1219 3035 1289; x_wconf 84' lang='lat' dir='ltr'><strong>ipsa</strong></span> <span class='ocrx_word' id='word_1_293' title='bbox 3067 1220 3139 1274; x_wconf 87' lang='lat' dir='ltr'><strong>ab</strong></span> <span class='ocrx_word' id='word_1_294' title='bbox 3188 1216 3425 1287; x_wconf 79' lang='lat' dir='ltr'><strong>Origene</strong></span> <span class='ocrx_word' id='word_1_295' title='bbox 3456 1213 3713 1268; x_wconf 85' lang='lat' dir='ltr'><strong>hausisse</strong></span> <span class='ocrx_word' id='word_1_296' title='bbox 3744 1229 3760 1276; x_wconf 87' lang='lat'><strong>;</strong></span> 
     </span>
    </p>
   </div>
   <div class='ocr_carea' id='block_1_40' title="bbox 2169 1303 3761 1380">
    <p class='ocr_par' dir='ltr' id='par_1_40' title="bbox 2169 1303 3761 1380">
     <span class='ocr_line' id='line_1_40' title="bbox 2169 1303 3761 1380; baseline -0.006 -16"><span class='ocrx_word' id='word_1_297' title='bbox 2169 1308 2433 1380; x_wconf 75' lang='lat' dir='ltr'><strong>Origenes</strong></span> <span class='ocrx_word' id='word_1_298' title='bbox 2457 1318 2640 1365; x_wconf 86' lang='lat' dir='ltr'><strong>autem</strong></span> <span class='ocrx_word' id='word_1_299' title='bbox 2670 1325 2778 1364; x_wconf 91' lang='lat' dir='ltr'><strong>non</strong></span> <span class='ocrx_word' id='word_1_300' title='bbox 2803 1310 2998 1364; x_wconf 87' lang='lat' dir='ltr'><strong>scribit</strong></span> <span class='ocrx_word' id='word_1_301' title='bbox 3024 1309 3297 1379; x_wconf 87' lang='lat' dir='ltr'><strong>lgnatium</strong></span> <span class='ocrx_word' id='word_1_302' title='bbox 3325 1307 3430 1362; x_wconf 89' lang='lat' dir='ltr'><strong>ista</strong></span> <span class='ocrx_word' id='word_1_303' title='bbox 3455 1303 3761 1372; x_wconf 80' lang='lat' dir='ltr'><strong>scripsisse,</strong></span> 
     </span>
    </p>
   </div>
   <div class='ocr_carea' id='block_1_41' title="bbox 2169 1398 3762 1472">
    <p class='ocr_par' dir='ltr' id='par_1_41' title="bbox 2169 1398 3762 1472">
     <span class='ocr_line' id='line_1_41' title="bbox 2169 1398 3762 1472; baseline -0.006 -15"><span class='ocrx_word' id='word_1_304' title='bbox 2169 1403 2262 1457; x_wconf 87' lang='lat' dir='ltr'><strong>sed</strong></span> <span class='ocrx_word' id='word_1_305' title='bbox 2287 1403 2490 1458; x_wconf 76' lang='lat' dir='ltr'><strong>dixisse</strong></span> <span class='ocrx_word' id='word_1_306' title='bbox 2521 1412 2756 1458; x_wconf 90' lang='lat' dir='ltr'><strong>tantum.</strong></span> <span class='ocrx_word' id='word_1_307' title='bbox 2791 1402 2970 1457; x_wconf 86' lang='lat' dir='ltr'><strong>Verba</strong></span> <span class='ocrx_word' id='word_1_308' title='bbox 3008 1402 3129 1472; x_wconf 75' lang='lat' dir='ltr'><strong>eius</strong></span> <span class='ocrx_word' id='word_1_309' title='bbox 3163 1411 3296 1456; x_wconf 92' lang='lat' dir='ltr'><strong>sunt</strong></span> <span class='ocrx_word' id='word_1_310' title='bbox 3324 1417 3339 1454; x_wconf 92' lang='lat'>:</span> <span class='ocrx_word' id='word_1_311' title='bbox 3388 1398 3621 1466; x_wconf 85' lang='lat' dir='ltr'><strong>Denique</strong></span> <span class='ocrx_word' id='word_1_312' title='bbox 3651 1411 3762 1448; x_wconf 82' lang='lat' dir='ltr'><strong>n-e-</strong></span> 
     </span>
    </p>
   </div>
   <div class='ocr_carea' id='block_1_42' title="bbox 2169 1489 3766 1566">
    <p class='ocr_par' dir='ltr' id='par_1_42' title="bbox 2169 1489 3766 1566">
     <span class='ocr_line' id='line_1_42' title="bbox 2169 1489 3766 1566; baseline -0.006 -17"><span class='ocrx_word' id='word_1_313' title='bbox 2169 1495 2420 1549; x_wconf 87' lang='lat' dir='ltr'><strong>mininms</strong></span> <span class='ocrx_word' id='word_1_314' title='bbox 2461 1494 2692 1566; x_wconf 86' lang='lat' dir='ltr'><strong>aliquem</strong></span> <span class='ocrx_word' id='word_1_315' title='bbox 2721 1505 3028 1548; x_wconf 90' lang='lat' dir='ltr'><strong>sanctorum</strong></span> <span class='ocrx_word' id='word_1_316' title='bbox 3072 1493 3293 1555; x_wconf 73' lang='lat' dir='ltr'><strong>dixisse,</strong></span> <span class='ocrx_word' id='word_1_317' title='bbox 3334 1489 3611 1561; x_wconf 82' lang='lat' dir='ltr'><strong>Ignatium</strong></span> <span class='ocrx_word' id='word_1_318' title='bbox 3661 1503 3766 1540; x_wconf 88' lang='lat' dir='ltr'><strong>no-</strong></span> 
     </span>
    </p>
   </div>
   <div class='ocr_carea' id='block_1_43' title="bbox 2169 1583 3759 1653">
    <p class='ocr_par' dir='ltr' id='par_1_43' title="bbox 2169 1583 3759 1653">
     <span class='ocr_line' id='line_1_43' title="bbox 2169 1583 3759 1653; baseline -0.005 -13"><span class='ocrx_word' id='word_1_319' title='bbox 2169 1589 2331 1653; x_wconf 88' lang='lat' dir='ltr'><strong>mine,</strong></span> <span class='ocrx_word' id='word_1_320' title='bbox 2363 1589 2428 1642; x_wconf 89' lang='lat' dir='ltr'><strong>de</strong></span> <span class='ocrx_word' id='word_1_321' title='bbox 2453 1586 2688 1652; x_wconf 83' lang='lat' dir='ltr'><strong>Christo,</strong></span> <span class='ocrx_word' id='word_1_322' title='bbox 2716 1606 2734 1639; x_wconf 77' lang='lat' dir='ltr'><strong>t</strong></span> <span class='ocrx_word' id='word_1_323' title='bbox 2756 1586 2906 1642; x_wconf 73' lang='lat' dir='ltr'><strong>Meus</strong></span> <span class='ocrx_word' id='word_1_324' title='bbox 2931 1597 3109 1641; x_wconf 89' lang='lat' dir='ltr'><strong>autem</strong></span> <span class='ocrx_word' id='word_1_325' title='bbox 3127 1602 3278 1639; x_wconf 90' lang='lat' dir='ltr'><strong>amor</strong></span> <span class='ocrx_word' id='word_1_326' title='bbox 3305 1583 3595 1651; x_wconf 75' lang='lat' dir='ltr'><strong>cruciﬁxus</strong></span> <span class='ocrx_word' id='word_1_327' title='bbox 3615 1591 3716 1634; x_wconf 89' lang='lat' dir='ltr'><strong>est.</strong></span> <span class='ocrx_word' id='word_1_328' title='bbox 3736 1599 3759 1631; x_wconf 78' lang='grc' dir='ltr'><strong><em>ι</em></strong></span> 
     </span>
    </p>
   </div>
   <div class='ocr_carea' id='block_1_44' title="bbox 2170 1674 3765 1753">
    <p class='ocr_par' dir='ltr' id='par_1_44' title="bbox 2170 1674 3765 1753">
     <span class='ocr_line' id='line_1_44' title="bbox 2170 1674 3765 1753; baseline -0.006 -17"><span class='ocrx_word' id='word_1_329' title='bbox 2170 1681 2385 1736; x_wconf 75' lang='lat' dir='ltr'><strong>Dixisse</strong></span> <span class='ocrx_word' id='word_1_330' title='bbox 2450 1681 2617 1753; x_wconf 83' lang='lat' dir='ltr'><strong>igitur</strong></span> <span class='ocrx_word' id='word_1_331' title='bbox 2657 1689 2713 1736; x_wconf 90' lang='lat' dir='ltr'><strong>et</strong></span> <span class='ocrx_word' id='word_1_332' title='bbox 2771 1682 3048 1748; x_wconf 86' lang='lat' dir='ltr'><strong>scripsisse</strong></span> <span class='ocrx_word' id='word_1_333' title='bbox 3091 1681 3144 1734; x_wconf 93' lang='lat' dir='ltr'><strong>in</strong></span> <span class='ocrx_word' id='word_1_334' title='bbox 3191 1680 3295 1734; x_wconf 90' lang='lat' dir='ltr'><strong>hoc</strong></span> <span class='ocrx_word' id='word_1_335' title='bbox 3331 1677 3549 1746; x_wconf 83' lang='lat' dir='ltr'><strong>negotio</strong></span> <span class='ocrx_word' id='word_1_336' title='bbox 3595 1674 3765 1745; x_wconf 83' lang='lat' dir='ltr'><strong>plane</strong></span> 
     </span>
    </p>
   </div>
   <div class='ocr_carea' id='block_1_45' title="bbox 2171 1771 3761 1845">
    <p class='ocr_par' dir='ltr' id='par_1_45' title="bbox 2171 1771 3761 1845">
     <span class='ocr_line' id='line_1_45' title="bbox 2171 1771 3761 1845; baseline -0.003 -18"><span class='ocrx_word' id='word_1_337' title='bbox 2171 1774 2351 1843; x_wconf 78' lang='lat' dir='ltr'><strong>idem;</strong></span> <span class='ocrx_word' id='word_1_338' title='bbox 2383 1789 2562 1845; x_wconf 84' lang='lat' dir='ltr'><strong>neque</strong></span> <span class='ocrx_word' id='word_1_339' title='bbox 2591 1785 2688 1828; x_wconf 90' lang='lat' dir='ltr'><strong>aut</strong></span> <span class='ocrx_word' id='word_1_340' title='bbox 2713 1773 2819 1829; x_wconf 91' lang='lat' dir='ltr'><strong>hoc</strong></span> <span class='ocrx_word' id='word_1_341' title='bbox 2848 1784 2940 1828; x_wconf 87' lang='lat' dir='ltr'><strong>aut</strong></span> <span class='ocrx_word' id='word_1_342' title='bbox 2970 1773 3100 1828; x_wconf 87' lang='lat' dir='ltr'><strong>illud</strong></span> <span class='ocrx_word' id='word_1_343' title='bbox 3133 1771 3354 1826; x_wconf 84' lang='lat' dir='ltr'><strong>Maximi</strong></span> <span class='ocrx_word' id='word_1_344' title='bbox 3379 1778 3761 1825; x_wconf 84' lang='lat' dir='ltr'><strong>commentum</strong></span> 
     </span>
    </p>
   </div>
   <div class='ocr_carea' id='block_1_46' title="bbox 2097 1845 3763 1936">
    <p class='ocr_par' dir='ltr' id='par_1_46' title="bbox 2097 1845 3763 1936">
     <span class='ocr_line' id='line_1_46' title="bbox 2097 1845 3763 1936; baseline -0.004 -16"><span class='ocrx_word' id='word_1_345' title='bbox 2097 1845 2140 1901; x_wconf 78' lang='grc' dir='ltr'><strong>Β</strong></span> <span class='ocrx_word' id='word_1_346' title='bbox 2169 1867 2252 1922; x_wconf 85' lang='lat' dir='ltr'><strong>vel</strong></span> <span class='ocrx_word' id='word_1_347' title='bbox 2277 1867 2454 1936; x_wconf 89' lang='lat' dir='ltr'><strong>juvat,</strong></span> <span class='ocrx_word' id='word_1_348' title='bbox 2497 1867 2580 1921; x_wconf 77' lang='lat' dir='ltr'><strong>vel</strong></span> <span class='ocrx_word' id='word_1_349' title='bbox 2605 1867 2772 1920; x_wconf 67' lang='lat' dir='ltr'><strong>ltedit.</strong></span> <span class='ocrx_word' id='word_1_350' title='bbox 2803 1866 3021 1923; x_wconf 82' lang='lat' dir='ltr'><strong>Omissa</strong></span> <span class='ocrx_word' id='word_1_351' title='bbox 3053 1865 3215 1936; x_wconf 90' lang='lat' dir='ltr'><strong>plane</strong></span> <span class='ocrx_word' id='word_1_352' title='bbox 3247 1864 3347 1917; x_wconf 89' lang='lat' dir='ltr'><strong>hac</strong></span> <span class='ocrx_word' id='word_1_353' title='bbox 3386 1861 3536 1916; x_wconf 92' lang='lat' dir='ltr'><strong>inani</strong></span> <span class='ocrx_word' id='word_1_354' title='bbox 3557 1861 3763 1916; x_wconf 86' lang='lat' dir='ltr'><strong>distin—</strong></span> 
     </span>
    </p>
   </div>
   <div class='ocr_carea' id='block_1_47' title="bbox 2166 1954 3761 2027">
    <p class='ocr_par' dir='ltr' id='par_1_47' title="bbox 2166 1954 3761 2027">
     <span class='ocr_line' id='line_1_47' title="bbox 2166 1954 3761 2027; baseline -0.004 -14"><span class='ocrx_word' id='word_1_355' title='bbox 2166 1959 2372 2022; x_wconf 85' lang='lat' dir='ltr'><strong>ctione,</strong></span> <span class='ocrx_word' id='word_1_356' title='bbox 2402 1966 2498 2012; x_wconf 88' lang='lat' dir='ltr'><strong>aut</strong></span> <span class='ocrx_word' id='word_1_357' title='bbox 2520 1957 2674 2025; x_wconf 91' lang='lat' dir='ltr'><strong>illud,</strong></span> <span class='ocrx_word' id='word_1_358' title='bbox 2706 1968 2802 2012; x_wconf 87' lang='lat' dir='ltr'><strong>aut</strong></span> <span class='ocrx_word' id='word_1_359' title='bbox 2839 1958 2974 2012; x_wconf 90' lang='lat' dir='ltr'><strong>nihil</strong></span> <span class='ocrx_word' id='word_1_360' title='bbox 3001 1997 3017 2022; x_wconf 92' lang='lat'><strong>,</strong></span> <span class='ocrx_word' id='word_1_361' title='bbox 3046 1956 3192 2027; x_wconf 84' lang='lat' dir='ltr'><strong>quod</strong></span> <span class='ocrx_word' id='word_1_362' title='bbox 3225 1955 3470 2024; x_wconf 87' lang='lat' dir='ltr'><strong>apposite</strong></span> <span class='ocrx_word' id='word_1_363' title='bbox 3498 1954 3761 2009; x_wconf 81' lang='lat' dir='ltr'><strong>observat</strong></span> 
     </span>
    </p>
   </div>
   <div class='ocr_carea' id='block_1_48' title="bbox 2169 2049 3761 2124">
    <p class='ocr_par' dir='ltr' id='par_1_48' title="bbox 2169 2049 3761 2124">
     <span class='ocr_line' id='line_1_48' title="bbox 2169 2049 3761 2124; baseline -0.005 -14"><span class='ocrx_word' id='word_1_364' title='bbox 2169 2055 2423 2120; x_wconf 72' lang='lat' dir='ltr'><strong>Itallzeus,</strong></span> <span class='ocrx_word' id='word_1_365' title='bbox 2449 2054 2746 2110; x_wconf 79' lang='lat' dir='ltr'><strong>Maximum</strong></span> <span class='ocrx_word' id='word_1_366' title='bbox 2767 2055 3003 2124; x_wconf 81' lang='lat' dir='ltr'><strong>jugulat.</strong></span> <span class='ocrx_word' id='word_1_367' title='bbox 3045 2051 3180 2118; x_wconf 77' lang='lat' dir='ltr'><strong>Qua:</strong></span> <span class='ocrx_word' id='word_1_368' title='bbox 3205 2050 3358 2116; x_wconf 88' lang='lat' dir='ltr'><strong>citat,</strong></span> <span class='ocrx_word' id='word_1_369' title='bbox 3386 2067 3506 2103; x_wconf 88' lang='lat' dir='ltr'><strong>cum</strong></span> <span class='ocrx_word' id='word_1_370' title='bbox 3534 2049 3761 2102; x_wconf 78' lang='lat' dir='ltr'><strong>totidem</strong></span> 
     </span>
    </p>
   </div>
   <div class='ocr_carea' id='block_1_49' title="bbox 2165 2142 3754 2217">
    <p class='ocr_par' dir='ltr' id='par_1_49' title="bbox 2165 2142 3754 2217">
     <span class='ocr_line' id='line_1_49' title="bbox 2165 2142 3754 2217; baseline -0.006 -16"><span class='ocrx_word' id='word_1_371' title='bbox 2165 2147 2336 2202; x_wconf 76' lang='lat' dir='ltr'><strong>verbis</strong></span> <span class='ocrx_word' id='word_1_372' title='bbox 2372 2148 2428 2200; x_wconf 90' lang='lat' dir='ltr'><strong>in</strong></span> <span class='ocrx_word' id='word_1_373' title='bbox 2461 2145 2684 2217; x_wconf 84' lang='lat' dir='ltr'><strong>epistola</strong></span> <span class='ocrx_word' id='word_1_374' title='bbox 2731 2146 2801 2200; x_wconf 87' lang='lat' dir='ltr'><strong>ad</strong></span> <span class='ocrx_word' id='word_1_375' title='bbox 2841 2145 3104 2200; x_wconf 83' lang='lat' dir='ltr'><strong>Romanos</strong></span> <span class='ocrx_word' id='word_1_376' title='bbox 3146 2142 3437 2213; x_wconf 85' lang='lat' dir='ltr'><strong>Ignatiana</strong></span> <span class='ocrx_word' id='word_1_377' title='bbox 3482 2142 3754 2211; x_wconf 65' lang='lat' dir='ltr'><strong>legantur,</strong></span> 
     </span>
    </p>
   </div>
   <div class='ocr_carea' id='block_1_50' title="bbox 2167 2233 3760 2309">
    <p class='ocr_par' dir='ltr' id='par_1_50' title="bbox 2167 2233 3760 2309">
     <span class='ocr_line' id='line_1_50' title="bbox 2167 2233 3760 2309; baseline -0.006 -15"><span class='ocrx_word' id='word_1_378' title='bbox 2167 2239 2418 2308; x_wconf 85' lang='lat' dir='ltr'><strong>frivolum</strong></span> <span class='ocrx_word' id='word_1_379' title='bbox 2443 2250 2494 2294; x_wconf 91' lang='lat' dir='ltr'><strong>et</strong></span> <span class='ocrx_word' id='word_1_380' title='bbox 2520 2239 2756 2309; x_wconf 90' lang='lat' dir='ltr'><strong>ineptum</strong></span> <span class='ocrx_word' id='word_1_381' title='bbox 2779 2247 2879 2303; x_wconf 91' lang='lat' dir='ltr'><strong>est,</strong></span> <span class='ocrx_word' id='word_1_382' title='bbox 2908 2255 2970 2292; x_wconf 89' lang='lat' dir='ltr'><strong>ea</strong></span> <span class='ocrx_word' id='word_1_383' title='bbox 2992 2237 3212 2291; x_wconf 76' lang='lat' dir='ltr'><strong>aliunde</strong></span> <span class='ocrx_word' id='word_1_384' title='bbox 3239 2249 3393 2299; x_wconf 84' lang='lat' dir='ltr'><strong>quam</strong></span> <span class='ocrx_word' id='word_1_385' title='bbox 3415 2249 3481 2287; x_wconf 79' lang='lat' dir='ltr'><strong>ea:</strong></span> <span class='ocrx_word' id='word_1_386' title='bbox 3511 2234 3612 2286; x_wconf 90' lang='lat' dir='ltr'><strong>hac</strong></span> <span class='ocrx_word' id='word_1_387' title='bbox 3636 2233 3760 2301; x_wconf 89' lang='lat' dir='ltr'><strong>ipsa</strong></span> 
     </span>
    </p>
   </div>
   <div class='ocr_carea' id='block_1_51' title="bbox 2165 2329 3032 2403">
    <p class='ocr_par' dir='ltr' id='par_1_51' title="bbox 2165 2329 3032 2403">
     <span class='ocr_line' id='line_1_51' title="bbox 2165 2329 3032 2403; baseline -0.005 -15"><span class='ocrx_word' id='word_1_388' title='bbox 2165 2333 2392 2403; x_wconf 85' lang='lat' dir='ltr'><strong>epistola</strong></span> <span class='ocrx_word' id='word_1_389' title='bbox 2424 2335 2594 2386; x_wconf 89' lang='lat' dir='ltr'><strong>citata</strong></span> <span class='ocrx_word' id='word_1_390' title='bbox 2615 2348 2726 2386; x_wconf 88' lang='lat' dir='ltr'><strong>esse</strong></span> <span class='ocrx_word' id='word_1_391' title='bbox 2747 2329 3032 2384; x_wconf 87' lang='lat' dir='ltr'><strong>hariolari.</strong></span> 
     </span>
    </p>
   </div>
   <div class='ocr_carea' id='block_1_52' title="bbox 2239 2419 3751 2489">
    <p class='ocr_par' dir='ltr' id='par_1_52' title="bbox 2239 2419 3751 2489">
     <span class='ocr_line' id='line_1_52' title="bbox 2239 2419 3751 2489; baseline -0.007 -8"><span class='ocrx_word' id='word_1_392' title='bbox 2239 2425 2495 2481; x_wconf 87' lang='lat' dir='ltr'><strong>Secundo</strong></span> <span class='ocrx_word' id='word_1_393' title='bbox 2519 2465 2536 2489; x_wconf 87' lang='lat'><strong>,</strong></span> <span class='ocrx_word' id='word_1_394' title='bbox 2569 2423 2844 2479; x_wconf 80' lang='lat' dir='ltr'><strong>Maximus</strong></span> <span class='ocrx_word' id='word_1_395' title='bbox 2877 2431 2939 2477; x_wconf 88' lang='lat' dir='ltr'><strong>ut</strong></span> <span class='ocrx_word' id='word_1_396' title='bbox 2972 2421 3225 2477; x_wconf 89' lang='lat' dir='ltr'><strong>ostendat</strong></span> <span class='ocrx_word' id='word_1_397' title='bbox 3270 2419 3402 2474; x_wconf 90' lang='lat' dir='ltr'><strong>illud</strong></span> <span class='ocrx_word' id='word_1_398' title='bbox 3449 2433 3573 2474; x_wconf 88' lang='lat' dir='ltr'><strong>esse</strong></span> <span class='ocrx_word' id='word_1_399' title='bbox 3621 2432 3751 2487; x_wconf 87' lang='lat' dir='ltr'><strong>apo-</strong></span> 
     </span>
    </p>
   </div>
   <div class='ocr_carea' id='block_1_53' title="bbox 2167 2510 3761 2589">
    <p class='ocr_par' dir='ltr' id='par_1_53' title="bbox 2167 2510 3761 2589">
     <span class='ocr_line' id='line_1_53' title="bbox 2167 2510 3761 2589; baseline -0.006 -17"><span class='ocrx_word' id='word_1_400' title='bbox 2167 2518 2460 2588; x_wconf 85' lang='lat' dir='ltr'><strong>phthegma</strong></span> <span class='ocrx_word' id='word_1_401' title='bbox 2477 2518 2690 2589; x_wconf 79' lang='lat' dir='ltr'><strong>lgnatio</strong></span> <span class='ocrx_word' id='word_1_402' title='bbox 2714 2526 2827 2571; x_wconf 91' lang='lat' dir='ltr'><strong>tum</strong></span> <span class='ocrx_word' id='word_1_403' title='bbox 2859 2516 2982 2570; x_wconf 86' lang='lat' dir='ltr'><strong>viva</strong></span> <span class='ocrx_word' id='word_1_404' title='bbox 3011 2531 3142 2569; x_wconf 76' lang='lat' dir='ltr'><strong>voce</strong></span> <span class='ocrx_word' id='word_1_405' title='bbox 3178 2523 3291 2567; x_wconf 91' lang='lat' dir='ltr'><strong>tum</strong></span> <span class='ocrx_word' id='word_1_406' title='bbox 3317 2512 3526 2581; x_wconf 90' lang='lat' dir='ltr'><strong>scripto</strong></span> <span class='ocrx_word' id='word_1_407' title='bbox 3552 2510 3761 2580; x_wconf 66' lang='lat' dir='ltr'><strong>sacpius</strong></span> 
     </span>
    </p>
   </div>
   <div class='ocr_carea' id='block_1_54' title="bbox 2170 2603 3763 2679">
    <p class='ocr_par' dir='ltr' id='par_1_54' title="bbox 2170 2603 3763 2679">
     <span class='ocr_line' id='line_1_54' title="bbox 2170 2603 3763 2679; baseline -0.007 -15"><span class='ocrx_word' id='word_1_408' title='bbox 2170 2619 2516 2679; x_wconf 89' lang='lat' dir='ltr'><strong>usurpatum,</strong></span> <span class='ocrx_word' id='word_1_409' title='bbox 2548 2609 2728 2679; x_wconf 88' lang='lat' dir='ltr'><strong>inquit</strong></span> <span class='ocrx_word' id='word_1_410' title='bbox 2775 2625 2788 2661; x_wconf 95' lang='lat'>:</span> <span class='ocrx_word' id='word_1_411' title='bbox 2840 2608 3152 2679; x_wconf 85' lang='grc' dir='ltr'><strong>Τεκμήριον</strong></span> <span class='ocrx_word' id='word_1_412' title='bbox 3183 2605 3259 2667; x_wconf 80' lang='grc' dir='ltr'><strong>δὲ,</strong></span> <span class='ocrx_word' id='word_1_413' title='bbox 3293 2603 3355 2658; x_wconf 77' lang='grc' dir='ltr'>τὸ</span> <span class='ocrx_word' id='word_1_414' title='bbox 3389 2603 3464 2675; x_wconf 79' lang='grc' dir='ltr'><strong>μὴ</strong></span> <span class='ocrx_word' id='word_1_415' title='bbox 3497 2604 3763 2672; x_wconf 75' lang='grc' dir='ltr'><strong>προσκεί-</strong></span> 
     </span>
    </p>
   </div>
   <div class='ocr_carea' id='block_1_55' title="bbox 2167 2693 3758 2770">
    <p class='ocr_par' dir='ltr' id='par_1_55' title="bbox 2167 2693 3758 2770">
     <span class='ocr_line' id='line_1_55' title="bbox 2167 2693 3758 2770; baseline -0.005 -16"><span class='ocrx_word' id='word_1_416' title='bbox 2167 2701 2312 2765; x_wconf 82' lang='grc' dir='ltr'>σθαι,</span> <span class='ocrx_word' id='word_1_417' title='bbox 2334 2698 2543 2770; x_wconf 63' lang='grc' dir='ltr'><strong>γράφει</strong></span> <span class='ocrx_word' id='word_1_418' title='bbox 2561 2698 2633 2754; x_wconf 81' lang='grc' dir='ltr'><strong>δέ</strong></span> <span class='ocrx_word' id='word_1_419' title='bbox 2647 2715 2787 2766; x_wconf 84' lang='grc' dir='ltr'><strong>τισι,</strong></span> <span class='ocrx_word' id='word_1_420' title='bbox 2810 2699 3054 2753; x_wconf 77' lang='grc' dir='ltr'><strong>τουτέστι</strong></span> <span class='ocrx_word' id='word_1_421' title='bbox 3069 2697 3380 2768; x_wconf 79' lang='grc' dir='ltr'><strong>Ῥωμαίοις·</strong></span> <span class='ocrx_word' id='word_1_422' title='bbox 3405 2695 3518 2749; x_wconf 80' lang='grc' dir='ltr'>ἀλλ’</span> <span class='ocrx_word' id='word_1_423' title='bbox 3538 2693 3758 2758; x_wconf 75' lang='grc' dir='ltr'>ἁπλῶς,</span> 
     </span>
    </p>
   </div>
   <div class='ocr_carea' id='block_1_56' title="bbox 2163 2790 3760 2862">
    <p class='ocr_par' dir='ltr' id='par_1_56' title="bbox 2163 2790 3760 2862">
     <span class='ocr_line' id='line_1_56' title="bbox 2163 2790 3760 2862; baseline -0.004 -16"><span class='ocrx_word' id='word_1_424' title='bbox 2163 2791 2389 2862; x_wconf 72' lang='grc' dir='ltr'><strong>Γράφει</strong></span> <span class='ocrx_word' id='word_1_425' title='bbox 2415 2791 2484 2845; x_wconf 80' lang='grc' dir='ltr'><em>δὲ</em></span> <span class='ocrx_word' id='word_1_426' title='bbox 2511 2794 2545 2846; x_wconf 83' lang='grc' dir='ltr'><em>ὁ</em></span> <span class='ocrx_word' id='word_1_427' title='bbox 2568 2791 2724 2859; x_wconf 83' lang='grc' dir='ltr'><strong>θεῖος</strong></span> <span class='ocrx_word' id='word_1_428' title='bbox 2766 2790 3072 2862; x_wconf 79' lang='grc' dir='ltr'><strong>Ἰγνάτιος.</strong></span> <span class='ocrx_word' id='word_1_429' title='bbox 3097 2792 3418 2861; x_wconf 78' lang='lat' dir='ltr'><strong>Argumento</strong></span> <span class='ocrx_word' id='word_1_430' title='bbox 3442 2799 3622 2843; x_wconf 82' lang='lat' dir='ltr'><strong>autem</strong></span> <span class='ocrx_word' id='word_1_431' title='bbox 3651 2799 3760 2850; x_wconf 90' lang='lat' dir='ltr'><strong>est,</strong></span> 
     </span>
    </p>
   </div>
   <div class='ocr_carea' id='block_1_57' title="bbox 2165 2881 3758 2956">
    <p class='ocr_par' dir='ltr' id='par_1_57' title="bbox 2165 2881 3758 2956">
     <span class='ocr_line' id='line_1_57' title="bbox 2165 2881 3758 2956; baseline -0.004 -16"><span class='ocrx_word' id='word_1_432' title='bbox 2165 2887 2234 2940; x_wconf 92' lang='lat' dir='ltr'><strong>de</strong></span> <span class='ocrx_word' id='word_1_433' title='bbox 2261 2884 2724 2956; x_wconf 87' lang='lat' dir='ltr'><strong>apophthegmate</strong></span> <span class='ocrx_word' id='word_1_434' title='bbox 2751 2883 2941 2953; x_wconf 86' lang='lat' dir='ltr'><strong>lgnatii</strong></span> <span class='ocrx_word' id='word_1_435' title='bbox 2979 2885 3218 2938; x_wconf 88' lang='lat' dir='ltr'><strong>locutum</strong></span> <span class='ocrx_word' id='word_1_436' title='bbox 3249 2899 3372 2939; x_wconf 91' lang='lat' dir='ltr'><strong>esse</strong></span> <span class='ocrx_word' id='word_1_437' title='bbox 3405 2881 3758 2953; x_wconf 84' lang='lat' dir='ltr'><strong>Dionysium,</strong></span> 
     </span>
    </p>
   </div>
   <div class='ocr_carea' id='block_1_58' title="bbox 2165 2973 3755 3046">
    <p class='ocr_par' dir='ltr' id='par_1_58' title="bbox 2165 2973 3755 3046">
     <span class='ocr_line' id='line_1_58' title="bbox 2165 2973 3755 3046; baseline -0.003 -18"><span class='ocrx_word' id='word_1_438' title='bbox 2165 2975 2306 3046; x_wconf 89' lang='lat' dir='ltr'><strong>quod</strong></span> <span class='ocrx_word' id='word_1_439' title='bbox 2331 2991 2435 3029; x_wconf 89' lang='lat' dir='ltr'><strong>non</strong></span> <span class='ocrx_word' id='word_1_440' title='bbox 2458 2975 2725 3045; x_wconf 90' lang='lat' dir='ltr'><strong>adjectum</strong></span> <span class='ocrx_word' id='word_1_441' title='bbox 2756 2977 2848 3039; x_wconf 90' lang='lat' dir='ltr'><strong>sit,</strong></span> <span class='ocrx_word' id='word_1_442' title='bbox 2881 2993 2900 3026; x_wconf 72' lang='grc' dir='ltr'>ι</span> <span class='ocrx_word' id='word_1_443' title='bbox 2924 2973 3121 3030; x_wconf 89' lang='lat' dir='ltr'><strong>Scribit</strong></span> <span class='ocrx_word' id='word_1_444' title='bbox 3149 2984 3324 3028; x_wconf 88' lang='lat' dir='ltr'><strong>autem</strong></span> <span class='ocrx_word' id='word_1_445' title='bbox 3355 2973 3706 3044; x_wconf 85' lang='lat' dir='ltr'><strong>quibusdam,</strong></span> <span class='ocrx_word' id='word_1_446' title='bbox 3737 2993 3755 3024; x_wconf 74' lang='grc' dir='ltr'><strong><em>ι</em></strong></span> 
     </span>
    </p>
   </div>
   <div class='ocr_carea' id='block_1_59' title="bbox 2165 3065 3759 3137">
    <p class='ocr_par' dir='ltr' id='par_1_59' title="bbox 2165 3065 3759 3137">
     <span class='ocr_line' id='line_1_59' title="bbox 2165 3065 3759 3137; baseline -0.003 -16"><span class='ocrx_word' id='word_1_447' title='bbox 2165 3065 2368 3121; x_wconf 88' lang='lat' dir='ltr'><strong>scilicet</strong></span> <span class='ocrx_word' id='word_1_448' title='bbox 2386 3066 2765 3134; x_wconf 83' lang='lat' dir='ltr'><strong>Romanis,sed</strong></span> <span class='ocrx_word' id='word_1_449' title='bbox 2783 3065 3118 3137; x_wconf 87' lang='lat' dir='ltr'><strong>simpliciter,</strong></span> <span class='ocrx_word' id='word_1_450' title='bbox 3147 3086 3166 3118; x_wconf 77' lang='grc' dir='ltr'><strong><em>ι</em></strong></span> <span class='ocrx_word' id='word_1_451' title='bbox 3195 3065 3397 3122; x_wconf 89' lang='lat' dir='ltr'><strong>Scribit</strong></span> <span class='ocrx_word' id='word_1_452' title='bbox 3421 3075 3596 3119; x_wconf 82' lang='lat' dir='ltr'><strong>autent</strong></span> <span class='ocrx_word' id='word_1_453' title='bbox 3612 3065 3759 3120; x_wconf 84' lang='lat' dir='ltr'><strong>dit-i-</strong></span> 
     </span>
    </p>
   </div>
   <div class='ocr_carea' id='block_1_60' title="bbox 477 3153 3760 3256">
    <p class='ocr_par' dir='ltr' id='par_1_60' title="bbox 477 3153 3760 3256">
     <span class='ocr_line' id='line_1_60' title="bbox 477 3153 3760 3256; baseline -0.001 -47"><span class='ocrx_word' id='word_1_454' title='bbox 477 3157 648 3228; x_wconf 82' lang='lat' dir='ltr'><strong>gitam</strong></span> <span class='ocrx_word' id='word_1_455' title='bbox 677 3156 783 3211; x_wconf 90' lang='lat' dir='ltr'><strong>sub</strong></span> <span class='ocrx_word' id='word_1_456' title='bbox 809 3153 1122 3212; x_wconf 89' lang='lat' dir='ltr'><strong>Domitiano</strong></span> <span class='ocrx_word' id='word_1_457' title='bbox 1153 3163 1434 3209; x_wconf 90' lang='lat' dir='ltr'><strong>mortuum</strong></span> <span class='ocrx_word' id='word_1_458' title='bbox 1465 3153 1641 3210; x_wconf 88' lang='lat' dir='ltr'><strong>fuisse</strong></span> <span class='ocrx_word' id='word_1_459' title='bbox 1685 3153 1848 3210; x_wconf 89' lang='lat' dir='ltr'><strong>iidem</strong></span> <span class='ocrx_word' id='word_1_460' title='bbox 1899 3162 2061 3224; x_wconf 88' lang='lat' dir='ltr'><strong>puta-</strong></span> <span class='ocrx_word' id='word_1_461' title='bbox 2090 3195 2136 3256; x_wconf 61' lang='grc' dir='ltr'>ε</span> <span class='ocrx_word' id='word_1_462' title='bbox 2169 3173 2266 3211; x_wconf 86' lang='lat' dir='ltr'><strong>nus</strong></span> <span class='ocrx_word' id='word_1_463' title='bbox 2293 3156 2597 3229; x_wconf 64' lang='lat' dir='ltr'><strong>Ignatius.»</strong></span> <span class='ocrx_word' id='word_1_464' title='bbox 2624 3159 2704 3212; x_wconf 82' lang='lat' dir='ltr'><strong>Ad</strong></span> <span class='ocrx_word' id='word_1_465' title='bbox 2737 3158 2854 3214; x_wconf 79' lang='lat' dir='ltr'><strong>haec</strong></span> <span class='ocrx_word' id='word_1_466' title='bbox 2883 3158 3116 3214; x_wconf 75' lang='lat' dir='ltr'><strong>Dallteus</strong></span> <span class='ocrx_word' id='word_1_467' title='bbox 3145 3175 3159 3210; x_wconf 91' lang='lat'><strong>:</strong></span> <span class='ocrx_word' id='word_1_468' title='bbox 3184 3158 3338 3223; x_wconf 86' lang='lat' dir='ltr'><strong>Quod</strong></span> <span class='ocrx_word' id='word_1_469' title='bbox 3368 3166 3554 3211; x_wconf 89' lang='lat' dir='ltr'><strong>contra</strong></span> <span class='ocrx_word' id='word_1_470' title='bbox 3594 3156 3760 3224; x_wconf 69' lang='lat' dir='ltr'><strong>affert</strong></span> 
     </span>
    </p>
   </div>
   <div class='ocr_carea' id='block_1_61' title="bbox 476 3245 2060 3318">
    <p class='ocr_par' dir='ltr' id='par_1_61' title="bbox 476 3245 2060 3318">
     <span class='ocr_line' id='line_1_61' title="bbox 476 3245 2060 3318; baseline -0.002 -15"><span class='ocrx_word' id='word_1_471' title='bbox 476 3256 626 3303; x_wconf 87' lang='lat' dir='ltr'><strong>runt.</strong></span> <span class='ocrx_word' id='word_1_472' title='bbox 680 3247 812 3302; x_wconf 87' lang='lat' dir='ltr'><strong>lnde</strong></span> <span class='ocrx_word' id='word_1_473' title='bbox 854 3247 1258 3304; x_wconf 89' lang='lat' dir='ltr'><strong>validissimum</strong></span> <span class='ocrx_word' id='word_1_474' title='bbox 1311 3245 1623 3302; x_wconf 87' lang='lat' dir='ltr'><strong>confectum</strong></span> <span class='ocrx_word' id='word_1_475' title='bbox 1674 3255 2060 3318; x_wconf 74' lang='lat' dir='ltr'><strong>argumentum</strong></span> 
     </span>
    </p>
   </div>
   <div class='ocr_carea' id='block_1_62' title="bbox 473 3339 2065 3412">
    <p class='ocr_par' dir='ltr' id='par_1_62' title="bbox 473 3339 2065 3412">
     <span class='ocr_line' id='line_1_62' title="bbox 473 3339 2065 3412; baseline -0.002 -14"><span class='ocrx_word' id='word_1_476' title='bbox 473 3351 591 3409; x_wconf 90' lang='lat' dir='ltr'><strong>est,</strong></span> <span class='ocrx_word' id='word_1_477' title='bbox 635 3356 829 3397; x_wconf 90' lang='lat' dir='ltr'><strong>verum</strong></span> <span class='ocrx_word' id='word_1_478' title='bbox 880 3339 1204 3412; x_wconf 84' lang='lat' dir='ltr'><strong>Dionysium</strong></span> <span class='ocrx_word' id='word_1_479' title='bbox 1250 3340 1353 3394; x_wconf 91' lang='lat' dir='ltr'><strong>ista</strong></span> <span class='ocrx_word' id='word_1_480' title='bbox 1382 3341 1623 3396; x_wconf 89' lang='lat' dir='ltr'><strong>scribere</strong></span> <span class='ocrx_word' id='word_1_481' title='bbox 1663 3356 1772 3396; x_wconf 92' lang='lat' dir='ltr'><strong>non</strong></span> <span class='ocrx_word' id='word_1_482' title='bbox 1819 3340 2065 3411; x_wconf 89' lang='lat' dir='ltr'><strong>potuisse</strong></span> 
     </span>
    </p>
   </div>
   <div class='ocr_carea' id='block_1_63' title="bbox 477 3432 2064 3507">
    <p class='ocr_par' dir='ltr' id='par_1_63' title="bbox 477 3432 2064 3507">
     <span class='ocr_line' id='line_1_63' title="bbox 477 3432 2064 3507; baseline -0.002 -16"><span class='ocrx_word' id='word_1_483' title='bbox 477 3435 776 3507; x_wconf 73' lang='lat' dir='ltr'><strong>prtesertiu.</strong></span> <span class='ocrx_word' id='word_1_484' title='bbox 809 3435 865 3489; x_wconf 91' lang='lat' dir='ltr'><strong>in</strong></span> <span class='ocrx_word' id='word_1_485' title='bbox 889 3449 1056 3504; x_wconf 89' lang='lat' dir='ltr'><strong>opere</strong></span> <span class='ocrx_word' id='word_1_486' title='bbox 1093 3433 1382 3489; x_wconf 86' lang='lat' dir='ltr'><strong>Timotheo</strong></span> <span class='ocrx_word' id='word_1_487' title='bbox 1422 3433 1632 3488; x_wconf 90' lang='lat' dir='ltr'><strong>dicato.</strong></span> <span class='ocrx_word' id='word_1_488' title='bbox 1657 3432 1932 3488; x_wconf 84' lang='lat' dir='ltr'><strong>Maximus</strong></span> <span class='ocrx_word' id='word_1_489' title='bbox 1955 3433 2064 3488; x_wconf 87' lang='lat' dir='ltr'><strong>hac</strong></span> 
     </span>
    </p>
   </div>
   <div class='ocr_carea' id='block_1_64' title="bbox 476 3525 2063 3599">
    <p class='ocr_par' dir='ltr' id='par_1_64' title="bbox 476 3525 2063 3599">
     <span class='ocr_line' id='line_1_64' title="bbox 476 3525 2063 3599; baseline -0.003 -16"><span class='ocrx_word' id='word_1_490' title='bbox 476 3529 791 3599; x_wconf 85' lang='lat' dir='ltr'><strong>objectione</strong></span> <span class='ocrx_word' id='word_1_491' title='bbox 823 3541 1051 3597; x_wconf 87' lang='lat' dir='ltr'><strong>pressus</strong></span> <span class='ocrx_word' id='word_1_492' title='bbox 1077 3527 1216 3582; x_wconf 87' lang='lat' dir='ltr'><strong>mira</strong></span> <span class='ocrx_word' id='word_1_493' title='bbox 1243 3525 1442 3596; x_wconf 77' lang='lat' dir='ltr'><strong>effugia</strong></span> <span class='ocrx_word' id='word_1_494' title='bbox 1472 3527 1827 3598; x_wconf 88' lang='lat' dir='ltr'><strong>excogitavit,</strong></span> <span class='ocrx_word' id='word_1_495' title='bbox 1858 3535 1915 3582; x_wconf 91' lang='lat' dir='ltr'><strong>et</strong></span> <span class='ocrx_word' id='word_1_496' title='bbox 1945 3527 2063 3597; x_wconf 89' lang='lat' dir='ltr'><strong>pla-</strong></span> 
     </span>
    </p>
   </div>
   <div class='ocr_carea' id='block_1_65' title="bbox 478 3619 2062 3690">
    <p class='ocr_par' dir='ltr' id='par_1_65' title="bbox 478 3619 2062 3690">
     <span class='ocr_line' id='line_1_65' title="bbox 478 3619 2062 3690; baseline -0.001 -15"><span class='ocrx_word' id='word_1_497' title='bbox 478 3637 548 3676; x_wconf 89' lang='lat' dir='ltr'><strong>ne</strong></span> <span class='ocrx_word' id='word_1_498' title='bbox 573 3620 869 3676; x_wconf 64' lang='lat' dir='ltr'><strong>Dallaeana.</strong></span> <span class='ocrx_word' id='word_1_499' title='bbox 901 3619 1110 3686; x_wconf 88' lang='lat' dir='ltr'><strong>Primo,</strong></span> <span class='ocrx_word' id='word_1_500' title='bbox 1145 3619 1293 3689; x_wconf 86' lang='lat' dir='ltr'><strong>quod</strong></span> <span class='ocrx_word' id='word_1_501' title='bbox 1319 3619 1389 3674; x_wconf 91' lang='lat' dir='ltr'><strong>ad</strong></span> <span class='ocrx_word' id='word_1_502' title='bbox 1418 3635 1532 3673; x_wconf 91' lang='lat' dir='ltr'><strong>rem</strong></span> <span class='ocrx_word' id='word_1_503' title='bbox 1552 3629 1796 3675; x_wconf 91' lang='lat' dir='ltr'><strong>nostram</strong></span> <span class='ocrx_word' id='word_1_504' title='bbox 1825 3629 2062 3690; x_wconf 89' lang='lat' dir='ltr'><strong>spectat,</strong></span> 
     </span>
    </p>
   </div>
   <div class='ocr_carea' id='block_1_66' title="bbox 474 3707 2067 3785">
    <p class='ocr_par' dir='ltr' id='par_1_66' title="bbox 474 3707 2067 3785">
     <span class='ocr_line' id='line_1_66' title="bbox 474 3707 2067 3785; baseline 0.001 -18"><span class='ocrx_word' id='word_1_505' title='bbox 474 3714 616 3785; x_wconf 80' lang='grc' dir='ltr'><strong>τάχα</strong></span> <span class='ocrx_word' id='word_1_506' title='bbox 635 3713 864 3785; x_wconf 82' lang='grc' dir='ltr'><strong>σύνηθες</strong></span> <span class='ocrx_word' id='word_1_507' title='bbox 897 3712 1047 3783; x_wconf 83' lang='grc' dir='ltr'>αὐτῷ</span> <span class='ocrx_word' id='word_1_508' title='bbox 1076 3707 1216 3766; x_wconf 81' lang='grc' dir='ltr'>εἶναι</span> <span class='ocrx_word' id='word_1_509' title='bbox 1247 3712 1600 3784; x_wconf 83' lang='grc' dir='ltr'><strong>ἀπόφθεγμα,</strong></span> <span class='ocrx_word' id='word_1_510' title='bbox 1621 3713 1696 3776; x_wconf 85' lang='grc' dir='ltr'><strong>ὼς</strong></span> <span class='ocrx_word' id='word_1_511' title='bbox 1731 3713 1824 3768; x_wconf 80' lang='grc' dir='ltr'><strong>καὶ</strong></span> <span class='ocrx_word' id='word_1_512' title='bbox 1857 3713 1917 3767; x_wconf 79' lang='grc' dir='ltr'><strong>τὸ</strong></span> <span class='ocrx_word' id='word_1_513' title='bbox 1937 3716 2067 3768; x_wconf 81' lang='grc' dir='ltr'><strong>Θεο-</strong></span> 
     </span>
    </p>
   </div>
   <div class='ocr_carea' id='block_1_67' title="bbox 474 3803 2067 3876">
    <p class='ocr_par' dir='ltr' id='par_1_67' title="bbox 474 3803 2067 3876">
     <span class='ocr_line' id='line_1_67' title="bbox 474 3803 2067 3876; baseline 0.001 -18"><span class='ocrx_word' id='word_1_514' title='bbox 474 3805 662 3873; x_wconf 69' lang='grc' dir='ltr'><strong>φόρος</strong></span> <span class='ocrx_word' id='word_1_515' title='bbox 709 3803 971 3868; x_wconf 80' lang='grc' dir='ltr'><strong>πολλάκις</strong></span> <span class='ocrx_word' id='word_1_516' title='bbox 1021 3803 1172 3876; x_wconf 82' lang='grc' dir='ltr'><strong>αὐτῷ</strong></span> <span class='ocrx_word' id='word_1_517' title='bbox 1221 3803 1515 3875; x_wconf 83' lang='grc' dir='ltr'>λεγόμενόν</span> <span class='ocrx_word' id='word_1_518' title='bbox 1547 3822 1607 3858; x_wconf 84' lang='grc' dir='ltr'><strong>τε</strong></span> <span class='ocrx_word' id='word_1_519' title='bbox 1641 3805 1734 3858; x_wconf 77' lang='grc' dir='ltr'><strong>καὶ</strong></span> <span class='ocrx_word' id='word_1_520' title='bbox 1785 3805 2067 3876; x_wconf 84' lang='grc' dir='ltr'><strong>γραφόμε-</strong></span> 
     </span>
    </p>
   </div>
   <div class='ocr_carea' id='block_1_68' title="bbox 473 3895 2060 3966">
    <p class='ocr_par' dir='ltr' id='par_1_68' title="bbox 473 3895 2060 3966">
     <span class='ocr_line' id='line_1_68' title="bbox 473 3895 2060 3966; baseline 0.001 -18"><span class='ocrx_word' id='word_1_521' title='bbox 473 3913 588 3959; x_wconf 86' lang='grc' dir='ltr'><strong>νον,</strong></span> <span class='ocrx_word' id='word_1_522' title='bbox 623 3895 764 3952; x_wconf 87' lang='lat' dir='ltr'><strong>forte</strong></span> <span class='ocrx_word' id='word_1_523' title='bbox 797 3898 913 3952; x_wconf 66' lang='lat' dir='ltr'><strong>haec</strong></span> <span class='ocrx_word' id='word_1_524' title='bbox 950 3896 1116 3952; x_wconf 90' lang='lat' dir='ltr'><strong>verba</strong></span> <span class='ocrx_word' id='word_1_525' title='bbox 1155 3915 1170 3950; x_wconf 72' lang='grc' dir='ltr'><strong>ε</strong></span> <span class='ocrx_word' id='word_1_526' title='bbox 1217 3896 1384 3952; x_wconf 80' lang='lat' dir='ltr'><strong>Amor</strong></span> <span class='ocrx_word' id='word_1_527' title='bbox 1438 3913 1581 3950; x_wconf 90' lang='lat' dir='ltr'><strong>meus</strong></span> <span class='ocrx_word' id='word_1_528' title='bbox 1625 3899 1916 3966; x_wconf 75' lang='lat' dir='ltr'><strong>cruciﬁxus</strong></span> <span class='ocrx_word' id='word_1_529' title='bbox 1959 3907 2060 3962; x_wconf 92' lang='lat' dir='ltr'><strong>est,</strong></span> 
     </span>
    </p>
   </div>
   <div class='ocr_carea' id='block_1_69' title="bbox 475 3989 2063 4060">
    <p class='ocr_par' dir='ltr' id='par_1_69' title="bbox 475 3989 2063 4060">
     <span class='ocr_line' id='line_1_69' title="bbox 475 3989 2063 4060; baseline 0.003 -18"><span class='ocrx_word' id='word_1_530' title='bbox 475 3989 878 4060; x_wconf 76' lang='lat' dir='ltr'><strong>apoplithcgma</strong></span> <span class='ocrx_word' id='word_1_531' title='bbox 920 4005 1044 4045; x_wconf 90' lang='lat' dir='ltr'><strong>esse</strong></span> <span class='ocrx_word' id='word_1_532' title='bbox 1089 3989 1304 4060; x_wconf 80' lang='lat' dir='ltr'><strong>lgnatio</strong></span> <span class='ocrx_word' id='word_1_533' title='bbox 1353 3990 1645 4048; x_wconf 83' lang='lat' dir='ltr'><strong>familiare.</strong></span> <span class='ocrx_word' id='word_1_534' title='bbox 1685 3993 1765 4046; x_wconf 85' lang='lat' dir='ltr'><strong>Ita</strong></span> <span class='ocrx_word' id='word_1_535' title='bbox 1806 3991 1898 4046; x_wconf 91' lang='lat' dir='ltr'><strong>ille</strong></span> <span class='ocrx_word' id='word_1_536' title='bbox 1937 4007 2063 4048; x_wconf 89' lang='lat' dir='ltr'><strong>cum</strong></span> 
     </span>
    </p>
   </div>
   <div class='ocr_carea' id='block_1_70' title="bbox 478 4079 2062 4155">
    <p class='ocr_par' dir='ltr' id='par_1_70' title="bbox 478 4079 2062 4155">
     <span class='ocr_line' id='line_1_70' title="bbox 478 4079 2062 4155; baseline 0.002 -20"><span class='ocrx_word' id='word_1_537' title='bbox 478 4079 685 4136; x_wconf 64' lang='lat' dir='ltr'><strong>Dallato</strong></span> <span class='ocrx_word' id='word_1_538' title='bbox 705 4082 772 4136; x_wconf 91' lang='lat' dir='ltr'><strong>ad</strong></span> <span class='ocrx_word' id='word_1_539' title='bbox 801 4081 1263 4154; x_wconf 84' lang='lat' dir='ltr'><strong>apophthegmata</strong></span> <span class='ocrx_word' id='word_1_540' title='bbox 1290 4083 1544 4148; x_wconf 86' lang='lat' dir='ltr'><strong>recurrit,</strong></span> <span class='ocrx_word' id='word_1_541' title='bbox 1571 4091 1626 4138; x_wconf 91' lang='lat' dir='ltr'><strong>et</strong></span> <span class='ocrx_word' id='word_1_542' title='bbox 1642 4083 1819 4137; x_wconf 92' lang='lat' dir='ltr'><strong>multo</strong></span> <span class='ocrx_word' id='word_1_543' title='bbox 1839 4084 2062 4155; x_wconf 86' lang='lat' dir='ltr'><strong>quidem</strong></span> 
     </span>
    </p>
   </div>
   <div class='ocr_carea' id='block_1_71' title="bbox 477 4173 2064 4248">
    <p class='ocr_par' dir='ltr' id='par_1_71' title="bbox 477 4173 2064 4248">
     <span class='ocr_line' id='line_1_71' title="bbox 477 4173 2064 4248; baseline 0.003 -21"><span class='ocrx_word' id='word_1_544' title='bbox 477 4173 660 4229; x_wconf 87' lang='lat' dir='ltr'><strong>adhuc</strong></span> <span class='ocrx_word' id='word_1_545' title='bbox 704 4175 1029 4244; x_wconf 87' lang='lat' dir='ltr'><strong>speciosius.</strong></span> <span class='ocrx_word' id='word_1_546' title='bbox 1077 4177 1135 4228; x_wconf 85' lang='grc' dir='ltr'><strong>Ὀ</strong></span> <span class='ocrx_word' id='word_1_547' title='bbox 1168 4176 1301 4246; x_wconf 79' lang='grc' dir='ltr'><strong>ἐμὸς</strong></span> <span class='ocrx_word' id='word_1_548' title='bbox 1333 4176 1474 4248; x_wconf 78' lang='grc' dir='ltr'><strong>ἔρως</strong></span> <span class='ocrx_word' id='word_1_549' title='bbox 1508 4175 1851 4248; x_wconf 77' lang='grc' dir='ltr'><strong>ἐσταύρωται</strong></span> <span class='ocrx_word' id='word_1_550' title='bbox 1883 4176 2064 4247; x_wconf 85' lang='lat' dir='ltr'><strong>perfe-</strong></span> 
     </span>
    </p>
   </div>
   <div class='ocr_carea' id='block_1_72' title="bbox 477 4267 2063 4338">
    <p class='ocr_par' dir='ltr' id='par_1_72' title="bbox 477 4267 2063 4338">
     <span class='ocr_line' id='line_1_72' title="bbox 477 4267 2063 4338; baseline 0.002 -17"><span class='ocrx_word' id='word_1_551' title='bbox 477 4267 784 4322; x_wconf 72' lang='lat' dir='ltr'><strong>ctissimam</strong></span> <span class='ocrx_word' id='word_1_552' title='bbox 835 4267 1312 4338; x_wconf 84' lang='lat' dir='ltr'><strong>apophthegmatis</strong></span> <span class='ocrx_word' id='word_1_553' title='bbox 1364 4268 1600 4338; x_wconf 88' lang='lat' dir='ltr'><strong>speciem</strong></span> <span class='ocrx_word' id='word_1_554' title='bbox 1633 4268 1834 4335; x_wconf 87' lang='lat' dir='ltr'><strong>habet,</strong></span> <span class='ocrx_word' id='word_1_555' title='bbox 1860 4277 1916 4323; x_wconf 88' lang='lat' dir='ltr'><strong>et</strong></span> <span class='ocrx_word' id='word_1_556' title='bbox 1943 4270 2063 4324; x_wconf 84' lang='lat' dir='ltr'><strong>vim</strong></span> 
     </span>
    </p>
   </div>
   <div class='ocr_carea' id='block_1_73' title="bbox 476 4360 2059 4427">
    <p class='ocr_par' dir='ltr' id='par_1_73' title="bbox 476 4360 2059 4427">
     <span class='ocr_line' id='line_1_73' title="bbox 476 4360 2059 4427; baseline 0.001 -12"><span class='ocrx_word' id='word_1_557' title='bbox 476 4367 670 4415; x_wconf 89' lang='lat' dir='ltr'><strong>sancto</strong></span> <span class='ocrx_word' id='word_1_558' title='bbox 701 4374 797 4427; x_wconf 90' lang='lat' dir='ltr'><strong>per</strong></span> <span class='ocrx_word' id='word_1_559' title='bbox 819 4368 994 4414; x_wconf 91' lang='lat' dir='ltr'><strong>totum</strong></span> <span class='ocrx_word' id='word_1_560' title='bbox 1029 4360 1156 4415; x_wconf 72' lang='lat' dir='ltr'><strong>vitae</strong></span> <span class='ocrx_word' id='word_1_561' title='bbox 1183 4376 1406 4416; x_wconf 87' lang='lat' dir='ltr'><strong>cursum</strong></span> <span class='ocrx_word' id='word_1_562' title='bbox 1432 4372 1546 4416; x_wconf 90' lang='lat' dir='ltr'><strong>tum</strong></span> <span class='ocrx_word' id='word_1_563' title='bbox 1576 4361 1632 4416; x_wconf 91' lang='lat' dir='ltr'><strong>in</strong></span> <span class='ocrx_word' id='word_1_564' title='bbox 1663 4361 1828 4417; x_wconf 91' lang='lat' dir='ltr'><strong>dictis</strong></span> <span class='ocrx_word' id='word_1_565' title='bbox 1858 4370 1972 4417; x_wconf 92' lang='lat' dir='ltr'><strong>tum</strong></span> <span class='ocrx_word' id='word_1_566' title='bbox 2005 4363 2059 4416; x_wconf 92' lang='lat' dir='ltr'><strong>in</strong></span> 
     </span>
    </p>
   </div>
   <div class='ocr_carea' id='block_1_74' title="bbox 475 4449 2062 4524">
    <p class='ocr_par' dir='ltr' id='par_1_74' title="bbox 475 4449 2062 4524">
     <span class='ocr_line' id='line_1_74' title="bbox 475 4449 2062 4524; baseline 0.002 -17"><span class='ocrx_word' id='word_1_567' title='bbox 475 4451 699 4521; x_wconf 89' lang='lat' dir='ltr'><strong>scriptis</strong></span> <span class='ocrx_word' id='word_1_568' title='bbox 729 4449 1000 4506; x_wconf 82' lang='lat' dir='ltr'><strong>familiare</strong></span> <span class='ocrx_word' id='word_1_569' title='bbox 1043 4468 1166 4508; x_wconf 82' lang='lat' dir='ltr'><strong>esse</strong></span> <span class='ocrx_word' id='word_1_570' title='bbox 1198 4454 1399 4522; x_wconf 91' lang='lat' dir='ltr'><strong>potuit.</strong></span> <span class='ocrx_word' id='word_1_571' title='bbox 1431 4452 1549 4508; x_wconf 85' lang='lat' dir='ltr'><strong>Non</strong></span> <span class='ocrx_word' id='word_1_572' title='bbox 1574 4455 1642 4510; x_wconf 88' lang='lat' dir='ltr'><strong>ad</strong></span> <span class='ocrx_word' id='word_1_573' title='bbox 1673 4454 1895 4524; x_wconf 86' lang='lat' dir='ltr'><strong>Trajani</strong></span> <span class='ocrx_word' id='word_1_574' title='bbox 1925 4464 2062 4510; x_wconf 88' lang='lat' dir='ltr'><strong>tem-</strong></span> 
     </span>
    </p>
   </div>
   <div class='ocr_carea' id='block_1_75' title="bbox 2173 3248 3762 3321">
    <p class='ocr_par' dir='ltr' id='par_1_75' title="bbox 2173 3248 3762 3321">
     <span class='ocr_line' id='line_1_75' title="bbox 2173 3248 3762 3321; baseline -0.001 -17"><span class='ocrx_word' id='word_1_575' title='bbox 2173 3249 2442 3306; x_wconf 73' lang='lat' dir='ltr'><strong>Maximus</strong></span> <span class='ocrx_word' id='word_1_576' title='bbox 2484 3267 2642 3305; x_wconf 85' lang='lat' dir='ltr'><strong>suum</strong></span> <span class='ocrx_word' id='word_1_577' title='bbox 2677 3250 2989 3321; x_wconf 85' lang='lat' dir='ltr'><strong>Dionysium</strong></span> <span class='ocrx_word' id='word_1_578' title='bbox 3023 3251 3339 3321; x_wconf 88' lang='lat' dir='ltr'><strong>simpliciter</strong></span> <span class='ocrx_word' id='word_1_579' title='bbox 3357 3251 3550 3315; x_wconf 85' lang='lat' dir='ltr'><strong>dicere,</strong></span> <span class='ocrx_word' id='word_1_580' title='bbox 3591 3248 3762 3319; x_wconf 83' lang='lat' dir='ltr'><strong>lgna-</strong></span> 
     </span>
    </p>
   </div>
   <div class='ocr_carea' id='block_1_76' title="bbox 2169 3339 3764 3412">
    <p class='ocr_par' dir='ltr' id='par_1_76' title="bbox 2169 3339 3764 3412">
     <span class='ocr_line' id='line_1_76' title="bbox 2169 3339 3764 3412; baseline -0.003 -16"><span class='ocrx_word' id='word_1_581' title='bbox 2169 3343 2301 3396; x_wconf 90' lang='lat' dir='ltr'><strong>tium</strong></span> <span class='ocrx_word' id='word_1_582' title='bbox 2332 3342 2595 3408; x_wconf 88' lang='lat' dir='ltr'><strong>scribere,</strong></span> <span class='ocrx_word' id='word_1_583' title='bbox 2623 3359 2724 3396; x_wconf 90' lang='lat' dir='ltr'><strong>non</strong></span> <span class='ocrx_word' id='word_1_584' title='bbox 2759 3353 2934 3396; x_wconf 90' lang='lat' dir='ltr'><strong>autem</strong></span> <span class='ocrx_word' id='word_1_585' title='bbox 2956 3341 3275 3412; x_wconf 87' lang='lat' dir='ltr'><strong>quibusdam</strong></span> <span class='ocrx_word' id='word_1_586' title='bbox 3317 3341 3564 3404; x_wconf 86' lang='lat' dir='ltr'><strong>scribere,</strong></span> <span class='ocrx_word' id='word_1_587' title='bbox 3598 3339 3764 3409; x_wconf 83' lang='lat' dir='ltr'><strong>quasi</strong></span> 
     </span>
    </p>
   </div>
   <div class='ocr_carea' id='block_1_77' title="bbox 2165 3433 3766 3504">
    <p class='ocr_par' dir='ltr' id='par_1_77' title="bbox 2165 3433 3766 3504">
     <span class='ocr_line' id='line_1_77' title="bbox 2165 3433 3766 3504; baseline -0.003 -15"><span class='ocrx_word' id='word_1_588' title='bbox 2165 3436 2265 3488; x_wconf 88' lang='lat' dir='ltr'><strong>hoc</strong></span> <span class='ocrx_word' id='word_1_589' title='bbox 2287 3434 2439 3488; x_wconf 89' lang='lat' dir='ltr'><strong>aliud</strong></span> <span class='ocrx_word' id='word_1_590' title='bbox 2469 3449 2629 3504; x_wconf 88' lang='lat' dir='ltr'><strong>quant</strong></span> <span class='ocrx_word' id='word_1_591' title='bbox 2643 3434 2900 3502; x_wconf 89' lang='lat' dir='ltr'><strong>scriptam</strong></span> <span class='ocrx_word' id='word_1_592' title='bbox 2928 3435 2997 3486; x_wconf 90' lang='lat' dir='ltr'><strong>ad</strong></span> <span class='ocrx_word' id='word_1_593' title='bbox 3015 3433 3280 3488; x_wconf 85' lang='lat' dir='ltr'><strong>Romanos</strong></span> <span class='ocrx_word' id='word_1_594' title='bbox 3303 3433 3582 3504; x_wconf 87' lang='lat' dir='ltr'><strong>epistolam</strong></span> <span class='ocrx_word' id='word_1_595' title='bbox 3605 3433 3766 3485; x_wconf 75' lang='lat' dir='ltr'><strong>inte.-</strong></span> 
     </span>
    </p>
   </div>
   <div class='ocr_carea' id='block_1_78' title="bbox 2165 3526 3761 3598">
    <p class='ocr_par' dir='ltr' id='par_1_78' title="bbox 2165 3526 3761 3598">
     <span class='ocr_line' id='line_1_78' title="bbox 2165 3526 3761 3598; baseline -0.002 -17"><span class='ocrx_word' id='word_1_596' title='bbox 2165 3528 2261 3598; x_wconf 85' lang='lat' dir='ltr'><strong>ligi</strong></span> <span class='ocrx_word' id='word_1_597' title='bbox 2282 3527 2566 3598; x_wconf 78' lang='lat' dir='ltr'><strong>significet,</strong></span> <span class='ocrx_word' id='word_1_598' title='bbox 2592 3527 2670 3592; x_wconf 89' lang='lat' dir='ltr'><strong>id,</strong></span> <span class='ocrx_word' id='word_1_599' title='bbox 2697 3527 2937 3596; x_wconf 91' lang='lat' dir='ltr'><strong>inquam,</strong></span> <span class='ocrx_word' id='word_1_600' title='bbox 2960 3543 3176 3596; x_wconf 86' lang='lat' dir='ltr'><strong>prorsus</strong></span> <span class='ocrx_word' id='word_1_601' title='bbox 3209 3526 3413 3580; x_wconf 88' lang='lat' dir='ltr'><strong>nullam</strong></span> <span class='ocrx_word' id='word_1_602' title='bbox 3437 3529 3540 3581; x_wconf 76' lang='lat' dir='ltr'><strong>vim</strong></span> <span class='ocrx_word' id='word_1_603' title='bbox 3560 3526 3761 3591; x_wconf 86' lang='lat' dir='ltr'><strong>habet;</strong></span> 
     </span>
    </p>
   </div>
   <div class='ocr_carea' id='block_1_79' title="bbox 2165 3617 3763 3689">
    <p class='ocr_par' dir='ltr' id='par_1_79' title="bbox 2165 3617 3763 3689">
     <span class='ocr_line' id='line_1_79' title="bbox 2165 3617 3763 3689; baseline 0 -14"><span class='ocrx_word' id='word_1_604' title='bbox 2165 3637 2285 3675; x_wconf 82' lang='lat' dir='ltr'><strong>cum</strong></span> <span class='ocrx_word' id='word_1_605' title='bbox 2313 3630 2496 3674; x_wconf 86' lang='lat' dir='ltr'><strong>notum</strong></span> <span class='ocrx_word' id='word_1_606' title='bbox 2521 3622 2591 3673; x_wconf 87' lang='lat' dir='ltr'><strong>sit</strong></span> <span class='ocrx_word' id='word_1_607' title='bbox 2615 3628 2896 3672; x_wconf 82' lang='lat' dir='ltr'><strong>auctorum</strong></span> <span class='ocrx_word' id='word_1_608' title='bbox 2925 3620 3213 3673; x_wconf 86' lang='lat' dir='ltr'><strong>sententias</strong></span> <span class='ocrx_word' id='word_1_609' title='bbox 3253 3629 3301 3673; x_wconf 90' lang='lat' dir='ltr'><strong>et</strong></span> <span class='ocrx_word' id='word_1_610' title='bbox 3333 3617 3449 3672; x_wconf 85' lang='lat' dir='ltr'><strong>loca</strong></span> <span class='ocrx_word' id='word_1_611' title='bbox 3478 3635 3620 3689; x_wconf 72' lang='lat' dir='ltr'><strong>stirpe</strong></span> <span class='ocrx_word' id='word_1_612' title='bbox 3649 3629 3702 3674; x_wconf 70' lang='lat' dir='ltr'><strong>et</strong></span> <span class='ocrx_word' id='word_1_613' title='bbox 3726 3638 3763 3676; x_wconf 81' lang='grc' dir='ltr'><em>α</em></span> 
     </span>
    </p>
   </div>
   <div class='ocr_carea' id='block_1_80' title="bbox 2166 3711 3764 3781">
    <p class='ocr_par' dir='ltr' id='par_1_80' title="bbox 2166 3711 3764 3781">
     <span class='ocr_line' id='line_1_80' title="bbox 2166 3711 3764 3781; baseline -0.002 -12"><span class='ocrx_word' id='word_1_614' title='bbox 2166 3715 2362 3770; x_wconf 88' lang='lat' dir='ltr'><strong>nostris</strong></span> <span class='ocrx_word' id='word_1_615' title='bbox 2383 3729 2522 3767; x_wconf 88' lang='lat' dir='ltr'><strong>nunc</strong></span> <span class='ocrx_word' id='word_1_616' title='bbox 2544 3711 2803 3766; x_wconf 86' lang='lat' dir='ltr'><strong>litteratis</strong></span> <span class='ocrx_word' id='word_1_617' title='bbox 2832 3712 3013 3776; x_wconf 88' lang='lat' dir='ltr'><strong>citari,</strong></span> <span class='ocrx_word' id='word_1_618' title='bbox 3033 3711 3202 3764; x_wconf 88' lang='lat' dir='ltr'><strong>multo</strong></span> <span class='ocrx_word' id='word_1_619' title='bbox 3225 3728 3344 3766; x_wconf 84' lang='lat' dir='ltr'><strong>vero</strong></span> <span class='ocrx_word' id='word_1_620' title='bbox 3367 3715 3524 3764; x_wconf 78' lang='lat' dir='ltr'><strong>etiam</strong></span> <span class='ocrx_word' id='word_1_621' title='bbox 3555 3713 3764 3781; x_wconf 68' lang='lat' dir='ltr'><strong>sepius</strong></span> 
     </span>
    </p>
   </div>
   <div class='ocr_carea' id='block_1_81' title="bbox 2167 3805 3763 3872">
    <p class='ocr_par' dir='ltr' id='par_1_81' title="bbox 2167 3805 3763 3872">
     <span class='ocr_line' id='line_1_81' title="bbox 2167 3805 3763 3872; baseline -0.003 -10"><span class='ocrx_word' id='word_1_622' title='bbox 2167 3825 2200 3862; x_wconf 84' lang='grc' dir='ltr'><em>α</em></span> <span class='ocrx_word' id='word_1_623' title='bbox 2226 3808 2484 3862; x_wconf 82' lang='lat' dir='ltr'><strong>veteribus</strong></span> <span class='ocrx_word' id='word_1_624' title='bbox 2517 3808 2688 3862; x_wconf 91' lang='lat' dir='ltr'><strong>citata</strong></span> <span class='ocrx_word' id='word_1_625' title='bbox 2713 3823 2846 3872; x_wconf 89' lang='lat' dir='ltr'><strong>esse,</strong></span> <span class='ocrx_word' id='word_1_626' title='bbox 2897 3805 3042 3859; x_wconf 88' lang='lat' dir='ltr'><strong>nullo</strong></span> <span class='ocrx_word' id='word_1_627' title='bbox 3075 3805 3313 3858; x_wconf 88' lang='lat' dir='ltr'><strong>auctoris</strong></span> <span class='ocrx_word' id='word_1_628' title='bbox 3346 3814 3486 3858; x_wconf 82' lang='lat' dir='ltr'><strong>certo</strong></span> <span class='ocrx_word' id='word_1_629' title='bbox 3511 3807 3589 3857; x_wconf 77' lang='lat' dir='ltr'><strong>rel</strong></span> <span class='ocrx_word' id='word_1_630' title='bbox 3618 3805 3763 3858; x_wconf 88' lang='lat' dir='ltr'><strong>libro</strong></span> 
     </span>
    </p>
   </div>
   <div class='ocr_carea' id='block_1_82' title="bbox 2165 3898 3765 3971">
    <p class='ocr_par' dir='ltr' id='par_1_82' title="bbox 2165 3898 3765 3971">
     <span class='ocr_line' id='line_1_82' title="bbox 2165 3898 3765 3971; baseline -0.002 -17"><span class='ocrx_word' id='word_1_631' title='bbox 2165 3901 2244 3956; x_wconf 79' lang='lat' dir='ltr'><strong>vel</strong></span> <span class='ocrx_word' id='word_1_632' title='bbox 2275 3903 2468 3971; x_wconf 84' lang='lat' dir='ltr'><strong>capite,</strong></span> <span class='ocrx_word' id='word_1_633' title='bbox 2500 3901 2640 3954; x_wconf 88' lang='lat' dir='ltr'><strong>unde</strong></span> <span class='ocrx_word' id='word_1_634' title='bbox 2680 3900 2778 3954; x_wconf 89' lang='lat' dir='ltr'><strong>illa</strong></span> <span class='ocrx_word' id='word_1_635' title='bbox 2800 3900 3079 3964; x_wconf 86' lang='lat' dir='ltr'><strong>habentur,</strong></span> <span class='ocrx_word' id='word_1_636' title='bbox 3105 3899 3419 3952; x_wconf 87' lang='lat' dir='ltr'><strong>nominatim</strong></span> <span class='ocrx_word' id='word_1_637' title='bbox 3454 3898 3623 3953; x_wconf 83' lang='lat' dir='ltr'><strong>edito.</strong></span> <span class='ocrx_word' id='word_1_638' title='bbox 3657 3899 3765 3951; x_wconf 79' lang='lat' dir='ltr'><strong>Rc-</strong></span> 
     </span>
    </p>
   </div>
   <div class='ocr_carea' id='block_1_83' title="bbox 2166 3991 3762 4068">
    <p class='ocr_par' dir='ltr' id='par_1_83' title="bbox 2166 3991 3762 4068">
     <span class='ocr_line' id='line_1_83' title="bbox 2166 3991 3762 4068; baseline -0.001 -15"><span class='ocrx_word' id='word_1_639' title='bbox 2166 4006 2253 4053; x_wconf 88' lang='lat' dir='ltr'><strong>cte</strong></span> <span class='ocrx_word' id='word_1_640' title='bbox 2308 3991 2424 4052; x_wconf 65' lang='lat' dir='ltr'><strong>hinc</strong></span> <span class='ocrx_word' id='word_1_641' title='bbox 2473 3998 2697 4068; x_wconf 80' lang='lat' dir='ltr'><strong>quidem</strong></span> <span class='ocrx_word' id='word_1_642' title='bbox 2743 4005 2798 4052; x_wconf 89' lang='lat' dir='ltr'><strong>et</strong></span> <span class='ocrx_word' id='word_1_643' title='bbox 2834 3997 3102 4067; x_wconf 87' lang='lat' dir='ltr'><strong>apposite.</strong></span> <span class='ocrx_word' id='word_1_644' title='bbox 3151 3994 3288 4050; x_wconf 85' lang='lat' dir='ltr'><strong>Nam</strong></span> <span class='ocrx_word' id='word_1_645' title='bbox 3337 4011 3462 4050; x_wconf 91' lang='lat' dir='ltr'><strong>cum</strong></span> <span class='ocrx_word' id='word_1_646' title='bbox 3513 3995 3762 4053; x_wconf 72' lang='lat' dir='ltr'><strong>Dallzeus</strong></span> 
     </span>
    </p>
   </div>
   <div class='ocr_carea' id='block_1_84' title="bbox 2165 4087 3760 4159">
    <p class='ocr_par' dir='ltr' id='par_1_84' title="bbox 2165 4087 3760 4159">
     <span class='ocr_line' id='line_1_84' title="bbox 2165 4087 3760 4159; baseline -0.001 -15"><span class='ocrx_word' id='word_1_647' title='bbox 2165 4098 2357 4144; x_wconf 88' lang='lat' dir='ltr'><strong>contra</strong></span> <span class='ocrx_word' id='word_1_648' title='bbox 2386 4099 2610 4145; x_wconf 88' lang='lat' dir='ltr'><strong>nostros</strong></span> <span class='ocrx_word' id='word_1_649' title='bbox 2641 4090 2908 4159; x_wconf 85' lang='lat' dir='ltr'><strong>disputat,</strong></span> <span class='ocrx_word' id='word_1_650' title='bbox 2940 4087 3211 4143; x_wconf 82' lang='lat' dir='ltr'><strong>Maximus</strong></span> <span class='ocrx_word' id='word_1_651' title='bbox 3234 4096 3355 4153; x_wconf 90' lang='lat' dir='ltr'><strong>est;</strong></span> <span class='ocrx_word' id='word_1_652' title='bbox 3389 4103 3512 4143; x_wconf 91' lang='lat' dir='ltr'><strong>cum</strong></span> <span class='ocrx_word' id='word_1_653' title='bbox 3554 4087 3760 4144; x_wconf 84' lang='lat' dir='ltr'><strong>adver-</strong></span> 
     </span>
    </p>
   </div>
   <div class='ocr_carea' id='block_1_85' title="bbox 2168 4178 3766 4250">
    <p class='ocr_par' dir='ltr' id='par_1_85' title="bbox 2168 4178 3766 4250">
     <span class='ocr_line' id='line_1_85' title="bbox 2168 4178 3766 4250; baseline 0.001 -16"><span class='ocrx_word' id='word_1_654' title='bbox 2168 4195 2265 4235; x_wconf 90' lang='lat' dir='ltr'><strong>sus</strong></span> <span class='ocrx_word' id='word_1_655' title='bbox 2291 4179 2621 4247; x_wconf 89' lang='lat' dir='ltr'><strong>Maximum,</strong></span> <span class='ocrx_word' id='word_1_656' title='bbox 2649 4181 2811 4250; x_wconf 89' lang='lat' dir='ltr'><strong>plane</strong></span> <span class='ocrx_word' id='word_1_657' title='bbox 2859 4188 3046 4236; x_wconf 89' lang='lat' dir='ltr'><strong>noster</strong></span> <span class='ocrx_word' id='word_1_658' title='bbox 3081 4188 3187 4234; x_wconf 87' lang='lat' dir='ltr'><strong>est.</strong></span> <span class='ocrx_word' id='word_1_659' title='bbox 3225 4178 3472 4234; x_wconf 89' lang='lat' dir='ltr'><strong>Dicimus</strong></span> <span class='ocrx_word' id='word_1_660' title='bbox 3510 4180 3684 4248; x_wconf 75' lang='lat' dir='ltr'><strong>igitur</strong></span> <span class='ocrx_word' id='word_1_661' title='bbox 3707 4191 3766 4235; x_wconf 84' lang='lat' dir='ltr'><strong>et</strong></span> 
     </span>
    </p>
   </div>
   <div class='ocr_carea' id='block_1_86' title="bbox 2169 4271 3767 4341">
    <p class='ocr_par' dir='ltr' id='par_1_86' title="bbox 2169 4271 3767 4341">
     <span class='ocr_line' id='line_1_86' title="bbox 2169 4271 3767 4341; baseline 0.001 -16"><span class='ocrx_word' id='word_1_662' title='bbox 2169 4287 2290 4338; x_wconf 89' lang='lat' dir='ltr'><strong>nos,</strong></span> <span class='ocrx_word' id='word_1_663' title='bbox 2340 4271 2385 4327; x_wconf 90' lang='lat' dir='ltr'><strong>si</strong></span> <span class='ocrx_word' id='word_1_664' title='bbox 2437 4271 2678 4328; x_wconf 51' lang='lat' dir='ltr'><strong>lrenaens</strong></span> <span class='ocrx_word' id='word_1_665' title='bbox 2705 4273 2957 4337; x_wconf 86' lang='lat' dir='ltr'><strong>dixisset,</strong></span> <span class='ocrx_word' id='word_1_666' title='bbox 2993 4272 3262 4341; x_wconf 75' lang='lat' dir='ltr'><strong>lgnatium</strong></span> <span class='ocrx_word' id='word_1_667' title='bbox 3304 4272 3408 4326; x_wconf 87' lang='lat' dir='ltr'><strong>ista</strong></span> <span class='ocrx_word' id='word_1_668' title='bbox 3459 4272 3767 4340; x_wconf 80' lang='lat' dir='ltr'><strong>scripsisse</strong></span> 
     </span>
    </p>
   </div>
   <div class='ocr_carea' id='block_1_87' title="bbox 2165 4361 3765 4432">
    <p class='ocr_par' dir='ltr' id='par_1_87' title="bbox 2165 4361 3765 4432">
     <span class='ocr_line' id='line_1_87' title="bbox 2165 4361 3765 4432; baseline 0.003 -20"><span class='ocrx_word' id='word_1_669' title='bbox 2165 4373 2288 4427; x_wconf 68' lang='lat' dir='ltr'><strong>quae</strong></span> <span class='ocrx_word' id='word_1_670' title='bbox 2332 4361 2592 4428; x_wconf 90' lang='lat' dir='ltr'><strong>protulit.</strong></span> <span class='ocrx_word' id='word_1_671' title='bbox 2633 4371 3018 4432; x_wconf 84' lang='lat' dir='ltr'><strong>argumentum</strong></span> <span class='ocrx_word' id='word_1_672' title='bbox 3069 4369 3316 4415; x_wconf 88' lang='lat' dir='ltr'><strong>nostrum</strong></span> <span class='ocrx_word' id='word_1_673' title='bbox 3359 4377 3466 4415; x_wconf 85' lang='lat' dir='ltr'><strong>non</strong></span> <span class='ocrx_word' id='word_1_674' title='bbox 3509 4363 3765 4417; x_wconf 79' lang='lat' dir='ltr'><strong>colorem</strong></span> 
     </span>
    </p>
   </div>
   <div class='ocr_carea' id='block_1_88' title="bbox 2171 4452 3768 4524">
    <p class='ocr_par' dir='ltr' id='par_1_88' title="bbox 2171 4452 3768 4524">
     <span class='ocr_line' id='line_1_88' title="bbox 2171 4452 3768 4524; baseline 0.002 -19"><span class='ocrx_word' id='word_1_675' title='bbox 2171 4459 2380 4507; x_wconf 90' lang='lat' dir='ltr'><strong>tantum</strong></span> <span class='ocrx_word' id='word_1_676' title='bbox 2417 4452 2614 4508; x_wconf 88' lang='lat' dir='ltr'><strong>fa!sum</strong></span> <span class='ocrx_word' id='word_1_677' title='bbox 2647 4463 2702 4508; x_wconf 90' lang='lat' dir='ltr'><strong>et</strong></span> <span class='ocrx_word' id='word_1_678' title='bbox 2743 4456 3068 4516; x_wconf 84' lang='lat' dir='ltr'><strong>evanidum,</strong></span> <span class='ocrx_word' id='word_1_679' title='bbox 3103 4454 3196 4509; x_wconf 89' lang='lat' dir='ltr'><strong>sed</strong></span> <span class='ocrx_word' id='word_1_680' title='bbox 3233 4454 3378 4509; x_wconf 88' lang='lat' dir='ltr'><strong>illius</strong></span> <span class='ocrx_word' id='word_1_681' title='bbox 3409 4455 3628 4524; x_wconf 85' lang='lat' dir='ltr'><strong>negatio</strong></span> <span class='ocrx_word' id='word_1_682' title='bbox 3661 4471 3768 4524; x_wconf 83' lang='lat' dir='ltr'><strong>po-</strong></span> 
     </span>
    </p>
   </div>
   <div class='ocr_carea' id='block_1_89' title="bbox 474 4543 3770 4618">
    <p class='ocr_par' dir='ltr' id='par_1_89' title="bbox 474 4543 3770 4618">
     <span class='ocr_line' id='line_1_89' title="bbox 474 4543 3770 4618; baseline 0 -18"><span class='ocrx_word' id='word_1_683' title='bbox 474 4560 610 4615; x_wconf 88' lang='lat' dir='ltr'><strong>pora</strong></span> <span class='ocrx_word' id='word_1_684' title='bbox 651 4543 950 4616; x_wconf 87' lang='lat' dir='ltr'><strong>confugere</strong></span> <span class='ocrx_word' id='word_1_685' title='bbox 983 4561 1206 4601; x_wconf 84' lang='lat' dir='ltr'><strong>necesse</strong></span> <span class='ocrx_word' id='word_1_686' title='bbox 1237 4545 1374 4612; x_wconf 84' lang='lat' dir='ltr'><strong>luit;</strong></span> <span class='ocrx_word' id='word_1_687' title='bbox 1410 4548 1576 4601; x_wconf 91' lang='lat' dir='ltr'><strong>etiam</strong></span> <span class='ocrx_word' id='word_1_688' title='bbox 1601 4547 1706 4603; x_wconf 91' lang='lat' dir='ltr'><strong>sub</strong></span> <span class='ocrx_word' id='word_1_689' title='bbox 1746 4546 2062 4602; x_wconf 84' lang='lat' dir='ltr'><strong>Domitiano</strong></span> <span class='ocrx_word' id='word_1_690' title='bbox 2095 4562 2138 4618; x_wconf 64' lang='grc' dir='ltr'><strong>[ο</strong></span> <span class='ocrx_word' id='word_1_691' title='bbox 2170 4545 2279 4600; x_wconf 91' lang='lat' dir='ltr'><strong>tius</strong></span> <span class='ocrx_word' id='word_1_692' title='bbox 2305 4546 2508 4600; x_wconf 87' lang='lat' dir='ltr'><strong>nullam</strong></span> <span class='ocrx_word' id='word_1_693' title='bbox 2535 4564 2754 4617; x_wconf 86' lang='lat' dir='ltr'><strong>prorsus</strong></span> <span class='ocrx_word' id='word_1_694' title='bbox 2786 4549 2890 4601; x_wconf 84' lang='lat' dir='ltr'><strong>vim</strong></span> <span class='ocrx_word' id='word_1_695' title='bbox 2915 4548 3124 4601; x_wconf 82' lang='lat' dir='ltr'><strong>haberet</strong></span> <span class='ocrx_word' id='word_1_696' title='bbox 3154 4565 3173 4612; x_wconf 91' lang='lat'><strong><em>;</em></strong></span> <span class='ocrx_word' id='word_1_697' title='bbox 3201 4565 3321 4601; x_wconf 89' lang='lat' dir='ltr'><strong>cum</strong></span> <span class='ocrx_word' id='word_1_698' title='bbox 3351 4558 3532 4601; x_wconf 86' lang='lat' dir='ltr'><strong>notum</strong></span> <span class='ocrx_word' id='word_1_699' title='bbox 3554 4550 3627 4601; x_wconf 91' lang='lat' dir='ltr'><strong>sit</strong></span> <span class='ocrx_word' id='word_1_700' title='bbox 3657 4566 3770 4602; x_wconf 83' lang='lat' dir='ltr'><strong>au-</strong></span> 
     </span>
    </p>
   </div>
   <div class='ocr_carea' id='block_1_90' title="bbox 475 4635 2063 4710">
    <p class='ocr_par' dir='ltr' id='par_1_90' title="bbox 475 4635 2063 4710">
     <span class='ocr_line' id='line_1_90' title="bbox 475 4635 2063 4710; baseline 0.003 -21"><span class='ocrx_word' id='word_1_701' title='bbox 475 4635 584 4691; x_wconf 88' lang='lat' dir='ltr'><strong>boc</strong></span> <span class='ocrx_word' id='word_1_702' title='bbox 631 4636 1031 4706; x_wconf 86' lang='lat' dir='ltr'><strong>apophthegma</strong></span> <span class='ocrx_word' id='word_1_703' title='bbox 1075 4647 1131 4691; x_wconf 90' lang='lat' dir='ltr'><strong>et</strong></span> <span class='ocrx_word' id='word_1_704' title='bbox 1179 4637 1380 4707; x_wconf 66' lang='lat' dir='ltr'><strong>saepius</strong></span> <span class='ocrx_word' id='word_1_705' title='bbox 1423 4638 1630 4693; x_wconf 88' lang='lat' dir='ltr'><strong>dixisse</strong></span> <span class='ocrx_word' id='word_1_706' title='bbox 1671 4646 1729 4693; x_wconf 90' lang='lat' dir='ltr'><strong>et</strong></span> <span class='ocrx_word' id='word_1_707' title='bbox 1764 4640 2063 4710; x_wconf 89' lang='lat' dir='ltr'><strong>aliquando</strong></span> 
     </span>
    </p>
   </div>
   <div class='ocr_carea' id='block_1_91' title="bbox 475 4727 2064 4799">
    <p class='ocr_par' dir='ltr' id='par_1_91' title="bbox 475 4727 2064 4799">
     <span class='ocr_line' id='line_1_91' title="bbox 475 4727 2064 4799; baseline 0.006 -18"><span class='ocrx_word' id='word_1_708' title='bbox 475 4727 766 4797; x_wconf 89' lang='lat' dir='ltr'><strong>scripsisse</strong></span> <span class='ocrx_word' id='word_1_709' title='bbox 806 4737 1021 4798; x_wconf 88' lang='lat' dir='ltr'><strong>poterat</strong></span> <span class='ocrx_word' id='word_1_710' title='bbox 1061 4729 1330 4799; x_wconf 83' lang='lat' dir='ltr'><strong>lgnatius.</strong></span> <span class='ocrx_word' id='word_1_711' title='bbox 1367 4728 1487 4784; x_wconf 86' lang='lat' dir='ltr'><strong>Non</strong></span> <span class='ocrx_word' id='word_1_712' title='bbox 1523 4731 1716 4786; x_wconf 90' lang='lat' dir='ltr'><strong>eadem</strong></span> <span class='ocrx_word' id='word_1_713' title='bbox 1754 4743 1951 4788; x_wconf 89' lang='lat' dir='ltr'><strong>natura</strong></span> <span class='ocrx_word' id='word_1_714' title='bbox 1977 4743 2064 4790; x_wconf 91' lang='lat' dir='ltr'><strong>est</strong></span> 
     </span>
    </p>
   </div>
   <div class='ocr_carea' id='block_1_92' title="bbox 477 4819 2064 4892">
    <p class='ocr_par' dir='ltr' id='par_1_92' title="bbox 477 4819 2064 4892">
     <span class='ocr_line' id='line_1_92' title="bbox 477 4819 2064 4892; baseline 0.005 -19"><span class='ocrx_word' id='word_1_715' title='bbox 477 4819 737 4876; x_wconf 75' lang='lat' dir='ltr'><strong>Dallaeani</strong></span> <span class='ocrx_word' id='word_1_716' title='bbox 759 4821 1240 4892; x_wconf 83' lang='lat' dir='ltr'><strong>apophthegmatis</strong></span> <span class='ocrx_word' id='word_1_717' title='bbox 1269 4822 1413 4892; x_wconf 90' lang='lat' dir='ltr'><strong>apud</strong></span> <span class='ocrx_word' id='word_1_718' title='bbox 1448 4825 1712 4879; x_wconf 52' lang='lat' dir='ltr'><strong>Irenaeum</strong></span> <span class='ocrx_word' id='word_1_719' title='bbox 1749 4843 1764 4880; x_wconf 88' lang='lat'><strong>:</strong></span> <span class='ocrx_word' id='word_1_720' title='bbox 1799 4824 2064 4881; x_wconf 86' lang='lat' dir='ltr'><strong>Frumen-</strong></span> 
     </span>
    </p>
   </div>
   <div class='ocr_carea' id='block_1_93' title="bbox 477 4912 2064 4983">
    <p class='ocr_par' dir='ltr' id='par_1_93' title="bbox 477 4912 2064 4983">
     <span class='ocr_line' id='line_1_93' title="bbox 477 4912 2064 4983; baseline 0.003 -17"><span class='ocrx_word' id='word_1_721' title='bbox 477 4923 592 4966; x_wconf 86' lang='lat' dir='ltr'><strong>tum</strong></span> <span class='ocrx_word' id='word_1_722' title='bbox 621 4929 740 4967; x_wconf 79' lang='lat' dir='ltr'><strong>sum</strong></span> <span class='ocrx_word' id='word_1_723' title='bbox 781 4912 983 4968; x_wconf 85' lang='lat' dir='ltr'><strong>Christi</strong></span> <span class='ocrx_word' id='word_1_724' title='bbox 1010 4921 1060 4966; x_wconf 89' lang='lat' dir='ltr'><strong>et</strong></span> <span class='ocrx_word' id='word_1_725' title='bbox 1089 4927 1182 4981; x_wconf 91' lang='lat' dir='ltr'><strong>per</strong></span> <span class='ocrx_word' id='word_1_726' title='bbox 1223 4913 1404 4967; x_wconf 88' lang='lat' dir='ltr'><strong>dentes</strong></span> <span class='ocrx_word' id='word_1_727' title='bbox 1443 4913 1732 4968; x_wconf 88' lang='lat' dir='ltr'><strong>bestiarum</strong></span> <span class='ocrx_word' id='word_1_728' title='bbox 1773 4916 1965 4983; x_wconf 88' lang='lat' dir='ltr'><strong>molor,</strong></span> <span class='ocrx_word' id='word_1_729' title='bbox 2005 4927 2064 4971; x_wconf 86' lang='lat' dir='ltr'><strong>ut</strong></span> 
     </span>
    </p>
   </div>
   <div class='ocr_carea' id='block_1_94' title="bbox 475 5003 2063 5076">
    <p class='ocr_par' dir='ltr' id='par_1_94' title="bbox 475 5003 2063 5076">
     <span class='ocr_line' id='line_1_94' title="bbox 475 5003 2063 5076; baseline 0.003 -19"><span class='ocrx_word' id='word_1_730' title='bbox 475 5005 707 5058; x_wconf 88' lang='lat' dir='ltr'><strong>mundus</strong></span> <span class='ocrx_word' id='word_1_731' title='bbox 724 5007 879 5074; x_wconf 88' lang='lat' dir='ltr'><strong>panis</strong></span> <span class='ocrx_word' id='word_1_732' title='bbox 905 5003 1006 5060; x_wconf 87' lang='lat' dir='ltr'><strong>Dei</strong></span> <span class='ocrx_word' id='word_1_733' title='bbox 1039 5004 1298 5058; x_wconf 80' lang='lat' dir='ltr'><strong>inveniar.</strong></span> <span class='ocrx_word' id='word_1_734' title='bbox 1338 5003 1474 5070; x_wconf 82' lang='lat' dir='ltr'><strong>Quis</strong></span> <span class='ocrx_word' id='word_1_735' title='bbox 1503 5005 1606 5060; x_wconf 92' lang='lat' dir='ltr'><strong>hoc</strong></span> <span class='ocrx_word' id='word_1_736' title='bbox 1636 5005 1706 5060; x_wconf 87' lang='lat' dir='ltr'><strong>ab</strong></span> <span class='ocrx_word' id='word_1_737' title='bbox 1737 5007 1948 5076; x_wconf 79' lang='lat' dir='ltr'><strong>lgnatio</strong></span> <span class='ocrx_word' id='word_1_738' title='bbox 1976 5009 2063 5061; x_wconf 81' lang='lat' dir='ltr'><strong>di-</strong></span> 
     </span>
    </p>
   </div>
   <div class='ocr_carea' id='block_1_95' title="bbox 475 5097 2065 5169">
    <p class='ocr_par' dir='ltr' id='par_1_95' title="bbox 475 5097 2065 5169">
     <span class='ocr_line' id='line_1_95' title="bbox 475 5097 2065 5169; baseline 0 -16"><span class='ocrx_word' id='word_1_739' title='bbox 475 5106 626 5153; x_wconf 90' lang='lat' dir='ltr'><strong>ctum</strong></span> <span class='ocrx_word' id='word_1_740' title='bbox 666 5111 763 5167; x_wconf 89' lang='lat' dir='ltr'><strong>per</strong></span> <span class='ocrx_word' id='word_1_741' title='bbox 792 5107 966 5154; x_wconf 91' lang='lat' dir='ltr'><strong>totum</strong></span> <span class='ocrx_word' id='word_1_742' title='bbox 1005 5098 1131 5153; x_wconf 71' lang='lat' dir='ltr'><strong>vita:</strong></span> <span class='ocrx_word' id='word_1_743' title='bbox 1167 5115 1394 5154; x_wconf 89' lang='lat' dir='ltr'><strong>cursum</strong></span> <span class='ocrx_word' id='word_1_744' title='bbox 1440 5097 1785 5153; x_wconf 81' lang='lat' dir='ltr'><strong>familiariter</strong></span> <span class='ocrx_word' id='word_1_745' title='bbox 1833 5117 2065 5169; x_wconf 83' lang='lat' dir='ltr'><strong>usurpa-</strong></span> 
     </span>
    </p>
   </div>
   <div class='ocr_carea' id='block_1_96' title="bbox 473 5190 2061 5260">
    <p class='ocr_par' dir='ltr' id='par_1_96' title="bbox 473 5190 2061 5260">
     <span class='ocr_line' id='line_1_96' title="bbox 473 5190 2061 5260; baseline 0.001 -16"><span class='ocrx_word' id='word_1_746' title='bbox 473 5199 615 5254; x_wconf 90' lang='lat' dir='ltr'><strong>tum,</strong></span> <span class='ocrx_word' id='word_1_747' title='bbox 644 5190 773 5259; x_wconf 85' lang='lat' dir='ltr'><strong>quis</strong></span> <span class='ocrx_word' id='word_1_748' title='bbox 794 5197 922 5244; x_wconf 88' lang='lat' dir='ltr'><strong>ante</strong></span> <span class='ocrx_word' id='word_1_749' title='bbox 949 5191 1462 5245; x_wconf 84' lang='lat' dir='ltr'><strong>condemnationem</strong></span> <span class='ocrx_word' id='word_1_750' title='bbox 1493 5191 1558 5244; x_wconf 92' lang='lat' dir='ltr'><strong>ad</strong></span> <span class='ocrx_word' id='word_1_751' title='bbox 1591 5190 1799 5246; x_wconf 86' lang='lat' dir='ltr'><strong>bestias</strong></span> <span class='ocrx_word' id='word_1_752' title='bbox 1819 5208 2061 5260; x_wconf 87' lang='lat' dir='ltr'><strong>unquam</strong></span> 
     </span>
    </p>
   </div>
   <div class='ocr_carea' id='block_1_97' title="bbox 475 5279 2064 5352">
    <p class='ocr_par' dir='ltr' id='par_1_97' title="bbox 475 5279 2064 5352">
     <span class='ocr_line' id='line_1_97' title="bbox 475 5279 2064 5352; baseline 0.001 -18"><span class='ocrx_word' id='word_1_753' title='bbox 475 5281 781 5352; x_wconf 85' lang='lat' dir='ltr'><strong>prolatum,</strong></span> <span class='ocrx_word' id='word_1_754' title='bbox 804 5279 930 5348; x_wconf 86' lang='lat' dir='ltr'><strong>quis</strong></span> <span class='ocrx_word' id='word_1_755' title='bbox 964 5281 1020 5336; x_wconf 90' lang='lat' dir='ltr'><strong>in</strong></span> <span class='ocrx_word' id='word_1_756' title='bbox 1049 5281 1157 5336; x_wconf 91' lang='lat' dir='ltr'><strong>alia</strong></span> <span class='ocrx_word' id='word_1_757' title='bbox 1175 5297 1345 5351; x_wconf 87' lang='lat' dir='ltr'><strong>quam</strong></span> <span class='ocrx_word' id='word_1_758' title='bbox 1372 5281 1467 5336; x_wconf 90' lang='lat' dir='ltr'><strong>illa</strong></span> <span class='ocrx_word' id='word_1_759' title='bbox 1488 5282 1721 5351; x_wconf 86' lang='lat' dir='ltr'><strong>epistola</strong></span> <span class='ocrx_word' id='word_1_760' title='bbox 1741 5299 1864 5352; x_wconf 70' lang='lat' dir='ltr'><strong>qua:</strong></span> <span class='ocrx_word' id='word_1_761' title='bbox 1897 5284 1950 5336; x_wconf 89' lang='lat' dir='ltr'><strong>in</strong></span> <span class='ocrx_word' id='word_1_762' title='bbox 1978 5284 2064 5338; x_wconf 80' lang='lat' dir='ltr'><strong>iti-</strong></span> 
     </span>
    </p>
   </div>
   <div class='ocr_carea' id='block_1_98' title="bbox 476 5374 2065 5446">
    <p class='ocr_par' dir='ltr' id='par_1_98' title="bbox 476 5374 2065 5446">
     <span class='ocr_line' id='line_1_98' title="bbox 476 5374 2065 5446; baseline 0.003 -18"><span class='ocrx_word' id='word_1_763' title='bbox 476 5390 606 5429; x_wconf 91' lang='lat' dir='ltr'><strong>nere</strong></span> <span class='ocrx_word' id='word_1_764' title='bbox 639 5383 863 5429; x_wconf 84' lang='lat' dir='ltr'><strong>exarata</strong></span> <span class='ocrx_word' id='word_1_765' title='bbox 912 5383 1018 5442; x_wconf 89' lang='lat' dir='ltr'><strong>est,</strong></span> <span class='ocrx_word' id='word_1_766' title='bbox 1057 5376 1323 5446; x_wconf 90' lang='lat' dir='ltr'><strong>scriptum</strong></span> <span class='ocrx_word' id='word_1_767' title='bbox 1358 5377 1560 5446; x_wconf 87' lang='lat' dir='ltr'><strong>putet?</strong></span> <span class='ocrx_word' id='word_1_768' title='bbox 1605 5374 1673 5430; x_wconf 87' lang='lat' dir='ltr'><strong>Et</strong></span> <span class='ocrx_word' id='word_1_769' title='bbox 1719 5386 1901 5432; x_wconf 87' lang='lat' dir='ltr'><strong>tamen</strong></span> <span class='ocrx_word' id='word_1_770' title='bbox 1961 5379 2065 5434; x_wconf 87' lang='lat' dir='ltr'><strong>hoc</strong></span> 
     </span>
    </p>
   </div>
   <div class='ocr_carea' id='block_1_99' title="bbox 481 5467 2058 5540">
    <p class='ocr_par' dir='ltr' id='par_1_99' title="bbox 481 5467 2058 5540">
     <span class='ocr_line' id='line_1_99' title="bbox 481 5467 2058 5540; baseline 0.004 -19"><span class='ocrx_word' id='word_1_771' title='bbox 481 5467 682 5522; x_wconf 65' lang='lat' dir='ltr'><strong>Danaae</strong></span> <span class='ocrx_word' id='word_1_772' title='bbox 726 5467 1128 5539; x_wconf 85' lang='lat' dir='ltr'><strong>apophthegma</strong></span> <span class='ocrx_word' id='word_1_773' title='bbox 1171 5478 1275 5535; x_wconf 87' lang='lat' dir='ltr'><strong>est,</strong></span> <span class='ocrx_word' id='word_1_774' title='bbox 1309 5469 1456 5538; x_wconf 91' lang='lat' dir='ltr'><strong>quod</strong></span> <span class='ocrx_word' id='word_1_775' title='bbox 1509 5470 1624 5539; x_wconf 89' lang='lat' dir='ltr'><strong>ipse</strong></span> <span class='ocrx_word' id='word_1_776' title='bbox 1669 5471 1825 5526; x_wconf 91' lang='lat' dir='ltr'><strong>alteri</strong></span> <span class='ocrx_word' id='word_1_777' title='bbox 1881 5482 2058 5540; x_wconf 78' lang='lat' dir='ltr'><strong>negat.</strong></span> 
     </span>
    </p>
   </div>
   <div class='ocr_carea' id='block_1_100' title="bbox 489 5558 2067 5632">
    <p class='ocr_par' dir='ltr' id='par_1_100' title="bbox 489 5558 2067 5632">
     <span class='ocr_line' id='line_1_100' title="bbox 489 5558 2067 5632; baseline 0.004 -20"><span class='ocrx_word' id='word_1_778' title='bbox 489 5558 721 5624; x_wconf 83' lang='lat' dir='ltr'><strong>Valeret,</strong></span> <span class='ocrx_word' id='word_1_779' title='bbox 762 5559 962 5629; x_wconf 91' lang='lat' dir='ltr'><strong>inquit,</strong></span> <span class='ocrx_word' id='word_1_780' title='bbox 989 5561 1242 5631; x_wconf 74' lang='lat' dir='ltr'><strong>eﬁ‘ugium</strong></span> <span class='ocrx_word' id='word_1_781' title='bbox 1262 5600 1278 5626; x_wconf 91' lang='lat'><strong>,</strong></span> <span class='ocrx_word' id='word_1_782' title='bbox 1330 5561 1379 5615; x_wconf 90' lang='lat' dir='ltr'><strong>si</strong></span> <span class='ocrx_word' id='word_1_783' title='bbox 1410 5561 1520 5615; x_wconf 77' lang='lat' dir='ltr'><strong>htec</strong></span> <span class='ocrx_word' id='word_1_784' title='bbox 1554 5560 1829 5632; x_wconf 86' lang='lat' dir='ltr'><strong>lgnatium</strong></span> <span class='ocrx_word' id='word_1_785' title='bbox 1861 5562 2067 5620; x_wconf 84' lang='lat' dir='ltr'><strong>dixisse</strong></span> 
     </span>
    </p>
   </div>
   <div class='ocr_carea' id='block_1_101' title="bbox 479 5651 2067 5726">
    <p class='ocr_par' dir='ltr' id='par_1_101' title="bbox 479 5651 2067 5726">
     <span class='ocr_line' id='line_1_101' title="bbox 479 5651 2067 5726; baseline 0.004 -21"><span class='ocrx_word' id='word_1_786' title='bbox 479 5651 734 5706; x_wconf 86' lang='lat' dir='ltr'><strong>scriberet</strong></span> <span class='ocrx_word' id='word_1_787' title='bbox 779 5651 1238 5722; x_wconf 77' lang='lat' dir='ltr'><strong>Dionysianorum</strong></span> <span class='ocrx_word' id='word_1_788' title='bbox 1285 5665 1477 5708; x_wconf 92' lang='lat' dir='ltr'><strong>auctor</strong></span> <span class='ocrx_word' id='word_1_789' title='bbox 1507 5670 1526 5708; x_wconf 93' lang='lat'><em>:</em></span> <span class='ocrx_word' id='word_1_790' title='bbox 1570 5656 1660 5710; x_wconf 86' lang='lat' dir='ltr'><strong>sed</strong></span> <span class='ocrx_word' id='word_1_791' title='bbox 1709 5656 1867 5726; x_wconf 89' lang='lat' dir='ltr'><strong>plane</strong></span> <span class='ocrx_word' id='word_1_792' title='bbox 1907 5658 2067 5712; x_wconf 87' lang='lat' dir='ltr'><strong>aliter</strong></span> 
     </span>
    </p>
   </div>
   <div class='ocr_carea' id='block_1_102' title="bbox 477 5742 2065 5820">
    <p class='ocr_par' dir='ltr' id='par_1_102' title="bbox 477 5742 2065 5820">
     <span class='ocr_line' id='line_1_102' title="bbox 477 5742 2065 5820; baseline 0.003 -21"><span class='ocrx_word' id='word_1_793' title='bbox 477 5759 602 5799; x_wconf 68' lang='lat' dir='ltr'><strong>um</strong></span> <span class='ocrx_word' id='word_1_794' title='bbox 635 5744 713 5800; x_wconf 91' lang='lat' dir='ltr'><strong>ait</strong></span> <span class='ocrx_word' id='word_1_795' title='bbox 742 5744 854 5800; x_wconf 78' lang='lat' dir='ltr'><strong>lucc</strong></span> <span class='ocrx_word' id='word_1_796' title='bbox 871 5742 1184 5815; x_wconf 85' lang='lat' dir='ltr'><strong>scripsisse,</strong></span> <span class='ocrx_word' id='word_1_797' title='bbox 1209 5763 1311 5800; x_wconf 85' lang='lat' dir='ltr'><strong>non</strong></span> <span class='ocrx_word' id='word_1_798' title='bbox 1340 5747 1561 5815; x_wconf 77' lang='lat' dir='ltr'><strong>dixisse,</strong></span> <span class='ocrx_word' id='word_1_799' title='bbox 1579 5749 1781 5820; x_wconf 82' lang='grc' dir='ltr'><strong>γράφει</strong></span> <span class='ocrx_word' id='word_1_800' title='bbox 1801 5749 1856 5802; x_wconf 83' lang='grc' dir='ltr'><strong>δὲ</strong></span> <span class='ocrx_word' id='word_1_801' title='bbox 1876 5751 1903 5803; x_wconf 85' lang='grc' dir='ltr'>ὁ</span> <span class='ocrx_word' id='word_1_802' title='bbox 1922 5750 2065 5815; x_wconf 82' lang='grc' dir='ltr'>θεῖος</span> 
     </span>
    </p>
   </div>
   <div class='ocr_carea' id='block_1_103' title="bbox 491 5835 2060 5915">
    <p class='ocr_par' dir='ltr' id='par_1_103' title="bbox 491 5835 2060 5915">
     <span class='ocr_line' id='line_1_103' title="bbox 491 5835 2060 5915; baseline 0.008 -24"><span class='ocrx_word' id='word_1_803' title='bbox 491 5835 768 5905; x_wconf 71' lang='grc' dir='ltr'><strong>ἰγνάτιοςο</strong></span> <span class='ocrx_word' id='word_1_804' title='bbox 807 5838 967 5911; x_wconf 83' lang='lat' dir='ltr'><strong>quasi</strong></span> <span class='ocrx_word' id='word_1_805' title='bbox 995 5852 1127 5896; x_wconf 82' lang='lat' dir='ltr'><strong>vero</strong></span> <span class='ocrx_word' id='word_1_806' title='bbox 1171 5838 1225 5896; x_wconf 91' lang='lat' dir='ltr'><strong>id</strong></span> <span class='ocrx_word' id='word_1_807' title='bbox 1267 5841 1414 5910; x_wconf 87' lang='lat' dir='ltr'><strong>quod</strong></span> <span class='ocrx_word' id='word_1_808' title='bbox 1458 5842 1658 5913; x_wconf 75' lang='lat' dir='ltr'><strong>sa&#39;pius</strong></span> <span class='ocrx_word' id='word_1_809' title='bbox 1709 5843 1915 5901; x_wconf 87' lang='lat' dir='ltr'><strong>dictum</strong></span> <span class='ocrx_word' id='word_1_810' title='bbox 1955 5855 2060 5915; x_wconf 86' lang='lat' dir='ltr'><strong>est,</strong></span> 
     </span>
    </p>
   </div>
   <div class='ocr_carea' id='block_1_104' title="bbox 2165 4641 3770 4710">
    <p class='ocr_par' dir='ltr' id='par_1_104' title="bbox 2165 4641 3770 4710">
     <span class='ocr_line' id='line_1_104' title="bbox 2165 4641 3770 4710; baseline 0.002 -17"><span class='ocrx_word' id='word_1_811' title='bbox 2165 4648 2373 4694; x_wconf 85' lang='lat' dir='ltr'><strong>ctorum</strong></span> <span class='ocrx_word' id='word_1_812' title='bbox 2402 4641 2687 4695; x_wconf 87' lang='lat' dir='ltr'><strong>sententias</strong></span> <span class='ocrx_word' id='word_1_813' title='bbox 2710 4652 2759 4694; x_wconf 88' lang='lat' dir='ltr'><strong>et</strong></span> <span class='ocrx_word' id='word_1_814' title='bbox 2790 4641 2906 4694; x_wconf 83' lang='lat' dir='ltr'><strong>loca</strong></span> <span class='ocrx_word' id='word_1_815' title='bbox 2949 4657 3086 4710; x_wconf 68' lang='lat' dir='ltr'><strong>serpe</strong></span> <span class='ocrx_word' id='word_1_816' title='bbox 3122 4651 3172 4695; x_wconf 89' lang='lat' dir='ltr'><strong>et</strong></span> <span class='ocrx_word' id='word_1_817' title='bbox 3211 4659 3242 4694; x_wconf 89' lang='lat' dir='ltr'><strong>a</strong></span> <span class='ocrx_word' id='word_1_818' title='bbox 3275 4643 3472 4696; x_wconf 89' lang='lat' dir='ltr'><strong>nostris</strong></span> <span class='ocrx_word' id='word_1_819' title='bbox 3501 4657 3642 4694; x_wconf 81' lang='lat' dir='ltr'><strong>nunc</strong></span> <span class='ocrx_word' id='word_1_820' title='bbox 3665 4642 3770 4696; x_wconf 85' lang='lat' dir='ltr'><strong>lit-</strong></span> 
     </span>
    </p>
   </div>
   <div class='ocr_carea' id='block_1_105' title="bbox 2169 4731 3768 4804">
    <p class='ocr_par' dir='ltr' id='par_1_105' title="bbox 2169 4731 3768 4804">
     <span class='ocr_line' id='line_1_105' title="bbox 2169 4731 3768 4804; baseline 0.001 -17"><span class='ocrx_word' id='word_1_821' title='bbox 2169 4735 2353 4787; x_wconf 90' lang='lat' dir='ltr'><strong>teratis</strong></span> <span class='ocrx_word' id='word_1_822' title='bbox 2377 4735 2573 4800; x_wconf 89' lang='lat' dir='ltr'><strong>citari,</strong></span> <span class='ocrx_word' id='word_1_823' title='bbox 2603 4734 2770 4788; x_wconf 87' lang='lat' dir='ltr'><strong>multo</strong></span> <span class='ocrx_word' id='word_1_824' title='bbox 2821 4750 2941 4788; x_wconf 74' lang='lat' dir='ltr'><strong>vero</strong></span> <span class='ocrx_word' id='word_1_825' title='bbox 2986 4736 3148 4788; x_wconf 90' lang='lat' dir='ltr'><strong>etiam</strong></span> <span class='ocrx_word' id='word_1_826' title='bbox 3183 4731 3376 4804; x_wconf 76' lang='lat' dir='ltr'><strong>swpius</strong></span> <span class='ocrx_word' id='word_1_827' title='bbox 3421 4750 3452 4786; x_wconf 92' lang='lat' dir='ltr'><strong>a</strong></span> <span class='ocrx_word' id='word_1_828' title='bbox 3493 4733 3768 4788; x_wconf 77' lang='lat' dir='ltr'><strong>veteribus</strong></span> 
     </span>
    </p>
   </div>
   <div class='ocr_carea' id='block_1_106' title="bbox 2167 4823 3769 4894">
    <p class='ocr_par' dir='ltr' id='par_1_106' title="bbox 2167 4823 3769 4894">
     <span class='ocr_line' id='line_1_106' title="bbox 2167 4823 3769 4894; baseline 0.001 -15"><span class='ocrx_word' id='word_1_829' title='bbox 2167 4827 2335 4880; x_wconf 88' lang='lat' dir='ltr'><strong>citata</strong></span> <span class='ocrx_word' id='word_1_830' title='bbox 2362 4843 2504 4891; x_wconf 89' lang='lat' dir='ltr'><strong>esse,</strong></span> <span class='ocrx_word' id='word_1_831' title='bbox 2532 4825 2679 4880; x_wconf 88' lang='lat' dir='ltr'><strong>nullo</strong></span> <span class='ocrx_word' id='word_1_832' title='bbox 2717 4827 2954 4880; x_wconf 90' lang='lat' dir='ltr'><strong>auctoris</strong></span> <span class='ocrx_word' id='word_1_833' title='bbox 2982 4836 3122 4880; x_wconf 91' lang='lat' dir='ltr'><strong>certo</strong></span> <span class='ocrx_word' id='word_1_834' title='bbox 3161 4826 3237 4880; x_wconf 80' lang='lat' dir='ltr'><strong>vel</strong></span> <span class='ocrx_word' id='word_1_835' title='bbox 3268 4825 3425 4888; x_wconf 86' lang='lat' dir='ltr'><strong>libro,</strong></span> <span class='ocrx_word' id='word_1_836' title='bbox 3459 4823 3538 4879; x_wconf 74' lang='lat' dir='ltr'><strong>vel</strong></span> <span class='ocrx_word' id='word_1_837' title='bbox 3559 4826 3769 4894; x_wconf 84' lang='lat' dir='ltr'><strong>capite,</strong></span> 
     </span>
    </p>
   </div>
   <div class='ocr_carea' id='block_1_107' title="bbox 2167 4916 3767 4988">
    <p class='ocr_par' dir='ltr' id='par_1_107' title="bbox 2167 4916 3767 4988">
     <span class='ocr_line' id='line_1_107' title="bbox 2167 4916 3767 4988; baseline 0 -14"><span class='ocrx_word' id='word_1_838' title='bbox 2167 4920 2304 4974; x_wconf 85' lang='lat' dir='ltr'><strong>unde</strong></span> <span class='ocrx_word' id='word_1_839' title='bbox 2331 4919 2428 4973; x_wconf 92' lang='lat' dir='ltr'><strong>illa</strong></span> <span class='ocrx_word' id='word_1_840' title='bbox 2449 4919 2728 4984; x_wconf 86' lang='lat' dir='ltr'><strong>habentur,</strong></span> <span class='ocrx_word' id='word_1_841' title='bbox 2764 4919 3081 4972; x_wconf 89' lang='lat' dir='ltr'><strong>nominatim</strong></span> <span class='ocrx_word' id='word_1_842' title='bbox 3107 4919 3270 4972; x_wconf 91' lang='lat' dir='ltr'><strong>edito.</strong></span> <span class='ocrx_word' id='word_1_843' title='bbox 3298 4916 3392 4972; x_wconf 88' lang='lat' dir='ltr'><strong>Sic</strong></span> <span class='ocrx_word' id='word_1_844' title='bbox 3421 4917 3590 4988; x_wconf 86' lang='lat' dir='ltr'><strong>igitur</strong></span> <span class='ocrx_word' id='word_1_845' title='bbox 3621 4934 3767 4974; x_wconf 78' lang='lat' dir='ltr'><strong>con-</strong></span> 
     </span>
    </p>
   </div>
   <div class='ocr_carea' id='block_1_108' title="bbox 2171 5011 3770 5083">
    <p class='ocr_par' dir='ltr' id='par_1_108' title="bbox 2171 5011 3770 5083">
     <span class='ocr_line' id='line_1_108' title="bbox 2171 5011 3770 5083; baseline -0.001 -14"><span class='ocrx_word' id='word_1_846' title='bbox 2171 5013 2412 5078; x_wconf 86' lang='lat' dir='ltr'><strong>ficimus,</strong></span> <span class='ocrx_word' id='word_1_847' title='bbox 2449 5023 2724 5083; x_wconf 74' lang='lat' dir='ltr'><strong>prteeunte</strong></span> <span class='ocrx_word' id='word_1_848' title='bbox 2766 5012 2887 5066; x_wconf 87' lang='lat' dir='ltr'><strong>viro</strong></span> <span class='ocrx_word' id='word_1_849' title='bbox 2929 5011 3281 5075; x_wconf 85' lang='lat' dir='ltr'><strong>doctissimo,</strong></span> <span class='ocrx_word' id='word_1_850' title='bbox 3310 5027 3378 5066; x_wconf 83' lang='lat' dir='ltr'><strong>ex</strong></span> <span class='ocrx_word' id='word_1_851' title='bbox 3406 5027 3509 5065; x_wconf 92' lang='lat' dir='ltr'><strong>usu</strong></span> <span class='ocrx_word' id='word_1_852' title='bbox 3539 5022 3770 5068; x_wconf 88' lang='lat' dir='ltr'><strong>nostro-</strong></span> 
     </span>
    </p>
   </div>
   <div class='ocr_carea' id='block_1_109' title="bbox 2169 5105 3766 5174">
    <p class='ocr_par' dir='ltr' id='par_1_109' title="bbox 2169 5105 3766 5174">
     <span class='ocr_line' id='line_1_109' title="bbox 2169 5105 3766 5174; baseline 0.001 -14"><span class='ocrx_word' id='word_1_853' title='bbox 2169 5122 2293 5160; x_wconf 90' lang='lat' dir='ltr'><strong>rum</strong></span> <span class='ocrx_word' id='word_1_854' title='bbox 2339 5122 2488 5160; x_wconf 92' lang='lat' dir='ltr'><strong>nunc</strong></span> <span class='ocrx_word' id='word_1_855' title='bbox 2513 5105 2878 5160; x_wconf 85' lang='lat' dir='ltr'><strong>litteratorum</strong></span> <span class='ocrx_word' id='word_1_856' title='bbox 2907 5113 2962 5159; x_wconf 84' lang='lat' dir='ltr'><strong>et</strong></span> <span class='ocrx_word' id='word_1_857' title='bbox 2991 5105 3165 5158; x_wconf 91' lang='lat' dir='ltr'><strong>multo</strong></span> <span class='ocrx_word' id='word_1_858' title='bbox 3194 5105 3370 5174; x_wconf 87' lang='lat' dir='ltr'><strong>magis</strong></span> <span class='ocrx_word' id='word_1_859' title='bbox 3403 5114 3677 5172; x_wconf 87' lang='lat' dir='ltr'><strong>veterum,</strong></span> <span class='ocrx_word' id='word_1_860' title='bbox 3717 5109 3766 5162; x_wconf 87' lang='lat' dir='ltr'><strong>si</strong></span> 
     </span>
    </p>
   </div>
   <div class='ocr_carea' id='block_1_110' title="bbox 2168 5194 3765 5265">
    <p class='ocr_par' dir='ltr' id='par_1_110' title="bbox 2168 5194 3765 5265">
     <span class='ocr_line' id='line_1_110' title="bbox 2168 5194 3765 5265; baseline 0.003 -17"><span class='ocrx_word' id='word_1_861' title='bbox 2168 5194 2403 5249; x_wconf 82' lang='lat' dir='ltr'><strong>lremeus</strong></span> <span class='ocrx_word' id='word_1_862' title='bbox 2426 5195 2655 5249; x_wconf 86' lang='lat' dir='ltr'><strong>dixisset</strong></span> <span class='ocrx_word' id='word_1_863' title='bbox 2687 5195 2958 5265; x_wconf 86' lang='lat' dir='ltr'><strong>lgnatiutn</strong></span> <span class='ocrx_word' id='word_1_864' title='bbox 3002 5209 3064 5248; x_wconf 91' lang='lat' dir='ltr'><strong>ca</strong></span> <span class='ocrx_word' id='word_1_865' title='bbox 3093 5211 3216 5263; x_wconf 71' lang='lat' dir='ltr'><strong>qua:</strong></span> <span class='ocrx_word' id='word_1_866' title='bbox 3247 5194 3413 5249; x_wconf 85' lang='lat' dir='ltr'><strong>refert</strong></span> <span class='ocrx_word' id='word_1_867' title='bbox 3454 5196 3765 5264; x_wconf 83' lang='lat' dir='ltr'><strong>scripsisse,</strong></span> 
     </span>
    </p>
   </div>
   <div class='ocr_carea' id='block_1_111' title="bbox 2167 5287 3770 5360">
    <p class='ocr_par' dir='ltr' id='par_1_111' title="bbox 2167 5287 3770 5360">
     <span class='ocr_line' id='line_1_111' title="bbox 2167 5287 3770 5360; baseline 0.004 -18"><span class='ocrx_word' id='word_1_868' title='bbox 2167 5289 2358 5343; x_wconf 83' lang='lat' dir='ltr'><strong>eadem</strong></span> <span class='ocrx_word' id='word_1_869' title='bbox 2384 5289 2453 5342; x_wconf 87' lang='lat' dir='ltr'><strong>ab</strong></span> <span class='ocrx_word' id='word_1_870' title='bbox 2491 5288 2589 5342; x_wconf 88' lang='lat' dir='ltr'><strong>illo</strong></span> <span class='ocrx_word' id='word_1_871' title='bbox 2615 5304 2682 5342; x_wconf 87' lang='lat' dir='ltr'><strong>ex</strong></span> <span class='ocrx_word' id='word_1_872' title='bbox 2715 5289 2945 5358; x_wconf 83' lang='lat' dir='ltr'><strong>epistola</strong></span> <span class='ocrx_word' id='word_1_873' title='bbox 2974 5290 3040 5344; x_wconf 92' lang='lat' dir='ltr'><strong>ad</strong></span> <span class='ocrx_word' id='word_1_874' title='bbox 3068 5287 3347 5345; x_wconf 84' lang='lat' dir='ltr'><strong>Romanos</strong></span> <span class='ocrx_word' id='word_1_875' title='bbox 3370 5288 3492 5360; x_wconf 85' lang='lat' dir='ltr'><strong>ejus</strong></span> <span class='ocrx_word' id='word_1_876' title='bbox 3529 5292 3770 5348; x_wconf 89' lang='lat' dir='ltr'><strong>nomine</strong></span> 
     </span>
    </p>
   </div>
   <div class='ocr_carea' id='block_1_112' title="bbox 2169 5381 2898 5452">
    <p class='ocr_par' dir='ltr' id='par_1_112' title="bbox 2169 5381 2898 5452">
     <span class='ocr_line' id='line_1_112' title="bbox 2169 5381 2898 5452; baseline 0.003 -18"><span class='ocrx_word' id='word_1_877' title='bbox 2169 5381 2430 5452; x_wconf 86' lang='lat' dir='ltr'><strong>inscripta</strong></span> <span class='ocrx_word' id='word_1_878' title='bbox 2463 5390 2680 5451; x_wconf 89' lang='lat' dir='ltr'><strong>sumpta</strong></span> <span class='ocrx_word' id='word_1_879' title='bbox 2707 5381 2898 5436; x_wconf 83' lang='lat' dir='ltr'><strong>fuisse.</strong></span> 
     </span>
    </p>
   </div>
   <div class='ocr_carea' id='block_1_113' title="bbox 2243 5471 3768 5543">
    <p class='ocr_par' dir='ltr' id='par_1_113' title="bbox 2243 5471 3768 5543">
     <span class='ocr_line' id='line_1_113' title="bbox 2243 5471 3768 5543; baseline 0.003 -15"><span class='ocrx_word' id='word_1_880' title='bbox 2243 5471 2313 5528; x_wconf 90' lang='lat' dir='ltr'><strong>Ut</strong></span> <span class='ocrx_word' id='word_1_881' title='bbox 2337 5474 2407 5528; x_wconf 88' lang='lat' dir='ltr'><strong>ad</strong></span> <span class='ocrx_word' id='word_1_882' title='bbox 2444 5474 2684 5543; x_wconf 91' lang='lat' dir='ltr'><strong>primum</strong></span> <span class='ocrx_word' id='word_1_883' title='bbox 2717 5482 2990 5541; x_wconf 73' lang='lat' dir='ltr'><strong>revertar,</strong></span> <span class='ocrx_word' id='word_1_884' title='bbox 3024 5474 3430 5531; x_wconf 89' lang='lat' dir='ltr'><strong>distinctionem</strong></span> <span class='ocrx_word' id='word_1_885' title='bbox 3475 5475 3626 5530; x_wconf 88' lang='lat' dir='ltr'><strong>illam</strong></span> <span class='ocrx_word' id='word_1_886' title='bbox 3676 5477 3768 5532; x_wconf 84' lang='lat' dir='ltr'><strong>in-</strong></span> 
     </span>
    </p>
   </div>
   <div class='ocr_carea' id='block_1_114' title="bbox 2170 5566 3766 5639">
    <p class='ocr_par' dir='ltr' id='par_1_114' title="bbox 2170 5566 3766 5639">
     <span class='ocr_line' id='line_1_114' title="bbox 2170 5566 3766 5639; baseline 0.004 -19"><span class='ocrx_word' id='word_1_887' title='bbox 2170 5575 2251 5621; x_wconf 90' lang='lat' dir='ltr'><strong>ter</strong></span> <span class='ocrx_word' id='word_1_888' title='bbox 2286 5566 2391 5622; x_wconf 90' lang='lat' dir='ltr'><strong>ista</strong></span> <span class='ocrx_word' id='word_1_889' title='bbox 2421 5567 2532 5622; x_wconf 91' lang='lat' dir='ltr'><strong>duo</strong></span> <span class='ocrx_word' id='word_1_890' title='bbox 2568 5567 2708 5621; x_wconf 76' lang='lat' dir='ltr'><strong>dixit</strong></span> <span class='ocrx_word' id='word_1_891' title='bbox 2750 5576 2805 5622; x_wconf 91' lang='lat' dir='ltr'><strong>et</strong></span> <span class='ocrx_word' id='word_1_892' title='bbox 2833 5568 3068 5637; x_wconf 85' lang='lat' dir='ltr'><strong>scripsit,</strong></span> <span class='ocrx_word' id='word_1_893' title='bbox 3103 5583 3227 5624; x_wconf 88' lang='lat' dir='ltr'><strong>cum</strong></span> <span class='ocrx_word' id='word_1_894' title='bbox 3272 5567 3437 5624; x_wconf 86' lang='lat' dir='ltr'><strong>verba</strong></span> <span class='ocrx_word' id='word_1_895' title='bbox 3467 5569 3588 5639; x_wconf 90' lang='lat' dir='ltr'><strong>ipsa</strong></span> <span class='ocrx_word' id='word_1_896' title='bbox 3619 5572 3766 5626; x_wconf 80' lang='lat' dir='ltr'><strong>scri-</strong></span> 
     </span>
    </p>
   </div>
   <div class='ocr_carea' id='block_1_115' title="bbox 2168 5657 3767 5730">
    <p class='ocr_par' dir='ltr' id='par_1_115' title="bbox 2168 5657 3767 5730">
     <span class='ocr_line' id='line_1_115' title="bbox 2168 5657 3767 5730; baseline 0.004 -19"><span class='ocrx_word' id='word_1_897' title='bbox 2168 5666 2261 5726; x_wconf 85' lang='lat' dir='ltr'><strong>pta</strong></span> <span class='ocrx_word' id='word_1_898' title='bbox 2283 5673 2406 5714; x_wconf 89' lang='lat' dir='ltr'><strong>esse</strong></span> <span class='ocrx_word' id='word_1_899' title='bbox 2434 5659 2698 5726; x_wconf 85' lang='lat' dir='ltr'><strong>sciamus,</strong></span> <span class='ocrx_word' id='word_1_900' title='bbox 2727 5657 2932 5712; x_wconf 89' lang='lat' dir='ltr'><strong>nullam</strong></span> <span class='ocrx_word' id='word_1_901' title='bbox 2961 5675 3180 5728; x_wconf 87' lang='lat' dir='ltr'><strong>prorsus</strong></span> <span class='ocrx_word' id='word_1_902' title='bbox 3203 5661 3307 5713; x_wconf 84' lang='lat' dir='ltr'><strong>vim</strong></span> <span class='ocrx_word' id='word_1_903' title='bbox 3327 5659 3519 5713; x_wconf 88' lang='lat' dir='ltr'><strong>habere</strong></span> <span class='ocrx_word' id='word_1_904' title='bbox 3549 5661 3767 5730; x_wconf 77' lang='lat' dir='ltr'><strong>pariter</strong></span> 
     </span>
    </p>
   </div>
   <div class='ocr_carea' id='block_1_116' title="bbox 2169 5750 3766 5818">
    <p class='ocr_par' dir='ltr' id='par_1_116' title="bbox 2169 5750 3766 5818">
     <span class='ocr_line' id='line_1_116' title="bbox 2169 5750 3766 5818; baseline 0.003 -15"><span class='ocrx_word' id='word_1_905' title='bbox 2169 5751 2312 5818; x_wconf 88' lang='lat' dir='ltr'><strong>dico,</strong></span> <span class='ocrx_word' id='word_1_906' title='bbox 2339 5767 2459 5804; x_wconf 87' lang='lat' dir='ltr'><strong>cum</strong></span> <span class='ocrx_word' id='word_1_907' title='bbox 2497 5760 2677 5805; x_wconf 90' lang='lat' dir='ltr'><strong>notum</strong></span> <span class='ocrx_word' id='word_1_908' title='bbox 2701 5751 2770 5803; x_wconf 89' lang='lat' dir='ltr'><strong>sit</strong></span> <span class='ocrx_word' id='word_1_909' title='bbox 2796 5752 3084 5806; x_wconf 86' lang='lat' dir='ltr'><strong>sententias</strong></span> <span class='ocrx_word' id='word_1_910' title='bbox 3108 5761 3157 5805; x_wconf 91' lang='lat' dir='ltr'><strong>et</strong></span> <span class='ocrx_word' id='word_1_911' title='bbox 3182 5751 3297 5805; x_wconf 86' lang='lat' dir='ltr'><strong>loca</strong></span> <span class='ocrx_word' id='word_1_912' title='bbox 3323 5768 3355 5804; x_wconf 91' lang='lat' dir='ltr'><strong>a</strong></span> <span class='ocrx_word' id='word_1_913' title='bbox 3385 5750 3647 5805; x_wconf 78' lang='lat' dir='ltr'><strong>veteribus</strong></span> <span class='ocrx_word' id='word_1_914' title='bbox 3685 5753 3766 5807; x_wconf 84' lang='lat' dir='ltr'><strong>ci-</strong></span> 
     </span>
    </p>
   </div>
   <div class='ocr_carea' id='block_1_117' title="bbox 2173 5844 3763 5917">
    <p class='ocr_par' dir='ltr' id='par_1_117' title="bbox 2173 5844 3763 5917">
     <span class='ocr_line' id='line_1_117' title="bbox 2173 5844 3763 5917; baseline 0.001 -17"><span class='ocrx_word' id='word_1_915' title='bbox 2173 5855 2284 5902; x_wconf 84' lang='lat' dir='ltr'><strong>tata</strong></span> <span class='ocrx_word' id='word_1_916' title='bbox 2311 5861 2422 5902; x_wconf 83' lang='lat' dir='ltr'><strong>esse</strong></span> <span class='ocrx_word' id='word_1_917' title='bbox 2445 5860 2539 5917; x_wconf 88' lang='lat' dir='ltr'><strong>per</strong></span> <span class='ocrx_word' id='word_1_918' title='bbox 2566 5844 2792 5901; x_wconf 83' lang='lat' dir='ltr'><strong>verbum</strong></span> <span class='ocrx_word' id='word_1_919' title='bbox 2822 5844 2928 5902; x_wconf 88' lang='lat' dir='ltr'><strong>hoc</strong></span> <span class='ocrx_word' id='word_1_920' title='bbox 2961 5845 3098 5900; x_wconf 76' lang='lat' dir='ltr'><strong>dixit</strong></span> <span class='ocrx_word' id='word_1_921' title='bbox 3129 5861 3235 5901; x_wconf 88' lang='lat' dir='ltr'><strong>non</strong></span> <span class='ocrx_word' id='word_1_922' title='bbox 3266 5844 3471 5915; x_wconf 89' lang='lat' dir='ltr'><strong>minus,</strong></span> <span class='ocrx_word' id='word_1_923' title='bbox 3507 5844 3622 5900; x_wconf 92' lang='lat' dir='ltr'><strong>imo</strong></span> <span class='ocrx_word' id='word_1_924' title='bbox 3651 5859 3763 5902; x_wconf 71' lang='lat' dir='ltr'><strong>sa-</strong></span> 
     </span>
    </p>
   </div>
  </div>
