3878 6210
247 290 352 344 133

909 245 912 248 Β
1019 286 1070 342 1.
1105 281 1472 340 PEARSONII
1510 281 1832 339 V'lNDlCUE
1875 279 2301 339 IGNATIANIE.
2343 311 2412 322 —
2450 278 2633 334 PARS
2667 275 2710 332 1.

3420 271 3524 326 15s

236 427 269 478 p
293 425 362 465 us
391 425 558 480 quam
613 426 710 481 per
742 410 973 467 verbum
1025 411 1280 473 alterum,
1312 410 1548 480 scripsit.
1581 408 1838 464 Clemens
1868 417 1914 474 Α
1943 408 2051 478 psit
2087 427 2099 461 :
2135 406 2340 476 Quippe
2374 421 2493 459 cum
2527 413 2661 459 esset
2695 402 2790 456 sub
2827 400 3055 456 Claudio
3088 399 3320 465 Casarc,
3355 420 3390 454 α
3421 415 3524 462 quo

233 502 646 560 Aiexandrinus
689 503 950 560 Stromat.
992 506 1089 560 l.v
1131 518 1146 558 :
1190 503 1364 559 Moses
1405 504 1646 574 permisit
1700 503 1838 559 vesci

227 593 298 645 iis
322 635 339 659 ,
390 611 516 664 quae
554 595 746 650 habent
785 597 970 664 ﬁssam
1003 595 1257 668 ungulam
1296 606 1345 649 et
1378 611 1498 665 quae
1543 595 1836 657 ruminant,

228 685 461 756 μηνύων
483 728 500 752 ,
552 688 720 759 φησὶν
769 691 798 742 ὁ
851 688 1158 760 Βαρνάϐας,
1213 686 1506 742 κολλᾶσθαι
1554 687 1666 741 δεῖν
1701 686 1839 759 μετὰ

222 777 338 831 τῶν
371 778 731 850 φοϐουμένων
763 780 856 835 τὸν
877 780 1106 853 Κύριον,
1132 781 1466 852 signiﬁcans,
1499 779 1670 850 inquit
1699 778 1841 831 Bar-

225 869 438 937 nabas,
479 881 720 941 oportere
757 871 1028 926 adhwrerc
1056 873 1123 926 iis
1167 873 1258 942 qui
1294 873 1479 926 timent
1523 869 1831 934 Dominum,

224 973 280 1017 et
307 973 510 1018 cetera
545 963 684 1018 bene
702 963 897 1029 multa,
923 980 1046 1034 qua:
1073 965 1215 1034 apud
1233 963 1573 1018 Clementem
1595 977 1838 1032 sequun-

227 1065 340 1119 tur,
358 1066 415 1112 et
442 1059 658 1114 nuncin
673 1058 908 1128 epistola
934 1057 1201 1114 Barnabae
1221 1060 1595 1129 reperiuntur.
1616 1057 1738 1113 Lib.
1759 1075 1794 1112 ιι
1816 1072 1830 1110 :

228 1150 614 1224 Παραθεμένῳ
648 1151 859 1222 μάρτυν
893 1151 985 1206 τὸν
1018 1152 1378 1206 άποστολικὸν
1428 1152 1717 1224 Βαρνάϐαν
1769 1149 1835 1222 (ὁ

223 1243 283 1296 δὲ
319 1243 434 1296 τῶν
467 1243 843 1315 ἑϐδομήκοντα
891 1239 982 1314 ἦν,
1019 1244 1111 1298 καὶ
1158 1244 1421 1316 συνεργὸς
1453 1243 1547 1298 τοῦ
1581 1242 1832 1315 Παύλου)

227 1336 376 1389 κατὰ
408 1335 558 1400 λέξιν
606 1331 710 1388 ὧδὲ
744 1353 864 1400 πως
895 1335 1143 1404 λέγοντα.
1189 1335 1291 1391 Ubi
1331 1336 1680 1391 adducuntur
1711 1335 1834 1390 duze

226 1428 514 1497 longiores
545 1429 732 1499 ῥήσεις
756 1443 824 1483 ex
848 1428 1039 1483 eadem
1069 1429 1298 1497 epistola
1327 1444 1449 1497 que
1465 1443 1611 1483 nunc
1624 1435 1825 1482 exstat.

227 1515 352 1571 Lib.
378 1517 598 1579 eodem,
632 1518 869 1581 Εἰκότως
886 1512 981 1572 οὖν
1002 1520 1031 1572 ὁ
1051 1518 1346 1582 ἀπόστολος
1365 1519 1670 1590 Βαρνάϐας
1710 1518 1828 1588 Ἀφ’

152 1629 165 1640 ·
223 1605 311 1673 ὦ,
346 1610 519 1680 φησὶν
544 1650 560 1674 ,
599 1609 790 1663 ἔλαϐον
837 1610 1074 1682 μέρους,
1110 1621 1165 1665 et
1204 1621 1422 1667 cetera.
1468 1617 1546 1666 Ac
1589 1628 1824 1668 rursus:

223 1703 287 1755 ’Δ
295 1702 452 1774 μέλει
468 1702 754 1774 μυστικῶς
767 1705 795 1756 ό
811 1703 1116 1776 Βαρνάϐαςο
1141 1722 1158 1754 ι
1183 1704 1240 1758 '0
1256 1704 1312 1758 δὲ
1327 1705 1458 1768 Θεὸς
1473 1705 1501 1755 ό
1515 1704 1607 1758 τοῦ
1625 1705 1827 1768 παντὸς

223 1797 442 1868 κόσμου
459 1795 754 1868 κυριεύων,
777 1797 934 1866 φησι,
958 1795 1070 1869 δώῃ
1089 1798 1181 1851 καὶ
1201 1798 1330 1868 ὑμῖν
1343 1799 1554 1867 σοφίαν,
1593 1817 1612 1850 ι
1636 1797 1749 1854 Etl.
1765 1814 1828 1852 v:
1865 1781 1907 1836 Β

237 1888 406 1943 Ἀλλά
440 1890 540 1944 καὶ
587 1889 908 1960 Βαρνάϐας,
943 1891 972 1944 ὁ
1006 1891 1100 1944 καὶ
1150 1891 1314 1955 αὐτὸς
1363 1891 1710 1964 συγκηρύξας
1759 1892 1838 1964 τῷ

235 1981 578 2054 Ἀιωστόλῳ,
642 1984 783 2037 κατὰ
833 1983 931 2055 τὴν
976 1983 1254 2038 διακονίαν
1299 1984 1408 2039 τῶν
1471 1984 1641 2040 ἐθνῶν
1664 2026 1680 2051 ,
1745 1985 1838 2040 τὸν

220 2075 410 2142 λόγον’
451 2094 471 2126 ι
511 2074 948 2148 Ἀπλούστερον,
1009 2077 1207 2148 φησὶν,
1265 2078 1396 2149 ὑμῖν
1458 2079 1693 2152 γράφω,
1749 2079 1839 2133 ἵνα

222 2168 489 2239 συνίητε,
546 2187 566 2220 ι
605 2164 704 2221 εἷθ’
743 2168 951 2232 ὑποϐάς
988 2169 1090 2240 ἤδη
1149 2168 1482 2241 σαφέστερον
1531 2170 1838 2242 γνωστικῆς

221 2261 591 2332 παραδόσεως
627 2260 772 2330 ἴχνος
807 2260 1244 2332 παρατιθέμενος
1266 2260 1436 2330 λέγει.
1471 2262 1550 2316 Ita
1583 2259 1838 2317 Clemens

229 2349 552 2404 Barnabam
590 2349 764 2403 multa
797 2348 1028 2415 dixisse,
1065 2364 1166 2402 nec
1200 2348 1408 2417 aliquid
1436 2347 1837 2417 scripsisse‘te-

224 2453 434 2508 statur,
470 2456 601 2495 cum
639 2449 821 2494 tamen
872 2455 937 2494 ea
975 2439 1159 2494 omnia
1203 2439 1258 2492 in
1298 2438 1528 2510 epistola
1573 2437 1838 2495 Barnabas

225 2535 500 2590 attributa
550 2541 810 2598 exstent,
847 2547 964 2598 nec.
996 2532 1063 2585 ad
1117 2531 1586 2609 apophthegmata
1643 2531 1835 2587 referri

230 2635 495 2695 possunt.
530 2623 624 2678 Sic
651 2622 874 2677 Veteres
908 2636 1104 2677 omnes
1127 2622 1293 2676 locuti
1322 2633 1471 2676 sunt.
1507 2623 1565 2675 In
1583 2622 1834 2677 eumdem

231 2718 461 2773 modum
498 2716 722 2784 scripsit
764 2713 1063 2780 Eusebius,
1101 2713 1155 2767 in
1183 2728 1350 2784 quem
1397 2713 1696 2784 scripserat
1725 2715 1837 2770 Ire-

230 2825 408 2864 naeus.
440 2807 544 2862 Hic
577 2824 592 2859 :
628 2807 866 2862 Meminit
889 2805 1238 2876 epistolan
1262 2804 1468 2877 Ignatii
1498 2804 1735 2862 Irenteus
1757 2807 1837 2861 ita

228 2903 437 2966 dicens,
483 2899 535 2954 id
570 2908 658 2954 est
744 2898 1017 2963 scribens;
1063 2897 1153 2952 ille
1193 2917 1206 2952 :
1249 2897 1484 2963 Quidam
1529 2899 1594 2952 de
1633 2900 1832 2954 nostris

229 2992 395 3057 dixit,
430 2991 486 3045 id
517 3000 603 3044 est
651 2990 888 3058 scripsit.
919 2987 1072 3043 Adeo
1109 2988 1238 3042 huic
1269 2989 1456 3058 phrasi
1483 2989 1733 3044 addictus
1750 2997 1836 3045 est

230 3088 502 3146 beamus,
542 3090 601 3133 ut
637 3079 980 3149 Scripturam
1013 3079 1186 3144 ipsam
1220 3079 1395 3132 dicere
1442 3079 1674 3134 scribat.
1704 3078 1825 3134 Lib.

230 3193 292 3239 ιι,
327 3190 455 3243 cap.
483 3173 560 3226 Ξῖ
605 3171 672 3225 Ει
696 3172 782 3226 hic
809 3188 933 3242 ergo
968 3188 1001 3224 a
1040 3169 1208 3224 Verbo
1231 3172 1346 3241 ejus
1380 3171 1555 3241 factus
1583 3185 1684 3238 est,
1722 3173 1829 3226 sic-

227 3279 285 3319 ut
336 3266 625 3334 Scriptura
669 3263 924 3318 Geneseos
964 3263 1116 3318 dicit.
1152 3261 1218 3317 Et
1262 3263 1330 3318 de
1363 3262 1576 3318 llerma:
1606 3264 1830 3321 Pastore

227 3360 470 3429 loquens
489 3358 585 3412 lib.
614 3373 688 3416 tv,
716 3371 837 3426 cap.
864 3356 933 3410 57
960 3373 972 3409 :
997 3355 1056 3408 Br
1075 3372 1138 3409 ne
1159 3372 1281 3424 ergo
1303 3356 1663 3425 pronuntiarit
1684 3353 1830 3414 Scri-

225 3462 390 3518 ptura
409 3465 532 3519 quae
550 3449 714 3502 dicit:
737 3467 755 3498 ι
784 3447 972 3501 Primo
986 3449 1223 3500 omnium
1239 3448 1390 3500 crede
1421 3446 1670 3507 quoniam
1692 3464 1828 3503 unus

226 3555 308 3597 est
345 3543 512 3597 Deus.
552 3561 572 3592 ι
599 3540 832 3606 Quoties
864 3539 1194 3594 sententiam
1227 3538 1606 3609 cujuscunque
1635 3548 1824 3594 aucto-

224 3639 310 3690 ris
342 3633 622 3704 producit,
657 3647 766 3686 non
809 3647 936 3686 eum
977 3633 1254 3700 scripsisse
1279 3673 1294 3696 ,
1351 3632 1446 3685 sed
1495 3632 1694 3686 dixisse
1726 3633 1823 3686 ait.

224 3729 310 3781 ιω
345 3729 414 3781 de
447 3724 854 3794 antiquissimis
882 3725 1056 3793 poetis
1093 3723 1527 3792 loquiturzﬂna:
1560 3723 1826 3778 Hesiodus

225 3821 308 3872 uit
332 3819 399 3872 de
424 3817 696 3872 Pandaro.
725 3817 803 3870 De
837 3818 1025 3887 quibus
1051 3815 1317 3869 Homerus
1346 3826 1500 3885 poeta
1533 3817 1673 3870 dixit
1702 3835 1721 3872 :

299 3914 396 3977 Ὡς
430 3911 499 3965 δὲ
533 3911 653 3966 θεοὶ
687 3912 808 3978 πὰρ
843 3910 988 3977 Ζηνὶ
1023 3909 1344 3978 καθήμενοι
1382 3909 1740 3978 ἠγορόωντο,

226 4012 286 4056 et
312 4018 515 4057 rursus
537 4019 552 4055 :
572 4000 860 4056 Accusabit
879 4015 965 4054 eos
997 3998 1282 4068 Homerus,
1311 4002 1561 4071 proprius
1585 4003 1825 4072 ipsorum

226 4104 414 4166 poeta,
447 4095 563 4165 ipso
591 4095 796 4149 dicente
825 4093 938 4148 lucc
972 4107 990 4146 :

297 4187 550 4258 Ἐχθρὸς
580 4185 692 4256 γάρ
717 4204 822 4257 μοι
855 4186 1121 4252 κεῖνος...

231 4281 442 4336 Eodem
477 4281 644 4333 modo
673 4279 742 4334 de
776 4279 1144 4348 philosophis,
1182 4277 1251 4333 de
1301 4277 1657 4350 Anaxagora,
1694 4277 1828 4334 Em-

231 4373 488 4444 podoele,
527 4370 864 4438 Democrito,
888 4369 1118 4425 Platone
1144 4371 1410 4440 loquitur,
1445 4389 1571 4428 cum
1616 4389 1726 4428 non
1759 4374 1824 4429 ad

1943 500 2105 554 etiam
2140 509 2324 552 statua
2357 499 2651 551 honoratus
2684 512 2798 550 esse
2830 495 3050 548 dicitur.
3069 493 3322 563 Quinque
3353 492 3525 547 libros

1943 591 2114 647 fuisse
2141 606 2170 646 a
2196 591 2362 661 Papia
2384 589 2726 661 conscriptos
2755 587 3206 644 asseritlrenaeus
3237 583 3378 641 :Sed
3395 599 3522 638 cum

1939 685 2104 740 verba
2129 701 2193 739 ex
2231 685 2338 739 illis
2372 684 2522 749 citat,
2555 683 2750 738 eodem
2777 681 2944 736 modo
2977 679 3262 750 loquitur:
3293 677 3358 732 Et
3381 677 3528 746 adje-

1941 777 2012 829 cit
2045 776 2222 830 dicens
2250 793 2268 832 :
2307 774 2431 831 ﬂare
2475 783 2656 830 autem
2689 775 2967 830 credibilia
3000 781 3128 828 sunt
3151 771 3520 827 credentibus.

1941 867 2213 934 Et,Juda,
2249 869 2440 939 inquit,
2475 868 2751 938 proditore
2780 881 2889 921 non
2917 867 3264 932 eredente,et
3292 865 3525 920 interro-

1940 970 2120 1030 gante,
2153 971 2259 1016 etc.
2308 963 2386 1016 lla
2420 962 2584 1015 etiam
2614 960 2687 1032 .in
2731 959 3029 1026 Procemio,
3076 957 3256 1024 καθὼς
3288 957 3395 1014 ὑπὸ
3427 956 3524 1012 τοῦ

1939 1054 2248 1125 κρείττονος
2281 1053 2437 1124 ἡμῶν
2471 1053 2715 1125 εἴρηται,
2752 1069 2877 1108 cum
2921 1054 3224 1124 elegantem
3265 1051 3524 1106 similitu-

1936 1147 2118 1203 dinem
2161 1148 2231 1203 ab
2283 1148 2512 1217 antiquo
2551 1146 2818 1216 scriptore
2863 1155 3166 1200 mutuatur.
3210 1143 3349 1198 Cum
3393 1159 3523 1213 pro-

1936 1241 2075 1298 lixas
2127 1243 2320 1313 ῥήσεις
2361 1257 2427 1297 ex
2478 1239 2984 1299 Valentinianorum
3027 1239 3248 1308 scriptis
3284 1239 3516 1304 recitat,

1934 1334 2009 1389 ita
2043 1334 2343 1404 praefatur:
2381 1333 2553 1388 Τοῦτο
2587 1333 2832 1386 πείθουσι
2867 1333 2994 1396 τοὺς
3026 1332 3307 1403 ἀνοήτους,
3329 1327 3524 1396 αὐταῖς

1932 1426 2110 1491 λέξεσι
2140 1427 2388 1496 λέγοντες
2419 1424 2613 1490 οὕτως,
2634 1434 2688 1480 et
2715 1443 2728 1478 :
2769 1424 3018 1496 Ἰωάννην
3031 1424 3121 1479 τὸν
3149 1423 3394 1497 μαθητὴν
3426 1425 3522 1479 τοῦ

1931 1519 2140 1591 Κυρίου
2173 1518 2484 1572 διδάσκουσι
2529 1517 2628 1588 τὴν
2663 1513 2887 1588 πρώτην
2933 1515 3160 1585 ὀγδοάδα
3213 1514 3522 1586 μεμηνυκέ-

1929 1631 2037 1677 ναι,
2073 1613 2267 1677 αὺτατς
2300 1609 2478 1675 λέξεσι
2511 1609 2760 1679 λέγοντες
2791 1609 2984 1673 οὕτως.
3005 1618 3111 1664 etc.
3141 1626 3154 1661 :
3179 1611 3312 1679 φασὶ
3342 1610 3399 1662 δὲ
3431 1603 3521 1664 οὖ-

1928 1719 2010 1756 τοι
2043 1703 2120 1766 ὼς
2167 1702 2261 1757 ἐπὶ
2296 1703 2355 1756 τὸ
2406 1701 2740 1773 ὑψηλότερον
2775 1701 2867 1758 καὶ
2915 1700 3359 1772 γνωστικώτερον
3396 1705 3522 1756 ἐπε·-

1938 1795 2272 1866 κτεινόμενοι
2288 1795 2386 1867 τὴν
2405 1792 2632 1865 πρώτην
2663 1793 2895 1864 τετράδα
2912 1791 3104 1855 οὕτως,
3125 1801 3180 1846 et
3208 1811 3222 1847 :
3252 1808 3524 1864 πανυπερ-

1937 1890 2106 1961 τάτην
2156 1888 2392 1961 τετράδα
2440 1887 2615 1959 τούτῳ
2666 1889 2813 1959 μόνῳ
2843 1885 3206 1959 διηγήσασθαι
3235 1886 3408 1950 οὕτως
3446 1889 3523 1940 el-

1937 1981 2170 2036 ποῦσαν.
2207 1983 2324 2037 lmo
2346 1981 2788 2052 quotiescunque
2828 1981 3066 2050 aliquam
3098 1981 3426 2035 sententiam
3452 1996 3516 2034 es

1937 2075 2207 2146 scriptore
2229 2074 2415 2145 aliquo
2443 2075 2709 2129 Irenaeum
2736 2074 2936 2129 citasse
2965 2073 3274 2139 observavi,
3307 2088 3524 2143 semper

1935 2182 2060 2222 eum
2098 2181 2287 2221 vocem
2339 2166 2489 2220 illam
2533 2165 2704 2232 dixit,
2744 2179 3026 2236 nunquam
3075 2176 3257 2219 autem
3292 2166 3520 2220 alteram

1935 2259 2150 2327 scripsit
2185 2273 2484 2328 usurpasse
2515 2256 2902 2314 animadverti.
2936 2255 3156 2312 Nullum
3185 2257 3410 2312 omnino
3441 2259 3515 2311 lo-

1935 2367 2060 2408 cum
2115 2367 2147 2407 e
2191 2353 2469 2406 contrario
2515 2351 2737 2406 adducit
2767 2350 3033 2416 Dallmus,
3083 2366 3252 2406 unum
3295 2351 3520 2421 quidem

1935 2441 2230 2508 Parkerus,
2262 2442 2357 2498 sed
2391 2440 2790 2497 infelicissime.
2823 2439 2959 2496 Nam
2994 2443 3168 2512 inquit
3196 2459 3209 2495 :
3241 2442 3372 2498 Cum
3396 2440 3522 2497 Cle-

1936 2542 2160 2587 mentem
2181 2534 2516 2600 citat,utitur
2529 2533 2630 2586 hac
2652 2548 2794 2600 voce,
2820 2533 3059 2602 scripsit.
3089 2533 3193 2587 Sed
3219 2535 3521 2604 quomodo,

1935 2642 2147 2696 quaeso,
2179 2626 2391 2682 utitur?
2420 2624 2595 2681 Verba
2619 2626 2740 2694 ejus
2767 2634 2897 2680 sunt
2924 2625 3020 2682 ιιι..
3049 2643 3105 2680 ιιι
3127 2642 3281 2696 ,cap.
3305 2627 3340 2681 5
3373 2644 3385 2679 :
3411 2627 3522 2682 Sub

1935 2718 2033 2772 hoc
2072 2719 2240 2788 igitur
2272 2717 2537 2774 Clemente
2566 2720 2782 2788 scripsit
2813 2734 2932 2789 qua:
2963 2729 3040 2772 est
3075 2718 3256 2775 Roma:
3283 2719 3522 2774 Ecclesia

1934 2809 2331 2879 potentissimas
2366 2809 2576 2862 litteras
2611 2807 2924 2863 Corinthiis.
2953 2805 3110 2861 Nulla
3140 2807 3228 2862 hic
3251 2816 3522 2862 sentent.a

1934 2901 2158 2966 citatur,
2187 2898 2392 2954 nullius
2425 2899 2670 2955 auctoris
2717 2899 3092 2954 testimonium
3127 2915 3197 2954 ex
3231 2899 3354 2969 ejus
3379 2901 3522 2954 scri-

1934 2993 2041 3062 ptis
2067 2992 2376 3058 adducitur,
2404 3007 2472 3046 ne
2493 2991 2746 3046 Clemens
2780 2992 3002 3062 quidem
3036 3001 3294 3062 tanquam
3328 3002 3521 3046 auctor

1935 3086 2255 3151 admscatur,
2284 3094 2495 3139 tantum
2523 3084 2628 3138 sub
2651 3085 2930 3139 Clemente
2959 3084 3161 3152 scripta
3199 3081 3372 3137 fuisse
3398 3083 3519 3152 epi-

1932 3179 2072 3233 stola
2109 3177 2333 3242 dicitur,
2368 3175 2513 3247 quod
2547 3175 2616 3230 ad
2649 3192 2763 3230 rem
2798 3175 2958 3230 nihil.
2996 3173 3222 3228 Frustra
3249 3175 3519 3246 igiturob-

1925 3267 2115 3338 jicitur
2150 3269 2414 3324 Irenaeum
2467 3269 2687 3338 quidem
2749 3269 2940 3323 testari
2997 3269 3323 3323 sententiam
3377 3267 3523 3322 hanc

1931 3361 2201 3431 lgnatium
2244 3361 2478 3426 dixisse,
2516 3377 2626 3416 non
2676 3373 2856 3416 autem
2896 3361 3195 3430 scripsisse,
3241 3375 3367 3415 eum
3427 3360 3518 3414 ille

1931 3467 2212 3522 nunquam
2250 3453 2410 3507 aliter
2441 3453 2699 3522 loquatur
2722 3452 2940 3522 quoties
2963 3451 3127 3506 verba
3151 3449 3335 3520 aliqua
3359 3466 3392 3505 e
3416 3448 3520 3504 Ve-

1928 3551 2107 3598 terum
2141 3545 2296 3600 libris
2317 3545 2468 3600 citet.
2505 3544 2766 3598 Eamdem
2795 3543 2962 3614 igitur
2989 3543 3100 3596 vim
3132 3543 3185 3595 in
3230 3541 3519 3597 sententiis

1929 3635 2186 3693 Veterum
2240 3636 2534 3692 recitandis
2590 3637 2789 3691 habere
2842 3637 3002 3690 debet
3057 3637 3198 3705 apud
3253 3635 3520 3689 Irenaeum

1929 3731 2092 3794 dixit,
2127 3745 2292 3800 quam
2313 3729 2478 3784 habet
2502 3728 2645 3799 apud
2675 3728 2835 3793 alios,
2862 3729 3184 3797 plerumque
3204 3726 3366 3792 dixit,
3391 3741 3522 3779 non-

1930 3835 2212 3892 nunquam
2258 3821 2496 3890 scripsit.
2551 3817 2619 3873 Ut
2666 3820 2850 3874 dicere
2899 3834 3007 3872 non
3064 3833 3349 3872 vereamur
3393 3832 3519 3871 cum

1928 3915 2132 3970 Dalheo
2163 3929 2177 3966 :
2216 3913 2350 3979 Quae
2383 3914 2516 3966 citat
2570 3929 2692 3966 cum
2738 3913 2959 3966 totidem
2991 3913 3158 3966 verbis
3201 3911 3257 3966 in
3289 3909 3519 3980 epistola

1927 4009 1999 4063 ad
2048 4006 2315 4061 Romanos
2370 4003 2663 4076 Ignatiana
2700 4005 2965 4074 legantur,
3003 4003 3254 4071 frivolum
3303 4012 3354 4057 et
3404 4004 3510 4056 ine-

1927 4112 2077 4174 ptum
2109 4111 2220 4166 est,
2255 4117 2317 4156 ea
2352 4101 2569 4155 aliunde
2615 4117 2777 4171 quam
2817 4116 2882 4155 ex
2925 4099 3024 4154 hac
3061 4097 3304 4170 Epistola
3354 4100 3522 4153 citata

1926 4209 2040 4248 esse
2065 4192 2349 4246 hariolari.

1991 4286 2086 4340 Ille
2135 4294 2316 4338 tamen
2359 4284 2540 4338 adhuc
2595 4283 2814 4337 aliunde
2869 4282 2988 4336 vult
3035 4283 3150 4337 haec
3191 4281 3383 4352 lgnatii
3417 4281 3518 4334 ha-

1928 4375 2116 4430 buisse
2143 4375 2427 4439 Irenzeum,
2463 4390 2681 4444 nempe,
2702 4391 2769 4428 ex
2796 4373 3378 4444 apopbthegmatibus,
3397 4389 3522 4441 qua:

228 4483 429 4524 eorum
459 4466 608 4520 dicta
639 4466 754 4520 sive
779 4465 1244 4535 apophthegmata
1271 4506 1286 4532 ,
1319 4465 1416 4520 sed
1448 4467 1682 4536 scriptas
1709 4481 1830 4521 sen—
1861 4481 1904 4539 [ι
1931 4468 2015 4522 vel
2045 4483 2074 4520 a
2104 4465 2431 4538 Polycarpo,
2459 4466 2542 4520 vel
2571 4481 2640 4520 ex
2674 4465 2809 4534 ipsis
2835 4463 3084 4534 martyrii
3118 4463 3272 4517 Actis
3303 4461 3519 4515 discere

232 4561 438 4615 tentias
466 4557 710 4628 respicit.
727 4555 938 4612 Pariter
960 4558 1257 4627 prophetas
1277 4566 1331 4613 et
1353 4558 1640 4628 apostolos
1656 4559 1819 4615 citat:

231 4652 464 4723 Propter
501 4651 599 4704 hoc
639 4659 688 4704 et
731 4649 938 4704 Paulus
964 4650 1239 4718 apostolus
1276 4651 1355 4703 ait
1396 4651 1466 4703 ad
1498 4650 1822 4715 Corinthios,

228 4757 287 4800 et
315 4747 449 4799 alibi
486 4763 502 4798 :
540 4743 756 4797 Dicebat
797 4743 868 4797 ad
911 4742 1239 4799 Corinthios.
1284 4743 1426 4798 Bene
1456 4743 1510 4796 in
1549 4744 1826 4813 prophetia

234 4837 543 4894 Halachias
565 4837 640 4890 ait
663 4851 681 4890 :
709 4835 865 4891 Tales
888 4837 1220 4906 presbyteros
1261 4838 1433 4890 nutrit
1460 4835 1721 4900 Ecclesia,
1763 4835 1827 4888 de

230 4932 425 5001 quibus
453 4937 508 4982 et
552 4929 809 4999 propheta
857 4929 980 4982 ait:
1009 4927 1080 4982 Et
1126 4927 1266 4982 dabo
1309 4929 1574 4998 principes
1619 4937 1735 4981 tuos
1770 4928 1827 4981 in

228 5041 364 5096 pace
385 5033 439 5080 et
467 5023 742 5092 episcopos
778 5029 895 5074 tuos
919 5021 974 5074 in
991 5021 1235 5089 justitia.
1269 5019 1477 5075 Eodem
1508 5020 1674 5076 etiam
1703 5037 1826 5076 mo-

229 5118 326 5183 do,
359 5115 584 5186 quoties
607 5115 849 5184 aliquam
871 5114 1203 5169 sententiam
1233 5113 1303 5167 ab
1316 5111 1700 5168 ecclesiastico
1712 5113 1828 5169 viro

221 5210 498 5282 scriptam
542 5208 750 5273 laudat,
785 5223 1002 5276 semper
1051 5207 1299 5276 loquitur
1337 5224 1352 5261 :
1393 5206 1592 5270 Καλῶς
1622 5208 1652 5260 ὁ
1698 5207 1830 5260 ἰου-

232 5304 413 5365 στῐνος
445 5299 577 5370 ἔφη,
611 5297 753 5353 Bene
797 5297 1044 5352 Justinus
1082 5297 1243 5364 dixit,
1278 5298 1529 5369 quoniam
1563 5307 1686 5353 ante
1717 5298 1828 5352 Do-

233 5395 364 5449 mini
397 5393 690 5448 adoerrtum
722 5407 991 5462 nunquam
1012 5407 1176 5445 ausus
1208 5400 1287 5445 est
1323 5391 1555 5447 Satanas
1591 5391 1830 5462 blasphe-

233 5504 378 5541 mare
433 5485 641 5549 Deum,
687 5484 920 5538 nondum
959 5485 1129 5539 sciens
1187 5501 1344 5539 suam
1407 5485 1824 5539 damnationem.

232 5580 373 5634 Alibi
405 5595 420 5631 :
452 5577 524 5631 Et
553 5577 682 5632 bene
701 5575 950 5631 Justinus
983 5577 1041 5630 in
1070 5593 1132 5631 eo
1167 5577 1304 5632 libro
1335 5579 1426 5648 qui
1459 5587 1536 5631 est
1571 5576 1642 5630 ad
1677 5576 1827 5631 Mar-

237 5674 432 5726 cionem
467 5671 570 5726 ait.
630 5667 821 5739 Neque
843 5669 1036 5724 dubito
1078 5670 1213 5740 quin
1251 5667 1455 5724 Justini
1502 5668 1822 5739 Apologiam

238 5762 290 5819 in
315 5765 502 5821 animo
528 5763 812 5829 habuerit,
845 5777 971 5819 cum
1002 5764 1110 5819 ista
1139 5762 1207 5818 de
1238 5756 1460 5819 Simone
1494 5761 1649 5834 Mago
1687 5763 1824 5820 scri-

1930 4560 2127 4630 potuit.
2155 4559 2429 4629 Epistolas
2464 4557 2656 4629 lgnatii
2689 4558 2890 4626 ubique
2922 4555 3177 4624 legimus,
3209 4552 3517 4622 apOphthe-

1927 4661 2112 4723 gmata
2145 4667 2439 4722 nusrptam.
2483 4650 2648 4704 Solus
2690 4647 2997 4709 Maximus,
3051 4645 3145 4701 tali
3192 4654 3519 4716 argumento

1928 4759 2173 4813 pressus,
2212 4744 2360 4813 quali
2413 4757 2562 4797 nunc
2607 4742 2876 4812 premitur
2932 4737 3519 4808 Dallaeus,apophthe-

1928 4845 2112 4905 gmata
2165 4835 2480 4890 somniavit.
2533 4834 2579 4887 A
2623 4831 2926 4904 Polycarpo
2962 4831 3223 4886 collectas
3254 4829 3520 4900 epistolas

1930 4926 2162 4992 scimus,
2197 4927 2266 4980 ab
2293 4927 2388 4980 illo
2413 4926 2776 4981 disseminata
2809 4924 3267 4995 apophthegmata
3299 4923 3520 4991 ignora-

1930 5036 2088 5076 mus:
2151 5020 2206 5084 in
2263 5018 2508 5089 Epistula
2569 5036 2598 5072 a
2645 5017 2950 5090 Polycarpo
2996 5010 3143 5072 edita
3187 5017 3517 5071 sententiam

1930 5115 2128 5185 ipsam,
2183 5129 2350 5185 quam
2409 5113 2653 5168 laudavit
2699 5112 2960 5178 lrenaeus,
3019 5111 3364 5176 invenimus;
3403 5125 3514 5164 non

1929 5223 2070 5278 Opus
2089 5216 2176 5262 est
2200 5207 2265 5260 ad
2287 5206 2490 5261 famam
2525 5221 2830 5272 recurrere,
2848 5221 2973 5260 cum
3007 5204 3061 5259 in
3089 5203 3310 5274 scriptis
3337 5213 3517 5258 tenea-

1929 5316 2082 5366 mus;
2136 5314 2190 5356 et
2238 5301 2741 5370 quomodocunque
2787 5308 2975 5368 postea
3031 5305 3295 5367 usurpata
3329 5296 3517 5363 sit,ex

1927 5393 2160 5463 epistola
2188 5393 2443 5450 haustam
2472 5408 2580 5448 non
2615 5392 2955 5448 dubitemus.
2982 5390 3140 5446 Nulla
3170 5398 3302 5445 sunt
3322 5389 3516 5460 lguatii

1927 5486 2389 5556 apophtbegmata
2418 5501 2542 5556 qua:
2565 5485 2829 5555 epistolas
2856 5493 3254 5554 przecesserunt
3282 5501 3296 5537 :
3330 5484 3374 5539 si
3405 5499 3516 5554 qua

1928 5577 2133 5632 fuerint
2181 5587 2368 5648 postea
2427 5578 2739 5643 decantata,
2800 5594 2869 5634 ex
2931 5577 3180 5648 epistolis
3224 5577 3512 5646 desumpta

1937 5669 2108 5726 fuisse
2157 5679 2210 5724 et
2251 5669 2410 5726 facile
2456 5671 2774 5742 intelligitur
2825 5679 2881 5724 et
2937 5671 3074 5726 satis
3121 5680 3274 5726 certo
3310 5681 3511 5738 cognoa
3565 5650 3571 5658 ’

1931 5766 2117 5822 scitur.
2141 5764 2215 5820 Es
2245 5764 2467 5823 Ussen’o
2496 5765 2715 5833 quidem
2749 5765 2982 5821 Dalixus
3013 5773 3063 5819 et
3096 5763 3510 5830 Hieronymum,
