3864 6204
391 274 492 328 155

1349 299 1354 304 “
1395 289 1454 344 8.
1493 289 1836 349 ICNATIUS.
1877 327 1946 338 -—-
1985 297 2523 357 PIlOLEGOMENA.

3538 298 3644 357 156

387 397 442 443 et
475 389 606 446 Acta
655 392 820 448 etiam
864 395 1044 467 aliqua
1083 403 1330 474 martyrii
1363 421 1476 460 sua:
1503 410 1744 478 opinioni
1792 411 1974 469 favere
2002 430 2046 486 Α
2077 433 2200 471 eum
2237 417 2451 473 Ruﬂiuo
2486 419 2665 472 adhuc
2698 419 3004 475 simultates
3045 427 3382 482 exercuerat,
3417 418 3654 488 Ideoque

387 479 683 551 intellexit;
726 488 820 543 sed
871 507 971 546 nec
1008 494 1094 546 illa
1121 495 1186 548 ad
1223 497 1363 552 hanc
1397 515 1510 554 rem
1555 503 1854 574 quidquam
1885 506 1966 561 fa-

382 575 562 630 ciunt.
625 577 825 636 Fateor
885 586 1138 654 equidem
1199 587 1593 662 llieruuymum
1655 597 1963 667 scripsisse,

383 667 553 722 verba
583 685 706 739 qua:
751 675 894 744 apud
949 679 1211 737 Irenteum
1261 691 1481 739 exstant
1511 684 1780 756 lgnatium
1808 691 1963 745 loeu-

379 769 498 816 tum
529 761 723 834 fuisse,
751 785 872 822 cum
905 778 1166 844 rugientes
1209 779 1418 832 audiret
1447 778 1642 844 leones,
1683 793 1743 836 ut
1775 782 1828 836 in
1863 785 1966 838 ali-

379 850 590 918 quibus
639 858 919 916 codicibus
964 863 1216 934 legimus.
1259 865 1392 921 Nam
1428 868 1482 922 in
1512 870 1636 925 aliis
1671 870 1808 927 illud
1843 889 1963 928 cum

377 957 446 999 eo
496 947 618 1003 loco
669 967 778 1006 non
810 965 1052 1024 apparet.
1087 957 1321 1030 Cumque
1353 959 1472 1029 jam
1507 963 1792 1018 damnatus
1829 976 1963 1021 esset

382 1038 454 1090 ad
491 1038 706 1109 bestias,
733 1055 783 1098 et
805 1047 996 1102 ardore
1036 1051 1276 1118 patiendi
1317 1053 1578 1122 rugientes
1614 1057 1823 1111 audiret
1855 1057 1962 1112 leo-

386 1146 498 1198 nes,
546 1135 644 1190 ait.
675 1135 750 1190 Ex
799 1139 879 1194 his
920 1143 1065 1196 enim
1124 1159 1232 1198 non
1292 1156 1401 1202 tam
1454 1151 1740 1221 perspicue
1782 1152 1962 1208 Romae

380 1238 506 1279 eum
559 1227 674 1282 haec
727 1231 955 1299 dixisse,
999 1251 1064 1289 ac
1112 1236 1166 1290 in
1208 1255 1263 1292 re
1296 1244 1568 1314 pra'senti,
1618 1252 1674 1297 ct
1711 1246 1865 1314 quasi
1905 1247 1961 1300 in

381 1331 543 1368 arena
585 1318 703 1387 ipsa
725 1336 790 1374 ex
823 1333 1003 1380 mente
1033 1323 1350 1400 liicronymi
1369 1311 1619 1401 apparet.
1641 1311 1802 1391 Certe
1828 1337 1959 1392 illud

378 1417 430 1460 et
461 1410 604 1479 quod
647 1411 702 1467 in
748 1413 1028 1473 Breviario
1073 1418 1322 1478 Romano
1365 1425 1655 1494 reperitur,
1687 1437 1742 1482 et
1772 1429 1957 1485 Graeca

380 1497 677 1571 Sophronii
745 1510 1001 1566 versione
1076 1514 1457 1584 conﬁrmatur,
1513 1519 1679 1574 alium
1735 1536 1956 1578 sensum

378 1594 656 1664 postulare
710 1599 966 1670 videtur;
1001 1620 1178 1674 neque.
1223 1609 1370 1662 enim
1412 1609 1620 1678 Romae,
1649 1614 1960 1672 schutio-

376 1689 514 1744 chiae
569 1690 856 1747 damnatus
921 1707 1000 1750 est
1057 1699 1128 1752 ad
1183 1699 1418 1765 bestias;
1465 1705 1740 1775 rugientes
1773 1719 1955 1765 autem

2069 509 2122 562 in
2155 511 2257 564 huc
2287 510 2407 580 ipso
2442 511 2579 564 libro
2612 512 2750 564 inter
2790 525 3006 566 caeteros
3049 509 3361 565 tractatores
3388 510 3586 564 librum
3614 528 3648 564 a

2070 601 2355 670 Pamphilo
2393 604 2593 658 editum
2642 606 2842 674 posuit,
2869 604 3012 674 quod
3045 621 3074 658 a
3119 603 3334 658 Βαίῐίηο
3361 603 3433 658 ita
3470 604 3649 672 fuerat

2066 694 2430 764 divulgatum;
2460 712 2560 752 nec
2595 695 2843 752 Bullinus
2868 696 2982 767 ipse
3015 697 3203 764 aliqua
3228 696 3335 750 alia
3363 704 3492 750 tunc
3512 711 3653 750 con-

2066 787 2383 858 scripserat.
2417 805 2540 860 qua:
2567 789 2636 844 ab
2676 788 3010 860 Hieronymo
3044 787 3338 843 memorari
3371 794 3649 859 poterant.

2020 941 2025 947 η
2067 877 2434 951 Hieronymus
2483 881 2652 951 igitur
2701 897 2732 934 a
2775 882 2995 936 nemine
3024 881 3285 949 deceptus
3331 895 3433 935 suo
3470 879 3652 934 Marte

2067 973 2156 1027 illa
2182 971 2507 1028 Eusebianis
2528 974 2755 1029 addidit.
2781 973 2984 1028 Eodem
3013 974 3175 1028 etiam
3202 973 3366 1028 modo
3387 973 3441 1027 in
3472 976 3651 1027 altero

2063 1065 2351 1134 Apollonio
2409 1065 2769 1121 describendo
2829 1075 3083 1121 versatus
3145 1074 3250 1120 est.
3307 1064 3648 1134 Apollonius,

2065 1155 2260 1224 inquit,
2283 1157 2360 1210 vir
2379 1157 2784 1221 disertissimus,
2799 1159 3011 1227 scripsit
3038 1159 3288 1214 adversus
3309 1156 3645 1223 Montanum,

2068 1249 2378 1304 Priscillam
2428 1261 2478 1304 et
2536 1249 2899 1305 Maximillam
2947 1252 3150 1322 insigne
3176 1261 3223 1305 et
3247 1250 3462 1322 longum
3490 1250 3646 1304 uolu—

2063 1358 2198 1405 men,
2220 1343 2273 1395 in
2295 1359 2398 1412 quo
2420 1343 2609 1396 asserit
2629 1341 2940 1397 Montanum
2961 1352 3011 1396 et
3037 1344 3252 1396 insanas
3267 1353 3409 1396 vates
3426 1341 3649 1411 periisse

2061 1434 2378 1502 suspendio;
2430 1433 2497 1486 de
2571 1434 2867 1503 suspendio
2925 1435 3069 1489 enim
3124 1434 3366 1489 Montani
3429 1435 3648 1488 iocutus

2060 1524 2281 1593 quidem
2337 1533 2420 1579 est
2471 1523 2760 1592 Eusebius,
2788 1525 2883 1580 sed
2913 1525 3034 1596 ejus
3075 1525 3443 1580 narrationem
3486 1524 3647 1578 alteri

2061 1616 2220 1686 plane
2247 1617 2527 1688 scriptori,
2562 1627 2616 1672 et
2644 1618 2864 1686 quidem
2893 1635 3167 1689 anonymo
3209 1618 3420 1682 tribuit,
3455 1618 3552 1672 lib.
3589 1634 3646 1684 v,

2059 1726 2182 1780 cap.
2216 1710 2304 1776 16,
2342 1726 2374 1766 a
2413 1727 2528 1782 quo
2557 1713 2693 1768 satis
2749 1724 2934 1784 aperte
2962 1713 3309 1784 Apollonium
3358 1713 3651 1782 distinguit

377 1779 564 1836 leones
619 1791 732 1849 tam
787 1785 1037 1858 Smyrnae
1092 1783 1257 1860 quam
1315 1792 1504 1850 Romae
1533 1797 1724 1853 audire
1747 1802 1956 1870 potuit;
1993 1809 2032 1864 Β
2061 1779 2182 1872 cap.
2211 1803 2298 1858 l8.
2350 1779 2626 1860 Eusebius
2659 1779 3025 1875 Apollonium.
3039 1806 3330 1875 scripsisse
3354 1806 3485 1861 dicit
3513 1779 3647 1858 ἷὲιον

375 1887 477 1926 nec
518 1889 627 1928 rem
653 1889 962 1944 praesentem
994 1880 1295 1953 intelligere
1340 1887 1557 1943 videtur
1591 1889 1956 1963 Sophronius,

373 1967 470 2035 qui
522 1969 768 2025 dentibus
815 1971 1103 2027 bestiarum
1139 1977 1328 2042 molor,
1362 1978 1595 2052 εὔχομαι
1624 1986 1738 2048 τοῖς
1780 1985 1958 2040 ὀδοῦσι

372 2063 482 2117 τῶν
547 2064 750 2138 θηρίων
817 2069 1120 2141 ἀλησθῆναι
1181 2077 1480 2133 transtulit.
1545 2078 1649 2134 Sed
1717 2095 1954 2138 mentem

376 2152 691 2230 Hieronymi
725 2161 778 2214 in
814 2162 919 2218 hac
948 2179 1006 2218 re
1032 2181 1138 2220 non
1171 2184 1395 2234 moror;
1433 2171 1564 2240 quid
1606 2173 1710 2228 iste
1747 2190 1842 2244 per
1865 2177 1954 2231 illa

374 2249 539 2304 verba
574 2252 808 2308 voluerit
855 2270 1049 2324 parum
1102 2258 1287 2324 refert,
1318 2278 1439 2332 qua:
1467 2264 1537 2318 ab
1582 2279 1649 2320 eo
1696 2265 1815 2322 sine
1847 2269 1954 2323 ulla

372 2344 696 2400 auctoritate
747 2347 893 2403 dicta
951 2361 1101 2408 sunt.
1140 2351 1336 2409 Omnia
1382 2373 1504 2426 qua:
1548 2358 1617 2413 de
1658 2357 1954 2430 lgnatiauis

373 2434 537 2490 habet
590 2437 644 2490 in
693 2438 974 2511 Catalogo,
1001 2459 1067 2498 ex
1123 2444 1356 2502 Eusebio
1401 2451 1637 2520 sumpsit
1687 2469 1700 2506 :
1744 2468 1811 2508 ex
1861 2454 1953 2508 illo

371 2529 720 2600 transeripsit
751 2536 1077 2590 sententiam
1112 2537 1254 2594 hanc
1280 2542 1349 2594 ah
1381 2539 1585 2598 Irenaeo
1645 2545 1947 2602 laudatam.

370 2619 514 2676 Nihil
542 2623 646 2678 tale
667 2623 962 2692 Eusebius,
997 2631 1133 2685 nihil
1163 2634 1403 2690 lrenwus
1427 2653 1442 2690 :
1466 2636 1534 2691 de
1556 2652 1658 2692 suo
1678 2639 1770 2693 illa
1787 2641 1948 2696 verba

367 2731 490 2783 quae
538 2725 756 2787 tempus
811 2721 1074 2778 denotare
1143 2726 1428 2782 videantur
1460 2739 1554 2784 aut
1584 2730 1821 2797 incaute,
1856 2743 1950 2789 aut

363 2808 643 2864 rhetorice
693 2812 934 2881 addidit;
967 2824 1134 2886 atque
1170 2818 1242 2873 ita
1283 2835 1407 2890 qua:
1431 2821 1500 2876 ab
1530 2819 1768 2878 Eusebio
1793 2840 1948 2880 acce-

367 2908 524 2967 perat
581 2902 766 2959 minus
820 2916 965 2962 recte
1015 2911 1260 2977 tradidit;
1293 2913 1437 2982 quod
1469 2914 1518 2968 ei
1553 2914 1606 2971 in
1641 2916 1743 2971 huc
1784 2933 1948 2986 opere

365 2992 612 3048 solemne
651 3006 754 3050 est.
790 2996 866 3054 De
907 2999 1197 3070 Apollonio
1229 3021 1396 3073 agens
1429 3007 1588 3076 cujus
1621 3011 1943 3081 martyrium

363 3084 727 3155 descripserat
751 3087 1041 3158 Eusebius,
1063 3111 1189 3149 eum
1219 3097 1288 3151 de
1317 3114 1420 3152 suo
1452 3109 1758 3156 senatorem
1793 3101 1943 3169 facit,

365 3180 575 3249 insigne
593 3179 668 3238 illi
692 3184 950 3240 volumen
989 3189 1508 3261 attribuit,eumque
1544 3193 1601 3246 iu
1630 3193 1950 3265 Catalogum

364 3276 697 3346 scriptorum
739 3277 1242 3335 ecclesiasticorum
1301 3283 1486 3350 refert,
1525 3287 1636 3340 imo
1671 3286 1814 3342 inter
1855 3303 1952 3344 eos

361 3366 582 3421 tandem
635 3378 890 3424 numerat
933 3371 1095 3440 epist.
1134 3373 1229 3437 84,
1283 3375 1375 3445 qui
1403 3375 1457 3429 in
1490 3385 1696 3431 tantum
1719 3379 1951 3448 philoso-

361 3456 585 3523 phorum
626 3459 888 3514 doctrinis
934 3472 1091 3532 atque
1150 3467 1424 3520 sententiis
1489 3485 1612 3523 suos
1663 3473 1948 3540 relerciunt

359 3547 547 3616 libros,
599 3561 656 3605 ut
703 3554 909 3607 nescias
945 3554 1072 3625 qutd
1127 3557 1182 3609 in
1237 3557 1349 3612 illis
1400 3561 1630 3628 primum
1685 3563 1950 3618 admirari

359 3641 568 3708 debeas,
597 3646 949 3701 eruditionem
1001 3649 1206 3715 steculi,
1254 3667 1324 3704 an
1375 3654 1655 3708 scientiam
1703 3655 1943 3725 Scripta--

361 3749 566 3790 rarum.
594 3735 718 3792 Haec
739 3737 1104 3812 Hieronymus
1132 3743 1356 3813 proprio
1386 3745 1605 3816 ingenio
1626 3763 1692 3802 ex
1711 3746 1945 3804 Eusebio

359 3827 573 3883 extudit
609 3838 664 3883 et
687 3834 1054 3902 exaggeravit.
1086 3833 1274 3904 Neque
1319 3837 1467 3891 enim
1514 3840 1824 3896 audiendus
1851 3840 1944 3896 Jo-

359 3920 566 3988 scphus
599 3921 864 3992 Scaliger,
904 3925 996 3996 qui
1030 3942 1155 3981 cum
1204 3943 1328 3983 cum
1381 3929 1474 3986 illa
1523 3933 1808 4000 scriberet,
1842 3951 1944 3988 non

361 4009 606 4066 Cretum
647 4013 862 4069 Eusebii
886 4019 1177 4087 exemplar,
1217 4023 1306 4075 sed
1337 4020 1527 4093 Bullini
1551 4026 1944 4096 interpretatio-

358 4118 475 4156 nem
520 4102 771 4160 Latinam
823 4108 875 4161 in
931 4111 1186 4165 manibus
1243 4113 1499 4170 habuisse
1560 4119 1795 4185 asserit;
1849 4130 1944 4175 aut

362 4192 632 4252 Henricus
697 4196 966 4261 Valesius,
1009 4204 1102 4271 qui
1149 4220 1274 4259 eum
1330 4206 1447 4261 haec
1501 4209 1614 4264 sine
1663 4210 1824 4265 dubio
1875 4229 1942 4266 ea:

358 4303 524 4357 prava
571 4287 761 4359 ιζαῄῖηί
804 4291 1238 4362 interpretatione
1290 4297 1540 4356 hausisse
1587 4302 1769 4357 tradit.
1825 4302 1941 4359 Hoc

353 4380 503 4434 enim
547 4380 662 4436 lieri
695 4383 846 4437 nullo
887 4385 1051 4438 modo
1081 4389 1280 4456 potuit,
1315 4407 1440 4446 cum
1477 4401 1555 4447 tot
1589 4396 1748 4450 anuis
1771 4395 1936 4452 Cata-

2063 1894 2421 1968 σύγγραμμα.
2436 1894 2803 1969 Hieronymus
2833 1897 2966 1953 illud
2987 1899 3223 1970 appellat
3243 1899 3444 1969 insigne
3461 1909 3508 1952 et
3525 1898 3647 1951 lon-

2059 2005 2182 2058 gum
2218 1989 2481 2057 volumen,
2512 2006 2638 2046 cum
2681 1993 2816 2062 ipse,
2852 1993 3084 2055 scilicet.
3113 1993 3162 2048 ei
3193 1994 3492 2048 addidisset
3531 2003 3649 2047 tres

2059 2081 2198 2136 alios
2249 2081 2419 2136 libros
2451 2082 2520 2136 ab
2561 2071 2838 2156 anonymo
2875 2086 3236 2155 conscriptos.
3272 2085 3386 2139 lmo
3416 2095 3470 2139 et
3499 2086 3648 2139 idem

2058 2174 2316 2244 auonymi
2355 2171 2507 2244 Opus
2551 2174 2801 2230 lihodoni
2846 2176 3012 2230 etiam
3044 2176 3313 2230 attribuit.
3344 2175 3646 2242 Miltiades,

2059 2265 2256 2335 inquit,
2291 2266 2443 2336 cujus
2488 2265 2708 2321 Rhodon
2758 2269 2812 2321 in
2856 2285 3008 2337 opere
3043 2285 3172 2334 suo,
3203 2267 3342 2338 quod
3389 2267 3646 2321 adversus

2059 2355 2395 2423 Montanum,
2440 2355 2750 2410 Priscillam
2801 2355 3267 2428 Maximillamque
3314 2359 3643 2426 composuit,

2055 2448 2384 2502 recordatur.
2429 2448 2568 2503 Cum
2614 2448 2704 2504 ille
2744 2449 2840 2519 qui
2890 2448 3148 2504 Miltiadis
3198 2449 3465 2515 meminit,
3494 2449 3645 2503 idem

2053 2540 2127 2594 sit
2161 2539 2256 2610 qui
2296 2540 2523 2596 tradidit
2570 2541 2893 2596 Montanum
2931 2551 2987 2596 et
3022 2541 3376 2596 Maximillam
3408 2541 3647 2611 suspén-

2053 2630 2148 2684 diu
2181 2631 2354 2685 vitam
2393 2632 2621 2688 (iniisse.
2654 2630 2779 2688 Haec
2813 2631 3181 2705 Hieronymus
3218 2633 3399 2702 itaque
3437 2647 3502 2686 ex
3535 2647 3645 2686 suo

2054 2722 2281 2776 addidit.
2322 2721 2460 2778 Nam
2489 2725 2636 2794 quod
2671 2724 2904 2780 Gravius
2938 2741 3037 2796 pro
3081 2725 3328 2778 Rhodone
3359 2724 3646 2794 Apollina-

2051 2815 2190 2868 rium
2226 2816 2374 2889 legit,
2409 2833 2510 2873 nec
2537 2833 2779 2874 errorem
2811 2818 2970 2882 tollit,
3000 2833 3099 2873 nec
3145 2816 3477 2890 Hieronymo
3503 2833 3645 2871 cou-

2049 2906 2218 2974 venit,
2269 2908 2362 2978 qui
2423 2907 2744 2965 Rhodonem
2807 2911 3158 2978 composuisse
3212 2911 3288 2965 ait
3340 2911 3637 2966 adversum

2051 2997 2416 3072 Cataphrygas
2472 3003 2675 3073 insigne
2718 3020 2868 3074 opus.
2903 3002 2971 3058 Ut
3020 3003 3231 3074 aliquid
3279 3003 3346 3058 de
3393 3015 3645 3074 tempore

2055 3103 2262 3157 notem,
2307 3095 2453 3164 quod
2505 3097 2761 3163 praesenti
2797 3095 2876 3150 rei
2921 3095 3097 3166 magis
3135 3097 3412 3151 convenit.
3443 3095 3643 3151 Hiero-

2057 3201 2254 3258 nymus
2281 3186 2334 3240 in
2363 3187 2648 3258 Catalogu,
2677 3205 2728 3242 v.
2748 3189 3024 3252 Clemens,
3061 3188 3177 3244 haec
3212 3189 3373 3243 habet
3399 3207 3412 3243 :
3441 3188 3642 3242 Exstat

2053 3277 2349 3333 Alexandri
2399 3278 2890 3351 Hierosolymorum
2925 3281 3180 3351 episcopi,
3212 3281 3303 3350 qui
3333 3297 3452 3334 cum
3488 3279 3642 3334 Nar-

2053 3369 2192 3422 cisso
2221 3381 2406 3436 postea
2434 3373 2570 3426 rexit
2625 3372 2936 3438 Ecclesiam,
2966 3372 3190 3442 epistola
3231 3389 3387 3438 super
3411 3373 3640 3426 ordina-

2055 3461 2198 3514 tione
2237 3462 2571 3533 Asclepiadis
2608 3465 2924 3534 confessoris
2950 3468 3018 3520 ad
3044 3466 3437 3521 Antiocltenses.
3463 3463 3637 3530 Quasi

2050 3552 2356 3609 Alexander
2409 3563 2502 3609 aut
2560 3553 3070 3628 Hierosolymorum
3124 3558 3416 3627 cpiscopus
3469 3555 3640 3610 fuerit

2051 3645 2368 3715 priusquam
2421 3664 2546 3702 cum
2598 3647 2857 3704 Narcisso
2915 3648 3218 3706 Ecclesiam
3259 3658 3503 3719 regeret,
3536 3658 3639 3702 aut

2048 3733 2344 3804 Epistulam
2367 3747 2480 3791 tum
2510 3737 2932 3804 scriberet,cum
2971 3737 3478 3808 Hierosolymorum
3515 3736 3637 3805 cpi-

2049 3843 2246 3897 scopus
2277 3838 2453 3895 esset;
2489 3844 2633 3895 eam,
2678 3829 2926 3900 inquam,
2971 3830 3282 3901 epistolam,
3333 3844 3496 3900 quam
3532 3843 3635 3898 per

2044 3921 2377 3977 Clementem
2408 3922 2837 3978 Alexandrinum
2871 3924 3088 3979 misisse
3124 3939 3183 3979 se
3210 3923 3500 3994 signiﬁcat,
3531 3921 3631 3992 qui

2045 4024 2172 4070 ante
2217 4015 2593 4087 episcopatum
2625 4017 2746 4087 ejus
2785 4015 3340 4086 Hierosolymitanum
3376 4023 3632 4069 mortuus

2043 4108 2261 4163 videtur
2287 4123 2426 4164 esse.
2455 4108 2655 4164 Mirum
2685 4110 2852 4179 igitur
2883 4111 3113 4164 onmiuo
3145 4123 3257 4163 non
3287 4115 3392 4172 est,
3421 4108 3465 4162 si
3499 4105 3630 4161 llic—

2047 4216 2312 4272 ronymus
2363 4202 2689 4256 sententiam
2721 4201 2913 4272 ignatii
2949 4201 3019 4255 ab
3055 4201 3260 4256 lreuzeu
3299 4201 3521 4254 citatam
3557 4215 3628 4253 ex

2040 4293 2280 4349 Eusebio
2338 4295 2686 4364 dcpromens,
2713 4294 2768 4348 in
2810 4303 3054 4364 tempore
3087 4301 3182 4348 aut
3217 4292 3510 4350 occasione
3533 4309 3627 4347 cr-

2043 4395 2208 4440 raret.
2235 4385 2498 4452 Quinimo
2529 4387 2598 4441 de
2634 4387 2753 4456 ipso
2775 4387 2990 4456 lgnatio
3030 4402 3139 4441 non
3170 4386 3346 4456 magis
3370 4394 3630 4440 accurate

355 4469 538 4541 iugum
571 4471 853 4542 scripserit
881 4471 1275 4548 Hieronymus,
1313 4491 1608 4552 antequam
1638 4484 1933 4541 Eusebium

2050 4477 2320 4547 loquitur;
2349 4493 2474 4532 cum
2515 4480 2662 4532 enim
2707 4478 2970 4548 epistolas
3005 4475 3076 4531 ab
3106 4492 3173 4532 eo
3201 4476 3448 4548 Smyrnae
3481 4477 3626 4531 scri-

354 4567 584 4621 verterit
630 4567 899 4624 Bullinus.
935 4567 1168 4640 Scripsit
1215 4573 1331 4631 haec
1378 4574 1746 4650 Hieronymus
1787 4595 1934 4636 anno

351 4656 643 4714 Theodosii
672 4660 888 4715 decimo
921 4672 1142 4730 quarto,
1184 4664 1288 4720 hoc
1315 4676 1418 4733 est,
1449 4667 1595 4723 circa
1628 4670 1694 4724 A.
1719 4669 1779 4724 Ι).
1805 4670 1932 4736 592,

351 4756 414 4802 ut
445 4749 637 4819 ipsein
666 4751 772 4807 line
807 4753 989 4822 operis
1013 4762 1246 4809 testatur
1285 4775 1297 4810 :
1336 4760 1615 4815 transtulit
1637 4759 1932 4817 Historiam

350 4843 570 4899 Eusebii
607 4843 853 4902 Bullinus
880 4858 1002 4917 post
1030 4847 1326 4906 Theodosii
1363 4867 1620 4917 mortem,
1654 4854 1764 4908 imo
1810 4865 1935 4924 post

346 4937 554 5007 direpta
585 4937 767 4994 Italia:
798 4940 1038 4995 claustra
1062 4942 1128 4995 ab
1152 4943 1368 4998 Alarico
1391 4946 1523 5000 duce
1544 4946 1855 5014 Gothorum,
1875 4959 1935 5003 ut

347 5030 465 5098 ipse
507 5031 563 5086 in
603 5032 921 5102 praefatione
959 5036 1266 5104 profitetur.
1301 5038 1553 5094 Alaricus
1598 5050 1781 5095 autem
1827 5045 1934 5097 ita-

343 5121 475 5177 liam
531 5139 644 5178 non
703 5125 928 5180 intravit
967 5138 1093 5181 ante
1127 5127 1186 5181 Α.
1229 5127 1288 5182 D.
1317 5129 1442 5185 400.
1477 5129 1614 5186 Octo
1657 5132 1823 5200 igitur
1861 5135 1931 5188 ad

344 5215 634 5270 minimum
690 5218 852 5272 annis
901 5217 1201 5274 Eusebium
1246 5220 1439 5277 Latine
1467 5223 1637 5278 edidit
1661 5223 1929 5292 Bullinus,

343 5317 634 5378 postquam
662 5309 985 5380 Catalugum
1019 5328 1180 5367 suum
1211 5315 1510 5384 scripserat
1540 5314 1927 5389 Hieronymus.

342 5399 479 5454 Male
503 5401 666 5454 etiam
696 5399 948 5459 Valesius
977 5405 1213 5473 conjecit
1241 5404 1658 5478 Hieronymum,
1679 5411 1926 5466 eamdem

339 5491 413 5544 ob
445 5506 697 5566 causam,
723 5493 794 5548 ob
843 5509 1008 5563 quam
1058 5494 1331 5553 Eusebius
1369 5499 1626 5555 omiserat
1665 5499 1928 5556 Methodii

339 5581 562 5653 Origeni
601 5584 894 5655 iniquioris
928 5603 1115 5656 opera,
1150 5589 1424 5646 Bullinum
1455 5609 1694 5663 quocum
1730 5595 1925 5649 simul-

340 5684 480 5730 tates
502 5687 822 5733 exercuerat
849 5678 903 5732 in
925 5679 1064 5733 libro
1085 5679 1160 5734 De
1183 5682 1529 5751 scriptoribus
1549 5686 1924 5740 ecclesiasticis

338 5769 407 5825 de
437 5769 705 5826 industria
747 5772 1184 5843 praetermisisse.
1219 5772 1353 5832 Nam
1383 5793 1480 5833 nec
1509 5788 1636 5835 tunc
1665 5781 1924 5838 tcmnoris

2037 4581 2158 4642 ptas
2206 4580 2711 4637 commemorasset,
2731 4583 2778 4624 et
2816 4571 2957 4632 inu’e,
2987 4571 3164 4640 inquit
3188 4571 3457 4640 egrediens
3490 4569 3631 4623 scri-

2034 4665 2139 4734 psit
2177 4664 2248 4718 ad
2285 4663 2688 4734 Philadelpltcos
2723 4673 2771 4717 et
2805 4663 2874 4716 ad
2905 4661 3290 4732 Smyrnteos,et
3316 4662 3526 4732 proprie
3551 4663 3627 4714 ad

2039 4757 2412 4829 Polycarpum,
2455 4758 2824 4812 commendans
2863 4758 2945 4812 illi
2987 4757 3390 4811 Antiochenscm
3437 4755 3623 4808 Eccle-

2034 4853 2191 4906 siam.
2219 4851 2484 4906 Crederes
2525 4851 2792 4922 lgnatium
2829 4852 2927 4906 has
2960 4850 3217 4922 epistulas
3246 4849 3330 4905 vel
3359 4865 3388 4903 e
3431 4849 3626 4919 Smyr-

2036 4959 2122 4999 nae
2165 4943 2450 5010 suburbio,
2468 4944 2551 4999 vel
2586 4960 2616 4998 a
2645 4945 2847 5014 primo,
2878 4953 2974 4999 aut
3007 4943 3250 5001 secundo
3277 4941 3454 5014 lapide
3482 4941 3622 4996 scri-

2035 5037 2250 5106 psissc;
2285 5037 2432 5106 quod
2477 5036 2624 5091 enim
2675 5037 2802 5107 quis
2828 5037 3120 5107 egrediens
3167 5035 3367 5092 fecisse
3393 5034 3619 5098 dicitur,

2034 5129 2088 5184 id
2122 5129 2176 5182 in
2218 5129 2338 5198 ipso
2377 5144 2602 5200 egressu
2644 5129 2729 5184 vel
2763 5145 2888 5183 eum
2940 5129 3292 5199 egrederetur
3341 5127 3620 5198 peregiSse

2033 5221 2417 5292 intelligendus
2449 5222 2682 5277 videtur.
2714 5221 2818 5276 Sed
2851 5222 2951 5276 has
2971 5222 3230 5292 epistolas
3263 5220 3529 5291 lgnatius,
3560 5228 3619 5274 ut

2033 5313 2325 5381 Eusebius,
2353 5330 2382 5368 a
2411 5331 2522 5384 quo
2547 5315 2664 5371 haec
2691 5314 2884 5368 habuit
2913 5313 3301 5385 llicrouymus,
3325 5322 3381 5368 et
3407 5311 3618 5382 episto-

2031 5409 2098 5464 lae
2155 5409 2285 5479 ipsa:
2350 5417 2640 5476 testantur,
2700 5407 2916 5463 Troade
2967 5407 3206 5478 scripsit,
3253 5406 3319 5461 ad
3372 5421 3538 5475 quam
3581 5420 3618 5460 a

2034 5500 2267 5573 Smyrna
2300 5499 2510 5570 aliquot
2542 5499 2756 5556 dierum
2787 5500 2889 5554 iter
2915 5498 3053 5567 fuit;
3085 5498 3270 5568 ibique
3292 5497 3614 5567 aliquandiu

2031 5594 2335 5664 permansit
2375 5591 2639 5664 lgnatius,
2672 5603 2727 5648 ct
2757 5593 2824 5648 de
2849 5593 3116 5662 pacatiori
3138 5592 3442 5646 Antiochia:
3467 5600 3614 5645 statu

2032 5685 2237 5755 aliquid
2269 5685 2496 5750 audivit,
2518 5685 2836 5755 priusquam
2860 5684 3164 5755 Polytmrpo
3186 5684 3614 5738 Antioehcuscm

2034 5778 2333 5835 Ecclesiam
2387 5777 2808 5834 commendavit.
2842 5775 2958 5832 Non
2992 5787 3074 5832 est
3099 5777 3265 5846 igitur
3293 5785 3385 5832 aut
3414 5776 3612 5832 abbre-
