3878 6210
161 261 278 315 137
958 269 1009 322 J.
1050 267 1414 324 PEARSONII
1455 269 1774 328 VINDICIIE
1816 273 2235 333 lGNATlANAﬁ.
2287 311 2346 320 —
2382 279 2563 337 PARS
2592 281 2632 336 l.
3344 289 3448 346 158

145 379 499 477 ξίιιιὶοηίιιιιε
537 392 630 438 aut
673 389 1188 457 exaggerationibus
1233 389 1550 463 Hieronymi
1583 394 1758 448 iiden-
1791 400 1836 457 Α
1865 400 2011 467 quod
2060 411 2272 457 caetera
2326 402 2515 474 lgnatii
2576 406 2843 475 epistola},
2869 423 3009 477 quas
3047 413 3221 465 nostri
3252 415 3444 470 eodem

140 469 315 537 dum,
352 471 445 526 ubi
479 483 733 532 auctores
762 479 912 548 ipsos
943 481 1227 548 habemus,
1247 498 1392 553 quos
1421 484 1576 540 illum
1601 501 1759 541 secu-
1863 509 1986 547 cum
2025 495 2128 549 hac
2159 496 2435 552 volumine
2467 514 2496 552 a
2523 497 2822 570 Polycarpo
2850 504 3106 558 collectas
3138 515 3193 560 et
3221 508 3444 562 ordina-

143 571 272 662 tum
291 579 434 662 esse
465 577 704 623 constat.
1753 627 1758 632 .
1862 593 1947 638 tas
1995 583 2257 652 fatentur,
2310 586 2517 643 lrenaao
2574 591 2774 662 ignotae
2828 593 3052 650 fuerint.
3103 597 3344 652 Castores
3393 600 3442 654 ei

227 655 307 710 Ad
338 657 487 756 Acta
512 661 759 756 martyrii
789 663 936 730 quod
975 664 1189 731 attinet,
1222 682 1332 723 non
1365 669 1456 724 illa
1481 680 1611 726 sunt
1636 688 1761 742 qua:
1863 674 2024 742 plane
2067 675 2284 746 ignotas
2315 675 2489 734 fuisse
2540 655 2647 734 hoc
2675 693 3002 753 argumento
3033 686 3210 755 capite
3249 687 3445 756 quinto

140 755 312 802 atate
342 747 405 802 S.
466 749 654 806 irenaei
703 753 1012 820 exstabant,
1066 756 1161 810 sed
1210 759 1317 812 alia
1369 759 1567 829 plane,
1603 771 1760 818 sexto
1860 769 2098 834 probare
2129 780 2382 826 conatur.
2412 773 2653 830 Irenaeus
2680 747 2964 832 lueretieos
2999 747 3124 832 ante
3154 794 3212 833 se
3249 747 3444 836 omnes

139 841 236 894 vel
260 842 508 910 septimo
532 844 736 899 saeculo
777 845 926 911 ficta,
955 855 1010 902 et
1048 846 1317 906 fabulosis
1345 853 1760 911 narrationibus
1859 861 2198 931 argumentis
2220 878 2288 917 ex
2319 865 2612 921 traditione
2651 876 2704 921 et
2735 870 3050 924 testimonio
3093 872 3272 927 ductis
3295 872 3446 928 refu-

140 941 347 1034 ftueta;
418 935 628 1034 quibus
671 934 957 1034 ignatium
1023 941 1182 1010 quasi
1234 943 1289 997 in
1346 945 1758 1014 amphitheatro
1862 959 1958 1004 tat.
1999 950 2138 1006 Sunt
2165 964 2346 1008 autem
2381 955 2434 1008 in
2467 957 2714 1026 epistolis
2746 961 2938 1030 lgnatii
2986 963 3105 1018 loca
3153 967 3444 1034 quamplu-

139 1023 475 1120 l-equentem
504 1029 883 1120 introducunt,
907 1047 1071 1102 quem
1099 1050 1167 1090 ne
1185 1051 1356 1090 unum
1376 1044 1507 1092 tunc
1529 1039 1757 1094 verbum
1859 1046 1997 1100 rima
2046 1047 2112 1100 ad
2170 1047 2303 1102 illud
2343 1023 2732 1120 argumentum
2770 1023 3218 1112 luculentissima
3265 1077 3279 1113 :

136 1113 360 1217 dixisse
418 1117 814 1217 antiquissima
874 1120 1012 1176 Acta
1066 1134 1317 1180 narrant.
1382 1124 1534 1182 illius
1590 1128 1759 1201 igitur
1861 1136 1980 1193 fuse
2017 1154 2120 1194 suo
2166 1156 2318 1195 more
2380 1113 2595 1210 probat.
2628 1141 2828 1198 llabuit
2880 1147 3044 1217 igitur
3071 1164 3295 1204 causam
3325 1150 3444 1204 ido-

139 1205 437 1310 Historiae.
487 1211 747 1310 conditor
790 1217 1093 1310 sententias
1143 1218 1354 1310 [gnatio
1415 1219 1574 1310 quasi
1632 1222 1754 1277 viva
1859 1247 2017 1287 neam
2049 1242 2102 1287 et
2134 1249 2272 1302 pene
2301 1234 2667 1289 necessariam
2695 1253 2756 1290 ea
2783 1205 2998 1292 locavex
3033 1241 3278 1310 epistolis
3305 1243 3445 1297 reci-

138 1312 284 1352 voce
310 1299 567 1367 prolatas
599 1302 874 1367 attribuit,
905 1319 1047 1374 quas
1073 1321 1142 1360 ex
1171 1307 1318 1362 illius
1347 1308 1597 1377 epistolis
1638 1311 1748 1381 ipse

1859 1325 2030 1390 taudi,
2048 1326 2588 1385 velsaneindicandi.
2615 1331 2870 1386 Ateasne
2895 1348 3005 1387 uno
3035 1336 3200 1387 verbo
3228 1350 3441 1388 memo-

136 1391 787 1497 e’cfrasnjjdﬂueﬂqn
822 1405 1037 1452 “mum
1069 1400 1444 1497 εξεεξιυίηίξ)
1465 1403 1560 1458 Sed
1587 1403 1752 1458 etiam
1858 1421 2086 1487 ravisse,
2102 1436 2201 1476 nec
2227 1423 2456 1478 omnino
2484 1436 2617 1480 nutu
2647 1427 3444 1497 signiiicassedeprehenditur:

133 1481 414 1592 εξδθῗξ·
436 1480 675 1592 minim
700 1487 770 1590 ξι)
791 1502 859 1592 (ξο
892 1488 1352 1592 θοτθωιττθςίδῖξο
1380 1492 1592 1592 δξλθίυω
1623 1511 1754 1592 ηπ·
1858 1515 1970 1569 imo
1996 1480 2258 1571 ne'unum
2293 1531 2357 1571 ex
2389 1517 2458 1574 iis
2488 1517 2581 1590 μῦ.
2616 1480 2782 1574 Ριθυηθ
2807 1536 2938 1591 ergo
2964 1480 3370 1592 eas'ignoravit.

139 1585 236 1630 rat
265 1591 286 1631 :
322 1574 496 1641 Τίνας
517 1577 579 1631 δὲ
604 1579 763 1649 ἡμῶν
795 1579 972 1648 ἔγνως
1002 1583 1192 1637 στάσιν
1231 1584 1326 1640 καὶ
1359 1584 1595 1657 πόλεμον
1624 1587 1754 1656 ἀγα-

133 1667 408 1732 πῶνταςς
463 1669 588 1740 οὐχὶ
624 1669 682 1723 δὲ
738 1672 831 1725 καὶ
865 1673 1340 1744 ὑποτασσομένους
1379 1675 1662 1748 ἄρχουσιν,
1693 1678 1752 1729 ὲν

129 1754 229 1822 οἷς
265 1759 558 1824 ἀκίνδυνος
590 1763 623 1831 ἡ
652 1761 938 1834 oneravi};
973 1762 1142 1820 Vetus
1195 1765 1477 1836 interpres
1522 1784 1535 1797 ·
1572 1766 1746 1833 Quem
1786 1769 1825 1827 Β

130 1852 287 1904 enim
332 1862 582 1906 nostrum
624 1857 917 1926 rognovisti
972 1855 1166 1910 bellum
1221 1858 1516 1914 meditari?
1564 1871 1615 1915 et
1653 1877 1756 1914 non

131 1945 324 2012 potius
353 1944 622 2013 subjectos
649 1963 762 2000 esse
783 1948 1140 2017 principibus,
1172 1950 1263 2004 ubi
1290 1967 1398 2005 non
1430 1962 1510 2007 est
1547 1954 1753 2022 pericu-

133 2037 258 2089 losa
286 2037 593 2105 subjectio?
613 2037 770 2103 Quod
796 2048 882 2093 est
904 2054 970 2093 ex
1004 2038 1247 2109 Epistola
1271 2044 1337 2095 ad
1370 2042 1750 2098 Antiochenos

133 2131 567 2199 depromptum.
629 2128 702 2185 Ut
773 2131 940 2185 etiam
1005 2129 1211 2187 Meneta
1270 2130 1404 2186 illud
1467 2131 1745 2188 referunt:

137 2223 396 2296 Ἔκραξε
427 2223 528 2276 σὺν
567 2223 716 2293 πόθῳ
747 2225 806 2276 ὲν
845 2223 995 2295 μέσῳ
1020 2223 1128 2277 τῶν
1162 2225 1454 2278 κινδύνων·
1490 2225 1754 2294 Χριστὸν

134 2316 335 2368 διώκω
398 2314 650 2384 χαίρων,
682 2314 919 2382 Χριστῷ
962 2317 1496 2385 συνεσταύρωμαι·
1542 2315 1616 2376 ζῶ
1665 2315 1756 2379 δὲ,

136 2407 346 2461 οὐκέτι
364 2408 490 2476 μὲν
512 2406 647 2476 ἐγὼ.
679 2406 748 2476 ζῇ
782 2406 872 2470 δὲ,
923 2408 1110 2478 φησὶν,
1137 2407 1207 2461 ἐν
1247 2407 1377 2478 ἐμοὶ
1401 2409 1590 2477 μόνος
1621 2410 1757 2476 Χρι-

141 2502 321 2566 στός.
353 2498 628 2555 Clamauit
684 2517 805 2554 cum
850 2501 1116 2555 desiderio
1155 2501 1212 2554 in
1250 2502 1437 2555 mediis
1462 2501 1713 2571 periculis
1737 2517 1756 2555 :

144 2613 161 2638 ι
201 2589 490 2644 Christum
513 2589 747 2660 gaudens
768 2591 1050 2661 insequor;
1087 2609 1206 2646 cum
1226 2591 1440 2647 Christo
1465 2595 1753 2664 cruciﬁxus

141 2697 300 2743 sunt;
342 2683 464 2736 uiuo
505 2692 682 2736 autem
701 2682 818 2752 jam
850 2699 952 2736 non
991 2699 1117 2754 ego;
1147 2685 1272 2737 vivit
1301 2701 1419 2739 vero
1444 2686 1499 2738 in
1535 2701 1638 2750 me,
1672 2686 1757 2740 iu-

136 2774 276 2841 quit,
300 2773 454 2827 solus
481 2773 726 2828 Christus
747 2775 835 2842 ²·³,
877 2794 895 2826 ι
924 2790 991 2829 ex
1037 2775 1358 2845 interpolata
1408 2777 1641 2848 epistola
1689 2778 1756 2832 ad

140 2861 456 2918 Romanos.
516 2860 667 2918 Talia
715 2879 824 2918 non
874 2879 1049 2934 pauca
1104 2867 1438 2933 posteriores
1492 2869 1753 2922 Actorum

149 2957 651 3012 consarcinatores
684 2956 898 3027 lgnatio
940 2958 1272 3021 attribuunt,
1311 2960 1467 3026 quasi
1497 2959 1566 3013 ah
1598 2974 1664 3013 eo
1697 2960 1751 3014 in

1925 1628 2189 1696 Quamvis
2212 1629 2373 1686 facile
2399 1640 2454 1685 et
2483 1632 2722 1687 breviter
2745 1635 3144 1705 respondeatur
3173 1637 3440 1691 celebrem

1858 1724 2186 1777 sententiam
2241 1740 2307 1792 ex
2360 1725 2592 1795 epistola
2623 1726 2690 1781 ad
2719 1725 2999 1783 Romanos
3027 1729 3094 1782 ab
3120 1728 3322 1785 Irenaeo
3346 1733 3443 1785 atl-

1859 1815 2082 1869 tluetam
2133 1831 2277 1883 esse,
2313 1816 2478 1886 idque
2526 1817 2697 1873 fuisse
2731 1821 2798 1873 ab
2824 1819 3061 1876 Eusebio
3089 1822 3440 1877 observatum

1861 1922 1969 1960 non
2019 1908 2209 1974 semel,
2237 1918 2292 1964 ct
2337 1924 2368 1964 a
2403 1910 2591 1965 multis
2621 1911 2745 1964 aliis
2775 1913 2938 1967 etiam
2985 1914 3254 1984 agnitum,
3280 1931 3380 1969 nec
3411 1931 3441 1970 τι

1859 1998 2118 2068 quopiam
2145 2008 2270 2055 an-te
2294 2001 2401 2056 hoc
2429 2003 2691 2056 saeculum
2725 2014 3004 2072 negatum,
3031 2021 3060 2058 a
3093 2006 3252 2060 nobis
3274 2008 3438 2061 etiam

1861 2090 2148 2158 probatum
2203 2099 2370 2161 atque
2410 2093 2830 2161 contlrmatum;
2872 2111 2973 2152 nec
3029 2096 3314 2164 Irenaeum,
3348 2101 3441 2169 qui

1861 2180 2002 2235 hanc
2037 2180 2105 2235 ad
2146 2179 2430 2238 Romanos
2459 2185 2750 2254 epistolam
2788 2187 2957 2255 novit,
2991 2198 3218 2244 caeteras
3247 2191 3440 2245 eodem

1858 2274 2138 2330 volumine
2173 2277 2602 2346 comprehensas
2629 2287 2682 2332 et
2712 2277 3000 2351 Polycarpi
3037 2281 3285 2350 epistolae
3305 2281 3442 2336 sub-

1854 2366 2032 2437 jectas
2083 2368 2337 2439 ignorare
2391 2371 2666 2440 potuisse;
2703 2373 2872 2426 multa
2923 2380 3104 2427 tamen
3141 2373 3230 2426 hic
3281 2386 3440 2441 repo-

1859 2460 2037 2514 nenda
2085 2472 2234 2515 sunt.
2277 2459 2415 2515 Cum
2465 2463 2612 2516 enim
2657 2479 2853 2534 magna
2884 2463 3161 2532 diligentia
3205 2455 3336 2517 usus
3371 2463 3443 2518 sit

1859 2550 1942 2604 vir
1967 2550 2346 2620 doctissimus,
2385 2563 2444 2608 ut
2499 2554 2636 2608 nihil
2702 2563 2918 2625 ageret;
2954 2571 3074 2625 ego.
3098 2571 3204 2609 non
3238 2557 3438 2608 minori

1859 2643 1994 2697 mihi
2058 2645 2322 2699 utentium
2367 2657 2518 2716 puto,
2550 2657 2610 2701 ut
2641 2663 2766 2702 eum
2804 2648 2940 2702 nihil
2977 2647 3154 2718 egisse
3184 2647 3440 2701 omnibus

1857 2746 2138 2807 appareat.
2170 2737 2418 2808 Seposita
2448 2740 2612 2810 igitur
2642 2740 3133 2809 impra'sentiarum
3167 2739 3256 2793 illa
3279 2740 3439 2793 unica

1856 2825 2146 2890 sententia,
2183 2826 2309 2882 licet
2370 2827 2606 2884 lrenzeus
2663 2828 2784 2883 loca
2830 2828 2978 2883 nulla
3022 2829 3088 2883 ad
3126 2829 3436 2884 institutum

1856 2927 2161 2987 opportuna
2211 2934 2278 2973 ex
2340 2921 2551 2989 ignatio
2586 2921 2839 2975 citaverit
2890 2921 3324 2986 intimaveritve;
3359 2931 3440 2976 ta-

1859 3024 1981 3064 men
2006 3025 2114 3064 non
2140 3011 2264 3065 inde
2291 3012 2542 3082 sequitur
2571 3012 2835 3082 epistolas
2879 3013 2954 3066 illi
2991 3012 3162 3069 fuisse
3189 3015 3434 3085 ignotas:

136 3051 259 3118 ipsa
308 3049 487 3104 veluti
529 3063 698 3103 arena
739 3049 1111 3118 pronuntiata,
1151 3065 1273 3120 qua:
1311 3049 1413 3119 ipsi
1468 3065 1749 3120 nunquam

140 3101 296 3195 ea.
328 3101 886 3210 causam...
908 3101 1749 3209 musam;'.c;.,;.;;.;.:;
1777 3122 1821 3180 ε
1856 3115 2036 3170 neque
2090 3101 2365 3210 ganeam
2809 3103 3135 3210 poenae...

137 3232 233 3285 sed
279 3247 356 3286 ex
390 3229 666 3300 epistoiis,
700 3229 891 3298 quales
944 3244 1045 3284 suo
1086 3245 1203 3284 δενο
1246 3231 1598 3293 exstiterunt.
1647 3230 1744 3285 de-

139 3332 525 3394 sumpserant.
561 3321 766 3377 Eodem
800 3321 966 3392 igitur
994 3322 1158 3376 modo
1184 3323 1302 3376 haec
1334 3322 1595 3394 martyris
1621 3337 1748 3377 sen-

139 3417 343 3481 tentia,
377 3429 549 3484 quam
588 3413 831 3468 lrenurus
870 3414 1081 3477 citavit,
1107 3413 1161 3466 in
1207 3412 1360 3468 Actis
1398 3413 1610 3483 aliquot
1647 3429 1747 3469 sa:-

139 3507 282 3560 culis
317 3514 516 3574 postea
540 3504 894 3574 conscriptis,
919 3520 950 3558 a
982 3505 1428 3560 consarcinatore
1450 3503 1666 3575 ignatio
1688 3504 1746 3559 in

137 3607 397 3651 extremo
450 3609 627 3665 agone
681 3595 965 3657 tribuitur,
990 3610 1100 3649 non
1132 3611 1195 3649 ex
1225 3594 1393 3661 fama,
1418 3610 1528 3650 non
1556 3611 1622 3650 ex
1651 3610 1750 3650 an-

141 3687 486 3757 tiquioribus
537 3685 712 3752 Actis,
749 3686 802 3740 in
849 3686 1056 3757 quibus
1090 3702 1198 3742 non
1250 3696 1498 3758 apparet,
1534 3687 1630 3742 sed
1681 3702 1749 3744 ex

141 3778 378 3846 epistola
423 3778 494 3832 ad
548 3777 832 3833 Romanos
864 3780 1209 3849 deprompta,
1245 3789 1300 3833 et
1332 3780 1404 3833 ad
1443 3796 1556 3835 rem
1603 3795 1748 3850 pra:—

141 3881 360 3925 sentem
399 3870 712 3940 applicata;
741 3869 888 3924 unde
918 3879 1109 3939 postea
1144 3869 1380 3941 Symeon
1419 3870 1750 3943 Logothetes

146 3963 280 4017 huic
315 3961 609 4016 sententia:
637 3962 743 4016 alia
771 3977 839 4016 ex
871 3961 1059 4016 eadem
1089 3963 1319 4031 epistola
1343 3964 1742 4033 superaddidit,

143 4057 300 4124 quasi
331 4053 534 4109 eodem
566 4062 814 4124 tempore
843 4054 1077 4124 prolata,
1101 4053 1242 4107 ὥστε
1263 4055 1400 4108 Θεοῦ
1435 4056 1741 4127 ἐπιτυχεῖν,

144 4157 192 4199 et
214 4140 397 4217 035mg
423 4145 557 4216 ὲρῶ.
584 4144 723 4200 Cum
753 4145 919 4216 igitur
941 4146 1208 4200 sententia
1238 4147 1308 4200 ab
1335 4148 1542 4202 Irenaeo
1572 4149 1743 4203 citata

147 4236 201 4290 in
239 4235 486 4305 epistola
523 4235 592 4290 ad
621 4233 902 4290 Romanos
927 4243 1123 4301 exstet,
1150 4250 1276 4289 cum
1326 4235 1477 4288 nulla
1505 4250 1749 4304 unquam

149 4326 571 4381 vetustissimos
631 4325 932 4394 scriptores
974 4325 1497 4396 apophthegmatum
1558 4327 1751 4396 ignatii

148 4421 286 4489 apud
307 4419 525 4474 mentio
541 4417 681 4474 facta
697 4418 790 4486 sit,
806 4418 1342 4488 etapophthegmatis
1366 4434 1564 4473 nomen
1581 4419 1634 4472 in
1652 4420 1754 4473 hac

1851 3193 2170 3248 necessario
2227 3194 2309 3249 uti
2357 3196 2597 3250 voluisse
2662 3197 2863 3250 talibus
2905 3196 3258 3263 testimoniis,
3304 3198 3350 3251 si
3387 3198 3438 3251 ei

1849 3287 2069 3356 cognita
2103 3285 2360 3342 fuissent.
2397 3289 2514 3340 lino
2549 3285 3083 3342 multoverisimilius
3116 3295 3202 3342 est
3232 3302 3435 3356 suppo-

1849 3377 1958 3434 sito
1998 3379 2146 3449 quod
2201 3378 2488 3450 lgnatiana
2530 3380 2580 3434 ei
2632 3379 2865 3435 fuissent
2919 3380 3330 3450 cognitissima,
3378 3392 3438 3434 ut

1851 3471 2024 3526 nostri
2060 3471 2350 3534 afﬁrmant,
2391 3472 2435 3526 si
2476 3472 2752 3527 scribendi
2791 3473 3013 3527 modum
3048 3473 3116 3526 ab
3147 3488 3214 3527 eo
3244 3472 3436 3527 obser-

1848 3575 2035 3618 vatum
2071 3573 2403 3632 spectemus,
2439 3581 2470 3619 a
2518 3565 2912 3620 sententiarum
2946 3566 3293 3635 excerptione
3312 3567 3439 3621 abs-

1852 3657 2028 3712 tinere
2072 3658 2258 3727 potius
2285 3658 2552 3725 voluisse,
2586 3659 3056 3729 quemadmodum
3095 3674 3284 3714 revera
3312 3659 3439 3714 abs-

1857 3750 2092 3805 tinuisse
2120 3749 2345 3806 dicitur.

1923 3861 2179 3933 Quinque
2211 3863 2384 3919 libros
2419 3864 2685 3921 adversus
2723 3865 2961 3921 haereses
2991 3865 3212 3936 scripsit
3242 3864 3300 3920 S.
3329 3866 3440 3920 lre-

1853 3973 2006 4011 meus
2039 3973 2170 4012 sane
2198 3960 2511 4028 prmelaros,
2547 3974 2654 4012 non
2687 3961 2877 4013 eodem
2910 3969 3151 4028 tempore
3181 3969 3277 4014 aut
3307 3975 3440 4016 con-

1855 4051 2032 4116 tinuo,
2061 4057 2120 4102 ut
2151 4065 2217 4103 ex
2250 4049 2670 4118 praefationibus
2700 4051 2935 4107 videtur.
2973 4051 3220 4105 Tertium
3255 4061 3436 4106 autem

1856 4141 2054 4195 librum
2107 4141 2314 4198 scimus
2352 4143 2454 4197 sub
2486 4141 2767 4196 Eleutheri
2812 4145 3131 4213 pontificatu
3171 4145 3438 4213 scriptum

1857 4232 2062 4298 fuisse;
2091 4249 2254 4303 quem
2289 4249 2414 4287 cum
2466 4234 2534 4288 15
2573 4249 2750 4289 annos
2782 4234 2989 4289 sedisse
3016 4236 3260 4289 scribant
3291 4244 3438 4288 vete—

1857 4341 1968 4389 res,
1994 4325 2140 4379 circa
2171 4339 2333 4394 quem
2368 4341 2572 4379 annum
2618 4326 2818 4379 librum
2857 4341 2980 4380 eum
3025 4325 3306 4394 scripserit
3335 4328 3440 4378 lre-

1859 4431 2031 4482 naeus,
2087 4417 2328 4470 nondum
2390 4427 2732 4486 compertum
2797 4427 2898 4471 est.
2925 4417 3080 4472 Circa
3131 4417 3435 4486 posteriota

148 4526 204 4564 re
226 4527 257 4565 a
280 4509 532 4564 Maximo
548 4510 616 4564 ad
632 4510 892 4581 effugium
906 4525 1065 4564 suum
1083 4511 1494 4565 tutandumtam
1516 4509 1751 4564 infelici-
1783 4500 1828 4555 Β
1857 4507 2134 4563 Eleutheri
2195 4517 2439 4577 tempora
2496 4511 2703 4563 editum
2753 4509 2924 4565 fuisse
2979 4511 3177 4563 librum
3213 4510 3432 4563 tertium

149 4611 226 4655 ter
255 4603 640 4674 excogitatum
665 4602 757 4668 sit,
775 4618 898 4657 cum
918 4601 1298 4672 antiquissima
1323 4603 1572 4674 martyrii
1591 4602 1749 4673 lgna-

150 4696 276 4750 tiaui
318 4698 460 4750 Acta
482 4710 587 4750 nec
614 4695 756 4750 hanc
780 4711 880 4750 nec
893 4695 1126 4750 similem
1153 4695 1394 4765 aliquam
1420 4695 1747 4750 sententiam

152 4787 733 4854 rommemoraverint,
767 4788 1071 4857 posteriora
1104 4797 1286 4842 autem
1327 4786 1460 4841 Acta
1523 4795 1744 4841 senten-

155 4878 250 4932 tias
278 4895 350 4933 ει
382 4877 638 4947 epistolis
656 4886 771 4930 tum
800 4877 1077 4947 genuinis,
1099 4885 1216 4931 tum
1249 4875 1614 4945 interpolatis,
1632 4885 1748 4929 tum

153 4970 315 5023 etiam
345 4970 493 5023 lictis
518 4971 919 5038 excerpserint,
944 4985 1084 5038 quas
1110 4968 1466 5024 sanctissimo
1497 4967 1753 5039 martyris

152 5063 227 5115 ori
259 5063 316 5115 in
348 5062 474 5131 ipso
499 5076 674 5131 agone
699 5061 1025 5127 insererent,
1053 5059 1301 5129 frivolum
1322 5069 1371 5112 et
1396 5059 1630 5128 ineptum
1651 5068 1750 5127 est,

155 5166 269 5206 eam
303 5152 638 5206 sententiam
670 5151 739 5205 ab
774 5149 981 5205 Irenaeo
1001 5149 1220 5203 aliunde
1242 5166 1403 5220 quam
1427 5165 1492 5203 ea:
1515 5149 1612 5204 hac
1635 5151 1754 5220 ipsa

157 5245 376 5314 qistoia
402 5245 628 5297 citatam
658 5258 772 5296 esse
818 5241 1104 5295 hariolari.

217 5335 491 5405 Confugit
546 5334 714 5405 igitur
761 5333 847 5387 vir
871 5333 1232 5389 doctissimus
1255 5334 1320 5388 ad
1360 5342 1748 5405 argumentum

158 5429 484 5499 uegativum,
510 5439 771 5498 tanquam
802 5425 867 5482 ad
898 5426 1110 5496 asylum
1142 5425 1500 5493 tutissimum,
1527 5427 1752 5480 asserit-

163 5535 260 5587 que
313 5523 585 5576 Irenaeum
627 5519 742 5574 liceo
773 5517 927 5572 verba
953 5533 1045 5572 nec
1078 5520 1365 5588 sumpsisse
1412 5535 1504 5572 nec
1547 5534 1751 5572 sumere

163 5615 378 5678 potuisse
420 5629 487 5669 ex
537 5613 646 5667 hac
685 5611 915 5682 epistola
953 5610 1020 5664 ad
1053 5608 1353 5677 Romanos,
1375 5609 1516 5682 quod
1541 5628 1604 5665 ea
1633 5608 1748 5664 Ire.

168 5719 266 5759 ntro
311 5709 492 5778 ignota
536 5707 736 5776 fuerit;
778 5707 1021 5777 ignotam
1059 5714 1240 5763 autem
1291 5708 1340 5764 ei
1376 5709 1519 5763 hanc
1553 5707 1744 5775 fuisse,

235 5821 298 5852 ³-³
332 5819 448 5877 Gal.
486 5837 548 5889 ιι,
598 5821 685 5888 t9,
712 5794 802 5874 eo.

1856 4616 1958 4670 ego
2011 4616 2120 4653 non
2167 4601 2378 4666 dubito,
2408 4617 2532 4656 cum
2571 4602 2734 4655 etiam
2768 4602 2963 4671 primo,
2997 4617 3158 4670 quem
3195 4601 3261 4655 ad
3307 4617 3432 4654 eum

1858 4693 1948 4747 cui
2005 4709 2145 4762 opus
2199 4709 2360 4748 suum
2413 4693 2717 4759 dedicavit,
2776 4693 2961 4762 aliquo
3015 4701 3142 4747 ante
3197 4701 3438 4761 tempore

1861 4786 2096 4839 missum
2127 4783 2299 4839 fuisse
2347 4800 2414 4838 ex
2455 4784 2574 4853 ipso
2615 4785 2845 4849 scimus,
2883 4783 3286 4838 Encratitarum
3329 4784 3438 4837 hae—

1855 4881 2020 4934 resim
2055 4879 2350 4945 describat,
2374 4895 2540 4949 quam
2569 4879 2747 4950 primo
2774 4895 2804 4931 a
2833 4877 3062 4931 'l‘atiano
3093 4886 3434 4946 acceperant.

1862 4971 2153 5025 Tatianum
2205 4981 2388 5026 autem
2426 4972 2571 5040 ,ipse
2625 4970 2876 5034 aﬂirmat,
2945 4969 3070 5024 vivo
3127 4969 3308 5024 adhuc
3351 4967 3439 5023 ιιι.

1856 5064 2021 5128 stino,
2056 5064 2205 5118 nulla
2240 5064 2493 5118 itsel'etica
2519 5063 2768 5117 doctrina
2803 5062 3065 5117 infectum
3095 5061 3288 5117 fuisse.
3308 5061 3440 5117 Post

1854 5156 2178 5226 martyrium
2237 5153 2439 5211 Justini
2479 5156 2548 5210 ab
2591 5154 2834 5210 Ecclesia
2892 5157 3141 5221 recessit,
3165 5165 3242 5221 et,
3270 5186 3272 5188 τ
3300 5165 3440 5212 teste

1857 5247 2184 5317 Epiphanio,
2221 5249 2274 5302 in
2325 5248 2603 5303 Orientem
2651 5265 2712 5303 se
2751 5250 3017 5314 contulit,
3051 5250 3143 5304 ubi
3185 5251 3436 5306 haeresim

1857 5341 2052 5408 partim
2107 5357 2175 5395 ex
2219 5338 2506 5395 Saturnini
2561 5350 2616 5394 et
2651 5339 2943 5397 Marcionis
2973 5342 3209 5412 placitis,
3240 5343 3438 5411 partim

1852 5449 1920 5489 ex
1951 5431 2222 5488 Valentini
2250 5434 2483 5502 deliriis,
2512 5435 2886 5492 additisetiam
2911 5437 2978 5491 de
3009 5453 3109 5491 suo
3140 5437 3440 5506 aliquibus,

1856 5527 2144 5583 conﬂavit.
2186 5527 2263 5582 Ex
2306 5545 2372 5583 eo
2415 5529 2708 5584 Encratita:
2739 5531 2874 5594 nati,
2909 5531 3047 5584 etin
3087 5529 3437 5590 Occidentem

1855 5619 2020 5674 etiam
2053 5621 2423 5686 disseminati,
2460 5622 2564 5676 sub
2589 5621 2772 5677 Marco
2797 5623 3076 5677 Antonino
3099 5623 3439 5681 innotescere

1854 5712 1910 5766 in
1956 5711 2132 5767 Gallia
2184 5728 2291 5768 non
2348 5725 2674 5783 potuerunt;
2716 5732 2890 5785 neque
2935 5715 3170 5772 Irena-ns
3205 5717 3308 5772 nisi
3336 5717 3438 5771 sub
