3878 6210
431 281 541 337 159

1497 276 1554 337 S.
1597 280 1941 348 IGNATIUS.
1984 312 2053 324 -—-
2093 282 2624 344 PROLEGOMENA.

3603 291 3705 346 ιθο

427 397 752 464 Commodo,
784 407 840 454 et
871 398 1060 453 adulto
1085 395 1200 467 jam
1233 396 1511 452 Eleutheri
1544 397 1890 467 pontificatu,
1920 411 2016 452 eos
2046 411 2089 464 Α
2120 407 2328 466 terunt,
2357 407 2412 452 et
2440 414 2506 452 ex
2535 397 2809 454 diametro
2830 409 3077 472 pugnant
3102 417 3228 458 cum
3258 402 3326 460 iis
3353 419 3478 475 qua:
3502 419 3532 460 a
3560 404 3709 460 Mar-

427 503 535 544 tam
569 491 826 560 graphice
855 489 1147 560 depingere
1178 488 1374 559 potuit.
1402 486 1714 555 Quinetiam
1753 489 2010 546 Theodo-

427 585 594 640 tionis
647 585 953 640 versionem
1014 591 1284 638 memorat
1337 582 1432 638 lib.
1493 598 1577 646 ut,
1621 599 1742 654 cap.
1781 584 1873 650 24,
1917 583 2010 655 qui

427 678 606 748 primo
655 679 720 732 ὲκ
766 678 866 750 τῆς
911 678 1162 750 διαδοχῆς
1206 677 1532 750 Μαρκίωνος
1564 683 1706 743 erat,
1749 691 1779 732 e
1815 677 2012 732 castris

428 771 879 826 Marcionitarum
938 773 1005 826 ad
1066 770 1359 826 Ebionaeos
1417 768 1736 840 transfugit,
1781 778 1837 824 et
1884 785 2010 824 cum

425 864 790 919 circumcisus
819 872 999 930 esset,
1040 863 1287 934 linguam
1316 861 1602 918 Hebraeam
1634 861 1858 930 didicit;
1889 878 2012 919 ver-

425 957 636 1011 sionem
688 954 901 1011 Veteris
941 954 1277 1011 Testamenti
1309 956 1529 1012 tandem
1565 955 1893 1024 elaboravit,
1931 966 2007 1024 et,

425 1057 562 1104 teste
596 1047 929 1119 Epiphanio,
959 1049 1065 1104 sub
1109 1047 1415 1114 Commodo
1453 1047 1787 1118 imperatore
1816 1049 2006 1106 edidit.

423 1140 641 1197 Priores
700 1141 864 1211 igitur
923 1149 1035 1198 tres
1089 1140 1262 1194 libros
1311 1140 1414 1196 sub
1463 1139 1760 1196 Eleuthero
1787 1141 2010 1221 quidem

423 1235 656 1304 scriptos
699 1239 938 1298 constat,
979 1232 1073 1287 sed
1125 1240 1382 1303 vergente
1415 1232 1530 1303 jam
1577 1233 1646 1288 ad
1688 1233 1853 1289 linem
1889 1233 2011 1304 ejus

424 1329 774 1396 pontificatu;
800 1327 1040 1397 reliquos
1056 1335 1152 1380 aut
1180 1326 1285 1381 sub
1305 1325 1600 1382 Eleuthero
1615 1326 1732 1397 jam
1755 1337 2009 1396 exeunte,

421 1429 519 1476 aut
571 1420 675 1477 sub
700 1421 924 1475 ineunte
949 1417 1167 1474 Victore
1191 1427 1447 1474 exaratos
1475 1426 1642 1489 patet.

494 1512 678 1580 Quare
733 1521 859 1566 ante
910 1511 1178 1566 Irenaeum
1243 1511 1514 1581 scripsere
1549 1511 1653 1566 viri
1684 1511 1739 1567 in
1765 1511 2010 1568 Ecclesia

421 1605 790 1668 celeberrimi,
819 1603 1119 1662 Barnabas.
1147 1602 1435 1670 Clemens,
1461 1602 1712 1670 Hermas,
1741 1605 2010 1676 Iguatius,

421 1698 779 1771 Polycarpus,
804 1696 1025 1767 Papias,
1058 1695 1394 1763 Quadratus,
1425 1696 1716 1764 Aristides,
1749 1696 2010 1768 Agrippa,

2115 489 2276 544 eione
2304 491 2668 554 dicebantur;
2697 491 2869 546 multa
2905 508 3029 563 quae
3055 494 3121 548 ad
3149 511 3304 552 suam
3335 496 3539 564 γνῶσιν
3565 511 3709 567 gno-

2115 580 2430 652 sticumque
2450 584 2704 639 trahebat
2725 584 2980 642 Clemens
3004 586 3412 644 Alexandrinus
3437 589 3712 645 adversus

2113 673 2236 730 illos
2283 675 2379 745 qui
2427 677 2536 730 ὰπὸ
2579 677 2939 751 ψευδωνύμου
2985 679 3242 748 γνώσεως
3286 683 3522 752 gnostiei
3553 682 3712 738 diee-

2115 766 2334 823 bantur.
2363 768 2679 836 Quadratus
2704 770 2954 826 Adriano
2983 774 3230 843 porrexit
3257 775 3457 830 librutn
3486 792 3592 846 pro
3620 791 3708 831 rev

2111 860 2312 932 ligione
2338 870 2526 917 nostra
2547 863 2937 932 compositum,
2961 862 3022 929 ἐξ
3042 856 3104 918 οὗ
3125 865 3362 920 κατιδεῖν
3390 866 3540 922 ἔστιν
3565 867 3695 939 λαμν

2112 952 2229 1025 πρὰ
2265 955 2542 1026 τεκμήρια
2569 955 2670 1026 τῆς
2698 971 2760 1009 τε
2798 956 2894 1010 τοῦ
2927 957 3120 1030 ἀνδρὸς
3150 959 3411 1037 διανοίας,
3441 959 3537 1014 καὶ
3569 960 3708 1014 ἀπο-

2113 1045 2368 1116 πολικῆς
2409 1046 2752 1118 ὀρθοτομιας,
2787 1056 2846 1103 ut
2886 1049 3132 1120 loquitur
3169 1050 3470 1117 Eusebius,
3502 1051 3712 1106 librum

2111 1137 2264 1192 valde
2294 1136 2479 1192 utilem
2502 1137 2815 1210 plenumque
2842 1141 3066 1196 rationis
3089 1154 3139 1197 et
3163 1143 3311 1212 ﬁdei,
3328 1152 3378 1197 et
3405 1143 3713 1212 apostolica

2112 1232 2356 1287 doctrina
2407 1233 2663 1305 dignum,
2710 1244 2850 1291 teste
2900 1234 3257 1310 Hieronymo.
3316 1238 3388 1294 At
3430 1239 3712 1309 quidquid

2113 1324 2235 1378 lidei
2280 1333 2336 1380 et
2359 1325 2626 1383 doctrinae
2655 1329 2971 1398 apostolica:
3007 1328 3134 1397 fuit,
3163 1330 3216 1385 id
3253 1346 3422 1386 omne
3451 1331 3522 1386 ad
3552 1331 3682 1388 reftn

2113 1417 2311 1494 tandos
2357 1415 2668 1476 Irenzeanos
2717 1421 3005 1478 haereticos
3054 1439 3164 1479 non
3208 1425 3387 1494 potuit
3417 1440 3529 1480 non
3579 1440 3715 1481 esse

2119 1511 2252 1567 utile
2275 1520 2331 1567 et
2356 1512 2650 1583 idoneum;
2681 1516 2982 1584 praesertim
3011 1532 3136 1570 cum
3169 1515 3334 1572 fuerit
3361 1518 3432 1572 ab
3459 1534 3527 1573 eo
3557 1519 3714 1574 scri-

2110 1613 2286 1675 ptum,
2316 1604 2410 1675 qui
2437 1605 2696 1676 plurimos
2722 1624 2756 1660 a
2781 1623 2835 1660 se
2854 1609 3015 1672 visos,
3041 1610 3133 1679 qui
3155 1608 3249 1663 sub
3277 1608 3505 1663 Domino
3536 1613 3715 1666 variis

2111 1701 2169 1753 in
2201 1697 2398 1755 Iudam
2442 1703 2677 1770 oppressi
2719 1702 3122 1758 calamitatibus
3172 1704 3350 1758 sanati
3385 1705 3626 1775 fuerant,
3653 1719 3713 1761 et

418 1792 639 1858 Castor,
677 1789 951 1855 Justinus,
986 1787 1190 1857 Melito,
1225 1789 1628 1860 Athenagoras,
1651 1788 2011 1859 Theophilus,
2047 1774 2088 1832 Β
2115 1792 2207 1862 qui
2240 1809 2273 1846 a
2308 1793 2531 1846 mortuis
2567 1804 2990 1862 resurrexerunt,
3023 1803 3120 1850 aut
3151 1796 3345 1850 saltem
3387 1774 3496 1852 sua
3540 1806 3714 1851 aetate

424 1883 717 1956 Dionysius
757 1883 1195 1947 Corinthiormn,
1228 1882 1625 1953 Apollinarius,
1651 1882 2012 1954 Hierapolita-

420 1991 543 2030 rum
611 1976 948 2046 episcopus,
1011 1983 1066 2030 et
1121 1973 1497 2045 Hegesippus;
1556 1977 1800 2032 lrenaeus
1846 1977 2013 2048 igitur

419 2071 658 2123 omnium
709 2068 1080 2123 doctrinarum
1136 2068 1533 2122 curiosissimus
1577 2070 1905 2138 explorator,
1952 2077 2013 2123 ut

416 2177 544 2215 eum
587 2161 826 2231 appellat
856 2159 1252 2227 Tertullianus,
1283 2161 1487 2231 scripta
1519 2161 1716 2216 horum
1761 2160 2009 2216 omnium
2039 2171 2043 2174 ‘

417 2253 626 2324 optime
671 2252 854 2319 novit;
887 2253 1104 2321 saltem,
1135 2253 1337 2310 Dallzeo
1374 2253 1599 2317 fatente,
1627 2257 1746 2310 sine
1770 2269 1882 2325 quo
1913 2270 2008 2309 ar-

417 2346 662 2420 gumenti
715 2345 950 2417 negativi
1000 2346 1086 2401 vis
1122 2347 1350 2401 omnino
1378 2348 1674 2414 nulla,hoe
1697 2363 2011 2418 supponere

423 2441 551 2510 jure
593 2457 913 2512 possumus.
944 2427 1111 2500 At‘ex
1133 2443 1220 2499 his
1246 2444 1454 2514 aliquot
1479 2447 1548 2500 ab
1573 2448 1781 2502 Irenaeo
1814 2449 2007 2504 nullibi

417 2535 806 2601 nominantur;
843 2536 1010 2591 nulla:
1051 2551 1118 2592 ex
1149 2537 1259 2593 illis
1279 2539 1584 2594 'sententite
1611 2552 2003 2612 escerpuntur,

415 2639 471 2683 et
517 2630 584 2684 ad
629 2629 1006 2684 testimonium
1064 2629 1330 2686 adversus
1383 2631 1669 2687 haereticos
1718 2631 2004 2690 ferendum

417 2721 770 2777 adhibentur.
829 2722 1032 2788 Quales
1110 2735 1239 2778 sunt
1302 2722 1606 2790 Barnabas,
1666 2724 2004 2795 Quadratus,

419 2815 710 2881 Aristides,
753 2815 1015 2887 Agrippa,
1043 2815 1247 2884 Melite,
1279 2817 1682 2888 Athenagoras,
1728 2818 2006 2891 Theophi-

417 2908 525 2972 lus,
561 2907 878 2980 Dionysius,
922 2907 1262 2978 Hegesippus
1315 2929 1329 2963 :
1375 2925 1608 2966 numero
1645 2920 1795 2966 certe
1821 2913 2005 2981 plures

415 3017 581 3070 quam
635 3000 730 3072 qui
779 3003 849 3056 ab
876 3016 942 3057 eo
989 3001 1368 3057 nominantur.
1397 3003 1481 3056 An
1519 3002 1624 3057 hos
1655 3018 1851 3060 omnes
1881 3005 2004 3062 ideo

416 3096 622 3150 Irenaeo
679 3093 990 3166 incognitos
1043 3093 1217 3151 fuisse
1256 3097 1462 3162 dicent,
1491 3098 1639 3167 quod
1698 3098 1768 3153 ab
1811 3099 1906 3154 illo
1947 3099 2002 3153 in

417 3188 574 3244 libris
613 3204 754 3260 quos
784 3205 933 3244 nunc
961 3188 1251 3253 habemus,
1288 3204 1416 3245 cum
1474 3190 1660 3260 plures
1716 3192 2000 3260 perierint,

416 3297 526 3335 non
561 3281 1099 3336 commemorentur?
1137 3280 1441 3348 Barnabas,
1469 3282 1735 3338 Clementi
1765 3283 2003 3340 Alexan-

414 3373 575 3428 drino
601 3389 744 3444 sarpe
769 3373 970 3432 citatus
995 3381 1051 3426 et
1071 3373 1402 3442 exscriptus,
1419 3374 1610 3428 lrenaei
1636 3372 1999 3445 Synchrono:

416 3465 684 3531 Quadrati
732 3475 786 3520 et
823 3463 1085 3521 Aristidis
1138 3466 1406 3537 apologis:
1457 3465 1781 3531 notissimae,
1825 3468 2004 3522 omni-

417 3557 631 3627 busque
701 3555 1066 3623 charissima,
1146 3557 1298 3626 quod
1369 3557 1615 3611 Adriano
1686 3558 2003 3629 imperatori

416 3648 614 3704 oblatae
645 3648 1085 3718 persecutionem
1130 3650 1504 3705 restinxerint.
1533 3649 1771 3722 Agrippa
1807 3651 2003 3707 Castor

416 3741 656 3796 Eusebio
685 3739 1113 3811 γνωριμώτατος
1145 3742 1516 3813 συγγραφεύς,
1541 3741 1877 3814 Hieronymo
1921 3743 2003 3797 vir

416 3833 566 3887 ualde
623 3832 830 3887 doctus.
879 3832 1176 3887 Melitionis
1215 3833 1426 3903 elegans
1471 3843 1520 3888 et
1558 3835 2001 3889 declamatorium

416 3925 684 3995 ingenium
717 3924 959 3978 laudavit
998 3922 1372 3978 Tertullianus
1409 3943 1421 3978 :
1460 3923 1755 3995 Dionysius
1793 3941 2002 3996 magna:

417 4017 729 4086 eloquentia:
773 4016 898 4084 fuit.
940 4014 1279 4085 Hegesippus
1325 4015 1530 4069 vicinus
1583 4014 2001 4084 apostolicorum

419 4122 734 4180 temporum,
767 4117 902 4164 teste
951 4107 1304 4179 Hieronymo.
1333 4105 1644 4177 Scriptores
1675 4108 1844 4178 igitur
1887 4118 1998 4163 tam

416 4205 710 4275 praeclaros
736 4203 991 4274 ignorare
1013 4217 1122 4256 non
1144 4201 1319 4271 potuit
1339 4203 1614 4266 lremeus;
1637 4217 1809 4270 quare
1833 4201 1997 4256 iidem

416 4310 518 4350 nee
569 4294 836 4348 nominati
889 4309 990 4348 nec
1039 4293 1206 4363 ignoti
1237 4293 1487 4353 fuere.et
1512 4307 1796 4362 perperam
1837 4294 2000 4362 plane

416 4386 672 4450 infertur,
704 4385 942 4454 aliquem
991 4383 1164 4440 fuisse
1211 4385 1418 4438 Irenaeo
1469 4384 1688 4452 penitus
1725 4383 1994 4455 ignotum,

2114 1883 2496 1955 superfuisse,
2530 1893 2760 1941 testatus
2805 1896 2910 1943 est.
2957 1886 3116 1954 Quod
3170 1888 3338 1944 etiam
3383 1889 3592 1960 pariter
3636 1889 3712 1946 de

2112 1975 2351 2032 Aristide
2381 1976 2752 2046 sentiendum,
2777 1979 2870 2050 qui
2904 1990 3041 2036 teste
3073 1979 3431 2054 Hieronymo,
3458 1983 3711 2038 volumen

2113 2071 2284 2127 nostri
2324 2071 2592 2143 dogmatis
2627 2073 2885 2128 rationem
2919 2073 3192 2128 continens
3241 2074 3424 2127 eodem
3468 2084 3711 2145 tempore

2110 2181 2214 2236 quo
2235 2173 2285 2219 et
2309 2164 2621 2230 Quadratus
2641 2165 2882 2220 Adriano
2906 2167 3138 2238 principi
3167 2167 3334 2222 dedit.
3361 2166 3520 2234 Quod
3548 2169 3710 2223 enim

2111 2259 2285 2315 nostri
2317 2259 2590 2330 dogmatis
2611 2260 2879 2315 rationem
2914 2261 3178 2326 continet,
3215 2260 3578 2317 fundamenta
3603 2277 3693 2317 eo-

2109 2367 2232 2406 rum
2255 2352 2638 2408 haereticorum
2669 2354 2984 2408 necessario
3013 2352 3228 2408 evertit.
3259 2352 3405 2408 Idem
3431 2355 3599 2409 etiam
3633 2353 3712 2410 de

2106 2444 2468 2516 Apollinario,
2485 2445 2630 2501 Asize
2656 2444 2816 2501 Hiera
2825 2446 3067 2516 politano
3083 2446 3363 2518 episeopo,
3380 2445 3711 2514 dicendum,

2107 2537 2203 2608 qui
2237 2537 2309 2593 Μ.
2342 2538 2624 2594 Antonino
2661 2539 2868 2609 insigne
2895 2538 3139 2593 volumen
3165 2556 3260 2604 pro
3297 2539 3403 2609 ﬁde
3428 2538 3708 2594 Christia-

2109 2646 2298 2683 norum
2344 2629 2510 2693 dedit,
2559 2639 2621 2685 ut
2667 2639 2723 2685 et
2770 2631 2838 2686 de
2887 2629 3162 2686 Melitonc.
3204 2629 3542 2700 Theophilus
3592 2635 3712 2687 sub

2107 2721 2437 2790 imperatore
2466 2719 2537 2777 Μ.
2576 2721 2856 2778 Antonino
2886 2723 3089 2777 librum
3120 2731 3318 2778 contra
3357 2722 3708 2779 Mareionem

2107 2815 2448 2884 composuit;
2481 2815 2650 2870 alium
2689 2825 2881 2871 contra
2909 2815 3270 2888 Hermogenis
3321 2817 3576 2872 haeresim
3611 2819 3709 2872 in-

2106 2907 2348 2976 scripsit.
2380 2908 2619 2978 Agrippa
2642 2907 2840 2964 Castor
2860 2908 3143 2963 adversum
3166 2909 3426 2964 Basilidis
3456 2911 3708 2966 hieretici

2106 3000 2397 3069 volumina,
2426 3015 2547 3066 quis
2572 3000 2628 3054 in
2664 2998 3011 3071 Evangelium
3037 3003 3366 3072 confecerat,
3401 3003 3710 3073 fortissim

2106 3093 2380 3147 disseruit.
2415 3091 2598 3147 Melito
2628 3101 2756 3148 ante
2795 3093 3037 3149 libellum
3075 3096 3376 3166 supplicem
3407 3095 3481 3151 Μ.
3513 3097 3706 3153 Anto-

2108 3186 2241 3241 nino
2262 3185 2452 3240 datum
2478 3185 2647 3241 multa
2671 3185 2968 3254 scripserat
2994 3185 3062 3241 de
3085 3187 3390 3258 prophetis,
3414 3187 3483 3243 de
3507 3188 3706 3246 Eccle-

2106 3279 2211 3344 sia,
2243 3277 2311 3333 de
2339 3276 2465 3344 ﬁde,
2492 3277 2562 3332 de
2597 3278 2954 3347 generatione
2990 3277 3124 3336 Iesu
3152 3279 3381 3344 Christi,
3409 3281 3477 3336 de
3507 3279 3705 3336 lucar—

2105 3368 2326 3423 natione
2355 3367 2475 3435 Dei;
2502 3369 2884 3440 Athenagoras
2904 3370 3094 3437 etiam,
3120 3381 3318 3448 praeter
3341 3372 3704 3443 Apologiam,

2105 3461 2174 3516 de
2216 3459 2643 3517 Resurrectione
2692 3464 3023 3534 scripserat,
3049 3479 3175 3534 quae
3211 3465 3398 3520 omnia
3428 3464 3498 3520 ad
3525 3481 3702 3536 argu-

2105 3559 2350 3605 mentum
2410 3549 2598 3606 lrentei
2651 3553 3018 3622 pertinebant.
3081 3553 3366 3624 Denique,
3419 3566 3478 3612 ut
3525 3557 3704 3612 refert

2105 3643 2376 3699 Eusebius
2407 3641 2554 3698 Hist.
2583 3644 2792 3709 eccles.,
2817 3644 2852 3700 l.
2895 3661 2971 3711 Iv,
2997 3661 3047 3701 c.
3079 3645 3143 3701 21
3175 3644 3416 3702 :Iisdem
3441 3651 3703 3718 tempori-

2103 3737 2200 3790 bus
2246 3736 2304 3789 in
2349 3734 2593 3790 Ecclesia
2641 3737 2828 3806 floruit
2881 3737 3242 3810 Hegesippus,
3299 3749 3349 3794 et
3401 3739 3702 3812 Dionysius

2105 3828 2504 3883 Corinthiorum
2535 3830 2832 3901 episcopus,
2855 3829 3086 3901 Pinytus
3117 3850 3323 3904 quoque
3353 3833 3701 3889 Cretensium

2101 3919 2399 3987 episcopus,
2424 3917 2706 3989 Philippus
2735 3930 2995 3990 praeterea
3024 3931 3075 3976 et
3106 3923 3462 3992 Apollinaris,
3491 3941 3554 3978 ac
3587 3925 3700 3980 Me-

2102 4009 2223 4077 lito,
2261 4010 2516 4066 Musanus
2548 4013 2710 4066 etiam
2735 4023 2782 4068 et
2821 4013 3112 4080 Modestus,
3151 4015 3245 4068 καὶ
3279 4016 3373 4070 ἐπὶ
3400 4018 3567 4072 πᾶσιν
3598 4019 3698 4073 Ei-

2107 4106 2344 4176 ρηναῖος,
2374 4113 2423 4159 et
2455 4113 2719 4173 postremo
2745 4147 2760 4171 ,
2797 4122 2893 4162 seu
2940 4118 3057 4176 post
3090 4107 3184 4161 hos
3217 4124 3396 4163 omnes
3426 4107 3699 4166 Irenwus.

2101 4202 2192 4263 At,
2221 4199 2413 4255 eodem
2442 4209 2600 4268 teste,
2629 4199 2916 4272 Philippus
2946 4202 3454 4258 lueulentissimum
3485 4203 3696 4260 librum

2101 4303 2292 4350 contra
2325 4293 2656 4350 Marcionem
2679 4297 3012 4366 composuit,
3041 4295 3322 4352 Modestus
3343 4313 3453 4366 prae
3475 4299 3702 4355 caeteris

2099 4403 2317 4444 errores
2340 4389 2461 4459 ejus
2483 4389 2742 4444 omnibus
2765 4389 3096 4458 spectandos
3119 4389 3400 4456 exhibuit;
3426 4388 3700 4447 Musauus

413 4477 560 4547 quod
607 4477 678 4531 ab
722 4491 790 4531 eo
852 4476 908 4530 in
943 4475 1032 4532 his
1078 4491 1220 4547 quos
1257 4476 1526 4532 habemus
1554 4476 1673 4546 ejus
1701 4477 1855 4532 libris
1887 4493 1994 4534 non

2107 4479 2304 4534 librum
2331 4478 2902 4552 ἐπιστρεπτικώτατον
2933 4480 3199 4534 adversus
3228 4478 3541 4536 Encratitas
3572 4489 3697 4536 tum

415 4565 580 4620 fuerit
606 4566 946 4621 nominatus.

2099 4571 2338 4641 primum
2368 4581 2592 4626 exortus
2632 4572 2888 4641 scripsit;
2922 4586 3099 4641 neque
3139 4581 3322 4627 tamen
3351 4573 3550 4628 horum
3589 4591 3696 4629 cu-

483 4660 646 4716 Dices
694 4660 931 4716 fortasse
975 4660 1277 4717 sententias
1324 4660 1636 4732 lguatianas
1686 4662 1753 4717 ad
1805 4661 1996 4718 lrenaei
2095 4664 2334 4735 juspiam
2366 4662 2604 4720 lrenaaus
2643 4665 2911 4718 meminit.
2945 4663 3010 4716 Hi
3047 4679 3174 4719 cum
3207 4663 3410 4718 Irenaeo
3437 4681 3547 4719 non
3588 4680 3695 4735 po—

412 4762 796 4825 argumentum
834 4769 958 4808 esse
985 4753 1234 4818 idoneas,
1264 4753 1483 4809 illorum
1523 4772 1632 4810 non
1666 4757 1794 4813 item
1822 4775 1837 4812 :
1861 4774 1995 4814 eau-

412 4863 532 4902 sam
592 4846 852 4902 habuisse
907 4861 1035 4901 eum
1089 4845 1359 4917 lgnatium
1412 4849 1736 4905 nominandi
1780 4851 1993 4921 justam

411 4948 576 5010 atque
630 4939 1039 5004 necessariam,
1090 4939 1215 4994 illos
1276 4951 1466 5009 autem
1521 4945 1994 4999 commemorandi

411 5031 640 5086 nullam.
685 5030 802 5086 Imo
841 5047 973 5085 vero
1024 5047 1125 5086 nec
1171 5032 1300 5088 huic
1338 5033 1540 5103 eﬂugio
1580 5034 1670 5089 hic
1701 5035 1856 5091 locus
1885 5044 1992 5092 est.

409 5125 551 5180 Sunt
593 5125 649 5178 in
691 5125 922 5195 epistola
968 5124 1232 5180 Barnabas
1271 5127 1389 5181 loca
1431 5129 1841 5198 quamplurima
1869 5145 1994 5199 qua:

411 5218 718 5283 haereticos,
745 5227 938 5272 contra
969 5234 1108 5287 quos
1136 5219 1359 5288 scripsit
1383 5220 1639 5287 lremcus,
1669 5231 1859 5292 aperte
1905 5239 1995 5277 re-

411 5310 620 5365 fellunt.
653 5311 821 5365 Multa
848 5311 1011 5366 habet
1033 5328 1157 5382 qua:
1177 5310 1393 5368 Patrem
1419 5313 1627 5370 Christi
1657 5314 1847 5368 mundi
1869 5331 1996 5371 con-

406 5403 639 5458 ditorem
673 5406 1054 5469 constituunt;
1101 5406 1169 5461 de
1211 5423 1318 5475 qua
1368 5422 1428 5462 re
1477 5417 1587 5462 tam
1637 5408 1848 5477 prolixe
1883 5409 1997 5479 agit

410 5495 667 5563 lrenams,
693 5507 748 5554 et
772 5514 871 5568 pro
895 5514 1007 5569 qua
1045 5500 1164 5555 sola
1195 5498 1496 5556 Clementis
1529 5500 1820 5572 epistolam
1853 5500 1994 5556 cita-

407 5589 488 5642 vit
526 5607 540 5643 :
579 5590 649 5646 de
687 5590 892 5663 Moysis
931 5602 987 5647 et
1036 5593 1426 5662 prophetarum
1469 5594 1692 5664 scriptis
1732 5594 1992 5663 plurima,

408 5697 530 5752 qua:
551 5682 676 5738 huic
695 5684 976 5739 sententiw
992 5695 1250 5755 tanquam
1272 5685 1627 5741 fundamento
1655 5687 1958 5742 innituntur
1979 5709 1989 5740 :

414 5774 690 5849 Propheta:
711 5778 774 5833 ab
799 5779 910 5848 ipso
946 5778 1193 5834 habentes
1221 5778 1416 5835 donum
1445 5782 1494 5834 in
1529 5780 1680 5835 illum
1714 5780 1992 5834 Dt'on/tcla-

2099 4759 2304 4812 tueriut
2344 4773 2470 4813 esse
2514 4757 2797 4828 incogniti,
2824 4765 2878 4811 et
2921 4757 3091 4812 multa
3123 4757 3177 4810 in
3211 4757 3369 4812 libris
3402 4759 3518 4813 suis
3554 4768 3696 4815 tunc

2098 4843 2261 4898 editis
2300 4843 2614 4912 habuerint,
2643 4860 2765 4914 quae
2794 4845 2862 4898 ad
2894 4857 3281 4914 argumentum
3312 4847 3432 4916 ejus
3479 4845 3696 4904 fuerint

2097 4936 2319 5003 idonea,
2344 4952 2452 4989 non
2478 4945 2658 4990 tamen
2677 4945 2834 4990 erant
2854 4936 2923 4991 ab
2945 4953 3010 4991 eo
3039 4937 3331 4993 nominati.
3356 4936 3496 4992 Male
3519 4938 3693 5008 igitur

2097 5045 2126 5082 a
2157 5027 2358 5083 Dallmo
2391 5037 2498 5082 tam
2545 5029 2912 5097 peremptorie
2935 5030 3228 5094 asscritur,
3260 5039 3546 5085 auctorem
3578 5031 3691 5085 ali-

2097 5138 2260 5191 quem
2290 5122 2457 5175 etiam
2486 5123 2806 5191 praeclarum
2844 5120 3017 5176 fuisse
3048 5121 3255 5176 Irenaeo
3281 5123 3500 5192 penitus
3528 5123 3691 5194 igno-

2098 5225 2234 5280 tum,
2267 5214 2390 5270 ideo
2415 5223 2650 5280 tantum,
2682 5213 2812 5284 quia
2838 5223 3146 5283 opportuna
3175 5217 3470 5270 occasione
3498 5217 3693 5273 ablata

2097 5326 2224 5365 eum
2255 5308 2483 5364 minime
2507 5307 2830 5363 nominavit.

2169 5400 2386 5458 Rursus
2433 5399 2686 5466 Hermas,
2728 5399 3009 5468 Clemens,
3051 5398 3410 5474 Polyearpus,
3456 5401 3687 5474 Papias,

2095 5493 2363 5561 Justinus,
2391 5508 2459 5548 ex
2489 5493 2678 5549 multis
2705 5493 2797 5564 qui
2830 5502 2957 5549 ante
2987 5493 3168 5564 ipsum
3200 5497 3493 5565 scripsere,
3519 5501 3689 5566 pauci

2097 5587 2318 5643 fuerunt
2346 5585 2416 5641 ab
2440 5584 2645 5641 Irenaeo
2682 5585 2904 5656 quidem
2937 5587 3242 5654 nominati;
3274 5589 3369 5642 sed
3404 5604 3472 5642 an
3508 5590 3687 5643 multa

2097 5695 2164 5734 ex
2190 5678 2299 5734 illis
2329 5679 2449 5733 loca
2481 5678 2547 5732 ad
2577 5687 2963 5748 argumentum
3002 5695 3163 5734 suum
3201 5679 3500 5744 luculenta,
3531 5684 3688 5750 quod

2099 5775 2164 5831 de
2203 5773 2410 5844 lgnatio
2435 5773 2674 5844 postulat
2701 5773 2780 5826 vir
2814 5772 3188 5841 doctissimus,
3219 5774 3514 5845 excerpsit,
3548 5784 3603 5829 ct
3627 5775 3686 5831 in
