3864 6204
173 295 274 351 181

967 298 1018 354 J.
1060 298 1429 354 PEARSONII
1474 298 1795 354 VINDICIAZ
1839 299 2257 357 lGNATIANJE.
2299 332 2367 342 —
2397 301 2579 357 PARS
2615 301 2654 357 l.

3374 306 3476 360 16?.

169 417 356 473 libros
384 432 524 473 suos
548 420 866 490 congessit?
890 419 1136 475 minime.
1167 419 1469 477 Clementis
1493 421 1782 490 epistolam
1818 423 1862 478 Α
1889 421 2076 478 eadem
2102 432 2244 478 esset
2273 437 2399 477 cum
2429 423 2549 494 ipso
2575 425 2867 492 sententia,
2885 428 3261 483 controversia
3292 438 3472 483 autem

167 511 469 565 continere
496 511 576 565 ait
593 511 936 566 traditionem
975 513 1382 568 annuntiantem
1415 530 1580 568 unum
1611 512 1780 567 Deum

169 604 600 663 omnipotentem
633 605 891 675 factorem
919 605 1036 661 ειεΙὶ
1061 616 1112 662 et
1135 617 1293 662 terra
1325 606 1526 680 (neque
1548 608 1776 674 mirum,

169 696 341 766 cujus
374 697 530 752 enim
553 697 811 753 catholici
840 700 1122 770 scriptoris
1150 716 1292 772 opus
1320 701 1428 757 hoc
1461 717 1568 756 non
1598 702 1778 758 couti—

171 788 362 857 net?);
395 789 498 844 sed
540 805 616 844 ne
649 806 813 846 unam
859 792 1077 861 quidem
1104 808 1169 847 es
1201 809 1266 849 ea
1296 795 1526 864 epistola
1555 803 1768 850 senten-

170 882 307 936 tiam
334 897 404 937 eo
433 883 543 938 loci
576 883 754 950 affert,
782 893 876 940 aut
899 885 1030 941 alibi
1068 886 1154 940 vel
1180 902 1350 940 unum
1391 885 1773 958 pﬁjexprimit.

170 973 546 1046 Polycarpum
576 976 742 1031 etiam
779 979 981 1033 ibidem
1008 978 1222 1043 laudat,
1251 987 1306 1034 et
1333 979 1621 1049 epistolam
1653 980 1777 1050 ejus

170 1065 238 1119 ad
284 1065 676 1138 Philippenses
725 1082 1029 1139 memorat;
1085 1073 1179 1127 sed
1229 1087 1298 1128 ne
1342 1089 1504 1128 unam
1552 1075 1773 1144 quidem

171 1157 446 1226 syllabam
477 1175 542 1213 ex
576 1160 700 1230 ejus
722 1162 962 1231 scriptis,
995 1163 1080 1218 vel
1102 1163 1171 1219 ad
1205 1162 1571 1222 confutandos
1603 1167 1775 1222 haere-

169 1251 336 1316 ticos,
370 1252 459 1306 vel
491 1252 543 1306 in
569 1254 738 1308 alium
765 1255 933 1310 linem
960 1255 1201 1312 adducit.
1231 1255 1458 1328 Papiam
1485 1261 1651 1314 etiam
1681 1275 1777 1316 no-

171 1343 372 1410 minat,
410 1355 472 1400 et
513 1348 988 1405 narratiunculam
1021 1367 1087 1405 ex
1120 1365 1188 1405 eo
1228 1351 1473 1418 adducit,
1517 1369 1626 1408 non
1660 1363 1771 1410 tam

169 1448 366 1492 contra
391 1438 686 1497 haereticos
710 1458 876 1512 quam
901 1444 967 1497 ad
989 1442 1384 1500 Chiliastarum
1409 1446 1604 1518 dogma
1636 1463 1772 1503 con-

170 1535 532 1602 lirmandum,
563 1538 709 1608 quod
736 1537 812 1592 illi
845 1553 989 1593 unus
1010 1535 1210 1607 Papias
1235 1549 1608 1608 persuaserat,
1635 1551 1772 1597 teste

170 1625 416 1683 Eusebio
471 1629 569 1684 lib.
617 1647 702 1691 ιιι,
737 1631 805 1685 ad
852 1631 1035 1696 tinem,
1068 1641 1122 1686 et
1151 1631 1487 1703 Hieronymo
1515 1633 1571 1688 in
1606 1635 1770 1690 Cata-

169 1719 318 1791 logo.
349 1719 436 1775 Ex
469 1722 636 1777 unico
675 1721 916 1787 Justino,
949 1724 1042 1793 qui
1086 1740 1184 1780 sua
1231 1735 1392 1780 aetate
1436 1727 1590 1796 vixit,
1632 1729 1770 1785 duas

1883 515 1952 571 de
1978 516 2164 572 verbis
2195 523 2432 572 tantum.
2466 517 2548 572 Ad
2581 519 2681 572 hos
2710 521 3070 588 posteriorem
3103 531 3313 592 partem
3355 523 3472 593 epi-

1881 609 2038 663 stolae
2059 607 2265 680 dirigit,
2293 623 2324 663 a
2353 609 2551 679 pagina
2579 610 2686 665 915
2713 611 3100 682 incipientem;
3136 629 3299 684 quam
3330 616 3474 669 male

1882 699 2254 771 interrumpit,
2280 701 2478 773 pagina
2504 704 2780 774 sequenti,
2813 703 3003 760 Latina
3044 706 3428 777 interpretatio
3455 727 3470 763 :

1882 787 1997 848 NOs
2023 811 2142 850 vero
2173 796 2365 849 iterum
2388 797 2693 866 impeten'es
2725 815 2834 862 eos,
2865 799 2955 868 qui
2998 798 3223 854 Verbum
3253 810 3472 855 creatu-

1879 903 1996 941 ram
2034 903 2146 941 esse
2173 888 2390 954 dicunt,
2418 905 2510 941 nec
2539 904 2657 942 eum
2687 889 2867 942 volunt
2901 890 3197 960 legitimum
3221 902 3268 945 et
3299 903 3469 946 natu-

1877 978 2045 1034 ralem
2077 979 2251 1048 ﬁlium
2283 996 2415 1040 esse,
2454 981 2778 1034 ostendimus
2807 998 2893 1034 eos
2926 997 2990 1035 ex
3019 983 3263 1037 humanis
3288 998 3470 1038 exem-

1876 1072 1978 1142 plis
2011 1073 2180 1142 patris
2203 1081 2252 1126 et
2277 1072 2382 1142 ﬁlii
2411 1073 2686 1126 adversum
2718 1091 2772 1126 se
2798 1075 3028 1128 rationes
3060 1085 3109 1128 et
3133 1075 3462 1129 demonstra-

1877 1166 2042 1220 tiones
2067 1165 2322 1234 accipere.
2354 1163 2486 1231 Quae
2514 1166 2679 1220 verba
2704 1175 2758 1220 et
2781 1175 3022 1221 tenorem
3045 1166 3464 1222 dissertationis

1875 1259 2224 1329 perturbant,
2258 1267 2314 1312 et
2356 1273 2621 1328 personas
2653 1269 2817 1329 atque
2848 1275 2934 1314 res
2970 1259 3117 1328 ipsas
3152 1261 3306 1314 mire'
3336 1276 3466 1315 con-

1874 1351 2131 1406 fundunt.
2166 1349 2354 1407 Graeca
2387 1353 2461 1406 ita
2497 1367 2555 1407 se
2586 1351 2827 1407 habent:
2855 1352 2964 1405 Kal.
2997 1353 3152 1406 αὐτοὶ
3185 1352 3316 1422 γοῦν
3350 1355 3461 1406 ἐνι-

1875 1446 2132 1516 στάμενοι
2167 1445 2328 1499 πάλιν
2354 1445 2492 1516 πρὸς
2522 1444 2651 1507 τοὺς
2676 1444 2880 1515 κτίσμα
2911 1444 3168 1514 λέγοντας
3201 1441 3338 1498 εἶναι
3368 1444 3460 1500 τὸν

1872 1537 2064 1605 Λόγον,
2099 1538 2193 1591 καὶ
2227 1537 2301 1608 μὴ
2336 1536 2588 1600 θέλοντας
2619 1536 2782 1590 αὐτὸν
2813 1539 3033 1607 γνήσιον
3053 1536 3180 1590 Υἱὸν
3212 1533 3372 1600 εἶναι,
3400 1535 3462 1601 ἐξ

1870 1629 2228 1704 ἀνθρωπίνων
2277 1631 2737 1705 παραδειγμάτων
2779 1629 2896 1684 υἱοῦ
2939 1632 3033 1684 καὶ
3073 1629 3281 1704 πατρὸς
3313 1631 3460 1700 silli;-

1872 1737 2006 1789 φασι
2036 1721 2136 1786 τὰς
2170 1722 2292 1776 κατ’
2313 1721 2496 1777 αὐτῶν
2541 1721 2863 1786 ἀποδείξεις.
2901 1721 3106 1776 Rursus
3155 1723 3315 1776 etiam
3353 1723 3458 1791 ipsi

167 1813 482 1868 sententias
519 1815 770 1884 protulit,
803 1831 869 1870 ex
922 1812 1122 1870 Herma
1164 1832 1354 1872 unam.
1399 1816 1440 1871 Ε
1475 1827 1554 1874 tot
1578 1793 1770 1890 igitur
1802 1793 1843 1849 Β
1874 1814 2107 1882 (scilicet
2139 1831 2280 1887 quos
2325 1815 2524 1871 fratres
2558 1815 2950 1885 appellaverat)
2982 1815 3315 1884 disputantes
3351 1815 3456 1869 ad-

168 1903 569 1972 scriptoribus,
600 1921 833 1976 quorum
879 1907 1098 1962 nomina
1131 1907 1198 1963 ad
1234 1923 1336 1964 nos
1382 1922 1766 1979 pervenerunt,

166 2003 410 2064 quatuor
452 2004 668 2052 tantum
713 1999 1017 2054 sententias
1047 1998 1102 2053 in
1138 2007 1248 2054 tam
1292 2000 1512 2067 prolixo
1543 2009 1768 2072 tamque

167 2097 435 2144 accurato
466 2097 525 2142 et
566 2089 786 2144 erudito
827 2105 992 2159 opere
1035 2090 1328 2160 excerpsit,
1373 2105 1608 2161 quarum
1656 2108 1765 2148 una

167 2194 227 2235 ex
278 2181 527 2252 epistola
581 2180 777 2253 lgnatii
822 2183 1113 2252 desumpta
1167 2191 1274 2238 est.
1329 2181 1512 2249 Quare
1558 2183 1764 2240 frustra

171 2274 403 2331 Dalla-us
445 2285 530 2331 tot
574 2275 880 2331 sententias
918 2291 986 2331 ex
1029 2275 1443 2340 comtnentitiis,
1475 2285 1556 2331 tot
1581 2293 1647 2331 ex
1680 2277 1767 2332 in-

170 2367 478 2436 terpolatis,
504 2375 590 2421 tot
615 2381 682 2421 ex
713 2365 970 2437 genuinis
1007 2365 1202 2437 lgnatii
1233 2367 1482 2437 epistolis
1507 2367 1764 2437 deprom-

169 2460 302 2530 psit;
334 2475 647 2530 possumus
675 2459 822 2514 enim
867 2459 1028 2530 longe
1053 2459 1239 2530 plures
1263 2475 1330 2516 ex
1361 2461 1682 2516 auctoribus
1709 2471 1765 2518 et

171 2553 384 2622 quidem
420 2553 798 2608 celeberrimis
827 2553 921 2623 qui
960 2563 1088 2608 ante
1115 2551 1381 2608 Irenaeum
1419 2553 1764 2623 scripserunt

170 2647 381 2711 ail'erre,
411 2660 649 2715 quarum
698 2646 884 2700 nullas
931 2645 1022 2700 ille
1069 2645 1274 2716 attigit,
1317 2647 1486 2702 etiam
1524 2662 1592 2704 ex
1630 2647 1759 2714 illis,

170 2754 304 2809 quos
333 2737 607 2793 [tetrarum
639 2737 862 2793 novisse
893 2737 1265 2794 certissimum
1299 2748 1403 2794 est.

235 2834 339 2889 Sed
386 2832 762 2888 Athanasium
805 2841 863 2886 et
901 2830 1318 2898 Bellarminum,
1349 2831 1760 2889 Theodoretum

166 2937 218 2981 et
241 2926 526 2982 Gelasium
568 2927 708 2980 mire
742 2925 1027 2996 conjungit
1071 2932 1128 2980 et
1167 2925 1377 2980 nostris
1421 2926 1632 2997 objicit,
1666 2926 1759 2997 qui

165 3029 238 3074 tot
265 3020 388 3074 loca
421 3034 492 3074 ex
521 3017 734 3090 lgnatio
761 3018 1155 3088 produxerunt.
1181 3016 1322 3072 Tum
1345 3033 1499 3086 vero,
1529 3017 1757 3073 Obsecro

163 3122 309 3163 tuam
355 3110 545 3180 ﬁdem,
582 3108 800 3179 inquit,
839 3108 950 3163 lucc
992 3105 1285 3179 Ignatiana
1327 3108 1659 3164 Athanasius
1705 3120 1755 3165 et
1784 3135 1829 3195 ο

164 3199 528 3255 Theodoreti“
560 3211 750 3255 contra
781 3199 1009 3255 Arianos
1030 3209 1081 3254 et
1109 3198 1499 3270 Eutycltianos,
1523 3202 1577 3255 in
1601 3217 1754 3272 quos,

159 3303 331 3361 utpote
365 3290 610 3346 nondum
636 3301 872 3357 exortos,
895 3291 1099 3361 scripta
1128 3307 1232 3346 non
1261 3300 1407 3360 sunt,
1432 3293 1756 3347 adducerent

159 3399 333 3441 tamen
371 3394 429 3441 et
456 3384 785 3439 recitarem?
810 3381 838 3437 I
846 3399 1048 3438 remeas
1080 3383 1265 3439 eadem
1291 3383 1373 3439 Itis
1394 3384 1525 3454 ipsis
1549 3386 1603 3438 in
1623 3401 1755 3454 quos

158 3480 370 3548 proprie
402 3477 610 3546 scripta
659 3485 806 3540 sunt,
844 3474 1135 3542 Gnosticis,
1192 3474 1606 3540 Valentinianis,
1643 3477 1756 3532 Do-

156 3570 283 3622 cetis
307 3583 421 3622 non
450 3567 778 3636 objicerent?
807 3564 927 3620 Non
960 3581 1107 3621 nunc
1127 3566 1370 3638 disputo,
1394 3579 1583 3624 contra
1613 3585 1754 3639 quos

155 3659 442 3728 lgnatiana
474 3659 696 3729 proprie
737 3657 940 3728 scripta
988 3659 1120 3726 sint,
1151 3659 1220 3715 de
1257 3674 1364 3731 qua
1417 3677 1476 3716 re
1515 3660 1755 3718 fortasse

155 3752 459 3823 aliquando
485 3760 541 3805 ct
571 3749 689 3804 fuse
709 3758 765 3804 et
795 3759 1050 3805 accurate
1077 3749 1462 3806 disserendum
1495 3752 1621 3807 erit.
1659 3751 1755 3808 Sa-

155 3845 220 3897 lis
243 3853 352 3910 est,
387 3843 538 3913 quod
562 3841 831 3898 Eusebius
859 3858 961 3898 nos
991 3842 1203 3908 docuit,
1233 3851 1290 3898 et
1320 3858 1406 3899 res
1438 3844 1556 3914 ipsa
1583 3854 1754 3900 testa-

156 3949 243 3992 tur
274 3952 412 3992 eum
451 3944 649 3992 contra
679 3937 764 3992 sui
797 3935 1064 4005 temporis
1097 3935 1387 3993 haereticos
1427 3939 1748 4008 scripsisse;

155 4032 288 4086 satis
330 4038 444 4096 est,
483 4030 602 4084 sive
653 4038 846 4084 contra
890 4029 1126 4099 aliquos,
1158 4027 1274 4084 sive
1327 4039 1519 4084 contra
1573 4031 1750 4087 mllos

153 4122 381 4186 diserte,
426 4128 489 4174 ut
508 4119 763 4175 Clemens
810 4117 1114 4187 Romanus,
1164 4120 1467 4190 scripserit,
1509 4122 1753 4177 auctori-

155 4223 318 4269 tatem
354 4213 465 4268 viri
505 4213 842 4269 sanctissimi
875 4213 1356 4283 antiquissimique
1387 4216 1622 4270 multum
1659 4230 1748 4272 va-

156 4311 262 4364 lere
289 4291 504 4364 contra.
549 4307 839 4362 haereticos
869 4321 1205 4378 quocunque
1251 4308 1456 4363 saaculo
1500 4319 1745 4364 exertos.

154 4401 205 4456 Id
235 4403 366 4458 dico
394 4401 549 4472 quod
578 4400 748 4470 hujus
778 4399 1091 4470 argumenti
1123 4400 1233 4454 vim
1265 4416 1486 4456 omnem
1517 4417 1748 4472 prorsus

1869 1920 2046 1960 versus
2097 1922 2183 1960 eos
2227 1906 2318 1976 qui
2369 1904 2597 1960 Verbum
2625 1916 2930 1960 creaturam
2963 1921 3075 1960 esse
3102 1905 3308 1971 dicunt,
3362 1922 3456 1961 nec

1868 1999 2142 2068 proprium
2182 1996 2390 2052 Filium
2437 2013 2550 2052 esse
2593 1997 2774 2052 volunt
2802 1998 3046 2068 (scilicet
3083 1999 3457 2067 Arianos),e:c

1867 2092 2115 2146 Immanis
2147 2091 2399 2159 exemplis
2423 2091 2593 2160 patris
2615 2101 2667 2145 et
2698 2091 2822 2161 ﬁlii,
2850 2101 3036 2146 contra
3061 2109 3148 2146 eos
3174 2093 3454 2164 (Ariattos)

1866 2186 2342 2239 demonstrationes
2375 2194 2732 2254 sumpserunt.
2777 2183 2842 2239 Hi
2889 2185 3085 2256 igitur,
3118 2186 3453 2257 quibuscum

1867 2276 1980 2348 agit
2009 2276 2365 2341 Athanasius,
2402 2285 2598 2331 contra
2636 2275 2869 2331 Arianos
2900 2277 3276 2346 disputabant,
3301 2293 3454 2334 eam-

1865 2369 1988 2424 dem
2035 2367 2194 2421 fidem
2238 2381 2368 2421 cum
2408 2365 2714 2421 Athanasio
2765 2365 3208 2435 proﬁtebantur;
3259 2383 3450 2423 vocem

1865 2468 2047 2514 autem
2091 2457 2377 2529 ὁμοούσιον
2409 2457 2651 2512 nondum
2702 2457 3086 2523 admittebant,
3128 2459 3293 2529 idque
3331 2471 3453 2530 pro-

1864 2559 1984 2620 pter
2010 2550 2372 2604 reverentiam
2422 2558 2477 2605 et
2510 2550 2774 2605 honorem
2821 2566 2950 2620 erga
2984 2565 3081 2605 eos
3110 2549 3321 2618 Patres,
3355 2553 3450 2622 qui

1863 2642 2093 2698 Paulum
2145 2642 2590 2698 Samosatensem
2638 2642 3164 2699 condemnaverant.
3199 2643 3448 2699 Athana-

1863 2735 1981 2792 sius
2005 2743 2064 2789 ut
2093 2735 2242 2790 hunc
2284 2734 2353 2788 iis
2385 2733 2707 2803 scrupulum
2751 2734 2969 2799 evellat,
2996 2734 3159 2790 docet
3186 2751 3298 2790 non
3328 2751 3452 2791 esse

1863 2827 2325 2891 contendendum,
2347 2827 2394 2883 si
2417 2827 2569 2896 prior
2587 2826 2833 2897 synodus
2859 2825 3151 2897 ὁμοούσιον
3173 2828 3448 2898 rejiceret,

1860 2923 2140 2993 posterior
2170 2922 2610 2978 commendaret:
2639 2921 2692 2975 id
2735 2921 2881 2977 enini
2916 2937 2984 2976 ex
3021 2923 3239 2979 diverso
3281 2938 3448 2980 sensu

1862 3014 2067 3069 factum
2111 3028 2256 3069 esse.
2298 3014 2431 3069 Dein
2475 3013 2785 3082 exemplum
2825 3014 3081 3082 producit
3125 3025 3446 3071 sanctorum

1861 3103 2110 3173 Patrum,
2136 3105 2232 3176 qui
2265 3105 2562 3176 ἀγέννητον
2593 3105 2754 3160 aliter
2801 3114 2966 3176 atque
3013 3106 3172 3162 aliter
3219 3123 3448 3178 accepe-

1859 3207 2011 3254 runt.
2061 3197 2335 3268 lgnatius,
2386 3197 2600 3268 inquit,
2654 3195 2950 3252 Dominum
3000 3206 3115 3253 tum
3155 3202 3445 3272 γεννητόν,

1859 3302 1976 3347 tum
2005 3290 2339 3362 ἀγέννητον;
2374 3290 2466 3345 alii
2509 3298 2635 3360 post
2672 3289 2941 3360 lgnatium
2991 3290 3272 3359 dixerunt,
3297 3292 3356 3347 ἐν
3384 3294 3448 3347 τὸ

1858 3382 2154 3454 ἀγέννητον
2184 3383 2212 3435 ὁ
2245 3381 2457 3453 Πατήρ,
2487 3380 2632 3435 solus
2657 3380 2826 3435 Pater
2847 3382 3136 3453 ingenitus.
3169 3381 3334 3439 Recte
3354 3400 3449 3440 au-

1859 3484 1966 3530 tem
2003 3485 2058 3530 et
2082 3474 2348 3544 lgnatius,
2374 3483 2427 3528 et
2453 3473 2528 3528 illi
2557 3474 2860 3529 secundum
2884 3476 3164 3531 diversum
3196 3491 3445 3545 sensum,

1856 3568 1945 3621 cui
1978 3567 2078 3636 ipsi
2099 3582 2226 3621 cum
2258 3566 2563 3621 scriberent
2586 3565 2959 3620 attenderunt.
2985 3565 3112 3621 Haec
3143 3567 3250 3622 ille.
3276 3569 3449 3624 Obse-

1855 3673 1951 3716 cro
1984 3659 2152 3730 igitur
2185 3668 2334 3714 tuam
2368 3658 2551 3724 fidem,
2593 3667 2731 3729 qttot
2772 3659 2894 3714 loca
2922 3675 2990 3713 ex
3022 3657 3236 3729 lgnatio
3268 3661 3446 3716 Atha-

1830 3753 2047 3808 nasius
2087 3753 2354 3807 adversus
2383 3750 2619 3806 Arianos
2647 3753 2941 3822 produxit?
2969 3763 3028 3808 ut
3059 3753 3156 3808 tibi
3185 3753 3442 3819 videtur,

1852 3862 2061 3913 unum;
2097 3855 2157 3900 ut
2187 3846 2344 3911 mihi,
2381 3860 2450 3901 ne
2482 3861 2654 3900 unum
2688 3846 2938 3916 quidem.
2987 3847 3145 3914 Quod
3178 3849 3344 3920 igitur
3373 3849 3446 3905 de

1852 3937 2154 3994 Athanasio
2180 3948 2372 3994 verum
2401 3953 2528 3994 esse
2563 3938 2791 4004 scimus,
2829 3939 3024 4009 quidni
3056 3949 3113 3994 et
3139 3940 3206 3995 de
3234 3940 3444 3998 irenaao

1852 4029 2139 4086 dicamus?
2163 4029 2584 4101 Quamplurima
2607 4046 2673 4085 ex
2703 4032 2956 4101 professo
2978 4041 3170 4087 contra
3186 4033 3444 4089 “Arianos

1853 4118 2075 4188 scripsit
2111 4117 2468 4185 Athanasius,
2508 4120 2666 4188 plura
2697 4135 2864 4190 quam
2895 4121 2965 4175 ab
2994 4120 3201 4177 Irenaeo
3247 4133 3440 4180 contra

1851 4225 2044 4264 omnes
2077 4211 2364 4267 haereticos
2394 4211 2597 4282 scripta
2620 4213 2912 4269 habemus.
2943 4213 3113 4269 Multa
3143 4215 3196 4269 in
3229 4213 3442 4285 lgnatio

1851 4311 1982 4357 sunt
2002 4301 2070 4356 ad
2108 4301 2439 4359 refellendos
2470 4303 2708 4359 Arianos
2739 4307 2876 4360 satis
2902 4305 3204 4372 luculenta,
3229 4308 3437 4362 nullatn

1851 4403 2034 4449 tamen
2059 4410 2124 4449 ex
2157 4395 2251 4449 illo
2293 4397 2621 4451 sententiam
2654 4397 2921 4453 adversus
2963 4413 3059 4453 eos
3089 4399 3336 4465 adduxit,
3371 4416 3440 4454 ne

152 4497 300 4551 elidit
335 4507 399 4551 et
425 4495 733 4565 pessundat
773 4513 787 4548 :
819 4503 1037 4563 poterat
1065 4495 1403 4550 Athanasius
1441 4510 1550 4550 non
1576 4511 1751 4565 pauca
1783 4499 1830 4556 ι)
1857 4486 2122 4558 lgnatium
2163 4487 2342 4558 ipsum
2382 4489 2720 4556 nominavit;
2753 4500 2808 4544 et
2835 4497 3016 4544 tamen
3051 4490 3202 4544 illum
3231 4492 3440 4560 optime

150 4605 214 4645 ex
246 4589 464 4646 nostris
495 4587 690 4658 lgnatii
713 4587 963 4658 epistolis
992 4585 1242 4658 proferre
1271 4588 1412 4655 loca,
1443 4605 1566 4658 qua:
1595 4589 1748 4644 Aria-

153 4699 274 4737 nam
311 4682 580 4737 haeresim
613 4681 818 4737 diserte
850 4689 1119 4750 peterent.
1153 4695 1279 4736 cum
1320 4695 1416 4736 eas
1443 4689 1570 4736 ante
1599 4681 1747 4737 illius

154 4776 430 4830 hareseos
475 4781 734 4827 exortum
773 4775 1012 4844 scriptas
1047 4772 1220 4828 fuisse
1247 4773 1411 4827 etiam
1443 4773 1747 4828 adversarii

153 4884 346 4924 omnes
383 4868 685 4922 fateantur.
724 4864 923 4923 Varios
952 4867 1046 4921 ille
1075 4865 1296 4936 quidem
1347 4865 1516 4920 libros
1549 4866 1745 4921 adver-

152 4981 242 5020 sus
279 4961 531 5018 Arianos
559 4959 1005 5028 fortissimosque
1035 4958 1382 5043 conscripsit,
1415 4961 1748 5015 auctoritate

152 5067 333 5112 tamen
369 5053 570 5126 lgnatii
601 5068 882 5123 nunquam
918 5067 1016 5106 eos
1044 5051 1263 5122 premit,
1293 5051 1500 5106 nullam
1526 5067 1594 5106 ex
1625 5051 1746 5121 ejus

152 5149 374 5220 scriptis
403 5146 734 5202 sententiam
762 5145 831 5200 iis
858 5144 1104 5214 opponit.
1137 5142 1195 5197 ln
1224 5143 1451 5213 epistola
1483 5144 1741 5213 quadam,

151 5241 284 5314 πρὸς
331 5241 469 5303 τοὺς
511 5237 706 5292 ἑαυτοῦ
758 5235 1103 5308 γνωρίμους,
1155 5236 1226 5289 ad
1273 5235 1603 5306 familiares,
1647 5250 1743 5291 seu

151 5333 446 5389 discipulos
480 5349 628 5398 suos,
661 5341 722 5386 ut
750 5347 873 5385 eam
907 5331 1155 5402 indigitat
1185 5327 1462 5395 Socrates,
1499 5329 1744 5398 disputat

153 5430 328 5497 primo
379 5436 575 5483 contra
611 5424 873 5489 Arianos,
922 5425 1050 5479 dein
1099 5439 1225 5478 cum
1273 5421 1383 5478 illis
1420 5423 1570 5493 agit,
1604 5435 1744 5493 quos

152 5524 389 5578 Arianos
416 5536 544 5576 esse
574 5527 758 5591 negat,
792 5532 933 5589 quos
965 5511 1150 5572 omnia
1181 5515 1284 5570 alia
1326 5530 1357 5570 a
1398 5514 1615 5570 Nicaena
1653 5530 1744 5586 sy-

155 5617 288 5671 nodo
321 5612 531 5683 scripta
570 5613 837 5682 recipere,
880 5620 1079 5681 prteter
1105 5609 1336 5664 unicam
1386 5624 1577 5663 vocem
1614 5610 1745 5679 δμο-

152 5708 326 5762 οὐσιον
370 5716 626 5772 testatur,
656 5721 796 5775 quos
833 5702 1176 5774 ἀγαπητούς,
1217 5702 1439 5756 dilectos
1483 5701 1738 5772 appellat,

156 5802 210 5854 ai
238 5819 383 5872 quos
416 5811 671 5869 tanquam
697 5797 865 5866 frater
896 5796 966 5851 ad
1007 5797 1202 5866 fratres
1237 5793 1504 5866 loquitur,
1537 5795 1742 5866 quibus

1852 4581 2023 4646 novit,
2055 4589 2110 4636 et
2144 4581 2310 4636 semel
2356 4582 2424 4636 ad
2465 4583 2696 4637 dilectos
2734 4591 2786 4636 et
2820 4581 3020 4637 fratres
3065 4597 3196 4638 suos
3225 4583 3432 4639 citavit.

1852 4670 2089 4729 [renisus
2124 4674 2328 4744 pariter
2359 4674 2492 4727 nihil
2524 4675 2790 4729 adversus
2823 4675 3109 4730 haereticos
3137 4691 3202 4729 ex
3236 4674 3434 4745 lgnatii

1848 4762 2098 4832 epistolis
2131 4762 2506 4832 deprompsit;
2552 4779 2648 4818 eas
2691 4772 2872 4818 tamen
2919 4763 3126 4832 optime
3177 4764 3349 4829 novit,
3379 4774 3436 4819 et

1851 4854 2019 4909 semel
2046 4854 2226 4909 obiter
2250 4855 2459 4911 citavit.

1918 4946 1990 5000 At
2033 4944 2407 5002 Theodoretus
2448 4946 2632 5018 plura,
2677 4954 2865 5013 recte,
2911 4946 3006 5002 sed
3047 4946 3178 5016 quid
3221 4946 3327 5002 hoc
3364 4948 3432 5002 ad

1849 5036 2150 5093 irenteum?
2180 5038 2280 5095 Hie
2302 5041 2568 5105 secundo,
2600 5040 2691 5096 ille
2719 5041 2916 5109 quinto
2947 5040 3152 5095 saeculo
3186 5040 3428 5108 scripsit.

1847 5130 1960 5186 Nos
1989 5141 2169 5187 autem
2215 5142 2343 5188 ante
2368 5133 2680 5196 docuimus,
2717 5133 2863 5188 circa
2907 5135 3068 5187 linem
3111 5131 3293 5202 quarti
3329 5147 3435 5186 sse-

1848 5229 1956 5284 culi
1985 5229 2224 5298 primum
2255 5243 2324 5282 ex
2350 5228 2510 5298 longa
2542 5227 2881 5296 esperientia
2905 5225 3252 5280 observatum
3283 5238 3430 5291 esse,

1848 5321 2089 5377 inereses
2128 5330 2184 5376 et
2214 5322 2514 5376 schismata
2549 5318 3017 5389 disputationibus
3046 5316 3163 5371 tolli
3194 5330 3304 5370 non
3339 5330 3432 5384 po-

1846 5417 2056 5482 tuisse;
2089 5425 2142 5469 et
2169 5415 2538 5470 certissimum
2574 5413 2876 5467 remedium
2905 5409 3026 5465 fore
3051 5408 3155 5473 τὰς
3185 5408 3432 5474 ἐκδόσεις

1843 5510 1954 5563 τῶν
1981 5509 2228 5564 παλαιῶν
2256 5508 2312 5563 in
2343 5507 2720 5563 testimonium
2752 5505 3038 5560 adductas.
3067 5501 3224 5569 Quod
3257 5499 3432 5554 Theo-

1845 5605 2004 5660 dosio
2037 5612 2092 5658 et
2137 5600 2392 5656 Nec-tario
2439 5601 2653 5670 primus
2701 5599 2950 5653 omnium
3003 5594 3279 5649 Sisinnius
3311 5607 3429 5661 per-

1845 5699 2039 5754 suasit.
2068 5695 2200 5752 Post
2233 5695 2398 5766 igitur
2421 5709 2668 5749 severam
2707 5689 3004 5746 Theodosii
3034 5689 3203 5758 legem
3235 5691 3426 5738 contra

1845 5792 2134 5849 haereticos
2170 5790 2360 5858 latam,
2398 5787 2474 5844 illi
2499 5786 2663 5858 paulo
2687 5783 3044 5853 sapientiores
3078 5779 3228 5847 facti,
3254 5776 3427 5832 admi-
