3864 6204
473 353 574 408 165

1482 353 1539 409 S.
1582 351 1932 411 IGNATIUS.
1974 387 2039 395 —
2076 351 2617 410 PROLEGOMENA.

3647 359 3775 412 161

471 479 660 526 serunt
685 484 876 526 eorum
906 471 1128 527 Patrum
1162 473 1495 538 testimonia,
1521 476 1615 544 qui
1663 485 1789 528 ante
1816 475 2034 528 divisio-

2151 473 2422 545 τολμηρὸν
2481 474 2571 527 καὶ
2623 475 2837 538 ἀναιδὲς
2888 476 3033 547 ψυχὴ
3088 475 3223 546 κενῷ
3279 476 3400 550 ἀέρι
3450 475 3776 547 θερμαινο-

469 577 593 617 nem
647 575 826 617 ortam
885 565 1254 634 scripserant,
1295 575 1353 619 et
1403 566 1648 620 celebres
1703 567 1756 619 in
1808 565 2050 622 Ecclesia

470 655 709 710 fuerant.
743 658 883 710 Ante
916 657 1056 710 hanc
1104 666 1318 712 :etatem
1353 674 1460 711 non
1494 659 1743 714 videmus
1789 660 2051 714 ecclesia-

468 751 641 803 sticos
667 749 964 818 scriptores
990 750 1264 818 catalogus
1289 749 1512 803 Patrum
1541 761 1808 813 texentes,
1836 759 1891 805 et
1922 767 2051 805 con-

469 839 637 896 fertas
670 843 965 895 sententias
993 858 1057 895 ex
1081 857 1273 896 corium
1299 842 1521 909 scriptis
1548 851 1738 896 contra
1763 842 2048 897 bzereticos

467 938 798 996 promentes.
831 930 1036 995 Quinto
1062 931 1282 983 demum
1314 932 1517 985 saeculo
1551 932 1653 986 hoc
1680 930 1910 994 factum,
1938 943 1994 986 et
2016 948 2046 987 a

467 1018 812 1076 Thcodoreto
833 1023 974 1075 inter
997 1023 1229 1092 primos;
1265 1032 1391 1077 ante.
1421 1024 1554 1077 illud
1581 1034 1794 1094 tempus
1828 1027 2047 1094 parcius

463 1121 518 1165 et
561 1113 767 1178 obiter;
819 1123 975 1170 :etate
1010 1124 1191 1170 autem
1229 1115 1420 1169 lrenaai
1475 1115 1525 1169 id
1570 1115 1687 1168 lleri
1735 1117 1884 1170 nullo
1919 1116 2047 1186 jure

465 1206 658 1274 potuit.
697 1204 943 1260 H.eretici
974 1207 1141 1273 enim,
1175 1216 1368 1262 contra
1398 1224 1538 1277 quos
1567 1208 1656 1262 ille
1683 1209 1922 1278 scripsit,
1953 1224 2046 1263 vc-

465 1292 786 1352 tustiOribus
818 1299 1108 1353 catholicis
1154 1300 1293 1352 nihil
1341 1299 1687 1366 tribuebant;
1725 1301 1908 1354 omnia
1953 1317 2046 1355 eo-

465 1405 587 1442 rum
620 1389 822 1458 scripta
863 1389 1016 1445 ﬂocci
1063 1390 1355 1457 faciebant,
1391 1392 1560 1446 libros
1603 1394 2044 1463 quamplurimos

462 1483 808 1553 apocryphos
830 1498 859 1536 a
888 1483 1005 1538 suis
1040 1484 1398 1552 compositos,
1441 1486 1666 1556 suisque
1698 1495 1908 1540 tantum
1943 1502 2044 1540 no-

463 1582 548 1627 tos
595 1574 696 1628 sub
732 1575 1087 1646 antiquorum
1125 1576 1347 1630 nomine
1381 1577 1758 1646 proferebant,
1805 1578 2041 1648 plurima

460 1665 625 1718 etiam
673 1665 1133 1735 evangelistarum
1183 1677 1237 1722 et
1286 1671 1661 1740 apostolorum
1711 1671 1916 1740 scripta
1959 1688 2045 1725 re.-

463 1761 765 1829 spuebant,
827 1761 1109 1830 multaque
1165 1764 1460 1819 commenti
1503 1773 1651 1831 sunt,
1683 1775 1872 1820 contra
1921 1780 2044 1834 quas

2165 567 2324 636 μένη,
2361 565 2479 634 pari
2516 577 2801 619 venustate
2835 576 2890 620 et
2927 569 3198 637 elegantia
3248 568 3628 638 conspicuam.
3671 566 3773 619 Tu

2174 673 2325 721 vero,
2357 656 2577 720 Dallaee,
2607 672 2672 709 ex
2704 656 2789 710 his
2815 657 3067 727 colligere
3094 667 3270 727 potes,
3300 659 3612 712 necessario
3644 656 3776 710 Ire-

2154 763 2334 802 naaum
2387 763 2452 801 ex
2500 746 2750 815 epistolis
2810 745 3108 816 lgnatianis
3157 748 3460 802 sententias
3515 747 3773 802 laudare.

2151 837 2417 900 voluisse,
2455 839 2502 892 si
2540 837 2830 892 scivisset?
2863 837 2968 904 Tu,
3003 837 3251 908 inquam,
3283 839 3376 908 qui
3409 836 3770 894 Usserianas

2151 943 2346 983 omnes
2389 929 2595 996 tristes,
2642 928 2974 994 salebrosas,
3000 931 3164 986 rudes
3203 942 3258 985 et
3297 931 3532 986 incultas
3563 930 3772 985 dicis?

2151 1017 2256 1084 Tu,
2289 1020 2384 1088 qui
2423 1019 2729 1074 orationem
2771 1028 3031 1089 tanquam
3080 1021 3359 1076 horridam
3389 1031 3444 1076 et
3472 1023 3769 1077 torrentis

2151 1111 2324 1165 instar
2348 1126 2443 1180 per
2469 1112 2799 1181 confragosa
2829 1113 3120 1176 montium,
3138 1129 3237 1184 per
3259 1115 3490 1184 abrupta
3521 1124 3578 1170 et
3601 1131 3765 1169 saxa

2147 1210 2202 1255 et
2232 1212 2421 1257 cautes
2451 1212 2505 1257 et
2541 1203 2837 1272 pmcipitia
2879 1204 2971 1257 vix
3014 1206 3272 1260 enitentis
3319 1223 3554 1264 accusas
3583 1209 3601 1262 ἒ
3629 1207 3761 1272 Tu,

2147 1293 2241 1362 qui
2275 1309 2528 1363 magnam
2563 1310 2823 1351 sensuum
2873 1296 3077 1366 ubique
3106 1298 3499 1354 obscuritatem
3523 1342 3540 1368 ,
3571 1313 3630 1356 et
3657 1301 3762 1355 vel

2149 1383 2360 1437 nullum
2404 1385 2488 1437 vel
2543 1385 2842 1456 malignum
2893 1388 3185 1442 verborum
3233 1388 3379 1444 inter
3416 1407 3476 1446 se
3525 1407 3757 1446 ῐιειιιιιι

2145 1474 2441 1530 observas?
2474 1473 2576 1541 Tu,
2606 1476 2700 1546 qui
2742 1478 2922 1546 prisca
2969 1477 3155 1534 Loxize
3191 1478 3458 1548 Apollinis
3500 1484 3759 1538 oracula

2147 1569 2226 1622 vel
2265 1568 2592 1638 Sibyllarum
2624 1568 2756 1625 folia
2787 1570 2966 1640 legere
2997 1580 3048 1626 te
3076 1573 3292 1627 credis?
3320 1572 3412 1627 Sic
3439 1575 3587 1628 enim
3611 1575 3754 1629 dis-

2145 1671 2328 1732 putas.
2357 1663 2592 1718 Irenteus
2619 1663 2770 1734 operi
2802 1679 2904 1719 suo
2926 1665 3196 1736 τηλαυγὲς
3230 1666 3520 1737 πρόσωπον
3558 1683 3754 1736 appo-

2147 1756 2277 1820 suit,
2299 1754 2672 1826 prtefationem
2722 1755 2956 1825 eleganti
2989 1759 3228 1827 quadam
3261 1769 3506 1814 veterum
3553 1761 3752 1814 alicu-

462 1867 624 1905 nemo
670 1860 913 1906 veterum
951 1852 1249 1923 quidquam
1301 1855 1660 1911 disseruerat.
1713 1855 1953 1912 [renatus
1981 1867 2034 1912 ut

2149 1845 2232 1915 ius
2263 1846 2536 1900 sententia
2568 1845 2880 1914 adornavit,
2911 1856 2965 1902 et
2993 1848 3155 1901 aliam
3194 1849 3390 1903 similis
3421 1849 3748 1903 venustatis

461 1943 564 1997 hos
587 1943 872 2011 refutaret,
892 1946 1028 2000 libro
1044 1946 1223 2015 primo
1242 1949 1564 2002 sententiam
1589 1963 1779 2003 eorum
1807 1949 2038 2016 aperuit,

460 2035 702 2089 secundo
743 2036 1050 2091 rationibus
1096 2038 1383 2103 subvertit,
1434 2039 1596 2094 tertio
1641 2039 1956 2110 Scripturas
1987 2049 2043 2094 et

458 2125 805 2179 traditionem
855 2127 1124 2191 adhibuit,
1171 2129 1318 2198 quod
1372 2129 1438 2184 ad
1487 2145 1606 2184 eam
1648 2131 1888 2184 hzeretici
1935 2131 2040 2185 ali-

457 2215 680 2284 quando
713 2228 1104 2285 provocarent,
1132 2233 1330 2288 quarto
1357 2235 1425 2274 ex
1473 2219 1652 2276 Veteri
1686 2221 2040 2278 Testamento

459 2306 730 2374 praecipue
776 2307 1103 2377 disputavit,
1154 2311 1348 2379 quinto
1389 2326 1454 2365 ex
1497 2314 1724 2382 reliquis
1775 2315 2040 2371 doctrinis

460 2395 673 2451 Domini
704 2399 898 2465 nostri,
924 2409 977 2454 et
1009 2417 1073 2455 ex
1105 2403 1422 2471 apostolicis
1447 2405 1716 2474 epistolis,
1753 2417 1812 2462 ut
1842 2408 1957 2478 ipse
1982 2409 2035 2463 in

457 2487 877 2545 Przel'ationibus
921 2494 1228 2562 profitetur.
1275 2494 1567 2567 Nunquam
1601 2514 1660 2553 sc
1693 2516 1921 2555 usurum
1956 2511 2037 2555 te-

457 2581 730 2636 stimoniis
755 2593 996 2637 veterum
1026 2586 1291 2642 adversus
1309 2603 1498 2643 eorum
1520 2593 1842 2646 sententiam
1873 2602 2038 2648 testa-

455 2679 568 2732 tur,
598 2688 875 2742 nunquam
907 2675 1017 2728 ulla
1049 2676 1169 2730 loca
1209 2678 1276 2731 ad
1308 2693 1428 2732 eam
1457 2695 1570 2734 rem
1603 2681 1795 2736 idonea
1827 2684 2037 2738 exscri-

455 2760 554 2824 hit,
578 2772 631 2816 et
657 2763 702 2816 si
728 2780 891 2833 quem
920 2765 1057 2820 forte
1087 2767 1310 2823 adducit
1332 2770 1398 2823 ad
1429 2771 1776 2826 traditionem
1809 2773 2034 2829 ﬁrman-

453 2856 579 2909 dam
612 2865 822 2910 tantum
872 2861 1150 2926 nominat;
1195 2863 1519 2917 sententiam
1566 2865 1783 2933 quidem
1832 2864 2033 2921 Justini

454 2947 639 3002 laudat
665 2957 853 3003 contra
887 2949 1217 3006 Marcionem
1261 2952 1525 3008 fervidam
1556 2965 1609 3010 et
1636 2957 1738 3011 zeli
1778 2959 2031 3027 plenam;

452 3048 510 3094 at
536 3039 776 3095 Marcion
812 3039 1030 3096 Iustino
1056 3044 1335 3114 antiquior
1361 3045 1485 3113 fuit,
1507 3054 1563 3102 et
1591 3050 1892 3104 auctoritas
1913 3051 2033 3119 ejus

452 3133 521 3185 ad
547 3132 906 3188 revincendos
926 3133 1374 3192 Marcionitarum
1397 3154 1616 3194 errores
1642 3140 1775 3193 nihil
1797 3142 2029 3208 valebat,
2059 3171 2106 3233 ο

452 3239 631 3293 neque
673 3223 728 3278 in
772 3239 898 3278 eum
949 3225 1112 3280 tinem
1163 3237 1246 3282 est
1300 3229 1555 3284 adducta.
1608 3228 1802 3300 Dispar
1849 3232 2033 3302 itaque

456 3317 687 3373 omnino
737 3319 884 3372 ratio
933 3317 1119 3373 Ireniei
1163 3328 1218 3374 et
1263 3319 1591 3376 Theodoreti
1632 3341 1646 3376 :
1685 3339 1794 3377 non
1843 3325 2032 3379 eadem

450 3409 670 3479 utrique
698 3426 876 3476 mens,
903 3420 998 3465 aut
1025 3412 1243 3466 occasio
1281 3411 1334 3466 in
1381 3413 1671 3468 scribendo
1717 3413 1839 3470 fuit.
1891 3415 2033 3471 Fru-

450 3511 565 3555 stra
600 3501 766 3570 igitur
789 3511 844 3556 et
878 3503 998 3556 sine
1030 3503 1141 3557 ullo
1185 3501 1540 3558 fundamento
1585 3506 1782 3560 asserit
1829 3507 1910 3559 vir
1935 3507 2034 3561 do-

450 3592 763 3658 ctissimus,
813 3607 939 3647 cum
987 3603 1069 3648 tot
1109 3595 1229 3649 loca
1277 3611 1344 3649 ex
1386 3594 1596 3666 lgnatio
1654 3595 2034 3653 Theodoretus

449 3686 789 3755 produxerit,
819 3685 1078 3740 Irenzeum
1109 3688 1274 3741 etiam
1308 3703 1416 3742 non
1461 3690 1720 3758 pauciora
1761 3691 2032 3747 adducere

450 3775 726 3838 debuisse,
755 3777 800 3830 si
830 3777 1094 3846 lgnatiutn
1127 3778 1472 3847 epistolicum
1511 3780 1780 3836 novisset.

526 3863 1030 3934 Verumenimvero,
1063 3879 1201 3923 estet
1219 3870 1606 3941 aliud,inquit,
1625 3890 1725 3943 quo
1752 3874 1861 3926 han:
1876 3873 2033 3944 lgna-

448 3957 599 4010 tiana
629 3959 808 4011 omnia
839 3957 1074 4014 Iremeus
1105 3962 1263 4030 plane
1293 3965 1572 4018 nescivisse
1603 3966 2026 4035 deprehenditur.

449 4046 597 4101 Solet
629 4050 768 4102 enint
796 4050 888 4104 ille
924 4053 1295 4119 prwstantium
1330 4055 1562 4108 virorum
1599 4071 1655 4109 sc
1686 4060 2031 4112 vetustiorum

445 4142 734 4194 sententias
762 4153 811 4196 et
870 4145 1079 4214 ῥήσεις,
1116 4145 1224 4198 sive
1255 4149 1503 4216 scriptas,
1535 4149 1640 4202 sine
1667 4149 1782 4202 viva
1815 4167 1933 4205 voce
1963 4154 2028 4205 ab

445 4233 514 4286 iis
546 4235 804 4302 prolatas,
831 4251 934 4288 non
969 4237 1257 4291 nominatis
1286 4240 1594 4294 auctoribus
1630 4241 1823 4310 afferre
1857 4260 1920 4296 ac
1947 4260 2029 4297 re-

444 4327 634 4382 citare.
682 4324 870 4383 Nullas
911 4327 1104 4398 lguatii
1162 4345 1265 4386 suo
1313 4333 1465 4400 operi
1510 4333 1788 4403 inspersit.
1838 4334 2028 4392 Nullas

443 4436 576 4490 ergo
618 4421 879 4490 epistolas
907 4423 1087 4477 scivit.
1141 4423 1315 4478 Nulla:
1351 4441 1482 4496 ergo
1516 4435 1630 4480 tum
1667 4429 2020 4485 exstiterunt.

445 4511 558 4565 Imo
598 4529 726 4567 vero
770 4514 816 4568 si
864 4515 1189 4582 sententias,
1228 4531 1367 4586 quas
1410 4517 1490 4571 vir
1539 4519 1900 4576 doctissimus
1942 4522 2026 4575 in-
2060 4525 2102 4580 D

444 4605 666 4676 telligit,
709 4606 1161 4673 consideremus,
1205 4608 1310 4662 etsi
1362 4609 1536 4664 multo
1579 4611 1764 4680 plures
1814 4621 2021 4680 essent,

444 4713 605 4751 nemo
647 4713 888 4767 unquam
927 4698 1050 4752 ideo
1091 4700 1467 4766 concluderet,
1506 4703 1820 4757 necessario
1857 4704 2022 4758 etiam

441 4807 566 4846 eum
644 4791 854 4860 aliquas
921 4807 988 4845 ex
1048 4789 1346 4861 lgnatianis
1422 4809 1692 4862 usurpare
1763 4795 2020 4850 voluisse.

445 4880 682 4935 Primam
745 4881 814 4935 ab
879 4881 1066 4950 aliquo
1132 4896 1192 4936 se
1255 4885 1638 4951 praestantiore
1709 4886 1763 4938 in
1824 4885 2024 4955 praefa-

443 4973 594 5025 tione
663 4971 828 5026 rel'ert
883 4983 1172 5028 venustam
1239 4990 1374 5030 sane
1432 4982 1598 5043 atque
1668 4976 2020 5046 elegantem:

445 5065 567 5116 ’Ότι
598 5063 743 5117 λίθον
773 5065 865 5119 τὸν
907 5065 1090 5136 τίμιον
1133 5066 1444 5140 σμάραγδον
1487 5066 1646 5131 ὄντα,
1682 5069 1776 5121 καὶ
1809 5068 2026 5122 πολυτε-

445 5156 615 5228 μητόν
661 5174 802 5210 τισιν
850 5156 1010 5221 ὕαλος
1053 5157 1324 5230 ὲνυϐρίζει
1357 5157 1448 5211 διὰ
1473 5158 1671 5230 τέχνης
1706 5177 2027 5232 παρομοιου-

445 5248 601 5318 μένη,
623 5248 826 5303 ὁπόταν
863 5248 937 5320 μὴ
970 5252 1117 5322 παρῇ
1138 5253 1167 5303 ὁ
1189 5249 1393 5303 σθένων
1425 5250 1713 5321 δοκιμάσαι
1735 5251 1830 5305 καὶ
1860 5253 2026 5326 τέχνῃ

439 5341 707 5408 διελέγξαι
756 5341 855 5412 τὴν
908 5341 1230 5416 πανούργως
1281 5343 1598 5413 γενομένην.
1641 5343 1808 5397 Vetus
1858 5343 2026 5397 inter-

441 5448 566 5502 pres
602 5449 616 5485 :
642 5431 918 5498 Quomodo
954 5433 1185 5503 lapidem
1212 5435 1502 5502 pretiosunt
1531 5435 1873 5505 sntaragdunt
1910 5451 2026 5488 ma-

441 5527 530 5597 gni
553 5525 708 5594 pretii
739 5525 880 5594 apud
896 5527 1156 5594 quosdam
1179 5527 1404 5580 vitreum
1427 5528 1482 5580 in
1507 5526 1620 5596 ejus
1649 5526 2024 5581 contumeliam

440 5633 534 5687 per
579 5627 748 5670 artem
795 5618 1160 5671 assimilatum
1210 5619 1554 5689 quoadusque
1599 5635 1703 5672 non
1743 5621 1892 5673 adest
1931 5621 2023 5692 qui

439 5717 608 5778 potest
657 5708 899 5778 probare,
930 5721 980 5764 et
1029 5710 1321 5775 artiﬁcium
1371 5727 1589 5780 arguere
1631 5712 1771 5780 quod
1808 5712 2025 5768 subdole

439 5801 507 5855 sit
537 5800 772 5868 factum;
799 5811 850 5858 et
876 5801 1040 5857 aliam
1075 5801 1240 5858 etiam
1265 5802 1334 5858 ab
1363 5803 1554 5859 eodem
1585 5813 1644 5858 ut
1676 5804 1909 5872 videtur,
1941 5805 2022 5858 ὅτι

309 6111 500 6175 ·λ.

2143 1938 2271 1992 alibi
2317 1938 2602 2004 adhibuit;
2637 1936 2914 2007 lgnatiana
2958 1940 3124 2009 igitur
3163 1955 3391 2010 prorsus
3419 1941 3743 2011 ignoravit:

2142 2028 2302 2082 aliter
2343 2029 2533 2083 rudem
2568 2030 2814 2098 aliquam
2843 2040 2899 2084 et
2953 2031 3238 2099 incultam,
3270 2033 3481 2088 tristem
3504 2045 3559 2088 et
3587 2036 3749 2090 sale-

2144 2121 2364 2176 brosam
2419 2123 2748 2178 sententiam
2800 2123 2868 2177 ad
2912 2127 3338 2180 commentarios
3380 2143 3512 2183 suos
3557 2143 3743 2182 exor-

2143 2216 2352 2270 nandos
2379 2225 2434 2270 et
2460 2217 2854 2272 illuminandos
2897 2219 3262 2286 produxisset.
3296 2222 3342 2274 A
3371 2220 3562 2276 divino
3587 2238 3739 2292 quo-

2141 2307 2266 2360 dam
2316 2323 2477 2372 sene,
2525 2319 2580 2362 et
2622 2309 2870 2364 veritatis
2917 2325 3171 2378 praecone
3207 2327 3401 2367 versus
3448 2315 3738 2382 quosdam

2141 2398 2406 2454 iambicos
2444 2401 2710 2456 adversus
2742 2401 2984 2456 Marcum
3023 2403 3340 2458 hatreticuli
3373 2404 3579 2461 eﬂ‘usos
3604 2407 3738 2461 lau-

2139 2491 2250 2556 dat,
2281 2508 2420 2561 quos
2464 2493 2551 2547 hic
2577 2509 2607 2547 a
2643 2493 2944 2564 Scaligero,
2993 2505 3159 2564 atque
3199 2495 3423 2552 Petavio
3462 2499 3583 2554 suis
3615 2516 3724 2553 nu-

2140 2586 2302 2640 meris
2329 2587 2624 2660 \restitutos
2655 2599 2990 2660 repraesento
3018 2606 3032 2644 :

2245 2679 2605 2734 Εὶδωλοποιέ
2634 2681 2856 2749 Μάρκε,
2891 2681 2988 2734 καὶ
3020 2687 3442 2750 τερατοσκόπε,

2243 2750 2696 2826 ’ᾼοίζρολογικῆς
2727 2754 2962 2826 ἕμπςιρε
2996 2756 3092 2826 καὶ
3121 2754 3382 2826 μανικῆς
3413 2756 3658 2826 τέχνης,

2241 2821 2322 2896 ρι’
2342 2818 2429 2896 ὧτε
2459 2818 2773 2896 κρὰτύιςειῤ
2804 2818 2910 2896 (ﬁt
2947 2818 3184 2896 πλάνὴς
3216 2818 3286 2878 ὶὰ
3317 2818 3670 2896 δίδάῂἆαίὶι,

2242 2889 2462 2966 fatisia
2492 2889 2731 2966 681x313?
2761 2893 2883 2966 τοῖς
2916 2894 3033 2947 ὑπὸ
3051 2889 3180 2966 γσοῦ
3213 2889 3649 2966 πλανωμένοις,

2241 2961 2667 3034 ᾉποσῖατικῆς
2697 2961 3005 3034 δυνάμεως
3035 2961 3451 3034 ὲγχειρήματὰ,

2249 3031 2306 3082 Ἃ
2341 3031 2439 3102 ονοὶ
2474 3032 2722 3101 χορηγεῖ
2747 3033 2859 3099 σὸς
2891 3031 3317 3102 πατὴρίΣάτᾶν
3348 3038 3441 3090 ἀεὶ

2241 3102 2320 3152 Δι’
2339 3101 2663 3171 ἀγγελικῆς
2694 3102 3000 3172 δυνάμεως
3035 3101 3266 3172 ’Ᾱζαζὴλ
3299 3108 3510 3171 ποιεῖν,

2245 3172 2438 3240 Ἕχων
2469 3187 2543 3225 σε
2574 3173 2908 3242 πρόδρομον
2937 3175 3212 3230 ἀντιθέου
3245 3179 3630 3248 πανοιιργίας.

2207 3279 2448 3346 Quorum
2475 3283 2749 3339 restitutio
2781 3285 2948 3340 veteri
2971 3287 3225 3343 versione
3256 3290 3493 3345 maxime
3513 3292 3732 3348 contir-

2137 3382 2319 3426 matur
2351 3391 2364 3426 :

2239 3462 2517 3518 [dolorum
2550 3465 2844 3535 fabricator
2870 3465 3072 3537 Marce,
3123 3481 3172 3524 et
3221 3481 3585 3541 portentorum
3632 3476 3723 3528 in~

3351 3543 3605 3615 [ψει-ων,

2240 3605 2558 3682 dstrologiar
2589 3611 2850 3682 cognitor,
2874 3618 2924 3664 et
2953 3613 3174 3682 magica:
3197 3605 3356 3678 artis,

2243 3626 2558 3674 astrowgtar
2589 3626 2650 3662 co
2689 3626 2850 3675 nitor,
2874 3626 2924 3664 et
2953 3627 3174 3682 magica:
3197 3626 3353 3678 ams,

2243 3675 2346 3748 ρετ
2372 3693 2502 3744 quas
2529 3626 2813 3748 con/gntus
2834 3683 3032 3734 erroris
3059 3683 3353 3747 doctrinas,

2242 3744 2406 3821 Signa
2434 3744 2713 3821 ostendens
2741 3751 2823 3804 his
2851 3753 2940 3820 qui
2975 3769 3008 3804 a
3043 3763 3092 3806 te
3120 3744 3463 3821 seducuntsr,

2238 3816 2561 3889 dpostatira!
2587 3821 2797 3873 virtutis
2829 3816 3176 3889 operationes,

2237 3887 2370 3960 Quae
2399 3886 2494 3940 tibi
2514 3901 2746 3960 prastat
2780 3886 2899 3944 tuus
2921 3902 3071 3960 pater
3101 3892 3337 3948 Satanas

2239 3955 2350 4033 [iter
2369 3955 2662 4026 angelicam
2689 3955 2935 4015 virtutem
2963 3963 3160 4017 Ακαεεί
3184 3965 3379 4033 facere,

2243 4025 2454 4082 [labens
2487 4038 2534 4083 te
2566 4045 2943 4100 praecursorem
2966 4025 3250 4088 contraria:
3269 4025 3517 4090 adversus
3543 4037 3721 4092 Deum

3303 4106 3598 4178 [nequitia

2204 4185 2538 4244 Posteriores
2585 4188 2841 4248 Petavius
2889 4193 3114 4248 metrice
3163 4194 3396 4251 reddens
3442 4198 3584 4252 male
3609 4215 3712 4253 es—
3761 4222 3764 4226 η

2131 4279 2332 4347 pressit
2351 4297 2365 4334 :

2236 4370 2367 4449 ῌωε
2393 4381 2450 4449 tu
2479 4373 2576 4427 illa
2611 4373 2830 4449 satana:
2861 4377 3028 4444 fretus
3061 4378 3265 4432 auxilio
3294 4381 3490 4449 patris,

2233 4442 2576 4516 {zazelisque
2600 4447 2737 4516 mira
2759 4442 3003 4516 designas
3031 4465 3146 4516 ope,

2237 4511 2549 4567 Prtecursor
2576 4515 2658 4568 illi
2690 4511 2899 4585 fraudis
2925 4519 2981 4570 in
3011 4511 3238 4588 superos
3265 4519 3444 4575 datus.

2131 4602 2256 4660 llaec
2277 4606 2423 4660 enim
2450 4605 2691 4662 Marcum
2731 4607 2970 4670 Satanae.
3000 4619 3094 4664 aut
3121 4611 3370 4666 Azazelis
3404 4627 3724 4682 praecurso-

2131 4713 2244 4750 rem
2278 4697 2526 4764 faciunt;
2557 4714 2683 4755 cum
2733 4700 2951 4755 divinus
2986 4701 3076 4755 ille
3107 4718 3272 4757 senex
3325 4718 3450 4757 eum
3495 4702 3719 4760 descri-

2131 4789 2259 4844 bere
2290 4791 2561 4858 voluerit,
2613 4800 2874 4861 tanquam
2927 4793 3250 4848 Antichristi
3289 4810 3718 4864 praecursorem,

2128 4883 2272 4951 quod
2305 4883 2395 4938 hic
2425 4884 2697 4954 signiﬁcat
2721 4884 2964 4948 ἀντίθεος
2998 4886 3319 4957 πανουργία.
3345 4885 3464 4941 Jam
3494 4904 3624 4942 vero
3644 4907 3717 4944 ex

2129 4972 2426 5044 lgnatianis
2472 4991 2541 5030 an
2581 4975 2786 5047 aliquid
2811 4977 2991 5032 simile
3024 4987 3209 5048 petere
3237 4981 3414 5048 potuit
3448 4979 3714 5048 lrenaaus,

2129 5067 2176 5121 si
2205 5082 2268 5121 ea
2296 5069 2586 5124 novisset?
2616 5079 2710 5124 aut
2748 5070 3042 5140 quisquam
3081 5088 3188 5127 non
3221 5073 3439 5129 novisse
3468 5072 3714 5128 allirma-

2128 5155 2226 5221 bit,
2252 5160 2382 5228 quia
2410 5159 2506 5229 qui
2535 5162 2840 5216 versiculos
2865 5163 3086 5218 aliunde
3128 5165 3182 5218 in
3213 5163 3456 5220 Marcum
3487 5174 3717 5221 contor-

2129 5253 2222 5318 sit,
2254 5253 2390 5306 nihil
2437 5253 2512 5308 illi
2545 5270 2611 5308 cx
2639 5253 2846 5326 lgnatio
2869 5257 3141 5325 aspersit?
3164 5257 3466 5328 Cujusdam
3498 5269 3626 5314 ante
3649 5276 3719 5316 se

2128 5342 2196 5398 de
2219 5344 2423 5413 duplici
2460 5346 2710 5400 vocabuli
2750 5345 2886 5399 Filii
2921 5349 3240 5418 acceptione
3269 5349 3716 5407 observationem

2129 5436 2195 5490 ad
2228 5436 2736 5506 interpretationem
2779 5437 2839 5493 S.
2875 5437 3176 5510 Scriptura:
3199 5441 3588 5511 pertinentem,
3613 5443 3713 5499 lib.

2130 5544 2206 5593 tv,
2235 5543 2354 5599 cap.
2383 5529 2450 5584 79
2483 5529 2660 5584 atl‘ert.
2694 5528 2826 5585 Vult
2864 5533 3013 5587 enim
3067 5533 3270 5602 impios
3295 5545 3350 5588 et
3379 5534 3627 5590 inﬁdeles
3655 5536 3717 5591 in

2129 5621 2304 5674 sacris
2326 5619 2548 5675 Litteris
2575 5620 2718 5690 ﬁlios
2743 5633 2792 5676 et
2824 5623 3038 5693 angelos
3053 5625 3254 5678 diaboli
3281 5626 3389 5680 dici
3418 5645 3432 5690 ;
3468 5637 3717 5682 veterum

2129 5721 2312 5765 autem
2344 5711 2578 5782 alicujus
2610 5714 2989 5769 testimonium
3028 5715 3203 5782 atl‘ert,
3231 5717 3326 5785 qui
3362 5715 3569 5770 Filium
3609 5717 3714 5772 du-

2127 5805 2340 5876 pliciter
2371 5805 2597 5877 intelligi
2622 5806 2780 5877 dixit,
2805 5818 2900 5864 aut
2920 5807 2988 5865 de
3009 5819 3160 5877 nato,
3193 5819 3287 5866 aut
3317 5810 3382 5868 dc
3414 5810 3583 5878 tacto,
3618 5821 3712 5866 aut
