3864 6204
220 323 330 380 163

1000 327 1048 386 ι.
1088 329 1451 388 PEARSONII
1494 333 1815 391 VINDICIJE
1853 334 2269 402 ΙΟΝΑΤΙᾸΝΑΞ.
2317 383 2374 392 -
2414 349 2591 405 ΡΛΡῶ
2630 349 2670 402 l.

3383 354 3482 409 “36

212 441 524 497 secundum
553 453 808 500 naturam
847 454 903 501 et
930 449 1322 512 conditionem.
1359 460 1455 504 aut
1493 453 1798 508 secundum
1833 463 1876 518 Α
1906 478 2064 533 τερος
2097 463 2298 534 ἔλεγεν.
2340 467 2594 531 Irenzcus.
2633 467 2798 537 Papia
2833 469 3040 538 jnnior,
3079 473 3329 540 exemplo
3363 474 3481 543 ejus

208 531 482 587 doctrina:
557 536 938 604 magisterium
990 554 1003 590 :
1051 537 1158 603 Qui
1234 542 1375 594 enim
1431 544 1650 598 edoctus
1720 556 1798 600 est

205 624 386 689 verbo,
428 625 579 694 ﬁlius
617 627 853 682 docentis
883 645 993 684 esse
1021 630 1246 699 dicitur,
1285 644 1336 688 et
1366 633 1456 688 ille
1479 634 1596 704 eius
1627 647 1796 706 pater.

206 713 280 770 Ut
329 727 526 785 postea
564 716 820 774 Clemens
857 721 1280 788 Alexandrinus,
1323 726 1520 782 αὐτίκα
1554 729 1800 802 πατέρας

200 809 332 872 τοὺς
347 812 772 882 κατηχήσαντας
783 813 982 884 φαμέν,
1000 823 1054 870 et
1067 815 1366 886 Gregorius
1380 817 1761 878 Nazianzenus
1780 839 1793 875 :

346 925 540 1002 angar;
573 927 916 1002 ξμοὶ-τοιιεες
949 928 1048 1002 μὲν
1079 930 1195 983 ὅσοι
1228 930 1390 985 καλὸν
1423 932 1752 1002 ὲξεδίδαξαν,

345 995 553 1060 Παῖδες
586 995 631 1050 δ’
664 997 758 1061 οὓς
793 995 1034 1061 ἐδίδαξα.

269 1114 355 1168 An
386 1124 574 1168 autem
599 1115 731 1184 quia
755 1130 788 1165 α
816 1117 1096 1174 veteribus
1127 1135 1322 1187 unum,
1346 1121 1440 1190 qui
1474 1121 1641 1178 simili
1669 1139 1791 1179 mo-

194 1201 269 1256 do
306 1213 441 1258 ante
464 1205 644 1274 ipsum
683 1206 998 1276 Scripturas
1023 1209 1415 1280 interpretatus
1447 1222 1552 1279 est,
1593 1230 1664 1269 ne
1692 1232 1794 1270 no-

191 1311 327 1349 vum
369 1312 598 1352 sensum
630 1298 738 1354 illis
769 1299 1009 1356 afﬁxisse
1030 1301 1330 1370 videretur,
1361 1305 1593 1362 adduxit
1622 1323 1636 1358 :
1671 1309 1792 1364 ideo

194 1393 295 1438 aut
328 1386 541 1456 aliquid
564 1403 630 1442 ex
658 1387 961 1458 lgnatianis
984 1392 1158 1447 citare
1181 1394 1452 1461 debuerit,
1479 1408 1575 1452 aut
1594 1414 1658 1452 ea
1685 1398 1788 1468 ipsi

192 1479 386 1548 ignota
433 1497 537 1537 nos
583 1482 889 1537 concedere
929 1484 1250 1553 debeamus,
1313 1489 1367 1542 in
1410 1489 1614 1560 quibus
1659 1491 1788 1546 talia

189 1584 296 1623 nec
320 1570 562 1626 inveniri
594 1588 696 1628 nec
722 1575 1029 1644 exspectari
1054 1578 1385 1646 potuerunt?

258 1660 423 1728 Quod
451 1664 499 1718 si
526 1664 644 1719 haec
664 1666 731 1719 ad
760 1667 1088 1720 sententiam
1117 1667 1220 1722 viri
1247 1667 1554 1724 doctissimi
1583 1673 1787 1728 contir-

183 1756 453 1809 mandam
477 1772 674 1826 parum
703 1758 888 1814 valere
909 1760 1220 1827 videantur,
1255 1771 1404 1818 certe
1431 1763 1641 1832 reliqua
1665 1781 1786 1821 om-

181 1846 324 1900 nino
358 1847 524 1901 nihil.
576 1847 716 1903 Sunt
759 1849 905 1904 enim
950 1859 1164 1906 tantum
1224 1852 1472 1908 virorum
1510 1871 1781 1924 quorum-

178 1933 338 1998 dam,
366 1952 481 1990 non
517 1937 725 2006 scripto
752 1938 847 1992 sed
879 1938 1001 1993 viva
1034 1954 1169 1994 voce
1192 1941 1402 2008 prolata
1439 1943 1778 2013 testimonia;

178 2041 304 2095 qua:
363 2035 519 2082 recte
577 2027 1120 2100 ἀπομνημονεύματα
1184 2029 1456 2088 Eusebius
1522 2037 1780 2106 appellat,

178 2119 276 2172 lib.
315 2135 372 2183 v,
395 2135 523 2188 cap.
552 2119 608 2185 8,
644 2120 736 2173 καὶ
769 2121 1353 2193 ἀπομνημονευμάτων
1399 2124 1780 2184 Ἀποστολικοῦ

175 2229 324 2276 τινος
379 2212 787 2285 πρεσϐυτέρου,
837 2208 899 2268 οὗ
949 2215 1189 2288 τοῦνομα
1242 2222 1420 2292 σιωπῇ
1472 2223 1776 2295 παρέδωκε,

177 2304 548 2375 μνημονεύει.
608 2304 865 2362 Bullinus
911 2307 1181 2378 interpres
1218 2326 1231 2362 :
1269 2309 1374 2365 Sed
1415 2322 1467 2366 et
1497 2316 1779 2384 apostolici

173 2396 470 2466 cujusdam
495 2399 620 2464 viri,
653 2399 808 2463 cuius
847 2416 1034 2454 nomen
1063 2403 1298 2468 reticuit,
1328 2408 1586 2462 sermonis
1622 2411 1776 2478 quasi

173 2495 492 2546 memoriter
543 2494 803 2549 meminit.
847 2493 940 2548 Sic
980 2492 1147 2549 Marci
1191 2493 1547 2569 Evangelium
1582 2501 1776 2556 crede-

176 2586 308 2639 bant
331 2597 554 2640 veteres
583 2586 720 2640 nihil
747 2587 894 2642 aliud
937 2587 1109 2644 fuisse
1136 2606 1300 2660 quam
1337 2589 1483 2646 Petri
1517 2593 1774 2667 ἀπομνη-

174 2675 527 2746 μονεύματα.
565 2674 640 2730 Ita
674 2675 875 2748 Papias
903 2679 1047 2748 apud
1071 2678 1304 2744 Euseb.,
1331 2681 1368 2736 l.
1401 2698 1483 2749 ιιι,
1514 2699 1636 2755 cap.
1669 2685 1771 2742 39:

170 2768 407 2839 Μάρκος
431 2768 535 2839 μὲν
562 2769 905 2842 ἑρμηνευτὴς
924 2771 1132 2844 Πέτρου
1153 2773 1463 2844 γενόμενος,
1483 2775 1584 2829 ὅσα
1601 2777 1627 2830 ὲ
1635 2795 1774 2850 μνη-

173 2861 460 2930 μόνευσεν,
498 2862 744 2934 ἀκριϐῶς
778 2863 1057 2934 ἕγραψεν;
1093 2874 1147 2919 et
1187 2882 1382 2922 rursus
1427 2885 1442 2922 :
1484 2869 1644 2923 Ὥστε
1677 2871 1772 2923 οὐκ

167 2952 255 3005 ὁὲν
287 2955 512 3025 ἥμαρτε
534 2955 762 3026 Μάρκος
792 2955 967 3020 οὕτως
999 2957 1116 3012 ἔνια
1156 2958 1376 3030 γράψας
1407 2960 1484 3025 ὡς
1524 2963 1773 3034 ἀπεμνη-

170 3047 433 3115 μόνευσε.
463 3045 536 3100 Ut
559 3046 750 3118 Cynici
789 3047 1072 3118 cujusdam
1091 3050 1256 3105 verba
1277 3051 1343 3105 de
1375 3050 1672 3123 Peregrina
1702 3071 1770 3110 ex

1903 553 2070 610 nimis
2119 570 2435 626 permotus,
2488 561 2744 631 quaesivit
2792 564 2994 631 pariter
3050 580 3080 619 a
3143 566 3481 633 senioribus,

1902 646 2033 714 quid
2077 646 2153 702 illi
2187 652 2507 707 audiverant
2543 653 2612 707 ab
2647 653 2734 714 iis,
2776 655 2870 724 qui
2904 655 3277 724 apostolorum
3311 656 3485 711 disci-

1900 738 2060 806 pulos
2091 740 2359 810 viderant,
2400 755 2455 799 et
2491 761 2616 800 cum
2646 745 2762 799 haac
2795 745 2916 800 viva
2949 761 3082 802 voce
3109 749 3320 817 prolata
3344 749 3483 806 sibi-

1899 845 2006 898 que
2031 833 2230 908 tradita
2266 836 2489 906 scriptis
2520 836 2822 906 praeferret,
2855 854 2976 908 quae
3007 839 3074 894 ab
3105 841 3214 895 illis
3240 857 3463 914 accepe~

1898 932 1981 976 rat
2005 925 2210 993 pariter
2230 928 2468 997 scripsit.
2499 927 2704 984 Horum
2734 930 2900 1000 igitur
2925 933 3206 987 seniorum
3233 937 3476 991 auctori-

1899 1026 2008 1072 tate
2043 1029 2097 1073 et
2135 1019 2470 1086 testimonio,
2500 1023 2566 1078 ad
2605 1023 2924 1077 ﬁrmandam
2961 1025 3305 1081 traditionem
3337 1043 3476 1082 non-

1897 1127 2202 1182 nunquam,
2243 1115 2444 1184 saepius
2479 1116 2546 1169 ad
2590 1131 2742 1179 suas,
2791 1118 2858 1171 de
2898 1119 3058 1173 annis
3087 1118 3291 1176 Christi
3332 1136 3474 1191 quos

1892 1205 2006 1271 egit
2037 1203 2091 1256 in
2126 1205 2310 1270 terris,
2351 1207 2419 1262 de
2454 1207 2561 1261 illis
2587 1223 2726 1277 quos
2764 1208 2963 1266 ibidem
3009 1210 3206 1265 iterum
3247 1221 3472 1270 acturus

1891 1303 1998 1360 est,
2035 1295 2103 1349 de
2142 1304 2487 1351 mortuorum
2526 1305 2694 1362 statu,
2733 1298 2800 1352 de
2833 1298 3022 1354 bestia:
3062 1300 3473 1371 Apocalyptica:

1891 1387 2406 1453 numero,privatas
2436 1389 2725 1458 opiniones
2756 1391 3109 1445 stabiliendas
3131 1392 3323 1445 utitur.
3363 1390 3469 1446 Sed

1889 1477 2022 1546 quid
2047 1478 2172 1534 inde
2190 1482 2480 1551 sequitur?
2501 1498 2568 1536 an
2598 1483 2730 1538 illud
2761 1484 2814 1538 in
2843 1484 3057 1553 primis,
3083 1483 3287 1538 Irenzeo
3311 1485 3470 1554 igno-

1889 1575 1942 1623 ta
1974 1568 2147 1627 fuisse
2184 1571 2465 1644 lgnatiana
2503 1575 2709 1638 omnia,
2742 1575 2870 1644 quia
2922 1575 3058 1630 nihil
3111 1577 3181 1630 ab
3229 1591 3296 1630 eo
3325 1575 3468 1632 scri-

1886 1668 2039 1729 ptum
2076 1661 2218 1715 inter
2243 1662 2360 1718 hac
2395 1665 2578 1717 omnia
2615 1664 2924 1719 testimonia
2961 1665 3268 1734 reperitur?
3307 1665 3468 1719 mini-

1887 1765 1996 1805 me.
2028 1750 2298 1822 lgnatium
2339 1755 2627 1810 consulere
2679 1771 2788 1809 non
2837 1756 3015 1826 potuit
3069 1755 3328 1822 lrenaaus,
3371 1757 3465 1828 qu'

1890 1842 1982 1897 illo
2037 1852 2254 1899 mortuo
2302 1853 2464 1901 natus
2509 1855 2612 1901 est.
2669 1844 2925 1902 Seniorcs
2974 1848 3180 1903 Irenaeo
3232 1849 3465 1905 recitant

1885 1933 2016 2003 quid
2050 1935 2405 2004 audiverant;
2446 1937 2498 1992 id
2532 1938 2774 2008 lgnatius
2814 1939 2907 1994 diu
2937 1949 3064 1994 ante
3089 1941 3281 1996 bestiis
3308 1941 3466 1996 obla‘

1884 2033 1974 2082 tus
2009 2025 2187 2082 facere
2217 2044 2327 2084 non
2353 2029 2549 2100 potuit.
2577 2029 2800 2086 Frustra
2835 2031 3002 2102 igitur
3034 2048 3159 2086 eum
3211 2033 3352 2087 inter
3377 2048 3460 2088 se-

1883 2118 2070 2173 niores
2096 2119 2220 2173 illos
2251 2135 2352 2174 sua
2377 2120 2638 2192 sull'ragia
2662 2121 2978 2178 ali'crentem
3004 2138 3240 2193 quaeras.
3274 2123 3464 2180 Senio-

1883 2225 1972 2265 rcs
2019 2210 2120 2278 illi,
2162 2213 2292 2282 quid
2341 2229 2474 2268 voce
2527 2216 2648 2270 viva
2705 2217 3061 2282 audiverant,
3100 2233 3208 2273 non
3241 2219 3373 2288 quid
3408 2221 3462 2274 in

1882 2303 2103 2372 scriptis
2135 2303 2398 2373 legerant,
2433 2316 2832 2375 narraverunt;
2875 2307 3076 2364 frustra
3106 2310 3271 2381 igitur
3295 2311 3460 2366 etiam

1881 2396 2209 2450 sententiam
2236 2397 2474 2467 aliquam
2501 2399 2570 2453 ab
2598 2398 2812 2470 lgnatio
2844 2401 3105 2471 scriptam
3141 2403 3210 2457 ab
3233 2403 3342 2458 illis
3361 2419 3461 2460 ex-

1880 2495 2113 2556 spectes.
2138 2487 2383 2559 lgnatius
2402 2489 2517 2559 ipse
2533 2490 2600 2544 ad
2621 2491 2825 2548 bestias
2843 2494 3261 2563 condemnatus,
3282 2507 3339 2552 et
3361 2497 3463 2554 Ec-

1879 2579 2076 2635 clesias
2100 2581 2154 2634 in
2189 2578 2384 2637 itinere
2411 2583 2769 2650 confirmans,
2793 2602 2902 2640 non
2926 2596 2985 2640 ut
3004 2586 3202 2658 Papias
3228 2589 3460 2662 σμικρὸς

1877 2669 1956 2724 ὢν
1987 2671 2078 2726 τὸν
2111 2673 2258 2740 νοῦν,
2294 2675 2426 2744 quid
2465 2677 2535 2731 ab
2570 2677 2736 2747 hujus
2779 2678 2863 2732 vel
2906 2679 3056 2735 illius
3083 2682 3340 2750 apostoli,
3375 2684 3460 2738 vel

1876 2762 2132 2833 discipuli
2160 2780 2256 2820 ore
2282 2767 2366 2820 vel
2398 2766 2515 2836 ipse
2538 2767 2623 2822 vel
2646 2768 2738 2822 alii
2761 2779 3105 2840 acceperant,
3136 2771 3190 2827 in
3213 2773 3460 2843 epistola

1876 2856 2099 2926 scripsit
2123 2876 2137 2912 :
2164 2857 2294 2914 hinc
2324 2859 2492 2928 igitur
2516 2860 2695 2930 colligi
2731 2861 2881 2915 nullo
2915 2863 3080 2917 modo
3107 2872 3306 2934 potest.
3336 2867 3459 2934 ejus

1874 2949 2134 3018 epistolas
2161 2952 2230 3004 ab
2262 2949 2468 3007 Irenaeo
2495 2953 2706 3008 laudari
2731 2955 3012 3024 debuisse,
3029 2965 3125 3012 aut
3147 2973 3214 3014 eo
3237 2962 3459 3016 nomine

1875 3044 1981 3114 ipsi
2016 3044 2232 3114 ignotas
2256 3043 2447 3102 fuisse.

167 3137 445 3192 memoria
470 3138 708 3194 recitare
725 3155 784 3194 se
803 3141 1033 3194 ﬁdeliter
1050 3141 1339 3210 proﬁtetur
1356 3141 1769 3211 Lucianusgxa‘t
1797 3177 1840 3236 ο
1943 3135 2198 3192 Nondum
2232 3139 2401 3209 igitur
2437 3156 2518 3194 res
2567 3141 2701 3195 satis
2734 3142 2977 3212 confecta
3018 3141 3188 3236 videri
3232 3143 3453 3236 dehnit,

163 3227 241 3291 ὡς
274 3228 344 3281 ἂν
378 3222 494 3293 οἷός
528 3247 588 3283 τε
630 3223 676 3283 ὦ
727 3230 1064 3303 πειράσομαί
1113 3250 1197 3287 σοι
1243 3233 1382 3288 αὐτὰ
1422 3235 1606 3290 ἐκεῖνα
1637 3238 1771 3292 ἁπο-

1874 3230 1968 3286 scd
1991 3245 2110 3285 eam
2146 3231 2313 3285 multo
2343 3233 2664 3288 luculentius
2695 3250 2759 3287 ea:
2785 3235 3015 3305 quodam
3033 3235 3270 3304 ejusdem
3303 3234 3452 3291 Scri-

166 3320 556 3390 μνημονεῦσαι
587 3321 664 3385 ὡς
697 3321 936 3388 ἐλέγετο.
972 3324 1064 3377 Sic
1097 3324 1265 3394 igitur
1286 3323 1525 3382 Irenaaus
1557 3327 1653 3383 lib.
1692 3345 1766 3395 tv,

163 3429 268 3482 cap
301 3413 336 3467 5
377 3433 392 3467 :
431 3414 898 3479 Quemadmodum
924 3417 1108 3470 audivi
1134 3434 1167 3470 a
1187 3417 1418 3488 quodam
1441 3419 1764 3491 presbytero,

161 3509 257 3577 qui
280 3508 540 3562 audierat
571 3507 637 3562 ab
674 3509 756 3564 his
789 3511 880 3578 qui
914 3511 1179 3580 apostolos
1205 3512 1468 3577 uiderant,
1497 3523 1547 3569 et
1583 3517 1648 3569 ab
1683 3516 1766 3572 his

159 3602 254 3670 qui
278 3602 614 3657 didicerant.
637 3600 745 3658 Ubi
774 3603 1063 3674 diligenter
1091 3603 1499 3661 observandum
1535 3617 1620 3664 est
1651 3607 1764 3664 Ire-

157 3709 348 3748 nazum
391 3695 482 3750 hic
525 3695 687 3764 plane
730 3694 956 3766 Papiam
1000 3695 1173 3752 fuisse
1223 3697 1520 3766 imitatum,
1578 3716 1609 3755 a
1654 3716 1765 3771 quo

157 3785 486 3840 doctrinam
517 3787 664 3842 mille
690 3803 964 3843 annorum
995 3789 1242 3860 accepit;
1276 3793 1356 3846 sic
1385 3791 1533 3846 enim
1567 3790 1765 3863 Papias

155 3891 221 3930 ea
266 3879 556 3932 memorias
585 3879 869 3934 mandavit
912 3896 1036 3950 quae
1080 3896 1112 3935 a
1149 3881 1426 3937 veteribus
1468 3882 1573 3937 hoc
1601 3885 1764 3939 modo

157 3969 462 4034 didicerat,
492 3979 553 4024 ut
578 3970 696 4039 ipse
725 3971 794 4026 de
817 3987 877 4026 se
899 3980 1134 4027 testatur
1157 3990 1171 4025 :
1202 3974 1267 4026 El
1292 3973 1350 4026 δέ
1372 3992 1475 4028 που
1505 3974 1598 4030 καὶ
1619 3994 1764 4050 παρ-

155 4062 556 4133 ηκολουθηκώς
589 4081 673 4126 τις
705 4065 817 4128 τοῖς
855 4065 1245 4138 πρεσόυτέροις
1278 4067 1441 4132 ἔλθοι,
1495 4069 1622 4133 τοὺς
1653 4069 1763 4124 τῶν

158 4153 564 4225 πρεσϐυτέρων
613 4153 898 4227 ἀνέκρινον
947 4154 1160 4224 λόγους,
1214 4157 1267 4210 τί
1299 4157 1577 4229 Ἀνδρέας,
1626 4157 1660 4230 ἢ
1708 4159 1762 4212 τί

157 4246 374 4317 Πέτρος
407 4241 586 4310 εἶπεν,
622 4247 656 4316 ἢ
692 4247 745 4299 τί
779 4246 1063 4311 Φίλιππος,
1097 4249 1132 4319 ἢ
1166 4247 1221 4301 τί
1253 4248 1476 4320 Θωμᾶς,
1507 4251 1541 4322 ἢ
1576 4251 1762 4305 Ἰάκω-
1800 4307 1801 4310 η

156 4339 273 4403 6ος,
309 4339 346 4410 ἢ
385 4339 438 4392 τί
485 4339 762 4410 Ἰωάννης,
798 4340 831 4410 ἢ
867 4339 1169 4406 Ματθαῶς,
1221 4343 1256 4414 ἧ
1302 4360 1386 4406 τις
1433 4342 1619 4416 ἕτερος
1651 4343 1761 4399 τῶν

157 4431 251 4484 τοῦ
285 4430 504 4502 Κυρίου
541 4430 823 4501 μαθητῶν,
858 4432 955 4486 ἅτε
1000 4432 1286 4505 Ἀριστίων
1329 4434 1424 4487 καὶ
1455 4435 1484 4488 ὁ
1516 4434 1759 4506 πρεσϐύ-

1869 3323 2039 3392 ptoris
2071 3323 2183 3377 loco
2210 3324 2443 3392 probare
2471 3340 2530 3380 sc
2557 3340 2720 3395 posse
2746 3333 2901 3396 putat
2936 3327 3018 3380 vir
3056 3326 3450 3392 doctissimus;

1871 3409 1984 3476 illo,
2025 3410 2237 3466 scilicet
2265 3426 2377 3480 quo
2403 3412 2470 3466 ad
2499 3411 2774 3468 Ecclesias
2798 3415 2937 3470 duas
2962 3415 3220 3484 epistolas
3245 3431 3454 3470 memo-

1869 3511 1975 3567 rat,
2009 3519 2172 3558 unam
2201 3505 2499 3561 Clementis
2538 3507 2604 3561 ad
2652 3507 2991 3570 Corinthios,
3028 3508 3255 3564 alteram
3290 3507 3453 3581 Poly-

1867 3595 2019 3665 carpi
2069 3597 2135 3650 ad
2184 3595 2587 3667 Philippenses.
2635 3597 2816 3664 Quare
2854 3599 2940 3652 hic
2968 3608 3142 3669 rogat,
3182 3617 3297 3666 cur,
3326 3602 3374 3656 si
3401 3603 3451 3656 ei

1866 3697 2020 3742 notus
2049 3700 2164 3744 erat
2199 3699 2376 3744 noster
2409 3687 2677 3760 Ignatius,
2709 3689 2856 3744 illius
2880 3689 2995 3745 loco
3019 3702 3132 3746 tam
3155 3703 3450 3762 opportuno

1867 3791 2077 3853 tamque
2133 3786 2431 3838 necessario
2486 3784 2665 3839 nullus
2701 3785 3065 3840 meminerit?
3105 3785 3452 3857 Respondeas

1865 3891 1974 3929 non
2009 3884 2118 3929 tam
2154 3891 2252 3946 pro
2293 3877 2454 3932 nobis
2491 3893 2656 3947 quam
2696 3892 2796 3947 pro
2829 3878 3012 3947 seipso
3041 3879 3154 3947 jam
3187 3879 3448 3935 lrenams.

1863 3964 1975 4021 Nos
2009 3967 2155 4021 enim
2185 3967 2357 4023 multo
2386 3970 2614 4024 tutiores
2653 3984 2848 4024 sumus
2883 3983 2915 4022 a
2945 3967 3126 4025 Dallaei
3161 3973 3444 4041 conjectu-

1865 4059 1962 4121 ris,
1994 4074 2159 4128 quam
2186 4057 2245 4114 S.
2278 4058 2516 4116 lrenteus
2555 4061 2624 4115 ab
2655 4061 2900 4132 ejusdem
2927 4077 3182 4118 censura.
3217 4063 3311 4117 Sic
3342 4064 3449 4134 igi-

1863 4159 1954 4205 tur
1989 4152 2076 4206 ille
2099 4153 2193 4206 lib.
2233 4169 2314 4216 ιιι,
2351 4169 2471 4224 cap.
2507 4155 2541 4208 5
2575 4174 2588 4210 :
2621 4153 2984 4210 Traditionem
3026 4157 3209 4228 itaque
3240 4170 3448 4227 aposto-

1864 4241 2038 4294 lorum
2069 4242 2123 4295 in
2145 4251 2254 4296 toto
2281 4244 2478 4297 mundo
2506 4246 2924 4314 manifestatum,
2957 4247 3013 4300 in
3043 4249 3188 4302 omni
3206 4247 3446 4303 Ecclesia

1863 4334 2013 4387 adest
2049 4336 2340 4405 perspicere
2383 4337 2625 4391 omnibus
2667 4339 2757 4408 qui
2791 4355 2908 4393 vera
2939 4339 3096 4393 velint
3124 4341 3346 4405 audire;
3393 4353 3442 4396 et

1861 4425 2112 4480 habemus
2153 4445 2502 4483 annumerare
2546 4446 2632 4484 eos
2676 4432 2767 4500 qui
2805 4432 2870 4485 ab
2915 4433 3168 4501 apostolis
3210 4433 3442 4487 instituti

156 4538 317 4593 τερος
365 4521 622 4592 Ἰωάννης
653 4523 702 4574 οἱ
736 4521 830 4575 τοῦ
865 4523 1070 4596 Κυρίου
1109 4525 1347 4596 μαθηταὶ
1380 4525 1660 4595 λέγουσιν’
1695 4529 1756 4582 οὐ

1874 4529 1983 4574 ιιιηι
2005 4521 2236 4590 episcopi
2267 4521 2325 4574 in
2353 4521 2608 4589 ecclesiis,
2638 4533 2687 4576 et
2721 4539 3041 4579 successores
3072 4541 3254 4578 eorum
3281 4541 3446 4594 usque

157 4616 269 4686 γὰρ
303 4613 378 4668 τὰ
410 4616 479 4668 ὲκ
510 4614 619 4667 τῶν
654 4615 878 4686 βιϐλίων
918 4617 1171 4672 τοσοῦτόν
1224 4636 1292 4691 με
1343 4619 1575 4689 ὠφελεῖν
1617 4621 1756 4677 ἀπε-

157 4705 466 4777 λάμϐανον,
516 4708 643 4760 ὅσον
689 4708 758 4762 τὰ
801 4707 958 4779 παρὰ
1001 4709 1184 4780 ζώσης
1216 4711 1404 4782 φωνῆς
1436 4713 1528 4766 καὶ
1564 4713 1756 4784 μενού-

161 4817 283 4870 σης.
322 4799 485 4864 Quod
512 4801 560 4854 si
586 4801 704 4870 quis
733 4800 1002 4856 interdum
1030 4803 1161 4857 mihi
1189 4805 1498 4860 occurrebat
1526 4807 1758 4876 quicum

159 4893 466 4945 senioribus
497 4902 737 4946 uersatus
772 4893 983 4963 fuisset,
1009 4911 1076 4950 ea:
1109 4912 1169 4949 eo
1197 4898 1405 4952 curiose
1441 4900 1759 4954 sciscitabar

157 5001 412 5048 alienam
450 4994 627 5038 essent
661 4986 928 5040 seniorum
961 4989 1108 5042 dicta
1138 5003 1159 5044 :
1179 4990 1309 5060 quid
1338 4991 1602 5052 Andreas.
1627 4993 1756 5064 quid

164 5080 380 5142 Petrus,
408 5080 541 5150 quid
566 5079 869 5149 Philippus,
897 5080 1026 5150 quid
1061 5080 1314 5147 Thomas,
1346 5084 1475 5153 quid
1495 5083 1754 5153 Jacobus,

157 5166 285 5233 quid
308 5165 576 5232 Joannes,
601 5167 728 5238 quid
753 5165 1067 5231 Mattheus,
1091 5169 1220 5239 quid
1239 5171 1420 5224 ctcteri
1440 5170 1658 5226 Domini
1677 5173 1760 5226 di-

167 5261 356 5330 'cipuli
368 5261 547 5314 dicere
562 5261 711 5314 soliti
721 5270 912 5325 essent,
925 5261 1434 5332 quidnaniAristion
1455 5274 1507 5318 et
1518 5263 1753 5320 Joannes

159 5353 438 5424 presbyter
465 5353 717 5423 discipuli
749 5353 964 5408 Domini
993 5355 1285 5410 traderent.
1319 5355 1503 5428 Neque
1527 5359 1666 5413 enim
1689 5375 1753 5413 ea:

161 5445 426 5500 librorum
458 5445 682 5500 lectione
704 5456 908 5500 tantam
937 5463 1018 5502 me
1045 5448 1338 5503 utilitatem
1381 5467 1570 5520 capere
1603 5467 1754 5521 posse

158 5537 559 5603 existimabam,
591 5547 848 5608 quantum
885 5555 951 5592 ea:
981 5539 1256 5594 hominum
1286 5541 1462 5596 adhuc
1497 5545 1754 5612 supersti—

163 5638 272 5684 tum
296 5631 418 5684 uiua
445 5646 588 5684 voce.
620 5628 882 5696 Quaesivit
899 5629 1099 5702 Papias
1120 5648 1149 5687 a
1175 5635 1488 5689 senioribus
1516 5635 1648 5706 quid
1674 5635 1750 5689 illi

165 5724 233 5776 ab
274 5723 547 5794 apostolis
577 5732 674 5779 aut
705 5724 992 5794 discipulis
1030 5726 1374 5793 audiverant,
1431 5735 1487 5781 et
1528 5743 1650 5798 quae
1682 5728 1752 5783 ab

169 5813 272 5872 'llis
301 5824 594 5873 acceperat
614 5816 855 5878 scrinsit.
887 5817 979 5875 καὶ
1013 5817 1176 5882 οὕτω,
1211 5819 1406 5886 innuit,
1439 5821 1468 5874 ὁ
1503 5820 1744 5886 πρεσϐύ-

1860 4613 1930 4666 ad
1961 4629 2055 4666 nos
2081 4651 2096 4675 ,
2131 4613 2222 4683 qui
2250 4614 2381 4668 nihil
2404 4616 2511 4669 tale
2531 4617 2845 4679 docuerunt,
2878 4633 3040 4686 neque
3069 4627 3440 4687 cognoverunt.

1859 4706 2016 4774 quale
2063 4706 2128 4760 ab
2175 4707 2252 4760 eis
2307 4708 2588 4762 deliratur.
2636 4707 2882 4763 Traditio
2931 4710 3098 4780 igitur
3136 4712 3440 4766 secundum

1860 4797 2125 4855 Irenaeum
2154 4810 2275 4855 erat
2298 4801 2522 4855 inomni
2553 4801 2795 4857 Ecclesia
2823 4800 3090 4868 Romana,
3113 4803 3439 4858 Alexandri-

1860 4906 1952 4957 na,
1983 4890 2349 4957 Antiochena,
2374 4891 2892 4964 Hierosolymitana,
2920 4893 3282 4964 reliquisque,
3310 4901 3365 4948 et
3394 4895 3439 4948 si

1859 4981 2157 5049 voluisset,
2209 4991 2426 5054 poterat
2473 4999 2765 5038 numerare
2807 4999 3000 5038 omnes
3030 4986 3323 5055 cpiscoms
3370 4986 3440 5040 ab

1858 5077 2127 5144 apostolis
2189 5075 2489 5142 institutos,
2538 5093 2668 5146 quos
2716 5093 3042 5130 successores
3092 5077 3436 5148 reliquerant,

1857 5183 2013 5222 suum
2051 5169 2286 5237 ipsorum
2314 5169 2483 5222 locum
2508 5170 2802 5240 magisterii
2829 5169 3120 5233 tradentes,
3156 5179 3212 5223 et
3243 5185 3434 5224 eorum

1855 5261 2021 5314 etiam
2054 5276 2421 5316 successores.
2457 5259 2560 5315 Sed
2582 5262 2856 5331 quoniam,
2902 5261 3100 5330 inquit,
3130 5260 3185 5313 in
3220 5261 3312 5314 hoc
3339 5261 3437 5314 tali

1855 5355 2118 5410 uolumine
2143 5353 2356 5424 longum
2379 5362 2455 5406 est
2479 5352 2712 5406 omnium
2747 5350 3108 5406 Ecclesiarum
3129 5367 3437 5406 enumerare

1855 5447 2206 5500 successiones
2229 5461 2248 5509 ;
2274 5446 2544 5510 maxime,
2573 5455 2623 5497 et
2653 5443 2904 5512 antiqute,
2923 5451 2972 5496 et
2995 5442 3236 5497 omnibus
3254 5445 3434 5512 cogni-

1857 5555 1945 5609 ttc,
1977 5561 2010 5596 a
2041 5542 2439 5614 gloriosissimis
2461 5541 2665 5594 duobus
2705 5542 2962 5610 apostolis
2995 5539 3156 5595 Petro
3178 5551 3224 5594 et
3259 5537 3432 5592 Paulo

1852 5637 2035 5691 Roma:
2065 5633 2303 5705 fundata:
2325 5642 2375 5688 et
2405 5634 2708 5687 constituta:
2731 5631 2981 5687 Ecclesia:
3005 5648 3124 5686 eam
3151 5647 3310 5702 quam
3333 5630 3431 5682 ha-

1855 5731 1935 5784 bet
1954 5730 2016 5783 ab
2047 5738 2300 5799 apostous
2323 5725 2657 5781 traditionem
2677 5735 2728 5781 st
2742 5727 3112 5781 annumiatam
3133 5722 3430 5778 hominibus

1857 5821 2032 5882 fidem.
2059 5837 2149 5876 uer
2177 5821 2522 5877 successiones
2544 5820 2902 5890 episcoporum
2929 5817 3307 5874 pervenientem
3343 5830 3423 5869 usv
3461 5877 3468 5888 ι
