3878 6210
431 299 532 356 16⁷

1447 295 1505 352 S.
1541 294 1897 354 lGNA'l‘lUS.
1937 325 2008 339 --
2043 293 2584 352 PROLEGOMENA.

3579 340 3582 344 .
3613 290 3716 344 168

426 433 528 488 que
552 417 622 471 ad
650 433 743 471 nos
772 416 1097 483 indicantes,
1120 417 1501 482 confundimus
1523 434 1703 472 omnes
1734 434 1842 472 eos.
1867 414 2024 471 Tunc
2053 422 2100 478 Α
2128 415 2319 470 eadem
2358 430 2483 471 cum
2516 412 2781 467 Romanis
2809 411 3182 480 prredicasset,
3225 409 3373 480 quod
3415 409 3621 465 multos
3650 425 3719 464 ex

430 509 573 564 inter
605 509 744 565 alios
790 508 979 565 Romae
1007 509 1300 580 episcopos
1340 509 1677 565 Clementem
1711 518 2020 574 enumerat,

429 601 523 670 qui
557 608 606 654 et
645 599 776 654 vidit
812 601 952 670 ipsos
995 601 1262 671 apostolos
1288 611 1338 655 et
1363 601 1585 656 contulit
1611 617 1732 655 cum
1761 603 1860 666 eis,
1901 617 2022 656 cum

429 690 606 745 adhuc
631 690 965 744 insonantem
988 690 1422 760 praedicationem
1444 691 1808 761 apostolorum
1830 703 1880 747 et
1909 702 2024 746 tra-

427 781 682 834 ditionem
741 795 862 840 ante
911 782 1092 836 oculos
1123 783 1357 845 haberet,
1397 784 1672 855 traditque
1702 781 1889 838 Romae
1919 783 2024 839 Ec-

432 880 660 928 clesnam
699 874 804 928 sub
829 875 934 928 hoc
957 875 1257 941 Clemente,
1300 877 1592 948 scripsisse
1629 876 1919 946 epistolam
1953 876 2021 931 ad

433 962 775 1029 Corinthios,
806 961 878 1018 ad
901 979 1084 1033 pacem
1112 981 1200 1018 eos
1228 976 1654 1036 congregantem,
1685 974 1735 1021 et
1769 982 2023 1037 reparan-

439 1065 545 1110 tem
570 1055 730 1126 ﬁdem
751 1071 958 1123 eorum,
983 1067 1032 1110 et
1058 1059 1466 1112 annuntiantent
1495 1076 1654 1130 quam
1677 1059 1742 1112 ab
1765 1058 2021 1130 apostolis

435 1158 701 1219 receperat
732 1150 1100 1204 traditionem.
1136 1151 1384 1206 Meminit
1428 1153 1596 1224 igitur
1628 1152 1929 1210 Clementis
1968 1167 2022 1210 et

434 1244 684 1314 epistola:
717 1244 819 1299 sub
853 1246 974 1315 ejus
1002 1245 1321 1315 pontiﬁcatu
1361 1247 1604 1318 scriptae,
1632 1263 1805 1318 quare
1832 1263 1941 1303 non
1967 1258 2022 1304 et

437 1335 676 1407 lgnalii?
711 1336 1015 1407 respondeo
1047 1337 1176 1408 quia
1221 1336 1466 1409 lgnatius
1502 1337 1694 1395 Romae
1723 1340 2021 1410 episcopus

434 1443 718 1498 nunquam
758 1428 887 1496 fuit,
943 1431 1048 1485 sub
1067 1445 1134 1484 eo
1177 1428 1419 1485 Ecclesia
1464 1429 1714 1486 Romana
1757 1431 2021 1502 epistolas

436 1520 678 1575 scribere
709 1535 818 1574 non
853 1521 1050 1590 potuit.
1085 1519 1289 1575 Statuit
1316 1529 1498 1576 autem
1535 1521 1772 1578 lrenmus
1806 1524 1875 1579 de
1903 1533 2019 1580 tra-

434 1612 646 1668 ditione
673 1613 741 1667 ad
777 1611 1084 1668 Romanam
1120 1613 1420 1669 Ecclesiam
1456 1616 1768 1685 pertinente
1802 1625 2018 1673 tantum

435 1705 611 1775 loqui.
643 1703 856 1760 lnerter
880 1722 943 1759 ac
973 1707 1261 1777 flagitiose,
1300 1706 1446 1764 dicet
1491 1707 1726 1764 Dallzeus
1765 1708 2017 1766 fortasse.

2125 508 2420 572 haereticis,
2450 514 2643 561 contra
2674 519 2815 575 quos
2839 504 2894 558 hi
2926 504 3050 557 libri
3083 505 3292 557 exarati
3324 513 3488 566 sunt,
3523 503 3592 558 ad
3627 520 3725 558 ca-

2124 600 2386 655 tholicam
2427 599 2586 653 tidem
2622 597 2810 652 Romae
2833 595 3187 661 converterit,
3222 605 3278 651 et
3315 595 3580 650 Romana:
3621 594 3729 650 Ee-

2124 691 2306 746 clesiaa
2331 689 2790 753 reconciliaverit,
2815 690 2962 760 quod
2992 688 3123 759 quid
3158 687 3217 743 S.
3248 687 3491 743 Joannes
3518 687 3588 743 de
3616 687 3729 742 Ce-

2123 783 2314 839 rintho
2337 783 2594 847 senserit,
2620 782 2753 854 quid
2779 783 2896 854 ipse
2931 783 3000 838 de
3027 780 3326 847 Marcione,
3359 790 3596 837 testatus
3625 780 3723 839 sit.

2125 874 2337 930 Horum
2354 890 2482 930 vero
2500 874 2716 929 nihilde
2729 872 3058 945 lgnatiodici
3079 873 3276 943 potuit.
3298 871 3562 942 Epistola:
3585 873 3721 942 qui-

2124 970 2250 1026 dem
2277 969 2398 1040 ejus
2423 970 2604 1025 obiter
2627 969 2902 1034 meminit,
2935 968 3030 1022 sed
3060 983 3127 1022 ne
3162 966 3236 1038 μῦ
3255 982 3322 1021 ex
3338 965 3429 1020 illa
3455 966 3724 1032 adducit;

2125 1079 2194 1119 ne
2211 1063 2265 1117 id
2306 1063 2526 1133 quidem
2566 1063 2701 1118 dicit
2735 1077 2857 1117 eam
2885 1061 3170 1116 continere
3189 1059 3438 1114 eamdem
3457 1059 3721 1112 traditio-

2128 1169 2253 1208 nem
2291 1170 2413 1224 qua:
2444 1155 2498 1207 in
2550 1153 2794 1207 Romana
2855 1151 3099 1207 Ecclesia
3163 1151 3422 1205 obtinuit.
3460 1149 3728 1222 Polycar-

2123 1260 2252 1316 pum
2288 1244 2470 1315 itaque
2493 1246 2616 1300 ideo
2643 1254 2854 1299 tantum
2885 1243 3096 1307 citavit,
3117 1243 3264 1314 quod
3302 1241 3492 1297 Roma:
3519 1243 3719 1296 eadem

2123 1354 2249 1393 cum
2282 1336 2529 1393 Romana
2560 1337 2804 1393 Ecclesia
2832 1339 3104 1404 docuerit,
3123 1346 3179 1391 et
3208 1336 3484 1391 barreticis
3511 1335 3720 1390 ibidem

2124 1431 2404 1487 restiterit.
2431 1429 2541 1485 Nec
2570 1440 2689 1486 erat
2721 1431 2998 1500 utriusque
3028 1429 3341 1483 nominandi
3365 1445 3466 1498 par
3500 1428 3663 1481 ratio.

2194 1523 2351 1590 Quod
2379 1524 2530 1578 addit
2555 1523 2639 1577 vir
2657 1523 3037 1586 doctissimus,
3076 1519 3344 1576 [renatum
3384 1522 3440 1574 in
3479 1521 3720 1590 epistola

2122 1615 2190 1672 ad
2219 1615 2504 1670 Florinum
2538 1615 2824 1686 Polyearpi
2854 1614 3191 1668 mentionem
3229 1611 3443 1680 fecisse,
3481 1628 3589 1667 non
3616 1629 3721 1666 au-

2127 1719 2234 1766 tem
2291 1709 2507 1783 lgnatii,
2553 1711 2714 1781 cujus
2759 1708 3006 1777 epistola:
3055 1706 3224 1760 multa
3268 1715 3459 1760 contra
3506 1703 3720 1758 Florini

437 1797 602 1853 Certe
633 1797 708 1852 ita
745 1797 874 1854 fecit
909 1797 1169 1864 lrenaaus,
1191 1809 1246 1854 et
1271 1815 1372 1855 cur
1397 1800 1478 1856 sic
1509 1811 1893 1872 argumentum
1924 1802 2026 1856 ad-
2057 1795 2100 1851 Β
2127 1801 2527 1872 blasphemiam
2567 1799 2878 1864 continent,
2909 1797 2961 1852 id
2987 1797 3215 1853 omnino
3239 1797 3350 1850 vim
3379 1795 3586 1851 nullam
3619 1795 3721 1848 ha-

434 1905 630 1946 versus
692 1891 986 1947 haereticos
1046 1892 1378 1959 institueret,
1438 1893 1708 1949 rationem
1765 1895 2022 1962 reddidit,

435 1983 582 2054 quod
608 1992 823 2054 propter
849 1986 1199 2053 potentiorem
1234 1985 1384 2041 illius
1419 1985 1680 2042 Ecclesia:
1704 1987 2014 2057 principali-

437 2084 622 2142 tatem,
649 2075 772 2146 ejus
799 2076 973 2132 solius
1007 2076 1230 2132 traditio
1255 2092 1450 2132 omnes
1475 2077 1764 2135 haereticos
1789 2079 2026 2136 conluu-

433 2169 609 2223 deret.
641 2166 775 2235 Quar.
821 2167 1043 2238 quidem
1089 2168 1233 2224 ratio
1273 2168 1561 2235 Irenzeum,
1598 2170 1704 2226 etsi
1743 2169 1937 2242 lgnatii
1960 2187 2028 2226 eo

437 2261 543 2316 loci
587 2275 699 2316 non
731 2260 1066 2328 meminerit,
1097 2262 1240 2332 apud
1267 2277 1352 2317 me
1385 2262 1800 2334 ﬂagitiosissimi
1822 2262 2026 2320 silentii

435 2353 670 2409 crimine
689 2352 962 2420 absolvit;
993 2353 1235 2409 viderint
1277 2354 1535 2411 Dallaani
1565 2354 1612 2410 si
1647 2355 1830 2412 adhuc
1868 2371 2022 2410 reum

439 2454 685 2501 teneant.
714 2444 785 2500 At
815 2454 1011 2515 praeter
1038 2446 1376 2501 Clementem
1402 2447 1567 2503 etiam
1598 2445 1883 2518 Polycarpi
1909 2463 2024 2503 me-

437 2537 601 2592 minit
620 2536 977 2608 epistulasque
1005 2537 1126 2608 ejus
1156 2538 1224 2593 ad
1257 2537 1637 2609 Philippeuses
1670 2557 1684 2593 :
1719 2555 1893 2610 quare
1918 2539 2022 2611 igi-

438 2639 531 2684 tur
571 2645 682 2685 non
720 2637 777 2685 et
817 2630 1033 2700 lgnatii,
1066 2629 1372 2702 Polycarpo
1403 2631 1662 2697 senioris,
1695 2630 1856 2700 cujus
1903 2632 2023 2702 epi-

435 2721 592 2778 stolae
623 2722 702 2776 illi
745 2722 815 2776 ad
841 2720 1224 2794 Philippenses
1256 2732 1417 2778 erant
1458 2721 1773 2790 adjuncta}?
1819 2720 2024 2777 Mem--

436 2813 596 2866 randi
640 2822 780 2867 certe
828 2822 970 2867 ratio
1009 2815 1286 2884 utriusque
1327 2831 1428 2884 par
1464 2822 1603 2880 erat,
1654 2811 1860 2885 Ignatii
1905 2829 2026 2868 vero

434 2906 600 2960 etiam
655 2905 853 2974 potior.
921 2903 1250 2974 Priusquam
1315 2905 1623 2976 respondeo
1673 2905 1744 2962 de
1793 2905 2022 2972 lrentco,

435 3012 627 3068 quaero
686 2998 893 3068 pariter
945 2997 1016 3052 de
1068 2995 1426 3052 Tertulliano.
1464 2997 1770 3064 Concedcs,
1803 2998 2022 3069 opinor,

437 3105 567 3145 eum
596 3089 737 3144 bene
772 3089 1016 3155 novisse,
1044 3087 1317 3161 lgnatium
1341 3088 1515 3146 fuisse
1547 3089 1810 3148 Ecclesia:
1831 3092 2027 3148 Antio-

2127 1896 2239 1952 bet.
2268 1894 2616 1966 Blasphemia
2639 1907 2806 1964 quam
2841 1901 2973 1947 tunc
3007 1890 3272 1961 temporis
3307 1890 3563 1945 tuebatur
3591 1889 3721 1943 Flo-

2129 1988 2307 2054 rinus,
2334 1987 2435 2057 ipsi
2463 1987 2758 2058 peculiaris
2790 1985 2916 2047 fuit,
2947 1993 3137 2054 utpote
3164 1999 3331 2054 quam
3356 1983 3719 2053 haereticiqui

2126 2087 2282 2134 extra
2310 2077 2613 2134 Ecclesiam
2645 2087 2823 2143 erant,
2849 2091 3133 2146 nunquam
3164 2075 3409 2145 proﬁteri
3433 2077 3550 2130 ausi
3578 2075 3717 2130 sint.

2128 2175 2324 2230 Postea
2361 2173 2606 2244 quidem,
2638 2180 2780 2228 teste
2812 2170 3074 2236 Eusebio,
3113 2171 3347 2226 descivit
3378 2169 3448 2224 ad
3474 2169 3722 2226 Valenti-

2127 2268 2344 2322 nianos.
2374 2263 2620 2336 Epistola
2641 2273 2824 2319 autem
2849 2261 3038 2317 lrenmi
3069 2262 3454 2317 tantummodo
3484 2277 3584 2331 pro
3619 2277 3716 2316 ar-

2127 2366 2390 2430 gumento
2439 2355 2651 2420 habuit,
2709 2354 2856 2426 quod
2903 2353 3043 2408 Deus
3081 2369 3184 2407 non
3213 2354 3283 2406 sit
3327 2365 3514 2406 auctor
3540 2353 3722 2406 malo-

2127 2464 2248 2503 rum
2272 2446 2314 2515 δ,
2340 2463 2466 2501 nam
2493 2447 2619 2502 licet
2649 2446 2788 2500 alter
2816 2443 3011 2498 titulus
3031 2443 3170 2515 Περὶ
3205 2443 3507 2515 μοναρχίας
3527 2453 3721 2498 osten-

2126 2539 2257 2596 dere
2297 2539 2550 2595 videatur
2585 2536 2870 2593 Florinum
2907 2538 3020 2591 duo
3051 2535 3320 2606 principia
3359 2534 3636 2589 invexisse
3662 2544 3720 2588 et

2127 2629 2422 2686 Marcionis
2474 2645 2539 2686 ac
2574 2627 2846 2684 Cerdonis
2903 2625 3254 2696 dogmatibus
3289 2624 3612 2688 adbatsisse,
3655 2634 3723 2678 ut

2127 2723 2388 2780 observat
2415 2721 2772 2777 doctissimus
2799 2719 3088 2786 Valesius;
3113 2728 3295 2773 tamen
3323 2732 3448 2772 cum
3474 2716 3723 2770 lrenaeus

2129 2815 2248 2886 ipse
2271 2814 2523 2885 dogmata
2550 2812 2758 2875 Elorini
2797 2821 3012 2867 asserat
3040 2812 3110 2866 ab
3130 2809 3406 2865 hatrcticis
3425 2825 3720 2878 nunquam

2128 2907 2302 2963 fuisse
2341 2906 2563 2972 tradita,
2609 2914 2663 2960 et
2707 2903 2978 2960 Eusebius
3008 2903 3195 2965 addat,
3246 2901 3454 2971 ταύτης
3486 2899 3597 2970 γάρ
3629 2916 3723 2953 τοι

2126 2999 2227 3072 τῆς
2259 2997 2505 3070 γνώμης,
2539 2990 2694 3062 οὗτος
2728 2995 2902 3050 ἐδόκει
2935 2993 3316 3068 προασπιζειν,
3351 2993 3568 3072 videtur
3601 2992 3721 3046 Ire-

2128 3070 2282 3146 nteus
2311 3089 2379 3145 de
2417 3089 2508 3143 illa
2536 3105 2595 3145 re
2630 3097 2685 3142 ta
2728 3104 2844 3142 tum
2871 3087 3182 3158 disputasse
3225 3070 3501 3141 adversus
3531 3083 3720 3138 Flori-

435 3182 629 3236 chenae
688 3153 1012 3252 episcopum
1070 3153 1136 3236 et
1199 3181 1270 3237 ab
1338 3181 1606 3252 apostolis
1666 3183 2020 3251 ordinatum,
2050 3153 2094 3212 ο
2131 3197 2263 3237 num
2297 3200 2312 3236 :
2349 3201 2370 3234 ι
2397 3181 2504 3248 An,
2533 3180 2763 3244 scilicet,
2797 3153 3169 3235 Deus-auctor
3195 3188 3338 3234 esset
3367 3177 3663 3231 malorum.
3697 3195 3717 3228 ι

435 3271 656 3328 οιίαιηεὶ
698 3271 963 3342 epistolas
1004 3271 1126 3343 ejus
1163 3271 1452 3344 ignorasse
1477 3282 1657 3343 putes.
1691 3275 1890 3342 Quaero
1917 3277 2023 3348 igi-

436 3374 528 3420 tur
569 3381 698 3420 cum
743 3363 1022 3422 Ecclesiae
1067 3367 1406 3436 apostolicas
1433 3375 1731 3434 memorat,
1764 3366 1841 3421 De
1885 3384 2025 3437 prce-

436 3460 725 3528 scriptione
758 3459 1146 3528 haereticorum,
1173 3475 1294 3531 cap.
1327 3459 1418 3527 32,
1451 3477 1553 3517 cur
1576 3459 1769 3532 Iguatii
1800 3471 1893 3515 aut
1916 3460 2023 3517 Ec-

436 3551 618 3608 clesiat
642 3551 1002 3609 Antiochense
1025 3568 1135 3608 non
1161 3555 1449 3611 meminit?
1479 3554 1599 3610 Hoc
1621 3556 1796 3622 modo,
1822 3556 2022 3627 inquit,

439 3643 695 3700 Ecclesia:
751 3646 1064 3716 apostolica
1124 3663 1312 3702 census
1370 3664 1492 3702 suos
1547 3648 1832 3718 deferunt;
1887 3649 2024 3702 sicut

439 3735 843 3806 Smyrnworum
868 3737 1113 3793 Ecclesia
1137 3737 1497 3810 Polycarpunt
1531 3740 1596 3795 ab
1621 3740 1828 3796 Joanne
1859 3739 2026 3796 collo-

435 3838 614 3881 catum
645 3829 825 3896 relert,
857 3830 996 3882 sicut
1020 3827 1382 3884 Romanorum
1410 3829 1730 3885 Clementem
1773 3847 1806 3884 a
1857 3827 2026 3884 Petro

437 3917 746 3970 ordinatum
778 3918 986 3974 itidem.
1009 3917 1227 3974 Nullam
1251 3920 1415 3974 aliam
1443 3919 1743 3976 Ecclesiam
1769 3921 2027 3991 apostoli-

437 4021 562 4061 cam
597 4007 924 4064 nominavit.
959 4007 1140 4075 Quid?
1174 4025 1357 4066 n0nne
1385 4012 1542 4067 novit
1570 4011 1839 4084 lgnatium
1863 4010 2024 4084 Poly-

438 4112 608 4168 carpo
653 4097 826 4154 fuisse
865 4101 1179 4156 seniorem?
1209 4119 1394 4158 nonne
1431 4105 1772 4160 existimavit
1817 4103 1877 4160 S.
1920 4103 2024 4162 Pe-

438 4200 587 4245 trum
625 4187 798 4245 fuisse
833 4191 1140 4248 Antiochiae
1182 4195 1336 4263 prius
1366 4211 1534 4266 quam
1571 4195 1796 4253 Romae?
1843 4195 2024 4265 Quare

439 4283 605 4354 igitur
643 4281 1043 4338 Antiochenam
1083 4284 1386 4341 Ecclesiam
1421 4296 1477 4342 et
1525 4288 1849 4361 episcopum
1900 4289 2022 4360 ejus

438 4376 708 4447 lgnatium
738 4391 847 4430 non
870 4379 1356 4435 commemoravit?
1388 4378 1595 4452 Nempe
1616 4383 1813 4438 inerter
1837 4393 1888 4438 et
1918 4384 2024 4454 ﬂa-

2125 3277 2198 3330 At
2216 3290 2382 3347 quam
2398 3275 2816 3345 multa,quaaso,
2837 3273 2906 3328 ad
2926 3273 3325 3344 blasphemiam
3358 3273 3412 3326 in
3444 3288 3508 3327 ea
3530 3287 3591 3326 re
3618 3289 3716 3328 re-

2126 3369 2461 3425 tundendam
2479 3376 2786 3438 opportuna
2809 3367 3054 3439 epistola:
3076 3365 3263 3438 lgnatii
3284 3366 3604 3421 continent?
3620 3377 3720 3421 aut

2125 3465 2174 3522 si
2211 3465 2581 3531 continerent,
2613 3464 2758 3518 unde
2782 3463 2970 3518 liceret
2994 3461 3250 3532 colligere
3291 3461 3594 3516 sententias
3643 3477 3720 3515 ex

2127 3559 2196 3614 iis
2227 3558 2294 3613 ad
2318 3555 2676 3611 refellendum
2705 3553 2983 3609 Florinum
3009 3568 3299 3623 excerpere
3317 3552 3560 3607 voluisse
3601 3551 3720 3607 Ire-

2125 3650 2338 3706 timum?
2366 3647 2528 3703 Certe
2562 3649 2631 3703 ab
2659 3647 2912 3717 exemplo
2938 3645 3220 3717 Polycarpi
3261 3646 3366 3702 hoc
3403 3646 3557 3699 nullo
3592 3661 3719 3700 mo-

2125 3739 2196 3795 do
2236 3739 2506 3811 sequitur.
2539 3736 2725 3793 lunuit
2768 3736 2991 3810 quidem
3031 3752 3160 3792 eum
3219 3737 3404 3808 plures
3445 3737 3720 3806 epistolas

2127 3833 2439 3904 scripsisse,
2490 3847 2560 3886 ne
2611 3847 2778 3887 unam
2833 3847 2904 3887 ex
2959 3847 3148 3887 earum
3214 3833 3322 3886 ulla
3379 3831 3717 3886 sententiam

2125 3923 2370 3979 adducit.
2394 3925 2578 3994 Ipsum
2612 3923 2882 3990 nominat,
2909 3923 3004 3979 sed
3028 3940 3096 3979 eo
3126 3924 3247 3978 loco
3269 3939 3378 3994 quo
3403 3924 3719 3994 πεφεισμέυ

2123 4031 2252 4080 νως,
2284 4031 2442 4086 parce
2479 4030 2545 4071 ac
2583 4013 2766 4069 leviter
2797 4031 2923 4070 cum
2957 4013 3182 4070 Florino
3212 4015 3344 4086 agit,
3375 4030 3487 4084 quo
3517 4025 3718 4069 osten-

2123 4109 2206 4165 dit
2246 4109 2494 4164 seniores
2530 4108 2626 4178 qui
2659 4123 2786 4164 cum
2821 4107 3082 4180 apostolis
3127 4109 3327 4165 versati
3369 4119 3517 4174 sunt,
3571 4112 3717 4165 nihil

2121 4201 2235 4282 tale
2285 4216 2413 4256 eum
2464 4200 2740 4256 docuisse.
2791 4201 2995 4256 Eorum
3046 4201 3324 4272 aliquibus
3376 4202 3713 4257 familiarem

2123 4285 2298 4348 filisse
2343 4291 2627 4347 Florinum
2683 4300 2946 4360 noverat;
3003 4309 3174 4347 unum
3221 4309 3290 4347 ex
3345 4294 3412 4348 iis
3435 4297 3712 4360 nominat,

2125 4397 2324 4453 nempe
2349 4380 2744 4453 Polycarpum;
2796 4398 3034 4453 eumque
3071 4383 3343 4454 praecipue
3380 4383 3580 4456 seligit,
3636 4390 3717 4441 ob

395 4501 398 4504 η
439 4469 626 4539 gstiose
652 4466 780 4524 fecit
817 4486 834 4525 :
871 4479 1020 4524 certe
1067 4469 1336 4526 Irenaeum
1404 4471 1650 4530 imitatus
1698 4483 1753 4530 et
1799 4485 2021 4531 secutus
2051 4517 2098 4572 Β
2126 4476 2330 4532 multas
2375 4491 2516 4546 quas
2569 4475 2843 4546 signiﬁcat
2887 4475 3152 4531 rationes.
3202 4476 3408 4542 Primo,
3453 4490 3714 4548 respectu

437 4572 544 4618 est.
575 4561 846 4630 Quocirca
875 4561 922 4618 si
952 4562 1068 4633 jam
1095 4579 1333 4631 quaeras,
1372 4581 1545 4636 quare
1597 4567 1833 4624 Irenazus
1859 4567 2019 4641 Poly-

437 4654 590 4724 carpi
614 4654 885 4720 meminit,
909 4671 1016 4710 non
1034 4664 1218 4711 autem
1244 4656 1471 4728 lgnatii;
1496 4673 1666 4714 causa
1688 4659 1740 4713 in
1765 4669 2020 4730 promptu

437 4756 562 4813 est;
594 4746 722 4817 quia
747 4747 1097 4802 traditionem
1125 4747 1300 4804 solius
1317 4747 1578 4806 Ecclesiae
1599 4749 1863 4807 Romanae
1893 4769 2022 4824 pro-

438 4849 718 4910 posuerat,
777 4840 845 4896 ad
875 4856 1042 4911 quam
1073 4839 1508 4898 conﬁrmandam
1546 4843 1812 4901 adversus
1847 4846 2021 4902 hatre-

438 4935 597 4998 ticos,
622 4933 922 4990 auctoritas
947 4933 1234 5006 Polycarpi
1258 4937 1556 5008 plurimum
1581 4937 1836 5004 faciebat,
1862 4939 2020 5010 lgna-

437 5028 499 5083 tii
539 5027 696 5082 nihil.
750 5025 905 5082 Hanc
934 5028 1206 5083 rationem
1242 5029 1359 5100 ipse
1383 5031 1611 5086 indicat.
1649 5029 1706 5086 Is
1735 5033 1897 5098 enim,
1936 5033 2020 5086 in-

433 5117 580 5188 quit,
616 5125 717 5175 est.
743 5118 836 5187 qui
873 5118 968 5171 sub
1002 5117 1220 5172 Aniceto
1249 5136 1369 5173 cum
1395 5121 1686 5176 advenisset
1721 5122 1775 5176 in
1805 5121 2016 5189 Urbem,

435 5210 631 5264 ntultos
657 5225 724 5264 ea:
753 5210 835 5263 Itis
858 5226 986 5280 quos
1013 5212 1362 5280 prwdixtmus
1391 5212 1665 5268 luereticos
1687 5216 1939 5269 convertit
1961 5217 2018 5269 in

438 5298 733 5356 Eccleiiam
756 5299 874 5366 Dei,
898 5318 1056 5355 unam
1080 5313 1130 5357 et
1156 5305 1326 5359 solam
1356 5305 1494 5361 hanc
1515 5309 1790 5362 veritatem
1811 5325 2018 5362 annun-

435 5395 576 5448 tians
627 5395 691 5448 ab
728 5395 982 5464 apostolis
1022 5397 1319 5466 percepisse
1365 5413 1440 5465 se,
1477 5414 1637 5470 quant
1686 5408 1736 5452 et
1778 5397 2017 5454 Ecclesia

435 5487 680 5540 tradidit.
713 5485 796 5541 Ad
833 5486 1263 5543 continuandam
1305 5487 1573 5564 Romana:
1609 5489 1868 5547 Ecclesia:
1901 5500 2018 5546 tra-

433 5579 698 5635 ditionem
725 5579 947 5635 adducit
985 5579 1369 5652 Polycarpum,
1411 5599 1574 5654 quem
1624 5584 1740 5655 ipse
1782 5585 2014 5651 viderat,

435 5672 582 5743 quod
629 5673 972 5731 venerandus
1019 5674 1108 5732 ille
1156 5691 1323 5734 senex
1373 5676 1562 5734 Romae
1603 5679 1838 5746 adesset,
1868 5678 2016 5750 quod

430 5819 440 5830 -
510 5788 644 5857 *Ja}:
701 5787 856 5851 ωδ,

2125 4566 2355 4633 Florini,
2385 4568 2477 4636 qui
2504 4565 2867 4638 Polycarpum
2899 4567 3167 4631 audierat,
3200 4568 3294 4623 sed
3316 4576 3372 4621 et
3393 4584 3518 4622 cum
3543 4585 3612 4624 eo
3635 4572 3716 4624 si-

2122 4659 2238 4714 mul
2272 4659 2526 4723 Irenazus,
2559 4655 2700 4711 εἶδον
2733 4659 2844 4730 γάρ
2879 4675 2961 4724 σε,
3009 4658 3224 4729 inquit,
3259 4662 3390 4724 παῖς
3421 4660 3498 4712 ὢν
3530 4661 3614 4714 ἔτι
3652 4665 3715 4716 ὲν

2122 4753 2206 4846 τῇδἰ
2224 4749 2374 4814 κάτω
2406 4749 2562 4822 Ἀσίᾳ
2593 4749 2745 4822 παρὰ
2770 4749 2847 4820 τῷ
2871 4749 3216 4823 Πολυκάρπῳ
3236 4750 3505 4824 λαμπρῶς
3529 4753 3713 4822 πράτ-

2121 4841 2283 4897 τοῦτα
2314 4844 2373 4897 ὲν
2405 4845 2472 4914 τῇ
2509 4841 2760 4914 βασιλικῇ
2796 4843 2956 4915 αὐλῇ,
2993 4843 3087 4897 καὶ
3120 4842 3460 4915 πειρώμενον
3493 4844 3712 4898 εὐδοκι-

2123 4937 2248 5005 μεῖν
2292 4936 2423 5007 παρ*
2459 4931 2629 5004 αὐτῷ.
2688 4932 2809 4988 Vidi
2834 4934 2975 4988 enim
3013 4943 3060 4988 te
3100 4949 3218 4986 cum
3256 4933 3431 4986 adhuc
3458 4949 3592 5002 puer
3623 4951 3709 4988 es-

2119 5043 2228 5081 sem
2274 5026 2329 5080 in
2376 5026 2622 5095 inferiori
2666 5026 2796 5079 Asia
2833 5025 2976 5094 apud
3007 5024 3386 5095 Potycarpum,
3429 5023 3712 5094 splendide

2119 5128 2358 5190 agentem
2393 5120 2449 5171 in
2471 5117 2699 5188 palatio,
2744 5127 2793 5172 et
2835 5133 3146 5188 magnopere
3175 5115 3504 5170 laborantem
3558 5128 3617 5170 ut
3660 5133 3713 5172 te

2117 5213 2202 5268 illi
2225 5212 2563 5283 approbares.
2597 5209 2876 5276 Secundo,
2913 5218 3162 5280 respectu
3187 5209 3274 5263 sui
3306 5209 3501 5279 ipsius,
3535 5225 3709 5279 quem

2119 5317 2380 5374 tanquam
2413 5304 2683 5375 optimum
2716 5303 2904 5374 ejusce
2932 5303 3011 5357 rei
3041 5311 3234 5358 testem
3258 5302 3520 5374 depingit,
3553 5305 3712 5373 quod

2119 5414 2240 5470 quas
2263 5407 2394 5452 tunc
2423 5395 2631 5450 audivit
2660 5411 2690 5450 a
2714 5393 3038 5466 Polycarpo,
3063 5394 3276 5450 ﬁrmius
3307 5396 3588 5448 memoria:
3615 5395 3711 5447 ad-

2118 5489 2406 5557 haererent,
2441 5503 2606 5558 quam
2642 5502 2765 5557 qua:
2797 5502 2972 5556 nuper
3007 5486 3342 5542 acciderant.
3384 5483 3576 5539 Ταῦτα
3609 5485 3708 5538 καὶ

2117 5581 2238 5635 τότε
2293 5581 2598 5644 σπουδαίως
2647 5580 2843 5652 ἤκουον
2893 5576 3478 5651 ὑπομνηματιζόμενος
3509 5577 3614 5630 οὐκ
3647 5579 3703 5631 ὲν

2119 5675 2294 5746 χάρτῃ
2317 5675 2429 5730 ἀλλ’
2465 5677 2522 5729 ὲν
2555 5676 2620 5746 τῇ
2655 5675 2763 5746 ἐμῇ
2798 5673 3018 5746 καρδίᾳ,
3063 5674 3156 5728 καὶ
3189 5673 3278 5729 ἀεὶ
3309 5673 3448 5727 αὐτὰ
3483 5673 3694 5744 ἀναμη-
