3864 6204
173 335 271 386 169

943 337 993 392 εἰ.
1036 337 1404 393 PEARSONI‘I
1445 335 1766 391 VlNDlCI/E
1809 332 2232 390 IGNA‘I‘IANIE.
2273 366 2343 376 —
2375 334 2557 391 PARS
2591 337 2635 392 1.

3352 335 3457 389 170

168 447 448 521 ρυιῶμσι.
493 439 622 505 Haec
647 469 742 521 ego
769 463 891 507 tunc
922 431 1213 509 studiosius
1239 448 1548 520 audiebam,
1580 471 1682 508 non
1707 455 1764 508 in
1795 457 1840 513 A
1870 437 2140 522 lgnatium
2170 453 2331 507 annis
2369 453 2424 506 in
2462 453 2639 508 lucem
2662 444 2953 508 emisisse.
2989 453 3279 520 Quomodo
3307 460 3453 514 enim

166 543 376 606 charta,
416 542 509 594 sed
544 543 600 594 in
637 543 792 594 corde
829 561 941 596 meo
977 545 1166 597 audita
1200 544 1520 610 describens,
1547 545 1760 598 eadem-

163 649 262 703 que
284 633 433 702 apud
463 650 546 687 me
579 645 754 702 repeto
781 644 828 688 et
859 636 1081 690 revolvo.
1125 635 1328 703 Tertio,
1359 638 1571 691 ratione
1601 653 1766 707 argu-

166 725 333 779 menti
360 725 515 795 quod
542 724 907 781 fortissimum
942 727 1174 796 putavit.
1205 728 1429 783 Audivit
1454 728 1599 783 enim
1635 738 1766 783 tunc

163 814 560 888 Polycarpum,
589 833 712 887 qua:
742 819 819 873 illi
851 817 1032 875 fuerat
1055 837 1181 876 cum
1207 820 1266 876 S.
1304 821 1518 877 Joanne
1552 831 1605 877 et
1636 824 1766 878 reli-

163 912 288 978 quis
335 911 435 980 qui
487 909 784 965 Dominum
811 912 1061 967 viderant
1093 915 1458 979 consuetudo,
1509 914 1762 985 quisnam

161 1003 231 1055 ab
278 1003 397 1057 illis
447 1004 515 1058 de
553 1004 779 1060 Christo
809 1007 978 1060 relata
1012 1019 1352 1078 perceperat,
1386 1017 1440 1064 et
1467 1025 1631 1078 quam
1668 1011 1762 1065 illa

164 1096 376 1158 omnia,
411 1113 540 1166 quae
571 1099 640 1152 ab
674 1098 740 1153 iis
778 1099 871 1155 qui
904 1099 1146 1154 Verbum
1185 1103 1309 1156 vitae
1335 1109 1786 1172 conspexerant,

160 1186 264 1239 SS.
309 1188 622 1258 Scripturis
657 1192 1060 1258 consentirent,
1093 1193 1384 1264 diligenter
1427 1196 1757 1252 observavit.

158 1277 317 1345 Quod
356 1291 445 1334 est
479 1283 819 1351 ipsissimum
857 1296 1242 1354 argumentum
1285 1301 1395 1355 quo
1440 1286 1604 1341 toties
1645 1287 1761 1340 lre«

160 1386 314 1424 naeus
339 1372 431 1425 vel
456 1373 523 1425 ad
567 1373 857 1430 haereticos
885 1374 1233 1442 refellendos,
1269 1379 1352 1432 vel
1375 1377 1440 1432 ad
1475 1394 1606 1433 suas
1634 1393 1788 1434 sen-'

159 1463 364 1519 tentias
401 1467 815 1524 contirmandas
844 1471 1037 1526 utitur.
1080 1470 1225 1526 Nihil
1249 1485 1430 1528 autem
1465 1475 1661 1528 horum
1692 1475 1760 1530 de

155 1559 374 1629 lgnaIio
421 1561 606 1617 dicere
659 1564 874 1632 potuit;
916 1581 1041 1620 cum
1085 1582 1151 1635 eo
1195 1583 1478 1637 nunquam
1507 1578 1758 1624 versatus

155 1663 240 1707 est
265 1652 566 1720 Florinus;
596 1669 705 1708 non
735 1655 872 1709 vidit
895 1671 1018 1710 eum
1042 1655 1312 1724 lrenaeus;
1340 1674 1620 1729 nunquam
1644 1660 1758 1715 dis-

154 1757 436 1800 serentem
478 1745 548 1801 de
579 1747 844 1816 apostolis
883 1757 977 1802 aut
1011 1749 1294 1819 discipulis
1337 1747 1551 1804 Domini
1598 1745 1776 1806 audi-i

1874 543 1980 598 hoc
2013 543 2131 598 ﬁeri
2161 543 2362 613 potuit,
2403 543 2451 598 si
2479 543 2585 598 140
2613 545 2776 598 annis
2811 555 2935 614 post
2961 547 3218 600 ultimum
3245 558 3454 617 mar-ty-

1870 634 1949 687 ris
1975 642 2250 688 certamen
2281 634 2504 688 easdem
2531 634 2795 704 epistolas
2828 637 2984 701 vidit,
3014 637 3165 706 legit,
3206 639 3454 706 duasque

1868 738 1938 777 ex
1968 723 2037 778 iis
2069 725 2372 780 sententias
2402 724 2698 794 exscripsit
2724 723 3024 794 Origenes?
3055 727 3137 780 An
3170 726 3333 782 annis
3361 727 3452 792 60,

1869 824 2164 886 antequam
2191 816 2351 872 edita:
2387 824 2518 872 sunt
2539 858 2555 882 ,
2585 832 2684 873 eas
2715 818 2946 873 laudare
2970 819 3149 888 potuit
3169 820 3451 875 Adaman-

1871 907 2022 962 tius?
2050 906 2167 962 Hoc
2193 925 2364 963 unum
2387 910 2766 965 testimonium
2793 911 3058 980 quidquid
3086 911 3140 964 in
3163 912 3267 967 hoc
3287 921 3452 983 apere

1863 1000 2151 1069 proprium
2187 1000 2390 1056 Dallaeo
2419 1011 2505 1057 est
2527 1003 2726 1058 refellit
2758 1013 2812 1057 et
2831 1003 3115 1074 expungit.
3146 1002 3450 1061 Salmasius

1867 1100 1921 1146 et
1967 1093 2285 1147 Albertinus
2317 1094 2413 1150 diu
2467 1105 2594 1150 ante
2620 1092 2912 1168 Origenem
2954 1107 3143 1152 natum
3187 1099 3452 1168 epistolas

1866 1186 1970 1240 sub
2013 1185 2206 1258 lgnatii
2253 1189 2476 1242 nomine
2519 1189 2752 1259 scriptas
2803 1188 3076 1257 fatentur;
3136 1191 3450 1248 Blondellus

1864 1289 2156 1351 antequam
2195 1279 2462 1353 Origenes
2495 1283 2778 1338 scriberet.
2816 1281 2980 1340 Solus
3019 1284 3252 1341 Dallseus
3275 1327 3290 1353 ,
3338 1287 3446 1342 nisi

1864 1370 2008 1428 forte
2041 1372 2328 1429 addendos
2357 1375 2407 1428 ei
2439 1373 2514 1428 sit
2552 1373 2878 1439 Bochartus,
2906 1376 2997 1430 diu
3041 1389 3164 1446 post
3189 1375 3447 1449 Origenis

1863 1473 2098 1518 mortem
2148 1480 2344 1521 omnes
2389 1467 2623 1535 scriptas
2653 1467 2940 1536 afﬁrmat;
2965 1478 3020 1524 et
3052 1485 3118 1523 ex
3159 1457 3444 1542 sexaginta

1862 1573 1954 1612 sex
2015 1558 2358 1628 argumentis
2409 1560 2649 1629 plurima
2703 1561 2768 1614 ad
2801 1561 2945 1615 banc
3004 1562 3270 1631 epocbam
3327 1563 3444 1618 for—

1863 1649 2071 1716 mavit,
2125 1665 2248 1721 qua!
2296 1651 2401 1707 hoc
2450 1652 2572 1708 solo
2621 1653 2938 1709 testimonio
2991 1655 3208 1711 ﬁrmato
3261 1658 3448 1712 conci-

1861 1740 2016 1797 dunt

153 1838 256 1898 vit.
277 1848 378 1892 aut
409 1839 462 1891 in
500 1807 750 1909 epistolis
786 1840 937 1912 legit.
970 1807 1236 1897 Rationes
1263 1843 1428 1914 igitur
1456 1846 1590 1899 satis
1615 1847 1758 1900 mul-
1789 1807 1832 1862 Β
1935 1833 2187 1890 Secunda
2221 1835 2406 1891 Damni
2432 1835 2726 1893 falSiSSima
2759 1840 2991 1895 assertio
3023 1849 3128 1908 θεῖ,
3157 1839 3445 1897 Eusebium

151 1941 237 1984 tas
275 1931 478 1987 habuit
513 1930 773 1995 Irenzeus,
809 1948 907 1987 cur
937 1931 1298 2005 Polycarpum
1341 1951 1443 1991 suo
1477 1951 1630 1992 more
1660 1947 1782 2008 po-'

151 2025 267 2078 tius
299 2040 476 2094 quam
515 2024 786 2096 lgnatium
823 2027 1090 2083 adversus
1121 2027 1329 2083 Florini
1357 2025 1780 2101 blasphemiam

152 2127 349 2172 testem
385 2119 710 2174 adduceret.

220 2209 506 2275 Quocirca
549 2224 674 2265 cum
707 2211 1055 2267 notissimam
1100 2211 1160 2267 S.
1193 2211 1390 2283 lgnatii
1422 2213 1776 2272 sententiam‘

153 2299 401 2357 lrenaws
436 2302 714 2368 citaverit,
747 2320 913 2371 quam
942 2304 996 2358 in
1026 2304 1255 2376 epistola
1281 2301 1528 2376 ejusdem
1553 2308 1620 2363 ad
1645 2305 1778 2363 Ro-‘

155 2407 352 2446 manos
401 2393 635 2448 totidem
676 2395 860 2450 verbis
907 2397 1169 2466 scriptam
1219 2401 1528 2469 reperimus
1566 2419 1581 2453 :
1628 2418 1754 2456 cum

156 2482 434 2541 Eusebius
462 2485 732 2541 lrenaeum
761 2504 884 2542 eam
909 2504 974 2543 ex
1003 2489 1212 2558 eadem
1233 2493 1464 2561 cpistola
1504 2495 1755 2552 hausisse

154 2588 407 2644 asserat,
459 2580 669 2650 aliique
717 2590 846 2651 post
894 2597 1018 2637 eum
1079 2585 1222 2640 idem
1270 2587 1581 2643 allii-ment:
1624 2591 1779 2645 cum'

153 2670 302 2724 nulla
337 2674 578 2726 θηηιίηο
608 2675 688 2728 vis
719 2675 772 2726 in
815 2675 905 2728 illa
958 2675 1310 2733 distinctione
1357 2681 1498 2735 inter
1527 2682 1668 2736 dixit
1699 2693 1754 2737 et

152 2765 368 2834 scripsit
399 2775 698 2836 appareat:
729 2782 853 2821 cum
885 2769 1034 2824 nulla
1071 2768 1262 2842 lgnatii
1288 2775 1751 2846 apopbtbcgmata

152 2854 204 2907 in
228 2854 650 2923 antiquissimis
673 2857 1062 2926 scriptoribus,
1089 2868 1185 2913 aut
1204 2861 1354 2915 Actis
1383 2863 1748 2931 reperiantur,

150 2942 204 2994 in
239 2943 659 3012 posterioribus
714 2957 900 3000 autem
955 2964 1078 3017 quae
1122 2961 1370 3016 exstant,
1401 2968 1468 3006 cx
1503 2954 1750 3023 epistolis

145 3035 466 3091 certissime
498 3035 788 3108 desumpta
823 3038 930 3095 sint
965 3057 978 3093 :
1015 3056 1140 3096 cum
1163 3043 1398 3113 denique
1433 3046 1580 3101 nulla
1609 3048 1750 3102 ratio

1861 1945 1975 1982 esse
2014 1929 2185 1982 omnis
2223 1931 2289 1983 de
2329 1928 2632 2000 lgnatianis
2674 1933 2871 1986 erroris
2916 1933 3148 2003 fontem;
3189 1939 3280 2007 qui
3324 1940 3445 1993 hinc

1860 2021 2033 2090 primo
2077 2030 2327 2087 exortus,
2374 2022 2636 2077 latissime
2671 2035 2856 2094 postea
2892 2028 3093 2096 eﬂ'usus
3115 2070 3131 2094 ,
3170 2031 3446 2102 insequen-

1862 2116 1994 2168 tium
2017 2113 2336 2169 saeculorum
2366 2131 2500 2185 pene
2531 2133 2710 2171 omnes
2740 2115 3036 2174 Christiani
3065 2123 3294 2176 nominis
3323 2140 3449 2177 eru-

1859 2208 2000 2262 a‘itos
2023 2210 2276 2279 pervasit.
2304 2208 2424 2264 Non
2466 2208 2673 2265 frustra
2714 2211 2882 2283 igitur
2909 2209 3197 2282 Origenem
3222 2215 3447 2271 adduci-

1861 2302 2006 2366 mus,
2037 2301 2132 2371 qui
2163 2309 2270 2356 tam
2305 2303 2627 2368 immanem,
2659 2317 2724 2359 ac
2745 2305 2913 2360 tantis
2943 2304 3078 2362 viris
3113 2306 3445 2376 ignominio-

1859 2412 1983 2450 sum
2017 2411 2261 2452 errorem
2310 2397 2560 2452 funditus
2605 2398 2808 2452 evellit.
2860 2400 2941 2453 An
2977 2399 3124 2454 enim
3172 2398 3444 2456 Eusebius

1859 2489 2100 2558 primum
2133 2490 2321 2559 lapsus
2350 2497 2454 2555 est,
2489 2489 2582 2558 qui
2611 2488 2902 2560 Origenem
2945 2498 3031 2545 est
3071 2502 3294 2548 secutus
3313 2493 3338 2546 i
3359 2494 3442 2547 An

1859 2583 1949 2638 iile
1987 2581 2159 2638 fetum
2207 2597 2384 2653 nuper
2435 2592 2626 2637 natum
2672 2593 2727 2637 et
2771 2583 3139 2639 adulterinum
3190 2588 3440 2657 excepit,

1856 2688 2016 2741 quem
2045 2670 2308 2742 Origenes
2341 2681 2451 2726 tam
2476 2673 2570 2726 diu
2598 2681 2726 2726 ante
2750 2673 2906 2740 fovit,
2938 2675 3295 2732 exosculatus
3323 2679 3445 2733 est?

1854 2763 1936 2816 An
1967 2763 2148 2818 caeteri
2189 2761 2380 2817 Patres
2421 2761 2719 2818 Eusebium
2752 2763 3131 2830 ἀϐασανίστως
3164 2778 3440 2824 errantem

1856 2855 2029 2909 secuti
2061 2865 2212 2921 sunt,
2239 2855 2333 2925 qui
2373 2871 2498 2910 eum
2534 2857 2715 2924 primo
2744 2873 2852 2911 non
2881 2874 3103 2914 errasse
3130 2861 3442 2916 certissime

1854 2947 2124 3012 sciebant,
2151 2955 2339 3016 utpote
2373 2948 2466 3016 qui
2495 2946 2788 3017 Origenem
2806 2956 3073 3016 perpetuo
3101 2947 3442 3003 lectitarent?

1857 3037 1914 3090 Si
1942 3038 2261 3108 scripsisset
2285 3035 2551 3108 Origenes
2575 3038 2834 3092 homilias
2860 3038 2982 3094 illas
3011 3037 3113 3092 140
3133 3040 3294 3096 annis
3317 3050 3443 3110 post

150 3117 423 3182 hactenus
449 3130 762 3199 excogitata
793 3132 1026 3202 sit,qu:e
1047 3119 1289 3204 reliquas
1315 3134 1508 3206 lgnatii
1540 3139 1748 3206 episto-
1775 3154 1818 3209 ο
1855 3131 2050 3201 lgnalii
2081 3141 2339 3197 mortem,
2375 3133 2491 3187 haec
2512 3145 2622 3185 non
2654 3129 2986 3195 Γηιθιηηθθ,
3011 3133 3105 3187 sed
3133 3143 3441 3202 Opportune

148 3219 229 3274 las
268 3221 563 3291 ignorasse
596 3221 861 3278 lrcnmum
911 3226 1070 3281 nobis
1101 3229 1461 3296 persuadeat;
1507 3231 1749 3286 rationes

147 3321 333 3368 autem
377 3315 570 3369 multre
605 3327 920 3386 suppetant,
958 3335 1082 3390 quae
1112 3322 1271 3376 nobis
1314 3321 1474 3376 fidem
1503 3321 1746 3390 faciant,

145 3391 358 3459 nullam
394 3404 606 3460 lrenzeo
639 3405 908 3477 lgnatium
954 3410 1156 3464 citandi
1190 3412 1535 3467 occasionem
1570 3413 1639 3468 iis
1667 3414 1749 3468 lo-

143 3514 227 3553 cis
258 3499 514 3552 oblatam
557 3499 752 3567 fuisse,
779 3502 981 3569 quibus
1001 3503 1302 3557 adversarii
1331 3506 1538 3574 justam
1568 3515 1620 3560 et
1648 3523 1745 3562 ne-

143 3591 458 3648 ccssariam
507 3603 778 3663 crepant;
814 3595 1084 3650 concludo
1126 3597 1377 3666 frivolum
1419 3609 1467 3653 et
1513 3600 1747 3669 ineptum

145 3701 280 3748 esse,
323 3684 601 3739 lrenazum
642 3685 861 3740 aliunde
889 3705 1049 3758 quant
1077 3704 1141 3742 ex
1177 3699 1364 3744 nostra
1400 3689 1597 3761 lgnatii
1631 3693 1736 3760 epi-

145 3775 288 3828 stola
339 3777 414 3829 ad
474 3775 742 3831 Romanos
783 3781 1100 3834 sententiam
1135 3783 1420 3851 sumpsisse
1454 3782 1744 3850 hariolari,

147 3853 404 3939 adeoque
482 3869 858 3924 testimonium
932 3871 1119 3928 lrenaei
1179 3875 1246 3928 ad
1312 3874 1745 3930 confirmandam

146 3962 573 4030 tgnatianorum
611 3961 992 4017 auctoritatem
1023 3980 1053 4019 a
1083 3964 1290 4020 nostris
1321 3975 1468 4020 recte
1494 3975 1547 4020 et
1579 3979 1748 4036 appo-

147 4043 253 4109 site
282 4053 498 4108 afferri.

758 4169 987 4226 CAPUT
1044 4168 1150 4224 νη.

149 4276 492 4352 Testimonia
551 4281 798 4352 Origenis
845 4283 908 4336 ab
951 4283 1332 4352 obiectionibus
1381 4285 1744 4338 vindicantur.

217 4349 261 4404 Ι.
311 4349 669 4425 Γνησιναηειί
703 4371 807 4408 non
837 4365 982 4421 sunt,
1014 4349 1154 4425 quod
1197 4371 1400 4409 errores
1441 4354 1638 4425 Dallwi
1683 4357 1747 4408 de

217 4432 383 4474 astute
431 4424 740 4489 impostoris
790 4427 909 4486 sui,
955 4424 1476 4479 et’ltallucinatione
1528 4424 1746 4478 Eusebii

1855 3226 1991 3280 satis
2039 3223 2106 3280 ad
2154 3223 2456 3280 Dallmanas
2486 3225 2746 3295 rationes
2774 3226 3103 3282 evertendas
3145 3229 3435 3284 observata

1854 3326 2057 3372 essent.

1928 3405 2034 3462 Sed
2068 3408 2374 3477 respondeo
2418 3407 2695 3476 secundo,
2744 3405 2998 3479 Origenis
3031 3407 3285 3463 homilias
3324 3421 3435 3461 non

1853 3509 1965 3555 tam
1989 3515 2133 3565 sero,
2165 3516 2274 3556 non
2305 3502 2524 3556 demum
2551 3501 2654 3556 M0
2678 3501 2838 3556 annis
2861 3508 2984 3571 post
3005 3501 3259 3555 ultimum
3290 3513 3441 3555 mar-

1855 3593 1991 3666 tyris
2016 3602 2312 3654 certamen.
2346 3593 2438 3647 sed
2485 3594 2578 3648 diu
2613 3605 2740 3648 ante
2781 3595 3016 3663 scriptas
3051 3590 3246 3647 fuisse.
3281 3590 3440 3649 κου.

1853 3680 1930 3733 tio
1975 3679 2224 3748 epistolae
2257 3677 2557 3748 lgnatiante
2596 3679 2961 3735 disertissima
2993 3683 3440 3738 exstathomiliis

1849 3771 1970 3838 ejus
1991 3773 2043 3825 in
2071 3771 2130 3826 S.
2157 3769 2385 3827 Lucam.
2406 3770 2672 3828 Homilias
2689 3771 2812 3828 illas
2829 3773 3328 3846 scripsitOrigenes
3344 3777 3438 3846 ju-

1849 3864 2004 3919 venis
2027 3865 2227 3928 adbuc,
2252 3875 2301 3919 et
2320 3874 2448 3919 ante
2479 3875 2697 3921 aetatem
2725 3867 2960 3920 virilem.
2992 3865 3172 3923 Testis
3197 3869 3440 3938 locuple—

1853 3959 2100 4013 tissimus
2119 3958 2176 4013 S.
2197 3956 2588 4025 Hieronymus,
2605 3958 2922 4014 Adamantii
2947 3961 3206 4018 assiduus
3238 3963 3434 4022 lector.

1850 4059 1905 4103 et
1925 4065 2052 4104 cum
2072 4050 2175 4105 ista
2194 4051 2478 4117 scriberet,
2512 4051 2834 4106 admirator.
2855 4051 2932 4108 lta
2951 4054 3095 4107 enim
3125 4055 3282 4110 illein
3300 4071 3441 4126 pra-

1853 4141 2058 4197 l'atione
2085 4143 2164 4196 ad-
2191 4144 2502 4198 versionem
2541 4159 2698 4199 suam
2739 4141 2984 4198 :Fateor
3026 4147 3206 4217 itaque
3255 4148 3310 4201 in
3358 4149 3438 4202 liis

1855 4230 2135 4302 Origenent
2155 4234 2470 4288 tractatibus
2493 4237 2650 4304 quasi
2671 4252 2891 4305 puerum
2915 4236 3040 4290 talis
3064 4238 3284 4291 ludere:
3324 4239 3438 4292 alia

1851 4332 1971 4374 sunt
2014 4321 2193 4375 virilia
2229 4323 2344 4391 ejus
2371 4364 2386 4389 ,
2435 4332 2485 4377 et
2519 4326 2802 4380 senectutis
2851 4327 3013 4381 seria.
3052 4325 3240 4396 Neque
3271 4327 3438 4397 igitur

1853 4428 2041 4479 senex,
2075 4430 2251 4485 neque
2281 4431 2407 4471 cum
2425 4417 2600 4473 virilis
2615 4427 2764 4474 esset
2785 4421 2982 4485 anatis,
3003 4419 3260 4475 homilias
3285 4421 3337 4474 in
3374 4420 3433 4476 S.

223 4492 493 4584 refelliint
505 4508 624 4584 Luc
648 4506 918 4584 prlt’lered
952 4496 1115 4584 quiodn
1134 4506 1524 4584 argumentum.
1549 4496 1747 4584 negttlij
1780 4529 1823 4584 ι)
1854 4504 2057 4561 Lucam
2077 4509 2297 4578 scripsit
2313 4508 2598 4580 Origenes,
2619 4513 2714 4566 sed
2734 4511 2916 4568 adhuc
2935 4513 3276 4568 adolescens.
3296 4513 3434 4568 Cum

165 4590 170 4593 τ
215 4579 344 4614 tum
395 4563 640 4631 funditus
679 4577 940 4620 evertunt.
964 4563 1039 4618 'll.
1067 4563 1234 4619 Falsa
1269 4583 1374 4620 non
1402 4575 1547 4620 sunt.

218 4634 278 4706 in
321 4634 616 4706 Canticum
655 4641 988 4690 canticorum
1016 4646 1093 4690 est
1119 4638 1286 4704 ipsius
1321 4638 1602 4706 Origenis,
1643 4634 1747 4689 non

217 4703 416 4778 Latini
431 4703 700 4778 auctoris,
732 4709 820 4761 sed
849 4703 1174 4776 interpretis,
1199 4718 1247 4778 et
1275 4703 1483 4778 quidem
1515 4707 1742 4776 Rufﬁni.

227 4775 491 4829 Homilia:
508 4778 561 4828 in
582 4775 639 4829 S.
662 4776 862 4831 Lucam
881 4775 1002 4831 sunt
1023 4779 1186 4846 ipsius
1210 4775 1482 4848 Origenis,
1520 4775 1745 4830 nonLa-

217 4849 318 4899 tini
345 4849 588 4900 auctoris
614 4850 705 4900 sed
732 4850 1058 4918 interpretis,
1088 4859 1136 4902 et
1165 4849 1376 4920 quidem
1405 4848 1744 4919 Hieronymi.

1645 4582 1744 4636 pus

162 4961 168 4964 V
217 4977 479 5034 Tertium
521 4971 558 5034 a'
598 4982 758 5036 nobis
785 4998 851 5036 ex
887 4979 1126 5052 Origene
1159 4981 1452 5037 deductum
1484 4989 1569 5037 est
1595 4981 1750 5035 testi-

153 5065 434 5151 monium.
473 5068 590 5128 lloc
623 5075 804 5144 primo
827 5075 910 5127 vir
936 5075 1290 5130 doctissimus
1318 5074 1449 5129 dicit
1479 5089 1601 5129 esse
1627 5072 1750 5127 fruo

154 5175 449 5220 straneum
481 5205 496 5227 ,
539 5167 782 5221 secundo
830 5166 1051 5222 falsum.
1089 5165 1341 5232 Frustra,
1376 5165 1574 5236 inquit,
1620 5164 1749 5220 Ori-

155 5259 302 5328 gcnis
360 5258 618 5311 homilias
682 5259 837 5312 annis
900 5259 1110 5312 circiter
1163 5257 1267 5311 140
1328 5267 1446 5327 post
1497 5257 1750 5310 ultimum

155 5351 414 5420 martyris
450 5363 717 5405 certamen
739 5353 969 5420 scriptas
993 5352 1240 5405 recitant.
1278 5349 1463 5404 Serum
1488 5351 1627 5404 enim
1652 5351 1747 5403 hoc

153 5454 196 5496 et
221 5445 384 5496 inane
403 5441 818 5514 Ignatianorum
841 5445 1174 5514 prresidium.
1205 5441 1533 5512 Respondeo
1568 5442 1748 5511 primo

154 5519 254 5589 hoc
272 5536 659 5591 testimonium
679 5553 789 5590 non
808 5553 932 5591 esse
949 5536 1347 5598 frustrancum;
1365 5533 1494 5602 quia
1511 5534 1620 5588 duo
1639 5534 1748 5588 im-

157 5641 342 5683 manes
365 5627 559 5683 Dallasi
584 5644 804 5684 errores
830 5630 913 5684 vel
930 5629 1034 5684 hoc
1065 5644 1176 5684 uno
1199 5635 1544 5698 argumento,
1572 5628 1615 5682 si
1640 5628 1748 5683 alia

153 5711 427 5785 deessent,
458 5717 767 5774 manifestae
785 5719 1042 5774 falsitatis
1065 5719 1502 5774 revincerentur.
1524 5716 1747 5775 Primus

157 5817 254 5878 est,
280 5810 644 5882 impostorem
672 5811 774 5865 has
797 5812 1058 5880 epistolas
1085 5809 1303 5871 nonnisi
1332 5809 1588 5868 ducentis
1617 5821 1743 5885 post

491 5906 770 5967 ΡΑτιιοι.
829 5907 940 5968 (in.
998 5902 1066 5967 V.

1853 4609 2035 4654 autem
2068 4601 2341 4657 decimum
2367 4612 2621 4657 octavum
2663 4619 2870 4659 annum
2915 4614 3140 4675 ageret,
3184 4605 3438 4660 cateche—

1850 4693 1972 4748 ticaa
2010 4693 2211 4749 schola:
2236 4693 2528 4764 praefectus
2550 4705 2636 4751 est
2666 4697 3036 4752 Alexandriae.
3076 4695 3192 4753 Hoc
3233 4697 3438 4753 diserte

1851 4789 2017 4842 tradit
2071 4787 2340 4844 Eusebius
2378 4806 2393 4844 :
2438 4790 2601 4852 Ἔτος
2634 4789 2692 4842 δὲ
2744 4785 2882 4860 ἦγεν
2928 4789 3434 4855 ὀκτωκαιδέκατον,

1851 4883 1975 4938 καθ’
2006 4883 2035 4936 ὃ
2059 4883 2159 4954 τῆς
2191 4884 2550 4955 κατηχήσεως
2586 4883 2826 4954 προέστη
2862 4882 3258 4946 διδασκαλείου,
3290 4883 3434 4938 Hist.

1852 4975 1946 5029 lib.
1981 4991 2059 5040 Vl,
2085 4991 2134 5030 c.
2165 4977 2230 5040 5,
2260 4992 2345 5029 cu.
2384 4975 2720 5046 suffragatur
2766 4974 2826 5029 S.
2876 4974 3260 5046 Hieronymus.
3308 4974 3438 5030 Erat

1851 5068 1942 5124 hic
1975 5085 2154 5124 annus
2190 5069 2378 5125 Severi
2415 5069 2774 5135 undecimus;
2806 5067 3021 5122 decimo
3051 5068 3206 5122 enim
3247 5065 3436 5123 Severi

1852 5165 2115 5237 Origenes
2148 5165 2422 5220 decimum
2464 5166 2757 5234 septimum
2808 5163 2986 5217 atatis
3031 5177 3236 5216 annum
3285 5163 3434 5231 egit,

1851 5260 2085 5314 testibus
2128 5257 2365 5312 Eusebio
2394 5267 2447 5310 et
2476 5255 2829 5325 Hieronymo.
2872 5254 3089 5324 Septem
3119 5253 3232 5308 fere
3261 5269 3437 5309 annos

1854 5351 1907 5406 in
1942 5351 2173 5421 imperio
2199 5360 2388 5419 postea
2414 5350 2618 5403 mansit
2642 5347 2898 5403 Severus.
2937 5347 3053 5402 Sub
3078 5347 3241 5402 initio
3269 5347 3436 5416 igitur

1852 5444 2149 5499 Caracallat
2177 5442 2467 5512 Origenem
2493 5441 2674 5496 adhuc
2701 5456 2956 5510 puerum,
2991 5455 3088 5495 seu
3115 5439 3438 5494 adolescen-

1854 5543 1985 5602 tem,
2017 5535 2306 5603 scripsisse
2334 5533 2590 5587 bomilias
2621 5532 2674 5585 in
2708 5531 2768 5586 S.
2806 5531 3012 5587 Lucam
3050 5546 3146 5600 par
3179 5539 3265 5585 est
3305 5544 3432 5584 cre-

1851 5627 2001 5683 dere.
2048 5626 2168 5682 Jam
2217 5640 2344 5680 vero
2387 5641 2417 5679 a
2461 5623 2675 5680 decimo
2707 5622 2965 5693 Traiani,
3009 5637 3122 5693 quo
3170 5621 3434 5692 epistolas

1853 5720 2142 5789 scripsisse
2165 5717 2410 5788 lg-natius
2425 5717 2765 5787 perhibetur.
2785 5714 2850 5768 ad
2874 5715 3090 5768 initium
3115 5712 3434 5776 Caracallte,

1853 5811 1941 5867 vix
1990 5811 2119 5866 anni
2171 5817 2300 5867 sunt
2343 5806 2467 5864 105.
2520 5808 2666 5863 lntia
2719 5807 2884 5878 igitur
2922 5814 2998 5860 tot
3028 5818 3207 5860 annos
3241 5801 3433 5875 lgnatii

3073 5902 3110 5959 li
