1932 3102
209 136 255 164 171
718 135 747 164 S.
764 136 941 166 IGNATIUS.
961 153 994 158 -
1011 137 1278 167 PROLEGOMENA.

1793 138 1847 165 ΠΩ

206 197 328 233 epistolis
352 196 539 224 testimonium
572 198 673 232 scripto
696 196 848 231 praebuisse
878 197 999 226 creditur
1013 203 1036 231 Α
1052 199 1216 232 testimonia,
1246 207 1298 226 non
1324 199 1401 226 modo
1425 199 1547 234 Origem's
1577 207 1628 226 non
1647 207 1713 230 esse,
1753 199 1799 226 sed
1816 207 1849 226 ne

206 243 348 280 Origenes.
366 242 444 276 Quod
458 243 518 270 ideo
530 243 734 270 observandum
746 243 808 276 fuit,
820 251 875 271 non
893 248 999 272 tantttm

207 295 238 316 ut
251 289 424 316 ostenderem
440 288 509 317 i'aisa
523 297 586 317 csse
597 297 659 324 qua:
674 288 793 316 Dallzeus
810 289 844 316 de
856 289 1002 318 intervallo

207 336 316 369 asserit,
332 336 378 364 sed
392 336 474 363 etiam
487 340 517 363 ut
530 336 554 363 ei
570 340 775 370 argumentum,
790 343 845 370 quo
859 340 1002 371 tantopere

206 382 368 415 delectatur,
385 382 543 417 negativum
559 381 704 416 eriperem.
722 382 884 417 Launoyum
899 382 1002 410 doctis-

206 428 309 456 simum
327 428 459 456 Sorbonaz
473 428 629 463 theologum
642 428 676 456 de
692 429 718 455 vi
731 428 883 465 argumenti
899 436 1001 463 negan-

204 473 243 500 tis
257 473 318 501 fuse
331 474 517 508 disputantem
542 474 670 501 advocat.
696 473 749 502 Sed
773 474 922 510 Lannoyus
943 474 1001 509 ipse

205 520 245 548 ita
266 521 428 548 sententiam
448 529 525 547 suam
547 521 680 556 protulit:
698 520 765 548 Cum
782 521 871 548 nullus
892 521 1000 548 omnino

205 567 321 601 scriptor
342 567 452 602 wqualis
482 567 521 594 vel
547 575 647 602 suppar
667 572 781 602 praestat
802 568 998 601 testimonium,

206 618 268 640 tunc
287 621 319 640 ea:
334 613 450 648 generali
465 613 583 647 silentio,
597 614 666 649 quod
680 614 856 641 ducentorum
873 614 933 648 plus
950 615 1000 641 mi-

204 668 255 687 nus
278 667 409 686 annorum
431 660 562 687 wstimari
586 666 688 696 potest,
714 661 812 696 efﬁcax
836 661 1000 696 depromitur

204 711 401 742 argumentum.
423 705 473 734 Hic
488 711 581 734 autem
600 708 716 742 scriptor
731 707 920 735 nobilissimus
935 707 999 735 Ori-

205 760 298 788 genes,
313 752 420 788 lgnatio
435 761 547 788 suppar,
563 753 660 781 eodem
683 761 739 789 quo
763 754 808 781 ille
825 754 934 789 scripsit
949 762 999 782 sae-

204 799 268 827 culo
284 804 383 833 natus,
403 799 653 827 luculentissimum
674 799 798 835 epistolis
813 800 873 835 ejus
889 805 997 835 prastat

204 845 401 877 testimonium;
414 849 441 872 et
456 846 478 872 si
494 853 575 873 nemo
591 850 654 873 ante
667 853 730 873 eum
745 845 841 881 lgnatii
857 846 998 874 meminis—

202 895 256 924 set,
274 898 309 918 ne
333 891 374 918 sic
397 891 507 925 quidem
525 890 645 926 generale
667 891 842 919 ducentorum
865 901 996 919 annorum

203 937 314 965 circiter
326 937 462 964 silentium
478 938 683 972 praecessisset,
707 943 737 966 ut
754 938 818 965 inde
839 939 930 973 e/ﬁcax
949 939 996 965 de-

201 988 369 1018 promeretur
383 988 579 1018 argumentum.
600 983 692 1018 Quare
704 984 727 1012 si
741 984 892 1012 tacuissent
903 984 932 1013 S.
945 984 998 1012 Po-

202 1030 342 1066 lycarpus,
357 1035 384 1057 et
399 1029 430 1057 S.
448 1029 578 1064 lrenaaus,
600 1031 790 1059 testimonium
811 1031 938 1066 Origcnis
954 1039 997 1059 se-

202 1076 324 1104 cundum
335 1076 458 1104 rationes
472 1075 655 1113 Launoyanas
666 1077 735 1106 satis
745 1078 800 1105 vim
812 1082 839 1105 et
849 1077 996 1105 cilicaciam

202 1123 331 1159 negantis
359 1124 513 1158 argumenti
534 1124 702 1151 retunderet.
733 1124 808 1152 Unus
829 1124 912 1159 igitur
934 1123 996 1151 Ori—

202 1177 285 1205 genes
300 1188 308 1201 ,
333 1170 357 1197 si
386 1174 517 1204 tanquam
544 1170 621 1198 testis
646 1170 784 1206 legitimus
815 1171 995 1204 admittatur,

203 1216 369 1244 sententiam
392 1217 486 1244 Daliaai
507 1217 615 1251 penitus
631 1217 771 1250 convellit,
788 1221 814 1244 et
834 1221 996 1252 argumenta

202 1262 405 1297 quamplurima
417 1263 452 1290 ab
463 1263 523 1297 ipso
534 1263 688 1298 excogitata
699 1268 826 1295 enervat;
838 1271 892 1290 non
904 1263 996 1298 itaque

201 1307 305 1335 frustra
321 1315 335 1335 a
351 1308 429 1335 nobis
444 1307 602 1335 advocatur.

238 1354 352 1389 Appello
370 1359 477 1381 veteres
492 1354 576 1381 etiam
593 1354 664 1381 inter
683 1354 857 1382 Christianos
872 1354 993 1381 criticos.

202 1400 272 1427 Cum
291 1400 365 1427 enim
390 1400 425 1428 de
447 1400 557 1436 scriptis
582 1400 721 1436 Dionysii,
738 1399 842 1436 lgnatio
862 1401 994 1435 senioris,

202 1446 320 1474 celebris
333 1447 523 1475 controversia
538 1448 566 1474 in
586 1446 710 1475 Ecclesia
724 1452 807 1478 esset.
824 1451 851 1474 et
872 1447 905 1475 de
917 1447 994 1475 testi-

200 1493 303 1521 moniis
318 1497 461 1528 ageretur;
475 1493 521 1531 qui
535 1501 631 1521 eorum
646 1498 785 1521 auctorem
803 1494 993 1529 Areopagitam

1055 245 1139 273 erci
1166 246 1282 281 quidem,
1300 254 1388 273 verum
1416 245 1508 272 Latini
1529 245 1615 280 potius
1629 245 1766 280 scriptoris
1790 253 1850 272 esse

1051 295 1172 326 apparet.
1195 290 1287 318 Primo
1309 291 1392 326 igitur
1414 298 1484 325 opus
1500 289 1627 325 Origenis
1649 291 1676 317 in
1699 290 1849 317 Canticum

1052 337 1236 369 canticorum,
1248 344 1281 365 ex
1297 336 1378 371 cujus
1392 337 1507 372 prologo
1523 335 1710 363 testimonium
1727 335 1850 362 adduxi—

1051 390 1124 416 mus,
1139 388 1220 418 negat
1230 382 1356 419 Origenis
1370 391 1441 416 esse,
1462 386 1544 418 negat
1558 390 1619 410 esse
1641 382 1730 410 Graeci
1746 382 1851 417 cujus-

1051 428 1124 464 piam
1138 429 1292 464 scriptoris,
1313 428 1403 455 Latini
1426 436 1488 456 esse
1508 427 1660 455 contendit.
1687 427 1720 454 Et
1739 427 1766 454 in
1792 427 1851 454 hac

1050 475 1162 510 quidem
1185 483 1215 503 re
1237 475 1320 503 habet
1343 480 1470 503 auctores
1490 483 1560 510 quos
1583 479 1723 510 sequatur.
1750 474 1850 501 Primo

1051 522 1112 550 loco
1128 521 1274 549 Erasmum
1289 522 1422 554 nominat,
1438 521 1518 557 cujus
1534 528 1678 549 censuram
1694 529 1799 555 gravem
1814 528 1851 547 ac

1050 577 1139 596 veram
1164 569 1298 603 appellat,
1319 576 1380 596 cum
1405 569 1441 596 sit
1459 568 1599 595 levissima
1625 567 1847 601 lalsissimaqne.

1051 613 1120 641 Huic
1137 614 1262 649 adjungit
1285 613 1498 641 Amerbachium
1515 618 1542 641 et
1562 613 1684 642 Cocum:
1703 613 1793 647 potuit
1819 617 1850 640 ct

1050 661 1129 692 alios.
1144 661 1191 696 qui
1208 661 1351 688 Erasmum
1369 660 1557 691 ἀϐασανίστως
1570 660 1657 687 secuti
1672 664 1746 686 sunt.

1087 706 1135 735 llis
1150 714 1258 742 oppono
1275 706 1407 735 Jacobum
1423 706 1569 734 Merlinum
1590 707 1617 733 in
1634 705 1760 741 Origenis
1775 713 1848 741 ope-

1049 754 1126 781 ribus
1151 754 1271 781 maxime
1290 759 1440 786 versatum,
1456 753 1535 788 cujus
1550 753 1633 780 verba
1646 753 1680 780 de
1696 753 1739 780 his
1754 752 1851 778 homi-

1048 800 1093 828 liis
1107 806 1191 828 sunt:
1206 800 1236 828 Si
1248 801 1411 836 pensiculate
1422 801 1509 835 ipsam
1526 800 1665 827 materiam
1682 807 1741 834 qua:
1760 799 1789 825 in
1810 799 1848 825 iis

1050 847 1167 874 traditur
1183 847 1340 879 attenderis,
1354 847 1405 882 ipsi
1423 847 1532 881 Origeni
1552 846 1690 873 attribues.
1706 844 1776 872 lluic
1795 844 1849 871 ade

1047 893 1133 928 jungo
1159 893 1386 926 Geuebrardum,
1403 894 1451 929 qui
1465 892 1609 928 Origenem
1629 898 1721 928 poma
1743 891 1847 923 edidit,

1048 945 1075 967 et
1094 940 1171 967 libris
1184 940 1289 975 aliquot
1302 948 1357 968 non
1374 945 1439 968 ante
1462 940 1544 967 editis
1560 938 1745 974 locupletavit.
1772 937 1849 965 lluic

1048 986 1182 1014 editorem
1197 986 1322 1013 ultimum
1337 986 1417 1019 addo,
1430 986 1475 1022 qui
1492 993 1599 1014 summa
1613 993 1675 1013 cum
1688 984 1848 1019 diligentia,

1048 1031 1171 1059 doctrina
1195 1036 1277 1066 atque
1297 1031 1401 1066 judicio
1417 1032 1444 1059 in
1461 1032 1601 1064 eruendis,
1615 1031 1739 1062 edendis,
1755 1030 1846 1056 ador-

1048 1077 1203 1113 n'andisque
1224 1078 1347 1113 ejusdem
1370 1078 1500 1113 operibus
1516 1077 1618 1105 Graecis
1636 1082 1772 1110 versatur,
1788 1076 1847 1104 Da-

1047 1124 1147 1152 nielem
1159 1123 1288 1152 Huetium
1303 1134 1309 1151 :
1324 1124 1614 1160 Castigandus,inquit
1626 1124 1680 1156 ille,
1696 1124 1845 1154 Erasmus,

1046 1168 1091 1204 qui
1106 1172 1130 1195 et
1144 1168 1198 1203 ipse
1219 1168 1312 1199 sentit,
1324 1173 1349 1195 et
1362 1168 1475 1194 idem.ut
1488 1168 1614 1194 sentirent
1634 1165 1847 1201 Magdeburgen—

1046 1223 1087 1241 ses
1112 1214 1237 1249 perfecit,
1253 1214 1301 1241 hoc
1328 1222 1393 1249 opus
1409 1222 1465 1241 esse
1484 1214 1599 1241 hominis
1617 1213 1708 1240 Latini
1730 1212 1846 1247 pulchre

1046 1260 1119 1289 docti
1132 1266 1157 1288 et
1176 1261 1239 1288 bene
1253 1260 1358 1288 diserti.
1382 1259 1439 1287 Imo
1455 1264 1486 1287 ut
1510 1259 1672 1287 sententiam
1695 1259 1786 1287 Huetii
1807 1259 1846 1286 de

1047 1306 1163 1335 Erasmo
1184 1314 1236 1334 suo
1259 1306 1415 1341 intelligant
1434 1305 1563 1333 Dallaeani
1577 1325 1584 1337 ,
1607 1305 1664 1332 hmo
1679 1304 1739 1339 ejus
1754 1304 1844 1331 verba

1047 1355 1134 1379 sunt:
1151 1351 1266 1386 Effrenis
1291 1351 1428 1386 profecto,
1456 1351 1553 1377 iterum
1578 1350 1649 1382 dico,
1667 1355 1691 1377 et
1718 1349 1845 1384 projecta

1047 1396 1156 1424 Erasini
1172 1397 1306 1424 temeritas
1319 1401 1435 1424 ceterum
1454 1395 1569 1423 Patrum
1591 1396 1690 1430 scripta
1712 1395 1845 1422 inanibus

1046 1443 1102 1470 suis
1122 1443 1283 1478 conjecturis
1302 1444 1342 1470 ita
1356 1442 1549 1477 permiscentis,
1566 1447 1595 1469 ut
1610 1442 1662 1468 nisi
1677 1441 1843 1468 contraivis-

1046 1494 1102 1516 sent
1118 1490 1294 1524 posteriorum
1307 1489 1485 1524 theologorum
1501 1489 1602 1522 studia,
1616 1490 1660 1516 vis:
1673 1494 1774 1515 certum
1787 1487 1846 1515 ali-

201 1548 298 1567 verum
327 1547 383 1567 non
409 1547 470 1567 esse
499 1539 716 1574 contendebant,
745 1548 799 1567 non
829 1540 996 1575 objiciebam
1009 1547 1031 1578 ο
1046 1535 1110 1571 quid
1118 1536 1149 1563 de
1158 1535 1331 1563 adolescentis
1342 1534 1466 1563 Ecclesitz
1482 1535 1604 1562 doctrina
1619 1540 1735 1562 statuere
1749 1542 1844 1569 posse-

201 1587 316 1615 secnndi
339 1586 433 1614 saeculi
460 1587 620 1619 silentium;
646 1586 695 1613 sed
717 1586 770 1614 hoc
794 1586 994 1619 tantummodo,

202 1634 277 1668 quod
297 1633 429 1668 Origenes
446 1637 474 1661 et
489 1633 626 1661 Eusebius
651 1633 711 1668 ejus
729 1633 845 1661 minime
864 1634 996 1661 memine-

200 1679 268 1706 rint.
276 1678 314 1706 lta
322 1678 468 1712 Maximus,
480 1683 577 1706 contra
584 1686 667 1714 quem
679 1679 716 1706 ita
722 1679 900 1714 disputabant
911 1688 918 1706 :
928 1680 992 1712 Ναὶ,

201 1723 295 1758 φασὶν,
314 1722 370 1750 ἀλλ’
380 1723 431 1750 οὐκ
445 1723 563 1759 ἔγραψεν
579 1723 661 1750 αὑτοῦ
681 1724 732 1755 τὰς
755 1723 896 1756 συντάξεις
909 1724 995 1751 Εὐσέ-

201 1769 261 1800 ϐιος
276 1769 291 1795 ό
310 1769 464 1804 Παμφίλου,
478 1769 525 1795 καὶ
542 1769 595 1805 μὴν
606 1769 661 1796 οὐδ’
681 1770 830 1805 Ὠριγένης.
848 1769 907 1797 Ima
923 1777 992 1806 vero,

200 1815 336 1849 inquiunt,
356 1823 436 1849 opera
457 1815 515 1849 ejus
538 1823 590 1842 non
603 1816 744 1850 descripsit
760 1815 890 1843 Eusebius
913 1815 995 1842 Pant-

200 1861 280 1895 phili,
301 1869 383 1896 neque
398 1862 478 1888 etiam
496 1861 632 1896 Origenes.
647 1861 678 1888 Si
690 1861 793 1889 frustra
809 1869 905 1889 eorum
918 1862 994 1889 testi-

200 1907 297 1934 monia
310 1906 485 1939 aii‘errentur,
501 1908 524 1935 si
537 1915 597 1935 sera
612 1907 671 1935 haec
680 1914 774 1935 essent
786 1913 813 1936 et
824 1908 915 1936 inania
930 1908 995 1936 Dio-

202 1953 382 1988 nysianorum
395 1953 537 1988 praesidia:
555 1961 605 1981 cur
619 1958 725 1982 vetcres
740 1955 811 1982 inter
822 1955 994 1983 Christianos

201 1999 290 2027 critici
306 2007 339 2027 ea
359 2000 554 2034 postularunt?
571 2000 599 2028 Si
625 2000 690 2029 huic
712 2002 857 2036 quaestioni
879 2009 994 2037 respon-

201 2045 267 2073 dere
288 2053 339 2081 pro
360 2045 490 2082 Dionysio
510 2054 562 2074 suo
575 2047 711 2081 potuisset
733 2047 880 2081 Maximus,
895 2056 993 2083 quem-

202 2092 348 2119 admodum
361 2093 559 2127 respoudcmus
571 2100 620 2127 pro
632 2092 747 2128 lgnatio,
758 2101 790 2121 ea
802 2094 897 2128 procul
909 2093 994 2121 dubio

202 2139 357 2173 responsio,
376 2138 521 2172 Origeuem
543 2138 650 2166 scilicet
670 2144 697 2166 et
713 2138 861 2167 Eusebium
878 2139 938 2174 ejus
953 2139 995 2166 di—

202 2190 276 2212 serte
291 2184 462 2216 meminisse,
486 2192 535 2219 pro
558 2184 713 2212 frustranea
735 2192 876 2219 nunquam
902 2185 993 2212 habita

1047 1591 1117 1611 mus.
1128 1582 1245 1609 Maxime
1260 1582 1342 1617 igitur
1351 1582 1465 1609 idoneus
1477 1586 1574 1609 auctor
1582 1581 1715 1608 Erasmus
1723 1580 1842 1613 Dallzeo,

1046 1628 1093 1663 qui
1115 1628 1148 1655 de
1165 1635 1217 1655 usu
1239 1627 1289 1654 SS.
1307 1626 1418 1654 Patrum
1443 1627 1470 1654 in
1485 1634 1549 1654 eum
1565 1627 1679 1654 modum
1702 1626 1841 1660 disputat.

1082 1673 1183 1701 Tribus
1196 1674 1239 1701 his
1251 1672 1377 1708 Origenis
1386 1673 1548 1705 editoribus,
1560 1672 1631 1700 addo
1646 1672 1720 1699 viros
1735 1671 1844 1698 doctis-

1046 1719 1131 1747 simos
1146 1724 1173 1746 et
1186 1719 1393 1754 lgnatianorum
1414 1718 1508 1746 hostes
1530 1718 1730 1753 juratissimos,
1745 1717 1841 1751 primo

1045 1765 1227 1796 Blondellum,
1244 1764 1292 1800 qui
1317 1764 1344 1791 in
1369 1764 1494 1799 apologis
1519 1769 1549 1791 ut
1568 1764 1665 1798 probet
1688 1762 1838 1798 Origenem

1045 1814 1119 1839 binos
1129 1817 1232 1839 tantum
1243 1811 1412 1838 sacerdotum
1420 1815 1444 1838 et
1453 1811 1637 1842 diaconorum,
1647 1809 1770 1844 magistri
1780 1808 1841 1835 Cle-

1045 1858 1139 1886 mentis
1154 1857 1283 1892 easemplo,
1304 1857 1404 1893 gradus
1420 1856 1568 1892 agnovisse,
1586 1856 1708 1883 sectione
1720 1855 1748 1887 '2,
1761 1854 1776 1891 §
1794 1855 1840 1888 l5,

1045 1904 1234 1932 testiinonium
1251 1912 1284 1931 ex
1300 1904 1422 1931 secunda
1442 1903 1525 1938 hujus
1540 1903 1631 1938 operis
1646 1902 1758 1929 homilia
1773 1909 1842 1937 pro—

1044 1950 1131 1977 ducit.
1155 1948 1216 1976 Non
1244 1949 1328 1985 igitur
1355 1949 1483 1976 Latinum
1506 1949 1647 1984 aliquem,
1674 1948 1720 1975 sed
1745 1947 1840 1982 ipsum

1045 1995 1203 2032 Origenem,
1212 1995 1361 2023 Clementis
1374 1994 1552 2023 Alexandrini
1563 1992 1740 2029 discipulum,
1754 1993 1840 2027 hujus

1045 2042 1137 2076 operis
1153 2045 1294 2068 auctorem
1315 2040 1441 2075 agnoscit
1457 2040 1624 2067 Blondellus.
1639 2038 1767 2066 Secundo
1792 2038 1841 2065 Al-

1045 2088 1181 2115 hertiuum
1192 2108 1200 2121 ,
1216 2088 1263 2123 qui
1275 2092 1330 2115 tam
1345 2087 1476 2122 praeclare
1488 2091 1585 2115 contra
1600 2085 1766 2113 Halloixium
1783 2084 1841 2112 dis-

1045 2136 1162 2168 putavit,
1181 2134 1220 2161 De
1236 2134 1399 2161 eucharistia
1415 2134 1462 2161 lib.
1478 2142 1510 2166 ll,
1522 2141 1547 2161 c.
1566 2133 1592 2161 Ι,
1610 2132 1662 2160 Ubi
1677 2133 1730 2160 hoc
1745 2132 1838 2167 ipsum

1046 2187 1115 2214 opus
1138 2180 1165 2206 in
1181 2179 1326 2207 Canticum
1348 2179 1533 2211 canticorum,
1551 2183 1579 2206 et
1600 2179 1676 2206 hunc
1690 2178 1778 2214 ipsnm
1794 2178 1839 2205 lo-

201 2232 310 2258 iuissct.
329 2230 383 2257 Pro
406 2231 501 2258 iisdem
517 2230 717 2265 Areopagiticis
731 2228 864 2266 Hypatius
879 2229 994 2265 Ephesi-
1010 2221 1031 2248 ι)
1046 2233 1126 2258 cum,
1142 2233 1224 2260 quem
1247 2226 1319 2253 inter
1341 2225 1499 2253 testimonia
1524 2224 1702 2256 adduximus,
1725 2223 1839 2259 Origcni

201 2285 255 2304 nus
268 2279 412 2312 episcopus
430 2277 459 2304 Β.
476 2277 607 2313 Cyrilliet
624 2277 654 2305 Β.
672 2277 815 2305 Athanasii
837 2277 994 2312 requirebat

201 2324 370 2357 testimonia,
383 2323 560 2358 addiditque:
577 2323 607 2350 Si
622 2328 708 2351 autem
725 2323 816 2350 nullus
832 2331 865 2350 ex
876 2323 992 2358 antiquis

201 2369 357 2396 recordatus
370 2375 409 2396 est
421 2377 463 2401 ea,
481 2369 550 2396 unde
563 2377 632 2396 nunc
644 2369 753 2404 potestis
771 2369 918 2402 ostendere,
930 2369 994 2404 quia

201 2415 277 2442 illius
301 2417 365 2449 sint,
392 2416 491 2443 nescio.
517 2415 658 2443 Habemus
682 2415 785 2451 Cyrillo
805 2416 992 2451 synchronum

202 2462 423 2496 Theodoretum;
439 2462 574 2490 habemus
597 2462 825 2497 Chrysostomum
835 2481 843 2494 ,
860 2461 992 2496 Hierony-

202 2508 387 2543 mum,ipsum
396 2507 594 2540 Athanasium;
606 2507 739 2534 habemus
747 2514 781 2534 ex
791 2505 993 2541 antiquioribus

203 2552 352 2582 Eusebium
368 2558 396 2581 et
415 2552 573 2588 Origenem,
591 2553 639 2588 qui
654 2557 683 2579 ut
706 2552 741 2580 ab
752 2551 807 2580 illis
819 2559 873 2580 non
888 2550 992 2579 {rustra

202 2599 423 2633 postulabantur,
433 2599 469 2625 ita
482 2607 497 2625 a
510 2599 589 2626 nobis
601 2605 655 2625 non
672 2597 775 2625 frustra
787 2597 949 2625 afferuntur.

239 2644 292 2671 Sed
306 2644 395 2680 pergit
407 2644 449 2671 vir
462 2644 651 2676 doctissimus,
665 2648 692 2671 et
703 2644 738 2670 ad
753 2648 893 2678 utrumque
905 2642 993 2670 locum

202 2698 237 2717 ex
260 2689 378 2725 Origene
406 2690 554 2717 adductum
575 2689 656 2716 simul
678 2689 808 2724 semelque
832 2688 992 2723 respondet:

202 2736 279 2764 Levis
291 2745 346 2764 esse
357 2736 392 2763 ad
406 2744 461 2763 rem
473 2744 533 2772 quae
543 2737 633 2771 agitur
645 2736 782 2768 momenti,
795 2735 864 2771 quod
880 2743 994 2770 opuscu-

203 2783 301 2813 lorum,
323 2789 355 2809 ea:
377 2781 472 2817 quibus
498 2781 578 2808 allati
602 2786 675 2814 sunt,
696 2781 778 2808 dubia
798 2782 833 2808 sit
849 2786 874 2808 et
891 2781 993 2808 incerta

202 2829 363 2856 auctoritas.
380 2828 418 2856 Ita
436 2828 547 2863 quidem
568 2829 658 2862 primo
679 2829 761 2864 paulo
785 2827 875 2855 lenius
892 2836 898 2854 :
916 2834 992 2860 mox,

203 2875 242 2902 uti
257 2874 337 2909 solet,
350 2874 533 2902 conlidentius
547 2884 553 2901 :
569 2873 622 2902 Eos
636 2873 729 2908 libros,
746 2873 815 2901 unde
827 2878 889 2901 sunt
905 2873 991 2901 allata

1046 2272 1154 2305 tribuit,
1172 2276 1200 2299 et
1221 2272 1420 2299 verisimillime
1443 2271 1562 2307 colligit,
1577 2271 1712 2298 larvatum
1734 2270 1840 2307 Diony—

1045 2317 1116 2343 sium
1141 2324 1174 2344 ex
1193 2317 1253 2352 ipso
1276 2316 1393 2352 Origene
1420 2325 1469 2345 sua
1494 2318 1661 2345 traduxisse.
1687 2316 1838 2353 Origenem

1045 2367 1135 2389 autem
1150 2370 1246 2390 verum
1265 2363 1408 2404 intelligit,
1422 2363 1498 2390 illum
1514 2371 1622 2398 nempe,
1637 2364 1684 2399 qui
1699 2371 1839 2398 nunquam

1044 2408 1127 2443 plagii
1151 2418 1167 2435 a
1184 2417 1318 2444 quoquam
1332 2409 1384 2444 fuit
1400 2409 1585 2441 insimulatus,
1607 2417 1668 2436 cum
1683 2414 1750 2436 esset
1770 2409 1838 2436 adeo

1050 2456 1147 2490 feracis
1160 2456 1269 2490 ingenii,
1284 2460 1313 2482 ut
1328 2456 1391 2483 aliis
1406 2456 1495 2491 potius
1510 2461 1615 2488 auctor,
1641 2464 1722 2491 quam
1746 2456 1839 2490 cujus—

1044 2510 1124 2537 quam
1147 2502 1269 2528 imitator
1294 2507 1340 2528 aut
1365 2502 1542 2537 transcriptor
1561 2502 1640 2536 foret.
1663 2501 1837 2529 Albertinum

1045 2548 1168 2583 sequitur
1180 2548 1297 2576 Dallaeus
1308 2548 1342 2576 de
1351 2548 1429 2576 libris
1440 2548 1591 2583 suppositis
1604 2547 1736 2583 Dionysio
1749 2547 1839 2574 Areo-

1043 2595 1142 2629 pagitae
1157 2595 1205 2622 lib.
1223 2603 1242 2628 t,
1257 2602 1282 2622 ς.
1296 2594 1340 2622 17.
1355 2595 1452 2622 Merito
1463 2595 1617 2622 Albertinus
1631 2599 1731 2626 noster,
1747 2593 1839 2628 inquit

1045 2641 1177 2669 adversus
1191 2642 1317 2669 eumdem
1339 2640 1507 2669 Halloixium
1526 2641 1687 2676 disputans,
1702 2640 1837 2675 judicavit

1044 2687 1203 2723 Dionysium
1224 2693 1298 2716 tuum
1317 2692 1402 2715 totum
1418 2688 1487 2716 hunc
1507 2689 1595 2716 locum
1617 2697 1633 2715 a
1653 2694 1698 2715 tuo
1724 2687 1837 2723 Origene

1044 2733 1083 2761 uel
1098 2742 1154 2761 esse
1179 2734 1308 2769 furatum,
1334 2733 1372 2761 vel
1392 2739 1461 2761 certe
1474 2739 1566 2760 mutuo
1586 2734 1739 2768 sumpsisse.
1761 2733 1837 2767 Quo-

1044 2781 1127 2808 modo
1141 2781 1214 2807 euim
1228 2781 1321 2807 merito
1343 2780 1369 2808 id
1389 2780 1526 2815 iudicaret
1542 2780 1711 2813 Albertinus,
1726 2780 1748 2807 si
1767 2781 1837 2807 scri-

1044 2831 1105 2862 ptor
1117 2827 1161 2855 ille
1177 2836 1226 2855 ucc
1240 2826 1373 2863 Origenes
1387 2832 1471 2861 esset,
1487 2835 1536 2855 nec
1548 2827 1707 2854 Gmcorum
1725 2827 1833 2861 aliquis,

1045 2874 1092 2902 scd
1107 2874 1220 2903 Latinus
1232 2875 1326 2903 nescio
1339 2874 1419 2909 quis?
1430 2873 1500 2902 Cum
1514 2873 1674 2906 ilalloixius,
1691 2879 1720 2901 ut
1736 2873 1835 2909 Diony-
1870 2867 1878 2875 ⁸
