1932 3102
93 137 157 164 I73

481 141 505 168 J.
527 142 710 170 PEARSONH
732 144 892 172 VINDICUE.
911 144 1120 172 ιϐΝΑΤΙΛΝᾸι.
1139 161 1174 166 —-
1193 146 1284 174 PARS
1302 147 1323 175 1.

1697 152 1749 178 i74-

89 197 175 224 sium
191 205 275 225 suum
288 198 460 232 defenderet,
476 204 656 238 corrupisset,
672 204 820 240 locumque
831 206 905 233 hunc
921 209 943 237 Α
959 205 1075 239 Grtecos)
1090 207 1169 233 etiam
1189 207 1290 242 logiccn
1308 208 1398 243 (quam
1415 216 1461 235 nos
1479 209 1638 236 rationalem
1652 218 1745 247 possu-

88 253 129 272 ex
148 245 215 280 ejus
233 246 306 273 libro
327 249 568 276 exterminandum
582 250 752 285 judicasset;
769 252 906 280 facessere

89 299 163 318 eum
175 299 242 318 cum
253 293 443 320 morosissima
453 294 654 330 etineptissima
663 297 758 324 critica
768 305 817 325 sua
828 298 906 332 jubet

89 337 235 370 Dallteus,
251 343 279 365 et
294 340 365 374 quod
384 340 410 366 in
429 339 541 375 Origene
558 342 646 377 (quem
662 352 725 377 pace
743 348 789 370 tua
803 344 904 379 Diony-

88 384 135 410 sio
166 390 215 411 tuo
240 386 324 411 multo
342 386 487 413 doctiorem
511 387 594 422 fuisse
618 389 704 415 virum
725 390 807 425 puto)
834 395 903 417 totus

89 431 232 458 hactenus
247 432 320 459 orbis
335 441 409 468 (equo
422 434 512 461 animo
524 434 596 466 tulit,
613 436 640 461 id
654 436 680 462 in
696 435 825 471 Dionysio
839 437 902 472 legi,

89 478 164 509 noli,
189 478 294 512 inquit,
312 479 381 513 ferre
395 480 523 515 iniquius.
539 481 643 509 Auctor
658 482 740 517 igitur
752 484 902 518 expositio-

89 532 164 550 num
184 524 213 551 in
230 524 376 552 Canticum
396 526 589 560 canticorum,
603 535 667 555 eum
684 533 781 555 contra
799 528 903 564 Diony-

87 571 170 598 sium
185 571 288 598 scribit
302 571 433 604 Dallazus,
445 571 578 608 Origenes
592 578 644 604 est.
657 578 684 601 ct
699 575 801 608 locum,
819 583 901 610 quem

87 617 281 649 adduximus,
296 617 323 643 in
343 618 439 645 eodem
455 617 573 654 Origene
587 625 661 648 totus
674 620 807 648 hactenus
826 622 902 650 orbis

86 670 176 696 aequo
193 663 290 690 animo
308 664 371 691 tulit
385 673 391 690 :
406 672 493 699 quare
508 665 579 692 idem
597 674 651 693 non
666 671 719 700 est,
732 674 819 702 quare
834 675 902 695 con-

86 713 132 735 tra
153 713 248 736 totum
268 711 364 737 orbem
390 711 490 738 militat
516 711 651 745 Dallreus,
677 721 740 740 cum
764 714 900 742 adversus

86 754 234 789 lgnatium
253 765 331 784 arma
344 757 453 784 sumit?

126 803 275 830 Auctores
300 811 362 831 cum
385 806 546 833 auctoribus
562 807 745 840 contulimus;
761 815 835 835 nunc
851 816 897 835 rav-

87 849 187 877 liones
220 857 284 877 cum
307 852 461 879 rationibus
481 853 667 881 conferamus.
697 854 818 882 ercum
844 864 895 883 non

958 260 1016 278 mus
1034 252 1130 286 dicere)
1147 258 1241 288 quarto
1256 253 1283 279 in
1299 261 1408 280 numero
1423 259 1577 288 posuerunt.
1589 253 1644 282 Nec
1656 259 1747 283 tamen

956 303 1054 326 auctor
1079 299 1123 326 hic
1142 307 1171 326 se
1198 299 1325 327 Latinum
1349 300 1503 335 proﬁtetur.
1524 300 1591 327 Nam
1616 301 1663 328 illa
1687 309 1749 336 qua:

956 345 1066 372 unculis
1082 345 1257 378 inclusimus,
1278 346 1437 380 interpretis
1454 351 1530 379 sunt,
1546 355 1599 373 non
1614 348 1747 375 auctoris.

955 388 1024 416 Cum
1047 390 1120 417 enim
1136 390 1242 423 Graeca,
1267 391 1366 418 litteris
1382 391 1494 426 quidem
1521 391 1638 426 Latinis,
1655 393 1748 421 verbis

956 441 1046 462 autem
1063 435 1165 464 Griecis
1178 438 1267 472 primo
1287 438 1461 471 reddidisset,
1478 446 1512 465 ne
1528 438 1597 466 forte
1611 446 1626 466 a
1642 439 1748 468 Latinis

956 489 1010 509 non
1026 483 1253 518 intelliget-eatur,
1271 489 1319 511 aut
1334 492 1366 512 ne
1378 484 1435 519 ipse
1451 492 1506 511 non
1522 486 1690 514 intellexisse
1705 487 1746 514 vi-

955 528 1075 562 deretur,
1092 530 1187 557 eadem
1209 530 1306 558 Latine
1328 539 1426 559 rursus
1444 532 1621 567 interpretari
1637 533 1745 567 voluit,

955 574 1028 608 quod
1041 574 1082 601 cs't
1094 576 1232 603 veteribus
1242 577 1438 612 interpretibus
1451 585 1584 613 perquam
1597 578 1745 607 familiare.

954 617 1057 646 Locum
1074 627 1165 647 autem
1179 620 1268 655 ipsum
1280 622 1314 648 ab
1327 622 1444 657 Origene
1460 623 1593 657 scriptum
1606 623 1692 652 fuisse
1704 625 1746 652 vel

954 664 1021 692 illud
1035 667 1136 701 arguit,
1150 668 1223 702 quod
1236 675 1298 695 eum
1316 668 1499 704 Hieronymus
1513 669 1547 696 ad
1563 670 1745 699 Ecclesiasten

952 716 1095 746 sequatur,
1116 717 1155 746 ut,
1177 717 1242 741 tunc
1257 714 1432 748 potissimum
1457 723 1519 743 cum
1540 717 1663 744 nondum
1685 718 1747 745 Ori-

951 757 1046 791 genica
1063 759 1131 786 adeo
1148 760 1356 794 displicuerant,
1372 762 1488 789 solebat.
1505 762 1542 789 De
1564 764 1651 791 tribus
1669 765 1743 792 enirn

952 802 1107 832 Salomonis
1130 806 1208 833 libris
1225 814 1318 842 agens,
1334 812 1362 834 et
1380 815 1476 835 eorum
1495 809 1631 843 ordinem,
1651 815 1678 837 ct
1698 818 1744 838 ar-

949 855 1079 885 gumenta
1092 859 1154 879 cum
1169 852 1286 888 Origene
1301 854 1462 888 observans,
1479 857 1517 884 ait
1532 864 1537 881 :
1553 856 1633 883 Haud
1650 858 1743 892 procul

87 896 180 930 fuisse
192 897 234 923 vel
247 897 309 923 hinc
322 898 434 933 colligas
448 899 548 931 licebit,
562 900 652 935 inquit
670 900 813 934 Erasmus,
826 910 885 937 quat

950 897 982 923 ab
1000 897 1049 924 hoc
1070 899 1164 925 ordine
1179 899 1364 927 doctrinarum
1386 906 1411 927 et
1427 902 1578 937 philosophi
1599 909 1742 931 sectatores

86 942 118 968 in
144 942 267 978 Prologo
291 944 357 970 citat
385 944 490 972 ercos
514 946 584 973 velut
607 946 720 974 alienos.
741 947 809 974 Cum
826 948 898 983 apud

88 987 222 1021 Graecos,
239 990 340 1024 inquit,
356 991 403 1025 qui
420 992 520 1019 eruditi
545 997 572 1019 et
592 993 731 1027 sapientes
758 994 897 1022 videntur.

87 1035 227 1070 imperite
243 1044 358 1070 prorsus
375 1042 402 1064 et
415 1037 515 1072 inepte.
531 1038 604 1065 Citat
617 1039 690 1066 enim
708 1039 813 1067 Graecos
830 1041 899 1068 velut

86 1081 197 1108 alienos
220 1090 275 1109 non
296 1090 313 1109 a
332 1082 442 1117 lingua,
458 1088 505 1110 aut
518 1089 599 1119 gente
612 1093 673 1118 sua,
689 1086 736 1113 sed
754 1087 895 1122 religione.

89 1127 140 1155 llic
156 1128 236 1155 enim
251 1128 358 1156 Grircos
373 1137 428 1156 non
445 1131 545 1165 opponi
566 1130 685 1163 Latinis,
701 1133 747 1160 sed
760 1132 898 1162 Christia-

88 1174 144 1204 nis,
161 1178 274 1201 certum
285 1179 336 1201 est.
350 1174 388 1202 lla
399 1175 472 1202 enim
487 1176 612 1211 sequitur
626 1185 632 1203 τ
649 1176 710 1204 Νοη
723 1186 785 1213 ergo
798 1179 896 1205 mirum

87 1226 169 1253 esset,
187 1222 214 1248 si
227 1228 253 1248 et
267 1223 339 1257 apud
356 1215 415 1256 nos,
433 1224 478 1250 ubi
492 1229 592 1258 quanto
605 1224 695 1258 plures
707 1225 894 1259 simpliciores,

90 1273 166 1294 ,ωηο
179 1268 275 1302 plures
287 1273 313 1294 ct
324 1269 500 1303 imperitiores
510 1270 643 1297 videntur.
659 1269 726 1304 Qua:
736 1271 816 1298 verba
823 1277 895 1300 certe

89 1322 143 1340 non
158 1314 194 1341 ad
214 1313 330 1342 Latinos
345 1320 463 1348 tantum,
475 1316 522 1343 sed
535 1316 756 1344 Christianorum
770 1319 894 1346 omnium

88 1366 180 1387 coetus
195 1361 357 1395 pertinent;
375 1366 402 1389 et
421 1367 553 1397 praetcrea
568 1362 713 1398 Origcnem
725 1365 806 1392 nobis
824 1364 892 1392 refe-

89 1411 166 1438 runt,
191 1407 240 1442 qui
264 1407 298 1434 de
320 1407 498 1442 simplicitate
513 1413 540 1436 et
562 1409 698 1444 imperitia
722 1410 822 1445 ubique
838 1409 894 1439 fere

88 1452 228 1487 loquitur.
246 1453 342 1488 Neque
356 1462 422 1481 vero
435 1454 582 1489 quisquam
597 1455 708 1483 Graecos
721 1455 894 1490 frequentius

87 1498 209 1534 opponit
234 1498 416 1533 Christianis,
431 1508 514 1535 quam
533 1499 681 1536 Origenes;
704 1501 784 1536 cujus
807 1510 891 1528 unum

87 1545 183 1572 locum
207 1545 419 1573 memorandum
441 1554 503 1574 esse
524 1546 607 1579 duxi,
630 1552 659 1574 ut
683 1548 783 1582 pariter
796 1556 891 1575 emcn-

88 1591 162 1618 dem.
182 1590 255 1617 Dum
272 1590 370 1618 evolvo
383 1592 601 1619 commentarios
617 1592 643 1619 in
661 1592 690 1620 S.
705 1592 851 1626 Joannem,
865 1593 892 1620 in

88 1644 196 1672 nupera
222 1637 363 1669 editione,
375 1645 439 1672 pag.
456 1637 521 1671 211,
537 1638 598 1673 lego
617 1648 623 1665 :
648 1638 690 1669 Ὠς
707 1639 810 1675 Πέτρου
821 1639 893 1666 ansa.

88 1692 206 1715 σκοντος
234 1683 274 1719 μὴ
299 1683 424 1710 καθελεῖν
449 1684 483 1716 ἃς
508 1687 682 1721 προσκυνεῖν,
703 1694 785 1713 sensu
812 1687 893 1721 plane

88 1731 176 1757 nullo.
195 1730 250 1757 Sed
274 1735 347 1757 recte
362 1729 510 1759 Ferrarius
530 1736 659 1765 verterat,
683 1724 790 1767 perinde
814 1734 892 1768 quasi

89 1777 187 1804 Petrus
201 1777 341 1808 docuerit,
365 1785 416 1803 non
440 1782 560 1812 oportere
583 1786 630 1804 nos
656 1779 794 1813 gentilium
820 1788 891 1807 more

88 1823 222 1854 adorare;
239 1822 302 1849 ideo
321 1821 437 1849 Huetius
460 1823 549 1850 editor
564 1824 597 1850 ad
614 1825 765 1859 marginem
786 1830 889 1858 monet,

89 1868 238 1904 legendum
261 1869 321 1895 κατ’
336 1868 462 1901 ὲθνικούς
496 1877 547 1904 pro
567 1870 691 1896 καθελεῖν
715 1871 759 1902 ἃς,
776 1878 889 1899 sensum

88 1916 192 1950 potius,
209 1924 294 1950 quam
312 1916 396 1943 verba
409 1916 572 1951 respiciens,
589 1922 615 1943 et
630 1916 788 1944 Ferrarium
802 1918 889 1953 magis

88 1970 170 1996 quam
186 1961 336 1997 Origenem
359 1970 415 1997 prae
430 1962 518 1989 oculis
537 1963 651 1990 habens.
672 1962 740 1998 Ipsa:
754 1964 826 1991 enim
842 1964 888 1992 lit-

90 2013 153 2035 tera
170 2017 222 2043 pro
239 2008 365 2034 καθελεῖν
395 2008 427 2039 ἃς
444 2009 632 2043 reponendum
659 2010 772 2037 omnino
790 2011 889 2038 docent

89 2054 147 2081 καθ’
168 2053 316 2085 Ἓλληνας,
331 2058 359 2081 et
386 2054 423 2081 ita
449 2054 500 2089 legi
530 2063 629 2082 moneo
647 2056 673 2082 in
701 2065 753 2084 ms.
778 2061 886 2090 nostro,

90 2100 226 2128 lluetiano
246 2100 342 2127 codice
353 2100 433 2134 longe
446 2101 648 2135 prmstantiore.
665 2101 776 2129 Interim
790 2103 887 2130 certis-

89 2145 188 2172 simum
207 2149 272 2176 est,
297 2144 405 2171 Griecos
431 2153 486 2172 non
516 2145 638 2177 Latinis,
657 2147 704 2174 sed
720 2146 887 2174 Christianis

90 2191 231 2225 oppositos
254 2198 287 2218 eo
304 2191 364 2218 loco
377 2199 458 2225 quem
476 2191 579 2219 indicat
595 2191 741 2226 Erasmus;
755 2198 782 2220 et
798 2193 886 2220 multo

950 951 1013 970 suos
1025 943 1168 976 erudiunt;
1187 949 1216 972 ut
1239 946 1355 980 primum
1376 947 1491 975 ethicam
1511 949 1633 983 doceant,
1649 951 1743 978 deinde

949 988 1088 1023 physicam
1106 989 1323 1024 interpretentur,
1346 995 1372 1018 et
1393 1000 1470 1026 quem
1490 992 1519 1019 in
1539 993 1579 1019 his
1599 994 1742 1029 profecisse

949 1037 1140 1070 perspexeriut,
1156 1037 1191 1063 ad
1206 1037 1365 1072 theologiam
1385 1046 1468 1073 usque
1482 1039 1639 1074 perducant.
1654 1040 1741 1073 Quem

949 1081 1040 1108 locum
1058 1082 1081 1109 si
1100 1082 1127 1108 in
1155 1082 1249 1109 animo
1274 1083 1417 1111 habuisset
1445 1084 1582 1113 Henricus
1605 1085 1739 1119 Valesius,

949 1134 1090 1162 nunquam
1114 1128 1188 1155 illam
1211 1128 1434 1157 observationem
1460 1131 1488 1158 in
1515 1132 1740 1161 adnotationibus

949 1173 982 1199 ad
996 1172 1144 1200 Eusebium
1159 1175 1320 1208 protulisset
1334 1175 1430 1203 :Certe
1446 1177 1473 1203 in
1491 1176 1567 1204 libris
1584 1178 1741 1213 Hieronymi

949 1228 1084 1255 nunquam
1097 1220 1254 1255 theologiam
1267 1221 1321 1248 dici
1335 1222 1460 1256 reperies,
1481 1223 1527 1250 sed
1542 1223 1633 1251 (ἓν-ωδε
1649 1224 1741 1251 θεολο-

947 1265 1019 1300 γίαν.
1040 1265 1135 1301 Neque
1154 1268 1178 1294 si
1201 1268 1350 1302 cogitasset
1371 1268 1566 1305 Hieronymum
1583 1270 1610 1297 in
1624 1271 1738 1305 epistola

948 1312 1010 1346 155,
1034 1312 1162 1348 Origenis
1181 1314 1255 1341 hunc
1272 1314 1363 1342 locum
1380 1316 1535 1351 exprimere
1552 1317 1683 1350 voluisse,
1701 1318 1739 1345 le-

946 1359 1066 1387 ctionem
1088 1360 1193 1388 codicis
1213 1359 1371 1388 Memmiani
1392 1362 1507 1397 vulgata:
1527 1363 1618 1390 statim
1636 1368 1738 1398 praetu-

946 1405 1032 1437 lisset,
1058 1410 1105 1433 aut
1127 1406 1197 1433 hanc
1219 1407 1276 1433 sine
1298 1414 1376 1433 sensu
1398 1408 1532 1435 theoricen
1551 1409 1681 1437 exhibere
1696 1410 1739 1437 di-

945 1451 1041 1478 xisset.
1063 1450 1150 1479 Verba
1175 1451 1334 1489 Hieronymi
1356 1458 1421 1480 sunt
1442 1463 1448 1481 :
1474 1453 1630 1489 Philosophi
1652 1455 1736 1482 solent

945 1496 1139 1531 disputationes
1155 1506 1217 1525 suas
1232 1499 1259 1525 in
1274 1499 1543 1533 physicam,ethicam
1574 1501 1738 1536 logicamque

945 1544 1059 1577 partiri;
1080 1544 1120 1570 ita
1138 1548 1164 1570 et
1183 1545 1288 1580 eloquia
1302 1545 1393 1572 divina
1417 1551 1464 1572 aut
1481 1545 1514 1573 de
1530 1551 1627 1573 natura
1648 1547 1737 1582 dispit-

945 1595 1011 1621 tare,
1028 1594 1057 1616 ut
1074 1591 1101 1616 in
1118 1589 1212 1618 Genesi
1226 1596 1250 1617 et
1269 1590 1446 1622 Ecclesiaste;
1460 1596 1505 1618 aut
1517 1591 1549 1618 de
1562 1592 1690 1623 moribus.
1707 1597 1735 1619 ut

943 1636 971 1662 in
990 1635 1150 1668 Proverbiis,
1166 1641 1191 1663 et
1211 1637 1238 1663 in
1257 1637 1378 1663 omnibus
1394 1638 1508 1672 sparsim
1523 1637 1599 1664 libris
1613 1646 1622 1670 ;
1643 1643 1689 1665 aut
1704 1639 1736 1665 de

943 1682 1039 1717 logica,
1058 1690 1106 1717 pro
1122 1691 1176 1718 qua
1200 1684 1285 1710 nostri
1303 1684 1433 1711 theoricen
1453 1684 1505 1711 sibi
1529 1684 1681 1717 uindicant,
1706 1690 1735 1711 ut

943 1728 971 1754 in
993 1727 1105 1755 Cantica
1119 1729 1287 1755 canticorum
1315 1735 1339 1756 et
1354 1731 1381 1756 in
1401 1730 1563 1765 Evangeliis.
1586 1730 1652 1763 Quae
1671 1739 1734 1758 cum

942 1781 976 1801 ex
997 1773 1115 1809 Origene
1139 1775 1223 1810 petita
1247 1776 1338 1810 quivis
1365 1777 1511 1810 intelligat,
1537 1776 1678 1804 thcoricen
1701 1785 1735 1804 eo

942 1821 995 1848 loci
1011 1822 1067 1856 pati
1083 1822 1146 1856 quis
1162 1830 1215 1849 non
1237 1823 1348 1857 poterit,
1365 1823 1412 1857 qui
1434 1831 1494 1850 eam
1516 1824 1552 1850 ita
1571 1823 1679 1851 deﬁniri
1699 1825 1733 1851 ab

942 1866 1060 1896 Oriacne
1074 1868 1174 1895 novit:
1192 1868 1342 1903 Inspectiva
1363 1869 1473 1901 dicitur,
1497 1878 1549 1905 qua
1569 1871 1732 1905 supergressi

940 1913 1057 1940 visibilia
1076 1913 1108 1941 de
1122 1914 1220 1941 divinis
1245 1914 1348 1950 aliquid
1361 1919 1385 1941 et
1406 1914 1555 1942 ctclestibus
1571 1916 1732 1951 contempla-

940 1969 1010 1994 mur,
1023 1969 1105 1996 eaque
1116 1961 1172 1988 sola
1186 1965 1270 1988 mente
1285 1961 1439 1988 intuemur?
1449 1961 1512 1989 Hinc
1523 1962 1607 1997 igitur
1619 1962 1733 1989 omnino

940 2005 1067 2040 Origenis
1082 2011 1156 2039 sunt,
1171 2011 1199 2034 et
1214 2015 1247 2034 ex
1265 2014 1297 2034 eo
1311 2007 1404 2034 hausit
1422 2006 1618 2042 Hieronymus.

977 2052 1030 2081 Sed
1045 2053 1126 2087 idem,
1142 2054 1231 2088 inquit
1252 2053 1395 2085 Erasmus.
1415 2053 1497 2088 liquet
1520 2061 1553 2080 ea:
1571 2054 1733 2087 interpreta-

941 2100 1011 2126 tione
1038 2100 1148 2133 amoris,
1173 2099 1325 2130 charitatis,
1355 2098 1505 2125 dilectionis
1531 2104 1555 2125 et
1584 2100 1729 2133 cupidinis.

940 2146 1052 2174 Minime
1066 2154 1141 2174 vero.
1158 2145 1218 2173 Non
1230 2145 1303 2172 cnim
1324 2145 1421 2172 harum
1436 2150 1556 2180 quatuor
1569 2153 1667 2173 vocum
1687 2146 1730 2172 in—

939 2193 1162 2227 terpretationem
1172 2192 1255 2219 tradit
1265 2197 1372 2225 auctor,
1387 2191 1435 2219 sed
1446 2199 1478 2219 ea
1496 2196 1602 2218 tantum
1619 2192 1732 2218 adhibet

90 2236 261 2271 probabilius
284 2244 316 2263 ea
341 2236 437 2263 eodem
464 2237 566 2273 colligit
591 2237 716 2269 Huelius,
742 2242 884 2265 auctorem
901 2245 924 2274 ῃ
938 2239 1073 2273 interpres
1095 2238 1129 2265 ad
1154 2238 1331 2272 exprimenda
1347 2238 1403 2265 duo
1426 2238 1570 2271 vocabula,
1592 2246 1653 2273 qua:
1678 2246 1728 2264 au-

91 2281 170 2316 luljus
188 2281 282 2315 operis
302 2289 363 2309 esse
381 2280 537 2316 Origenem,
554 2284 627 2317 quod
645 2284 689 2310 hic
705 2291 760 2310 non
785 2284 885 2311 obscu-

92 2329 127 2355 ris
145 2329 238 2355 verbis
260 2329 388 2355 laudetur
402 2329 526 2357 Platonis
545 2329 735 2365 Symposium,
753 2331 799 2357 ubi
821 2331 886 2366 περὶ

93 2375 211 2411 Ἔρωτος
229 2376 297 2410 agit,
311 2383 393 2410 quem
411 2376 501 2411 ipsutn
518 2377 618 2404 librum
634 2378 727 2405 laudat
741 2378 811 2405 idem
824 2377 886 2405 Ori-

91 2430 180 2456 gcues.
190 2426 216 2448 ct
228 2423 319 2449 locum
329 2423 362 2450 de
375 2423 487 2456 Amore,
502 2424 628 2451 adversus
642 2424 747 2451 Celsum
764 2424 835 2451 libro
847 2432 883 2452 ιν.

77 2468 162 2495 .Adeo
189 2467 337 2496 infeliciter
367 2469 394 2496 in
424 2469 476 2496 hoc
502 2475 665 2505 argumento
690 2475 816 2498 versatus
843 2475 885 2498 est

93 2514 232 2542 Erasmus.

124 2561 218 2588 Melius
240 2561 382 2596 aliquanto
405 2562 479 2588 lianc
503 2561 687 2596 objectionem
712 2567 791 2596 urget
811 2561 884 2597 Ray-

92 2609 195 2635 naudus
212 2607 330 2634 Jesuita.
349 2607 477 2634 Latinum
494 2616 521 2634 se
536 2613 631 2634 auctor
650 2609 704 2642 ipse
720 2608 759 2635 bis
775 2609 884 2642 pro/ite-

92 2659 132 2681 tur
151 2662 230 2689 agens
254 2654 287 2680 de
304 2653 393 2688 logica
411 2655 439 2680 in
461 2654 637 2689 philosophia?
659 2654 800 2681 divisione.
827 2654 883 2681 Illic

90 2699 157 2726 enim
179 2699 282 2726 diserte
301 2698 394 2725 Latini
412 2699 516 2726 Graecis
530 2704 719 2734 opponuntur.
742 2698 882 2727 Generalcs

91 2746 247 2780 disciplinae,
268 2745 364 2781 quibus
386 2746 421 2772 ad
443 2755 531 2773 rerum
558 2747 696 2772 scientiam
719 2747 881 2781 pervenitur,

93 2796 138 2818 tres
154 2797 215 2819 sunt
237 2801 303 2826 quas
320 2791 430 2827 (Grazci)
444 2792 572 2824 ethicam,
585 2792 723 2827 physicam
742 2798 767 2819 et
784 2793 882 2819 theori-

93 2846 133 2865 ceu
147 2837 365 2872 appellaverunt;
381 2837 439 2871 (nos
460 2838 508 2864 has
525 2838 612 2865 dicere
629 2846 769 2873 possumus
790 2847 881 2865 mora-

95 2888 148 2919 lem,
161 2885 313 2913 naturalem
325 2889 350 2912 et
364 2885 558 2920 inspectiuaml.
575 2884 706 2913 Nonnulli
719 2893 782 2913 sane
796 2885 878 2921 (apud

152 2970 165 2993 ἱ

938 2290 999 2312 ctor
1024 2285 1094 2312 inter
1116 2292 1146 2312 se
1169 2285 1286 2317 confert,
1314 2284 1404 2320 ἔρωτα
1429 2284 1534 2312 scilicet
1555 2289 1582 2311 et
1606 2283 1727 2319 ἀγάπην,

937 2331 1026 2366 ἔρωτα
1046 2336 1137 2358 autem
1159 2335 1207 2357 aut
1229 2338 1356 2363 amorem,
1374 2336 1422 2358 aut
1440 2330 1600 2365 cupidinem,
1618 2330 1730 2365 ἀγάπην

937 2382 984 2404 aut
998 2377 1175 2410 dilectionem,
1189 2382 1236 2404 aut
1252 2378 1412 2403 charitatem
1433 2376 1575 2404 transfert.
1588 2376 1728 2412 Origenes

935 2422 1046 2456 quidem
1069 2421 1218 2456 Scriptura:
1239 2422 1298 2448 loca
1316 2429 1365 2456 pro
1380 2429 1456 2449 more
1471 2430 1522 2450 suo
1538 2427 1727 2457 congesserat,

935 2473 966 2495 ut
981 2468 1092 2504 ἀγάπην
1113 2468 1184 2495 idem
1204 2469 1361 2495 ostenderet
1384 2468 1566 2503 scriptoribus
1582 2468 1670 2496 sacris
1686 2468 1726 2495 si-

935 2514 1074 2549 gniﬁcare,
1088 2514 1161 2549 quod
1176 2515 1246 2548 apud
1262 2514 1331 2541 alios
1343 2507 1423 2550 ἕρώς.
1434 2514 1474 2541 Ad
1490 2514 1549 2541 haec
1562 2519 1652 2541 autem
1666 2515 1726 2541 loca
1766 2530 1769 2533 -

934 2560 1097 2594 explicanda
1116 2568 1228 2588 necesse
1248 2560 1343 2586 habuit
1358 2560 1491 2594 interpres
1507 2560 1635 2587 charilati
1658 2560 1728 2586 dile-

934 2608 1045 2633 ctionem
1056 2607 1165 2639 addere,
1180 2607 1245 2641 quia
1260 2614 1332 2640 saepe
1345 2606 1457 2633 verbum
1479 2607 1590 2641 ἀγαπᾷν
1608 2613 1726 2640 usurpa—

933 2654 972 2680 vit
993 2658 1099 2686 auetor,
1115 2653 1196 2688 quale
1211 2653 1239 2680 in
1264 2652 1369 2680 Latinis
1393 2653 1519 2679 charitati
1540 2660 1593 2679 non
1612 2659 1727 2685 respon-
1760 2668 1764 2672 -

933 2700 988 2727 det.
1002 2699 1065 2727 Hatc
1077 2707 1110 2726 ex
1125 2700 1185 2734 ipso
1197 2699 1258 2726 loco
1271 2699 1338 2725 satis
1351 2698 1504 2726 luculenter
1516 2702 1658 2733 apparent.
1676 2697 1723 2726 Vi—

933 2746 1009 2773 detur
1023 2751 1110 2772 autcm
1133 2746 1197 2771 mihi
1217 2745 1286 2779 quod
1308 2745 1400 2772 divina
1417 2743 1558 2778 Scriptura
1576 2744 1662 2771 volens
1678 2752 1724 2770 ca-

932 2800 989 2819 verc
1006 2800 1037 2818 ne
1052 2792 1141 2826 lapsus
1157 2792 1254 2826 aliquis
1275 2791 1421 2826 legentibus
1438 2790 1485 2817 sub
1502 2791 1601 2818 amoris
1617 2791 1724 2817 nomine

933 2844 1103 2872 nasceretur,
1125 2847 1172 2873 pro
1197 2837 1389 2872 inﬁrmioribus
1412 2837 1569 2873 quibusque,
1592 2844 1651 2864 eum
1676 2837 1726 2871 qui

933 2886 1002 2919 apud
1014 2886 1142 2920 sapientes
1159 2884 1259 2919 strculi,
1273 2884 1378 2919 cupido,
1392 2891 1436 2910 seu
1456 2891 1531 2910 amor
1545 2883 1653 2917 dicitur,
1673 2883 1722 2909 ho-
