3878 6210
400 346 497 404 115

1411 342 1469 398 S.
1510 340 1863 399 IGNATIUS.
1908 373 1976 382 ——
2010 338 2550 396 PROLEGOMENA.

3554 339 3661 394 176

390 465 612 523 nestiuri
655 463 1263 519 vocabulocharitatem
1309 462 1387 516 uel
1417 461 1753 516 dilectionem
1795 459 1968 538 nanti-.-
1997 464 2044 519 Α
2072 458 2235 527 plane
2281 472 2342 512 se
2387 465 2608 527 superet
2656 453 2937 526 Origenes.
2976 453 3160 510 Tertio
3204 469 3365 510 nemo
3411 469 3662 525 unquam

314 587 321 595 -
389 576 564 614 nasse.
611 557 766 612 Verbi
790 557 969 628 gratia
996 566 1052 610 ut
1079 555 1368 623 cum,dia:it
1390 555 1454 609 de
1482 553 1646 608 Isaac
1676 569 1693 607 :
1725 571 1743 605 ι
1780 550 1847 606 Et
1876 566 1973 606 ac—

389 655 535 726 cepit
587 651 914 717 Rebeccam,
964 660 1020 706 et
1066 649 1211 705 facta
1252 658 1338 705 est
1373 649 1425 704 ei
1469 664 1633 713 uxor,
1683 655 1739 703 et
1781 645 1976 701 dilexit

388 762 511 802 eam
542 746 587 812 ⁸,
635 765 655 798 s
703 745 923 815 ἀγαπᾷν
949 743 1172 813 άὶιίθετε
1227 750 1374 796 recte
1404 741 1656 807 vertitur,
1698 746 1755 793 et
1783 737 1970 810 ἀγάπη

390 838 697 909 antiquitus
730 852 839 893 non
881 835 1065 891 minus
1103 833 1318 889 dilectio
1361 848 1529 904 quam
1561 832 1802 887 clraritas
1848 829 1973 886 red-

390 928 642 985 debatur.
670 927 950 984 Glossaria
972 938 1155 983 vetera
1195 942 1208 978 :
1238 925 1453 979 dilectio
1474 966 1490 991 ,
1521 923 1734 996 ἀγάπη·
1758 921 1969 994 ἀγάπη,

390 1019 623 1075 dilectio.
655 1016 1026 1073 Tertullianus
1069 1016 1137 1070 de
1174 1015 1364 1086 agapis
1420 1020 1666 1068 veterum
1696 1010 1970 1068 Christia-

391 1126 592 1166 norum
627 1129 640 1165 :
669 1109 827 1166 Ctena
856 1117 1039 1162 nostra
1069 1108 1133 1161 de
1161 1107 1369 1161 nomine
1401 1105 1661 1159 rationem
1681 1104 1766 1158 sui
1796 1113 1972 1157 osten-

390 1192 471 1255 dit
519 1217 539 1257 :
579 1200 635 1254 id
662 1208 879 1254 uocatur
905 1196 1044 1268 quod
1082 1195 1306 1251 dilectio
1329 1193 1469 1264 apud
1508 1190 1743 1247 ercos.
1772 1188 1844 1245 Ut
1873 1204 1970 1244 au-

390 1305 499 1350 tem
531 1291 787 1346 charitati
827 1290 1187 1352 dilectionem,
1228 1287 1304 1342 ita
1347 1295 1404 1341 et
1453 1285 1627 1339 amori
1668 1283 1970 1353 cupidinem

391 1384 661 1456 adjunxit.
694 1381 1036 1438 Glossarium
1071 1388 1227 1434 vetus
1254 1394 1268 1431 :
1310 1379 1513 1450 Ἔρως,
1548 1392 1721 1441 amor,
1754 1372 1966 1444 cupido.

391 1476 550 1545 Quod
573 1483 700 1530 ante
725 1489 849 1528 eum
875 1470 1077 1527 fecerat
1099 1468 1491 1540 Hieronymus,
1519 1466 1745 1521 humilia
1771 1466 1969 1535 prima,

388 1566 660 1640 spirituali
690 1565 935 1637 cupidine
966 1563 1044 1617 vel
1095 1577 1276 1616 amore
1304 1559 1648 1613 accendatur.
1702 1555 1830 1612 Haec
1872 1570 1972 1611 au—

390 1672 500 1717 tem
531 1670 591 1715 ut
613 1666 892 1714 auctorem
921 1654 1180 1709 Latinum
1210 1651 1434 1705 minime
1456 1650 1714 1720 produnt,
1741 1648 1816 1703 ita
1846 1645 1971 1703 Ori-

391 1766 585 1824 genem
630 1750 809 1820 ipsum
855 1746 1039 1818 potius
1090 1752 1373 1799 auctorem
1429 1739 1601 1795 fuisse
1645 1739 1965 1806 ostendunt,

391 1842 485 1914 qui
527 1842 581 1896 in
616 1840 837 1911 scriptis
872 1839 981 1894 illis
1008 1851 1134 1907 quae
1177 1835 1469 1899 habemus,
1500 1833 1680 1904 ἔρωτα
1722 1832 1776 1887 in
1809 1830 1973 1888 rebus

389 1933 594 1988 divinis
624 1940 735 1986 tam
782 1929 1099 1999 frequenter
1131 1934 1363 1996 usurpat
1417 1943 1431 1980 :
1477 1933 1531 1982 et
1572 1939 1736 1995 quem
1775 1923 1830 1978 in
1873 1922 1977 1978 hac

392 2028 513 2098 ipsa
546 2040 623 2092 re,
655 2025 735 2080 uti
764 2024 925 2090 solet,
954 2021 1203 2077 imitatur
1245 2019 1303 2075 S.
1334 2018 1633 2090 Gregorius
1670 2015 1973 2090 Nyssenus,

391 2120 450 2174 in
475 2117 701 2174 Cantica
746 2114 971 2171 humilia
1014 2114 1237 2184 prima:
1299 2109 1552 2165 Ἐπειδὰν
1594 2109 1772 2164 τοίνυν
1817 2107 1976 2178 σοφία

392 2208 542 2264 ἐστὶν
562 2211 597 2280 ἡ
626 2206 882 2273 λαλοῦσα,
908 2206 1192 2276 ἀγάπησον
1213 2204 1337 2258 ὅσον
1354 2202 1580 2257 δύνασαι
1606 2200 1665 2269 ἐξ
1684 2201 1813 2273 ὅλης
1837 2216 1975 2270 καρ-

391 2302 511 2365 δίας
557 2318 617 2354 τε
667 2301 760 2354 καὶ
803 2294 1512 2371 δυνάμεωςηὲπιθύμησον
1563 2293 1687 2347 ὅσον
1741 2294 1971 2363 χωρεῖς*

393 2392 727 2466 προστίθημι
767 2390 824 2445 δὲ
868 2388 1088 2462 Οαρῤῶν
1115 2390 1230 2452 τοῖς
1258 2388 1468 2459 ῥήμασι
1504 2383 1719 2447 τούτοις
1763 2383 1859 2437 καὶ
1891 2382 1974 2447 τὸ,

392 2486 673 2557 ὲράσθητι.
705 2468 839 2540 Cum
867 2499 991 2553 ergo
1036 2482 1107 2536 sit
1133 2496 1251 2550 qua:
1297 2479 1534 2550 loquitur
1562 2476 1848 2545 sapientia,
1887 2476 1975 2529 di-

394 2577 495 2647 lige
523 2584 779 2647 quantum
805 2581 974 2644 potes,
1020 2586 1086 2625 ea:
1117 2578 1226 2625 toto
1275 2567 1435 2623 corde
1467 2576 1517 2623 et
1561 2567 1688 2622 totis
1732 2565 1929 2621 viribus
1954 2582 1975 2629 ,-

393 2658 703 2738 concupisce
746 2673 1004 2737 quantum
1036 2671 1182 2733 potes
1214 2675 1437 2729 capere:
1484 2658 1624 2714 addo
1665 2668 1841 2713 autem
1872 2673 1975 2710 au-

392 2759 577 2813 dacter
600 2757 681 2812 his
704 2772 907 2828 quoque
934 2753 1101 2810 verbis
1133 2766 1153 2806 :
1180 2752 1344 2806 Ama.
1369 2750 1539 2807 Plane
1557 2760 1615 2806 ut
1644 2751 1701 2805 in
1724 2748 1977 2806 versione

392 2849 823 2920 llieronymiana
851 2847 1093 2902 homilite
1131 2844 1325 2915 prima:
1362 2841 1637 2915 Origenis,
1688 2848 1737 2894 et
1771 2850 1830 2895 ut
1871 2839 1976 2894 ali-

391 2942 521 3015 quid
569 2939 852 2995 audentius
894 2928 1093 3006 dicam,
1136 2933 1371 3006 spiritali
1419 2934 1665 3005 cupidine
1703 2942 1754 2988 et
1795 2946 1977 2986 amore

392 3033 735 3089 accendatur.

2080 550 2241 604 toties
2268 564 2433 619 opera
2461 564 2558 603 sua
2584 547 2738 619 prius
2762 547 2961 616 scripta
2987 546 3250 614 laudavit,
3279 563 3344 602 ac
3365 546 3663 618 Origenes.

2074 640 2304 707 Quoties
2335 640 2482 695 enim
2514 637 2813 708 Scriptura:
2851 638 3035 694 locum
3066 639 3245 694 obiter
3273 639 3425 706 citat,
3458 639 3527 694 ad
3559 654 3667 694 ex-

2072 728 2376 799 positiones
2397 742 2529 784 suas
2554 728 2815 783 lectorem
2837 727 3091 799 ablegare
3114 729 3273 786 solet.
3293 728 3439 784 Idem
3466 729 3522 784 in
3551 729 3668 784 hoc

2073 836 2239 893 opere
2288 820 2605 892 frequenter
2662 821 2954 893 praestitit;
3006 821 3141 878 citat
3192 822 3341 879 enim
3397 822 3668 880 humilia:

2072 928 2203 970 suas
2233 914 2286 969 in
2312 913 2581 980 andum,
2601 922 2657 969 et
2679 914 2897 969 Iudices
2921 915 3112 982 semel,
3136 914 3193 970 in
3220 913 3486 972 Numeros
3510 932 3666 988 qua-

2073 1014 2194 1074 ter;
2227 1007 2624 1078 explicationes
2671 1007 2729 1063 in
2781 1006 3096 1073 Leviticum,
3125 1015 3180 1063 et
3224 1011 3665 1068 commentarios

2072 1097 2129 1151 in
2162 1095 2369 1152 Novum
2401 1098 2812 1153 Testamentum.
2847 1096 3077 1166 Quarto,
3125 1096 3346 1170 Origeni
3375 1101 3551 1157 moris
3571 1109 3666 1156 est

2071 1191 2291 1260 propria
2318 1191 2541 1246 nomina
2568 1190 2833 1246 llebraica
2864 1191 3237 1261 interpretari,
3267 1201 3322 1247 et
3364 1207 3433 1247 ex
3458 1208 3664 1248 eorum

2072 1282 2620 1353 interpretationibus
2676 1298 2875 1340 sensus
2933 1283 3305 1356 tropulugicos
3353 1285 3661 1355 explscari.

2070 1373 2274 1430 Nullibi
2308 1373 2654 1446 frequentius
2682 1391 2847 1445 quam
2881 1375 2935 1431 in
2966 1376 3057 1431 his
3077 1377 3243 1433 tomis
3271 1377 3378 1432 huc
3402 1376 3556 1433 facit.
3596 1376 3664 1435 In

2071 1466 2299 1536 prologo
2345 1466 2548 1537 inquit,
2594 1466 2768 1520 Israel
2805 1467 2868 1520 ob
2900 1467 3200 1522 divinorum
3249 1468 3666 1539 contemplatio-

2073 1572 2189 1611 nem
2229 1557 2530 1611 nominatus
2555 1565 2654 1611 est.
2689 1554 2907 1617 Zareth,
2937 1556 3113 1611 aliena
3144 1556 3445 1620 descensio;
3476 1555 3662 1612 Debu-

2074 1648 2193 1715 ralt,
2223 1648 2340 1719 apis
2384 1650 2467 1721 (ut
2520 1648 2713 1703 bomil.
2742 1648 2776 1703 5
2812 1649 2868 1704 in
2896 1647 3177 1720 Iudices);
3230 1648 3467 1715 Barach,
3497 1665 3666 1704 coru-

2072 1743 2241 1797 scatio
2271 1743 2355 1807 (ut
2377 1741 2565 1797 eadem
2595 1740 2799 1811 hom.),
2819 1740 3094 1806 Salomon,
3113 1742 3390 1811 paciﬁcus.
3422 1741 3666 1799 Humilia

2072 1835 2275 1905 prima,
2307 1832 2479 1901 Eden,
2507 1833 2750 1898 deliciae;
2778 1834 3040 1900 secunda,
3072 1832 3267 1902 Cedar,
3305 1836 3547 1905 nigredu,
3581 1836 3668 1892 vel

2073 1926 2395 1982 obscuritas.
2452 1925 2814 1993 Hierusalem,
2846 1927 2976 1982 uisio
3004 1927 3149 1997 pacis
3186 1926 3268 1999 (ut
3322 1928 3549 1985 humilia
3589 1930 3660 1986 21

2073 2019 2129 2074 in
2165 2018 2415 2085 Josuam,
2442 2020 2508 2074 de
2547 2019 2850 2075 Jerusalem
2889 2020 3190 2091 frequenter
3218 2021 3475 2089 diximus,
3516 2024 3667 2094 quod

2072 2111 2216 2166 visio
2256 2111 2410 2182 pacis
2453 2111 2885 2183 interpretatur).
2934 2113 3298 2181 Abaimelech,
3349 2131 3532 2171 seruus
3580 2133 3673 2171 re—

2075 2218 2237 2273 gum;
2287 2201 2549 2267 Mambre,
2588 2204 2757 2268 visio;
2792 2204 3083 2270 cherubim,
3115 2206 3387 2276 plenitudo
3424 2208 3671 2264 scientia:

2076 2292 2175 2348 Dei
2207 2292 2367 2366 (utin
2399 2294 2741 2351 Ezechielem
2781 2296 3006 2351 humilia
3037 2296 3120 2367 2).
3161 2296 3432 2369 Engaddi,
3473 2300 3672 2356 oculus

2077 2386 2382 2441 tentationis
2407 2404 2537 2442 mea:
2568 2388 2651 2456 (ut
2679 2388 2733 2442 in
2775 2388 3004 2444 humilia
3031 2389 3066 2444 2
3086 2390 3153 2462 in
3196 2389 3406 2446 Cantia.
3435 2392 3504 2447 ab
3534 2391 3675 2448 Hie-

2075 2494 2308 2551 ronymo
2337 2480 2557 2551 versa);
2590 2483 2770 2550 tertia,
2798 2482 3002 2550 Bethel,
3035 2481 3226 2538 domus
3250 2484 3369 2539 Dei.
3396 2483 3673 2556 Quisquis

2077 2579 2258 2625 autem
2289 2571 2428 2625 mira
2468 2571 2558 2626 illa
2590 2574 2952 2641 theoremata,
2979 2591 3101 2646 quae
3136 2592 3203 2632 ex
3235 2577 3303 2632 iis
3335 2578 3676 2648 interpretar-

2076 2662 2320 2718 tionibus
2350 2662 2569 2720 deducit
2616 2674 2831 2734 auctor,
2875 2668 3245 2739 perpenderit,
3278 2671 3482 2724 nemini
3513 2680 3676 2726 certe

2075 2767 2441 2827 praeterquam
2490 2756 2710 2829 Origeni
2759 2759 2927 2816 hosce
2965 2763 3391 2820 commentarios
3433 2763 3669 2820 tribuet.

2076 2847 2300 2915 Quinto,
2328 2850 2632 2920 peculiares
2656 2852 2904 2921 quaedam
2937 2853 3225 2924 upiniones
3248 2855 3467 2927 Origeni
3500 2859 3675 2911 attri-

2076 2939 2223 2994 bula:
2251 2948 2401 3005 sunt,
2429 2941 2733 3011 praesertim
2757 2942 2824 2998 de
2852 2943 3034 2998 anima
3064 2954 3119 3000 et
3143 2946 3374 3016 angelis,
3404 2962 3434 3001 a
3461 2947 3676 3017 quibus

2076 3032 2352 3103 praecipue
2383 3031 2564 3089 Latini
2599 3034 2989 3091 abhorrebant.
3018 3035 3113 3093 Ha:
3147 3047 3330 3094 autem
3374 3040 3581 3110 ubique
3608 3040 3673 3095 in

465 3127 623 3194 Quod
655 3134 838 3181 autem
874 3124 929 3178 in
957 3121 1239 3178 nonnullis
1267 3120 1426 3176 libris
1450 3120 1557 3176 hoc
1586 3134 1725 3190 opus
1749 3117 1974 3173 in'Cau—
2001 3133 2047 3199 ο
2078 3124 2182 3181 hoc
2201 3126 2470 3196 opusculo
2503 3139 2902 3198 proponuntur.
2927 3128 3174 3201 Denique
3201 3129 3462 3202 Origenes
3491 3133 3547 3187 in
3580 3142 3676 3188 to-

393 3219 565 3273 ticum
624 3216 959 3287 Hieronymo
1008 3213 1324 3278 tribuatur,
1375 3220 1432 3268 et
1480 3227 1510 3267 a
1564 3209 1875 3265 Lombardu
1922 3218 1976 3264 et

393 3308 629 3375 Thoma,
655 3314 856 3369 harum
905 3319 1088 3359 rerum
1120 3302 1571 3374 imperitissimis,
1602 3303 1706 3357 sub
1753 3300 1975 3355 nomine

392 3397 674 3454 Ambrosii
703 3397 924 3464 citetur,
970 3409 1078 3450 non
1119 3393 1249 3449 inde
1294 3391 1550 3461 ellicitur,
1583 3393 1668 3447 vel
1713 3392 1861 3446 hunc
1891 3391 1981 3445 vel

395 3490 549 3544 illum
592 3487 760 3559 hujus
801 3485 982 3557 aperis
1029 3493 1316 3539 auctorem
1367 3483 1562 3552 fuisse,
1618 3499 1745 3538 cum
1793 3483 1975 3538 neutri

393 3582 530 3639 illud
557 3589 868 3652 competere
908 3594 1071 3649 posse
1102 3592 1301 3633 omnes
1332 3577 1530 3633 sciant.
1570 3573 1678 3632 Sed
1726 3576 1851 3631 inde
1885 3576 1976 3646 ju-

398 3674 538 3731 stior
564 3672 805 3743 suspicio
830 3683 935 3737 est,
961 3685 1083 3726 esse
1127 3670 1259 3726 illud
1291 3669 1474 3740 potius
1505 3668 1679 3740 ipsius
1699 3668 1973 3739 Origenis,

401 3766 533 3835 quia
564 3762 889 3819 Ambrosius
930 3771 985 3817 et
1029 3760 1395 3834 Hieronymus
1425 3760 1677 3833 Origenis
1714 3761 1884 3816 multa
1917 3760 1973 3815 in

400 3854 658 3911 Latinum
689 3866 998 3913 sermonem
1033 3861 1438 3908 converterunt.

465 3942 612 3998 Nihil
636 3945 802 4016 igitur
840 3943 1022 3998 valent
1053 3945 1295 3999 rationes
1342 3954 1536 4000 contra
1572 3941 1863 4014 Origenem
1891 3942 1973 3997 al~

393 4020 562 4103 lataei
591 4044 647 4091 at
677 4035 783 4091 illa:
806 4053 947 4106 quas
984 4051 1086 4107 pro
1128 4052 1194 4091 eo
1222 4034 1539 4103 alleremus,
1573 4043 1705 4091 sunt
1744 4035 1974 4090 validis-

396 4132 572 4187 simae.
623 4127 975 4199 Quaecunque
1005 4128 1151 4183 enim
1199 4128 1267 4183 de
1309 4142 1475 4199 opere
1521 4126 1709 4197 aliquo
1752 4127 1974 4198 Origeni

394 4218 722 4277 ascribendo
751 4216 859 4274 dici
884 4226 1138 4289 possunt,
1172 4217 1303 4274 huic
1325 4217 1380 4273 in
1408 4217 1603 4287 primis
1631 4224 1971 4286 competunt.

393 4309 583 4383 Neque
609 4309 838 4374 mirum,
880 4324 1027 4375 cum,
1065 4318 1126 4363 ut
1170 4308 1302 4363 olim
1350 4308 1664 4364 observavit
1711 4307 1976 4380 Hierony-

394 4418 541 4470 mus,
573 4402 822 4475 Origenes
867 4418 987 4456 cum
1028 4402 1083 4455 in
1111 4401 1314 4457 caeteris
1364 4399 1516 4455 libris
1556 4417 1734 4455 omnes
1767 4402 1973 4467 vicerit,

2077 3216 2184 3272 mis
2206 3217 2347 3284 suis,
2379 3218 2475 3273 ubi
2508 3217 2574 3274 ad
2608 3220 2902 3291 mysticum
2932 3236 3156 3279 sensum
3190 3223 3579 3294 explicandum
3605 3240 3676 3281 se

2076 3309 2334 3380 applicat,
2366 3325 2510 3380 saepe
2549 3300 2808 3380 precibus
2852 3311 2919 3368 ad
2964 3312 3137 3370 Deum
3182 3329 3243 3372 se
3278 3316 3572 3382 convertit,
3607 3326 3676 3372 ut

2076 3400 2250 3472 gratia
2280 3400 2375 3458 Dei
2402 3402 2711 3469 illustratus
2734 3404 2826 3461 illa
2848 3422 3068 3478 magna,
3088 3415 3148 3463 ut
3177 3409 3431 3480 appellat,
3459 3419 3675 3482 myste-

2076 3493 2158 3546 ria
2187 3492 2503 3563 perspiciat.
2548 3495 2706 3562 Quod
2744 3497 2835 3552 hic
2874 3499 3075 3568 saepius
3110 3499 3189 3554 lit.
3237 3499 3295 3555 Si
3330 3501 3498 3572 igitur
3536 3503 3673 3557 libri

2076 3587 2386 3651 materiam,
2418 3584 2755 3658 modumque
2788 3590 3058 3646 tractandi
3108 3600 3443 3663 spectemus,
3473 3596 3673 3652 omnia

2077 3671 2366 3743 Origenem
2398 3678 2576 3732 solum
2607 3679 2846 3749 sapiunt.

2148 3765 2418 3824 Praeterea
2458 3779 2588 3825 sunt
2629 3780 2684 3827 et
2724 3774 2829 3828 alia
2856 3785 2979 3843 quae
3025 3774 3192 3834 hosce
3233 3781 3671 3836 commentarios

2081 3877 2189 3916 non
2235 3863 2462 3919 alterius
2505 3880 2627 3921 esse
2665 3882 2830 3937 quam
2875 3868 3130 3941 Origeni‘s
3170 3873 3398 3929 omnino
3427 3878 3668 3932 convin-

2079 3962 2229 4008 cunt.
2263 3952 2513 4010 Homiliaa
2542 3956 2665 4012 dure
2707 3957 3019 4016 Adamantii
3054 3962 3110 4017 in
3157 3962 3445 4020 Canticum
3479 3968 3668 4023 canti-

2079 4058 2271 4098 corum
2302 4055 2432 4101 sunt
2458 4046 2528 4101 ab
2564 4044 2903 4120 Hieronymo
2937 4050 3167 4107 ﬁdeliter
3201 4069 3394 4123 versae,
3422 4066 3479 4111 et
3504 4073 3669 4128 papae

2079 4136 2317 4194 Damaso
2345 4139 2631 4207 dedicatae,
2666 4151 2831 4212 atque
2868 4159 2897 4198 a
2942 4142 3159 4201 Rullino
3189 4149 3406 4219 agnitae.
3450 4148 3663 4208 Earum

2079 4238 2262 4286 autem
2312 4234 2600 4289 sententia:
2649 4235 2970 4293 consimiles
3023 4246 3077 4294 et
3127 4255 3404 4310 germanae
3458 4243 3664 4300 harum

2081 4332 2210 4377 sunt
2233 4339 2355 4392 qua:
2384 4324 2438 4378 in
2468 4325 2572 4381 hoc
2603 4342 2770 4397 opere
2792 4329 3166 4400 continentur,
3192 4340 3252 4387 ut
3277 4334 3333 4387 in
3358 4333 3548 4390 eadem
3573 4336 3669 4391 in-

2081 4414 2219 4468 cude
2265 4411 2556 4470 formatum
2608 4433 2730 4472 esse
2772 4426 3070 4490 utrumque
3114 4431 3412 4493 appareat;
3443 4424 3522 4479 uti
3553 4426 3664 4481 ob-

392 4496 451 4550 ίη
495 4493 719 4550 Cantica
767 4493 1096 4546 εαηείεοηιηι
1139 4492 1250 4563 ipse
1300 4508 1355 4547 δε
1397 4492 1545 4547 vim-
1594 4490 1732 4547 Nam
1771 4493 1973 4564 primo,
2010 4518 2053 4573 ι)
2079 4505 2322 4559 servavit
2358 4504 2714 4561 doctissimus
2751 4505 3001 4575 lluetius,
3032 4510 3128 4580 qui
3152 4490 3280 4567 non
3318 4490 3491 4583 pauca
3534 4514 3664 4571 loca

394 4589 682 4642 character
710 4585 1166 4657 Origenianorum
1198 4597 1354 4641 vetus
1393 4595 1498 4649 est,
1545 4585 1797 4656 pluribus
1839 4602 1974 4643 mss.

395 4681 453 4735 in
482 4679 712 4749 collegio
749 4676 807 4733 S.
833 4677 982 4734 Petri
1011 4678 1155 4750 apud
1186 4677 1668 4749 Cantabrigienses
1696 4678 1975 4749 praeﬁxus,

393 4771 727 4840 cognoscitur
759 4767 1004 4840 Origenis
1046 4785 1217 4824 sermo
1260 4784 1352 4838 per
1387 4771 1770 4825 auctoritatum
1803 4770 1977 4824 abun-

393 4860 663 4922 dantiam.
699 4858 904 4915 Nullihi
936 4870 1121 4916 autem
1167 4860 1515 4917 manifestior
1554 4861 1646 4917 hic
1693 4861 1979 4918 character

396 4966 564 5022 quam
594 4950 650 5005 in
692 4952 798 5007 hoc
831 4967 995 5022 opere
1024 4970 1038 5005 :
1072 4952 1128 5006 in
1162 4966 1273 5022 quo
1312 4961 1505 5007 auctor
1532 4967 1749 5022 semper
1780 4968 1977 5009 excur-

398 5041 491 5105 rit,
532 5048 588 5095 et
622 5041 740 5096 loca
790 5040 850 5097 S.
897 5040 1195 5111 Scripturaz
1234 5042 1602 5112 undecunque
1637 5042 1883 5110 adducit,
1922 5053 1979 5100 et

395 5132 463 5187 ad
495 5133 837 5202 propositum
867 5147 1029 5187 suum
1071 5133 1257 5189 trahit.
1312 5131 1592 5201 Secundo,
1639 5135 1974 5206 tropologica

391 5224 599 5293 ubique
622 5231 869 5279 sectatur
889 5223 1172 5295 Origenes,
1195 5227 1514 5282 nutantibus
1538 5226 1797 5283 omnibus
1817 5227 1977 5283 Chri-

389 5316 612 5384 stianis,
641 5317 762 5387 ipso
784 5319 950 5372 etiam
981 5318 1305 5391 Porphyrio.
1333 5318 1470 5375 Tres
1501 5330 1682 5375 autem
1708 5330 1973 5392 perpetuo

386 5423 591 5464 sensus
628 5409 686 5463 in
715 5417 832 5464 toto
869 5411 975 5466 hoc
1010 5425 1176 5481 opere
1214 5413 1588 5483 persequitur,
1626 5413 1972 5482 historicum,

386 5499 814 5571 tropologicum,
865 5506 1259 5573 anagogicum;
1314 5520 1491 5576 neque
1537 5506 1696 5561 aliter
1748 5506 1975 5576 exponit

386 5593 607 5663 reliqua
633 5592 931 5664 Scriptura:
960 5595 1077 5651 loca
1113 5612 1236 5668 quae
1271 5597 1497 5655 adducit
1534 5599 1709 5655 obiter
1746 5621 1757 5656 :
1793 5608 1853 5654 ut
1881 5599 1973 5655 hic

463 5772 487 5806 ⁸
514 5772 656 5830 Gen.
686 5790 835 5844 xxiv,
873 5776 959 5832 67.

2082 4595 2380 4667 congessit,
2411 4606 2461 4652 et
2498 4597 2673 4652 multo
2703 4599 2860 4669 plura
2892 4616 3189 4671 congerere
3214 4606 3507 4674 potuisset;
3547 4606 3660 4663 Sed

2081 4701 2303 4742 omnem
2330 4688 2653 4758 scrupulum
2686 4692 2831 4746 tollit
2858 4693 3196 4749 luculentum
3227 4694 3481 4767 Origenis
3536 4697 3663 4751 fra-

2081 4783 2544 4850 gmentum,quud
2572 4779 2760 4837 Graece
2802 4783 3105 4838 etiamnum
3148 4786 3217 4840 ad
3260 4786 3421 4841 linem
3472 4784 3667 4841 Philo-

2081 4871 2235 4928 calt'at
2263 4881 2464 4939 exstat,
2494 4873 2557 4926 ὲκ
2590 4871 2684 4927 τοῦ
2723 4871 2768 4943 β’
2808 4873 2978 4945 τόμου
3014 4874 3123 4929 τῶν
3162 4878 3245 4941 εἰς
3266 4872 3526 4949 τὸᾌσμα
3548 4878 3666 4935 τῶν

2078 4960 2359 5033 ᾀσμάτων,
2391 4979 2457 5017 ea:
2480 4967 2708 5021 secundo
2733 4978 2874 5022 tumo
2903 4968 3405 5022 commentariorum
3424 4970 3481 5023 in
3507 4968 3663 5024 Can-

2080 5053 2241 5105 ticum
2303 5056 2635 5110 canticorunt
2680 5058 3016 5129 decerptum.
3078 5058 3219 5115 Iluic
3266 5061 3413 5115 enim
3463 5060 3665 5116 Grieco

2078 5142 2388 5216 fragmento
2417 5149 2577 5219 plane
2619 5150 2952 5219 respondent
2988 5149 3182 5205 Latina
3223 5166 3347 5221 qua:
3390 5150 3666 5207 habemus

2077 5237 2133 5291 in
2176 5238 2341 5308 hujus
2367 5241 2547 5310 operis
2584 5241 2808 5296 humilia
2845 5241 3110 5298 secunda.
3141 5240 3296 5297 Licet
3326 5242 3472 5296 enim
3504 5244 3665 5312 prior

2076 5327 2370 5401 fragmenti
2414 5348 2544 5402 pars
2584 5332 2817 5388 liberius
2859 5333 2976 5389 illic
3012 5342 3343 5404 exponatur,
3379 5335 3663 5404 posterior

2077 5431 2258 5477 tamen
2305 5425 2553 5493 pressius
2588 5424 2835 5481 redditur
2883 5444 2897 5480 :
2943 5434 2999 5481 et
3039 5426 3096 5480 in
3141 5426 3258 5497 ipsa
3293 5427 3462 5497 priori
3499 5439 3662 5498 parte

2076 5514 2170 5569 illa
2196 5514 2484 5585 fragmenti
2509 5517 2696 5585 verba,
2723 5516 2865 5571 οὓτω
2898 5517 2957 5573 δὲ
2989 5518 3085 5572 καὶ
3120 5520 3327 5593 μήποτε
3362 5520 3661 5593 σκληρύνει

2075 5606 2279 5679 Κύριος
2312 5606 2409 5680 τὴν
2447 5608 2674 5681 καρδίαν
2706 5610 2942 5683 Φαραώ,
2983 5610 3052 5667 ah
3083 5611 3178 5667 illo
3223 5622 3404 5669 vetere
3452 5614 3659 5672 melius
