3864 6204
208 302 306 360 IT!

957 302 1011 359 εἰ.
1052 301 1426 371 PEARSONII
1460 298 1785 359 VINDICIAS
1826 296 2244 356 lGNATlANAL‘.
2280 327 2350 340 —
2379 296 2560 354 PARS
2591 296 2633 351 l.

3377 296 3481 353 178

202 432 561 492 exponuntur
588 436 756 502 quam
778 437 810 489 _a
845 421 1051 478 Tarino
1074 438 1297 494 ,nupero
1326 423 1646 492 interprete.
1684 418 1796 475 1³³-
1827 424 1874 480 Λ
1902 418 2028 474 dam
2069 417 2241 473 fuisse
2290 424 2562 472 coactum.
2612 413 3063 484 Transcripserat
3092 413 3251 493 hunc
3300 413 3481 480 ipsum

204 513 359 569 riuus
392 514 469 569 ita
503 514 709 570 vertit:
753 512 844 569 Ita
867 532 1139 587 nunquam
1164 514 1428 570 Dominus
1458 530 1550 568 cor
1570 513 1793 569 indurat

203 606 535 672 Pharaonis,
573 608 723 677 quod
760 623 792 663 a
837 615 1020 664 mente
1064 607 1392 662 Adamantii
1415 606 1655 661 alienum
1688 614 1792 661 est.

202 693 374 752 Vetus
406 697 705 767 interpres,
741 698 1031 752 secundum
1070 698 1182 753 lucc
1209 714 1335 768 ergo
1362 698 1595 766 fortasse
1622 705 1672 751 et
1710 697 1796 751 in-

201 788 430 844 durasse
452 790 657 844 dicitur
684 788 826 845 Deus
858 807 950 844 cor
978 789 1305 845 Pharaonis.
1335 787 1502 845 Recte
1532 808 1548 845 :
1586 790 1797 860 μήποτε

203 883 375 949 enim,
410 898 525 937 vox
553 880 777 953 Origeni
805 882 1111 953 saepissime
1148 891 1438 953 usurpata,
1473 896 1585 936 non
1620 882 1798 952 signi-

201 971 332 1028 ﬁcat
352 988 653 1051 nunquam,
679 972 778 1029 sed
807 974 1034 1044 fortasse
1055 989 1075 1028 :
1122 973 1227 1030 sub
1254 988 1319 1029 ea
1356 973 1505 1029 enim
1538 973 1798 1044 loquendi

205 1062 447 1119 formula
506 1065 885 1135 expositiones
932 1080 1067 1120 suas
1122 1065 1443 1121 dubitanter
1490 1078 1800 1135 proponere
1846 1076 1851 1080 ‘

203 1156 410 1228 ubique
433 1156 550 1213 fere
582 1158 725 1214 solet
750 1158 1138 1214 Adamantius.

272 1247 665 1304 Certissimum
698 1246 870 1322 igitur
897 1258 981 1305 est
1021 1249 1157 1305 illud
1214 1265 1354 1321 opus
1391 1249 1449 1305 in
1484 1248 1796 1314 Canticum,

201 1355 269 1396 ex
320 1356 438 1411 quo
478 1341 815 1397 sententiam
866 1342 1356 1412 transcripsimus,
1434 1349 1490 1398 et
1543 1341 1795 1399 testimo-
1845 1336 1849 1339 ’

202 1434 355 1488 nium
392 1448 500 1504 pro
534 1433 973 1506 lgnatio‘nostro
1022 1434 1401 1499 adhibuimus,
1452 1450 1576 1491 esse
1621 1434 1799 1506 ipsius

201 1522 480 1593 Origenis,
534 1540 647 1579 non
684 1522 869 1579 Latini
922 1524 1158 1595 alicujus
1205 1524 1471 1581 auctoris.
1526 1522 1685 1592 Quod
1738 1532 1801 1579 ut

204 1615 384 1671 adhuc
446 1615 804 1673 manifestius
866 1625 1145 1687 appareat,
1214 1617 1359 1672 dabo
1398 1616 1568 1673 etiam
1630 1618 1800 1671 inter-

205 1720 451 1780 pretem;
485 1725 651 1780 quem
695 1709 972 1765 Bullinum
1011 1725 1136 1766 esse
1174 1725 1389 1776 assero,
1429 1725 1541 1765 non
1583 1719 1795 1766 tantum

204 1894 298 1950 sed
324 1894 498 1954 etiam
526 1895 730 1950 idoneo
752 1895 1073 1951 testimonio
1104 1894 1387 1962 suli‘ultus,
1418 1897 1567 1966 quod
1593 1898 1800 1966 praebet

200 1986 596 2052 Cassiodorus,
631 1987 724 2057 qui
761 1995 983 2042 centum
1015 1995 1142 2058 post
1178 1985 1378 2042 Bullini
1415 1997 1650 2043 mortem
1702 2004 1802 2042 an-

201 2078 478 2140 nis_vixit.
511 2077 561 2136 Is
590 2081 765 2148 enim,
790 2080 890 2135 lib.
918 2079 998 2136 De
1024 2081 1193 2135 divin.
1226 2080 1377 2144 lect.,
1421 2095 1545 2152 cap.
1584 2079 1797 2150 quinto,
1850 2068 1855 2075 ’

200 2172 316 2229 hac
338 2172 556 2229 habet:
596 2171 664 2228 In
690 2171 916 2228 Cantica
941 2175 1275 2229 canticorum
1314 2173 1524 2228 duabus
1565 2173 1800 2228 homiliis

200 2267 591 2337 expositionem
631 2263 879 2336 Origenis
904 2266 1043 2321 idem
1068 2265 1129 2323 S.
1164 2265 1549 2336 Hieronymus,
1591 2265 1803 2320 Latina

201 2358 399 2427 linguas
428 2355 825 2425 multiplicator
852 2355 1116 2426 egregius,
1157 2372 1258 2411 sua
1284 2355 1457 2424 nobis,
1487 2365 1547 2410 ut
1577 2372 1802 2410 consue-

200 2450 293 2516 rit,
320 2449 599 2521 probabili
629 2447 980 2504 translatione
1007 2450 1305 2520 prospexit.
1331 2452 1479 2517 Quas
1508 2451 1633 2506 item
1667 2448 1802 2520 Ruf-

202 2542 366 2610 finus,
399 2543 669 2612 interpres
709 2540 1197 2611 eloquentissimus,
1228 2540 1453 2611 adjectis
1482 2540 1801 2613 quibusdam

202 2629 351 2699 locis,
379 2647 556 2702 usque
590 2630 661 2684 ad
686 2630 825 2684 illud
863 2640 1188 2702 praeceptum
1210 2631 1354 2702 quod
1382 2632 1460 2688 ait
1490 2649 1511 2687 :
1554 2652 1572 2685 ι
1609 2630 1802 2704 Capite

204 2724 361 2779 nobis
402 2724 611 2793 vulpes
640 2723 872 2794 pusillas
896 2724 1331 2781 exterminantes
1362 2724 1553 2780 vineas
1574 2725 1618 2791 ο,
1648 2744 1668 2777 ι
1703 2727 1802 2780 tri-

209 2815 299 2871 bus
324 2816 493 2872 libris
530 2814 697 2869 latius
729 2814 1038 2886 explicavit.
1074 2813 1342 2882 Quamvis
1379 2816 1527 2871 enim
1557 2816 1673 2872 haec
1704 2817 1803 2872 ob-

204 2921 359 2961 scere
383 2906 540 2962 dicta
569 2907 680 2961 sint
716 2921 748 2961 a
771 2904 1129 2979 Cassiodoro,
1180 2905 1317 2961 satis
1355 2914 1539 2962 tamen
1581 2906 1687 2962 hoc
1714 2906 1801 2978 ip-

204 3015 322 3056 sum
368 3014 522 3070 opus
571 2999 802 3063 iudicat,
839 3002 987 3069 quod
1030 2995 1086 3053 ἰῑι
1121 2999 1219 3053 illo
1256 2998 1534 3055 versiculo
1567 3014 1579 3048 :
1616 2998 1802 3070 Capite

206 3096 349 3150 nobis
395 3094 587 3163 vulpes
617 3091 846 3164 pusillas
886 3092 1299 3149 exterminantes
1343 3092 1543 3161 vineas,
1576 3092 1796 3148 desinit.
1826 3130 1871 3189 ο

208 3186 327 3243 Non
370 3196 455 3243 est
508 3188 674 3258 igitur
710 3186 852 3257 quod
899 3187 1018 3258 quis
1069 3187 1459 3257 suspicionibus
1501 3187 1797 3257 indulgeat,

208 3279 424 3336 Erasmi
452 3281 673 3351 judicio
710 3281 876 3350 fretus
938 3278 1021 3351 (ut
1055 3279 1112 3334 in
1147 3296 1208 3335 re
1234 3280 1510 3336 consimili
1541 3280 1608 3336 de
1639 3278 1801 3335 luno-

206 3373 364 3429 eeutii
381 3373 643 3443 epistolis
663 3373 804 3427 dixit
823 3371 1181 3443 Blondellus),
1202 3372 1375 3427 multo
1400 3372 1583 3429 minus
1605 3371 1800 3433 Amer-

205 3465 406 3530 bachii,
436 3465 535 3521 hic
571 3465 913 3532 ﬂuctuantis,
944 3463 1195 3533 nihilque
1241 3461 1390 3517 aliud
1416 3461 1681 3517 aliirmate
1706 3477 1800 3517 as-

203 3559 466 3626 serentis,
504 3558 613 3612 nisi
656 3557 805 3628 quod
837 3565 892 3613 et
920 3547 1027 3628 ip'si
1057 3555 1382 3611 asserimus.
1415 3554 1494 3610 ita
1524 3555 1669 3611 enim
1711 3554 1802 3609 ille

203 3649 534 3720 pmlatione
560 3649 629 3705 ad
662 3658 875 3705 tomum
906 3649 1202 3720 septimum
1233 3645 1550 3719 Hieronymi
1579 3665 1592 3702 :
1627 3647 1799 3702 the-

205 3758 320 3794 rum
341 3742 409 3796 de
437 3741 686 3796 hontiliis
728 3750 962 3813 quatuor
1001 3741 1059 3795 in
1092 3737 1318 3795 Cantica
1356 3739 1687 3793 canticorum
1730 3753 1802 3792 an

204 3834 310 3889 sint
334 3832 618 3906 Origenis,
658 3850 842 3899 necne,
887 3834 1010 3889 nolo
1052 3833 1109 3888 in
1155 3834 1443 3904 prwsentia
1482 3833 1800 3903 disputare;

205 3935 339 3981 certe
384 3925 565 3980 multa
610 3933 734 3979 sunt
785 3942 901 3995 qua:
934 3942 999 3980 ea
1031 3924 1213 3980 Latini
1252 3925 1482 3980 hominis
1517 3942 1651 3991 esse,
1696 3943 1801 3981 non

205 4015 379 4073 Graeci
428 4019 797 4088 comprobent.
844 4018 994 4074 Illud
1032 4020 1219 4073 ausim
1269 4019 1553 4088 affirmare,
1590 4020 1804 4074 etiamsi

206 4109 378 4168 Graeci
410 4113 650 4167 hominis
674 4115 804 4181 sint,
839 4112 1219 4184 Hieronymum
1244 4129 1351 4167 non
1380 4113 1617 4168 vertisse.
1644 4112 1802 4180 Quod

205 4212 257 4259 et
289 4220 395 4261 nos
425 4203 792 4260 aﬁirmamus.

271 4295 357 4353 Ad
410 4299 659 4369 primum
707 4297 963 4369 Origenis
1006 4296 1388 4352 testimonium
1443 4295 1802 4353 refellendum

209 4405 338 4445 usus
360 4398 452 4445 est
483 4390 819 4444 auctoritate
859 4389 1075 4445 Erasmi
1105 4389 1192 4444 vir
1213 4388 1595 4455 doctissimus,
1620 4388 1688 4443 ad
1717 4404 1804 4443 se-

1896 512 2078 566 locum
2108 526 2175 566 ex
2224 508 2459 581 Origene
2487 518 2615 565 ante
2661 523 2788 564 eum
2840 505 2898 562 Β.
2964 506 3312 574 Ambrosius,
3364 508 3482 563 sola

1896 606 2148 661 versione
2173 611 2486 660 contentus.
2531 601 2637 658 Sed
2665 617 2790 658 cum
2825 601 3173 658 observasset
3197 597 3480 672 Origenes,

1896 712 2087 753 vocem
2114 696 2170 751 in
2198 695 2532 751 salutatione
2554 708 2785 764 prorsus
2814 691 3133 749 inusitatam
3166 706 3482 756 esse,eam-

1897 808 2007 863 que
2050 789 2421 863 Hieronymus
2460 787 2812 855 reddidisset,
2849 787 3029 858 gratia
3069 785 3304 857 plenam,
3340 787 3482 843 duo-

1898 886 2024 952 bus,
2070 883 2302 949 scilicet,
2336 880 2642 947 vocabulis,
2689 895 2929 952 quorum
2978 889 3235 937 neutrum
3292 895 3480 936 rarum

1898 981 2002 1040 est,
2021 988 2249 1030 necesse
2274 972 2467 1028 habuit
2488 969 2708 1037 addere,
2732 970 2873 1041 quod
2896 967 3078 1025 Grates
3098 969 3301 1024 dicitur
3319 985 3485 1041 κεχα-

1902 1065 2197 1140 ριτωμένη.
2230 1063 2486 1121 Secundo
2515 1063 2621 1119 ista
2651 1062 2843 1134 objicit
2877 1076 2944 1117 ex
2988 1060 3217 1116 humilia
3246 1061 3438 1131 quinta
3467 1076 3480 1112 :

1899 1157 2016 1231 Ego
2040 1168 2216 1213 autem
2245 1173 2364 1214 sum
2395 1156 2609 1225 ἄλογος,
2641 1155 2780 1227 quod
2811 1154 2933 1210 licet
2963 1153 3185 1208 Latinus
3209 1153 3367 1209 aliter
3391 1168 3485 1208 ea:-

1898 1252 2172 1322 presserit,
2227 1258 2405 1305 tamen
2457 1250 2668 1321 proprie
2717 1248 3001 1318 transferri
3040 1255 3232 1317 potest,
3278 1247 3485 1318 absque

1901 1358 2155 1399 sermone
2177 1342 2261 1398 vel
2289 1342 2521 1398 ratione.
2551 1340 2657 1397 Sed
2680 1348 2735 1397 et
2774 1340 2863 1396 hie
2892 1348 3010 1395 tum
3044 1349 3327 1395 auctorem
3361 1337 3486 1396 Ori-

1900 1449 2118 1506 genem,
2169 1442 2284 1489 tum
2340 1434 2695 1503 interpretem
2747 1429 3145 1503 Hieronymum
3193 1429 3482 1486 habemus.

1901 1527 2113 1583 Mutum
2157 1527 2353 1600 probat
2385 1535 2579 1581 auctor
2606 1525 2869 1596 populum
2910 1522 3299 1590 lsraeliticum,
3338 1524 3487 1594 quod

1902 1635 2240 1683 sermonem,
2286 1619 2338 1674 id
2369 1626 2454 1674 est
2482 1614 3148 1686 Christum,rejecisseut;
3180 1615 3342 1686 idque
3366 1615 3488 1687 plu-

1847 1718 1853 1724 ’
1904 1717 2058 1764 ribus
2092 1714 2390 1764 Scrinlurte
2420 1711 2556 1764 locis
2599 1711 2835 1764 exnlieat
2869 1728 2881 1764 :
2914 1709 3060 1764 auod
3098 1708 3256 1764 nlane
3296 1705 3488 1764 Orige-

205 1720 451 1780 pretem;
485 1725 651 1780 quem
695 1709 972 1765 Bullinum
1011 1725 1136 1766 esse
1174 1725 1389 1776 assero,
1429 1725 1541 1765 non
1583 1719 1795 1766 tantum
1847 1718 1853 1724 ’
1902 1717 2058 1771 ribus
2092 1714 2390 1784 Scriptura;
2420 1711 2556 1767 locis
2599 1711 2835 1781 explicat
2869 1728 2881 1764 :
2914 1709 3060 1780 quod
3094 1709 3256 1779 plane
3296 1709 3428 1778 Orig

202 1800 566 1871 coniecturis,
611 1817 753 1872 quas
800 1800 1029 1857 Huetius
1052 1802 1343 1872 amplexus
1365 1811 1469 1870 est,
1492 1814 1796 1873 permotus,
1829 1786 1873 1842 Β
1902 1811 2087 1866 nicum
2123 1816 2226 1863 est.
2254 1804 2400 1860 Citat
2428 1805 2519 1859 illa
2536 1803 2605 1858 de
2645 1802 2854 1873 Moyse,
2892 1801 3063 1856 Exod.
3094 1818 3147 1867 v,
3181 1801 3289 1855 ηε
3338 1800 3428 1872 Ἐγ

1902 1811 2087 1866 nicum
2123 1816 2226 1863 est.
2254 1804 2400 1860 (litat
2428 1805 2519 1859 illa
2536 1803 2605 1858 de
2645 1802 2854 1875 Moyse,
2892 1801 3063 1856 Exod.
3094 1818 3147 1867 v,
3181 1801 3289 1855 ηε
3338 1799 3484 1872 Ἐγὼ

1901 1902 1971 1957 δὲ
2004 1901 2228 1972 ἄλογός
2257 1901 2395 1971 εἰμι.
2420 1896 2695 1968 lnterpres
2730 1896 2859 1968 quia
2892 1895 3031 1950 nihil
3058 1894 3164 1951 tale
3186 1894 3242 1948 in
3274 1893 3487 1949 Latinis

1902 1993 2189 2051 codicibus
2228 1992 2494 2061 scriptum
2539 1988 2829 2054 inveniret,
2865 1987 2962 2043 sed
2997 1988 3181 2058 potius
3227 1984 3388 2052 forte,
3432 1986 3487 2041 id

1901 2085 2051 2158 quod
2083 2099 2231 2140 nunc
2271 2083 2529 2155 legimus,
2573 2098 2695 2136 cum
2728 2081 3136 2135 incircumcisus
3168 2078 3326 2134 labiis
3363 2079 3487 2146 sim,

1853 2186 1859 2191 ’
1903 2189 1963 2236 ut
1990 2188 2045 2235 et
2087 2177 2317 2234 Hebraea
2361 2185 2581 2243 sonant,
2624 2185 2678 2231 et
2726 2174 3122 2232 Theodotiouis
3154 2173 3355 2240 versio,
3405 2173 3490 2227 vel

1905 2270 2050 2327 tardi
2069 2270 2350 2336 sermonis,
2373 2276 2434 2324 ut
2456 2267 2766 2339 antiquitus
2798 2266 3103 2337 legebatur,
3132 2280 3360 2321 necesse
3390 2279 3513 2336 pu-,

1902 2362 2037 2419 tavit
2060 2362 2129 2417 ad
2157 2360 2449 2432 Origenem
2474 2368 2621 2415 recte
2646 2359 2976 2430 capiendum
3001 2359 3317 2423 admonere,
3342 2356 3490 2427 quod

1904 2457 2024 2511 licet
2055 2455 2283 2511 Latinus
2312 2454 2471 2509 aliter
2501 2453 2816 2523 expresserit
2861 2452 3010 2507 illam
3049 2466 3238 2507 vocem
3275 2450 3487 2520 ἄλογος,

1903 2562 2088 2609 tamen
2138 2550 2353 2621 proprie
2396 2547 2685 2618 transferri
2727 2555 2899 2618 potest
2948 2547 3160 2617 absque
3213 2560 3489 2612 sermone,

1904 2641 2021 2698 sive
2044 2641 2282 2695 ratione.
2316 2640 2384 2695 Et
2428 2639 2534 2695 hoc
2576 2638 2740 2708 plane
2770 2635 3261 2709 Hieronymianum
3289 2643 3392 2703 est,
3430 2645 3492 2691 ut

1904 2749 2100 2790 omnes
2148 2740 2373 2788 norunt.
2418 2730 2537 2803 Ipse
2579 2738 2728 2788 certe
2782 2727 3173 2801 Hieronymus,
3217 2728 3285 2783 ad
3328 2738 3494 2799 caput

1903 2844 2029 2883 xuv
2063 2825 2264 2882 Ezecb.
2302 2845 2316 2881 :
2360 2822 2430 2880 Et
2472 2825 2529 2879 in
2560 2823 2750 2879 Exodo
2794 2823 3004 2877 locutus
3045 2830 3125 2877 est
3177 2819 3389 2892 Moyses
3434 2821 3489 2875 in

1903 2927 2189 2988 conspectu
2232 2917 2472 2983 Domini,
2515 2916 2694 2971 dicens
2718 2932 2738 2970 :
2775 2932 2794 2967 ι
2831 2912 2976 2970 Ecce
3023 2913 3122 2968 lilii
3166 2911 3335 2968 Israel
3373 2926 3490 2966 non

1903 3009 2202 3065 audierunt
2242 3023 2350 3074 me,
2397 3004 2679 3078 quomodo
2721 3003 2909 3059 audiet
2946 3017 3035 3058 me
3081 3000 3347 3057 Pharao?
3389 3016 3491 3071 ego

1903 3108 2085 3164 autem
2117 3116 2238 3155 sum
2267 3098 2410 3155 tardi
2441 3096 2748 3153 sermonis:
2790 3114 2808 3147 ι
2836 3110 2932 3164 pro
2953 3109 3056 3166 quo
3089 3090 3243 3146 LXX
3276 3091 3459 3146 dixere

1918 3191 2060 3263 Ἐγὼ
2089 3191 2160 3247 δὲ
2193 3190 2417 3261 ἄλογός
2447 3190 2586 3259 εἰμι,
2620 3186 2758 3259 quod
2790 3186 2977 3241 melius
3024 3185 3246 3240 habetur
3281 3187 3339 3240 in
3377 3184 3490 3240 Hc-

1906 3280 2072 3348 brazo,
2102 3295 2204 3352 ego
2246 3280 2668 3335 incircumcisus
2715 3292 2837 3332 sum
2888 3275 3068 3331 labiis.
3103 3273 3313 3339 Tertio,
3348 3275 3491 3346 ejus-

1904 3373 2044 3439 dem,
2071 3372 2271 3443 inquit,
2296 3380 2375 3426 est
2405 3370 2707 3435 commatis,
2737 3368 2877 3440 quod
2902 3368 3138 3423 cadaver
3166 3382 3198 3422 a
3227 3382 3359 3423 casu
3393 3383 3492 3422 no-

1905 3480 2030 3519 men
2055 3461 2333 3532 accepisse
2354 3461 2615 3525 observat,
2646 3460 2837 3515 homil.
2873 3458 2961 3513 16.
2990 3457 3106 3513 lme
3132 3458 3250 3514 haec
3282 3458 3487 3513 nullam

1905 3570 2030 3611 cum
2064 3554 2500 3626 praecedentibus
2539 3552 2959 3608 similitudinem
2986 3552 3208 3619 habent,
3237 3551 3333 3607 sed
3362 3563 3490 3607 sunt

1906 3662 2044 3719 pura
2096 3647 2417 3713 translatio,
2468 3646 2584 3702 sive
2636 3644 2782 3699 nuda
2832 3643 3149 3700 Graecorum
3196 3643 3489 3699 verborum

1905 3739 2160 3795 redditio.
2218 3737 2469 3809 Explicat
2509 3753 2576 3793 eo
2622 3738 2746 3792 loco
2790 3737 3124 3794 versiculum
3169 3737 3239 3793 54
3277 3752 3397 3808 cap.
3448 3752 3489 3791 ιι

1904 3832 2112 3904 Evang.
2155 3833 2459 3890 secundum
2506 3830 2565 3888 S.
2598 3831 2823 3887 Lucam.
2864 3831 2974 3886 ἰδοὺ
3015 3827 3168 3896 οὗτος
3199 3833 3374 3886 κεῖται
3410 3832 3491 3894 εἰς

1905 3925 2117 3980 πτῶσιν
2148 3941 2164 3981 :
2202 3926 2338 3981 Ecce
2370 3926 2456 3980 hic
2499 3926 2707 3997 positus
2742 3937 2820 3981 est
2853 3927 2910 3980 in
2947 3927 3181 3994 ruinam,
3224 3925 3490 3997 Origenes

1905 4034 2060 4073 more
2085 4032 2221 4084 suo;
2254 4027 2309 4073 et
2355 4019 2574 4073 tandem
2614 4017 2744 4073 huic
2780 4018 3018 4089 applicat
3047 4019 3228 4076 locum
3260 4016 3318 4073 S.
3348 4017 3487 4073 Mat-

1906 4110 2033 4165 tliazi
2065 4128 2078 4165 :
2116 4109 2184 4163 Et
2216 4109 2280 4163 de
2319 4110 2420 4164 hac
2464 4113 2624 4166 ruina
2663 4113 2904 4166 dicitur:
2949 4112 3135 4165 Ὅπου
3167 4111 3278 4182 γὰρ
3309 4111 3418 4166 ἐὰν
3447 4109 3488 4180 ᾖ

1908 4200 1972 4256 τὸ
1995 4200 2224 4273 πτῶμα,
2246 4202 2377 4256 ἐκεῖ
2396 4205 2894 4275 συναχθήσονται
2919 4206 2973 4258 ol
2989 4203 3171 4270 ἀετοί,
3195 4204 3491 4275 ubicunque

1907 4295 2066 4364 fuerit
2101 4295 2347 4359 cadaver,
2393 4294 2469 4349 ibi
2515 4296 2976 4367 congregabantur
3018 4290 3213 4365 aquila:
3248 4296 3293 4349 ".
3332 4294 3491 4362 Quod

1907 4401 1976 4441 ne
2006 4396 2258 4442 coactum
2292 4388 2454 4444 nimis
2483 4388 2757 4455 videatur,
2781 4389 3011 4457 addidit,
3036 4387 3237 4460 πτῶμα
3257 4387 3366 4460 γὰρ
3383 4388 3492 4442 ἀπὸ

208 4481 449 4535 eundum
485 4481 814 4536 elevandum
856 4497 958 4537 suo
986 4480 1209 4551 quidem
1241 4480 1437 4548 Marte,
1481 4496 1582 4537 nec
1617 4481 1802 4538 minus
1832 4474 1879 4531 D
1907 4477 2168 4544 πτώσεως
2207 4480 2449 4550 λέγεται,
2483 4481 2712 4536 cadaver
2739 4482 2927 4552 quippe
2954 4499 2987 4536 a
3012 4499 3143 4535 casu
3187 4498 3375 4535 nomen
3400 4498 3491 4535 ac-

209 4572 504 4631 infeliciter
546 4575 917 4646 progreditur.
961 4573 1151 4629 Primo
1183 4575 1537 4629 homiliarum
1578 4573 1802 4645 triginta

208 4682 401 4723 novem
427 4669 488 4722 in
511 4666 720 4723 Lucam
746 4677 1029 4723 auctorem
1058 4667 1175 4722 vult
1197 4683 1319 4723 esse
1341 4666 1597 4722 Latinum
1619 4683 1633 4720 :
1654 4665 1802 4736 quod

209 4769 260 4814 et
278 4776 374 4831 per
407 4776 474 4817 se
504 4760 731 4826 mirum,
761 4771 815 4816 et
841 4771 972 4816 ante
1010 4761 1159 4816 hunc
1186 4760 1355 4826 diem,
1386 4760 1609 4829 opinor,
1643 4758 1803 4812 inau-

211 4853 379 4909 ditum
403 4862 515 4910 est.
550 4852 873 4907 Latinorum
911 4854 1178 4908 natalium
1213 4853 1414 4907 indicia
1443 4868 1567 4922 quae
1605 4852 1802 4922 depre—

210 4944 397 5002 hendit
437 4946 561 5000 biee
604 4955 757 5001 sunt.
802 4945 1011 5013 Primo,
1060 4946 1326 5011 observat,
1373 4945 1572 5016 inquit,
1621 4942 1801 5017 gratia

210 5032 439 5102 plenam,
465 5033 651 5089 Graece
670 5034 1123 5106 κεχαριτωμένην
1144 5035 1274 5089 dici.
1293 5033 1399 5089 Sed
1416 5035 1563 5106 quis,
1587 5050 1797 5105 quaeso,

210 5122 504 5181 observat?
529 5132 743 5185 auctor.
772 5140 843 5178 au
868 5125 1171 5194 interpres?
1192 5123 1458 5182 Neutrum
1485 5126 1638 5192 dicit,
1664 5127 1800 5183 satis

210 5227 412 5273 caute:
468 5217 564 5273 sed
612 5218 835 5271 hami/ia
877 5217 1139 5281 observat,
1188 5218 1334 5288 quod
1382 5219 1520 5273 mire
1565 5219 1794 5281 dictum,

212 5317 373 5379 atque
407 5309 538 5365 inde
581 5310 886 5376 concludit,
936 5322 1210 5366 auctorem
1260 5328 1366 5365 non
1407 5310 1672 5380 Gnaeum,
1707 5312 1797 5367 sed

214 5396 465 5455 Latinum
500 5402 685 5472 fuisse.
735 5401 849 5475 Ego
893 5412 1080 5474 aperte
1116 5404 1242 5459 dico
1294 5402 1352 5459 S.
1398 5401 1796 5476 Hieronymum

212 5491 455 5549 humilia:
492 5496 845 5565 interpretem
886 5497 991 5552 hoc
1019 5497 1198 5553 obiter
1227 5498 1578 5566 observasse,
1619 5507 1674 5552 et
1701 5514 1800 5553 rte-

216 5588 467 5642 cessitate
500 5587 739 5659 quadam
769 5593 838 5644 ad
879 5588 1040 5643 talem
1071 5589 1514 5645 observationem
1548 5582 1796 5647 inseren-

288 5741 685 5813 'Cant.tt,15.
763 5746 781 5776 ⁷
815 5743 1002 5801 Matth.
1043 5745 1300 5813 XXIV,‘28.

1905 4574 2065 4644 cepit.
2110 4572 2284 4639 Quale
2313 4574 2522 4644 aliquid
2556 4576 2700 4645 apud
2738 4574 3090 4647 Hippolytum
3126 4577 3275 4647 legas
3308 4575 3491 4630 libello

1902 4666 1969 4721 de
1998 4667 2361 4723 Auticbristo.
2393 4665 2623 4735 Quarto,
2648 4667 2887 4737 ejusdem
2911 4669 3193 4723 commatis
3219 4683 3344 4723 esse
3374 4668 3490 4723 vult

1903 4760 2036 4815 illud
2067 4776 2136 4815 ex
2161 4761 2312 4815 hom.
2343 4760 2437 4824 99.,
2475 4762 2623 4831 quod
2651 4760 2868 4815 Cra-cus
2892 4778 3065 4815 sermo
3094 4760 3211 4825 hoc,
3242 4760 3380 4833 quod
3408 4770 3489 4815 est

1903 4853 2135 4908 converti
2183 4854 2239 4906 in
2280 4853 2515 4922 lapides,
2561 4853 2954 4923 signiﬁcantius
3000 4862 3155 4907 sonat
3201 4851 3490 4906 ἀπολιθοῦ-

1904 4945 2050 4999 σθαι.
2101 4945 2208 5001 Sed
2256 4958 2406 5001 totus
2439 4947 2529 5001 ille
2568 4955 2837 5002 tractatus
2882 4949 2948 5002 de
2992 4946 3326 5003 suscitandis
3359 4946 3489 5003 ﬁliis

1901 5037 2139 5093 Abrahae
2163 5053 2231 5093 ex
2275 5038 2550 5107 lapidibus
2578 5039 2739 5108 plane
2767 5037 3095 5108 Origenicus
3125 5047 3248 5106 est;
3288 5048 3344 5094 et
3373 5039 3488 5095 huic

1900 5132 2088 5196 verba,
2119 5145 2241 5199 quae
2270 5132 2583 5199 parenthesi
2610 5132 2817 5187 includi
2846 5133 3067 5199 debent,
3103 5130 3396 5186 manifeste
3418 5130 3489 5186 ab

1902 5222 2199 5292 interprete
2237 5221 2573 5296 Hieronymo
2617 5234 2746 5279 sunt
2783 5224 2989 5278 inserta
3059 5221 3286 5290 Quinto,
3334 5231 3485 5277 notat

1897 5316 2138 5387 judiccm
2182 5317 2329 5386 apud
2371 5317 2592 5373 Graecos
2634 5334 2759 5373 cum
2800 5319 3039 5373 articulo
3085 5318 3349 5388 positum,
3388 5317 3482 5385 qui

1901 5410 2301 5479 singularitatis
2332 5409 2674 5480 signiﬁcator
2703 5420 2809 5477 est,
2840 5419 2890 5465 et
2920 5425 3043 5465 mox
3068 5408 3352 5463 discrimen
3391 5423 3487 5460 no-

1904 5505 2062 5559 minis
2086 5504 2163 5558 vel
2190 5520 2310 5559 cum
2336 5503 2565 5557 articulo
2594 5503 2674 5557 vel
2697 5503 2893 5573 absque
2921 5501 3150 5556 articulo
3172 5500 3335 5571 positi
3354 5499 3484 5554 dicit

1901 5597 2044 5667 apud
2083 5595 2307 5651 ercos
2339 5595 2517 5665 magis
2544 5593 2772 5664 intelligi
2799 5592 2992 5649 homil.
3025 5593 3115 5648 55.
3159 5591 3263 5648 Sed
3310 5590 3484 5646 facilis
