  <div class='ocr_page' id='page_1' title='image "/cluster/home/n/w/nwhite01/storage/ocr_20150623/5/nnc1.0046978607/097.png"; bbox 0 0 3864 6204; ppageno 0'>
   <div class='ocr_carea' id='block_1_1' title="bbox 436 331 542 388">
    <p class='ocr_par' dir='ltr' id='par_1_1' title="bbox 436 331 542 388">
     <span class='ocr_line' id='line_1_1' title="bbox 436 331 542 388; baseline 0.028 -3"><span class='ocrx_word' id='word_1_1' title='bbox 436 331 542 388; x_wconf 77' lang='grc'><strong>179</strong></span> 
     </span>
    </p>
   </div>
   <div class='ocr_carea' id='block_1_2' title="bbox 1524 337 2635 400">
    <p class='ocr_par' dir='ltr' id='par_1_2' title="bbox 1524 337 2635 400">
     <span class='ocr_line' id='line_1_2' title="bbox 1524 337 2635 400; baseline 0.003 -4"><span class='ocrx_word' id='word_1_2' title='bbox 1524 337 1582 397; x_wconf 87' lang='lat' dir='ltr'><strong>S.</strong></span> <span class='ocrx_word' id='word_1_3' title='bbox 1619 340 1966 398; x_wconf 80' lang='lat' dir='ltr'><strong>IGNATIUS.</strong></span> <span class='ocrx_word' id='word_1_4' title='bbox 1998 375 2066 385; x_wconf 91' lang='lat'>—</span> <span class='ocrx_word' id='word_1_5' title='bbox 2101 341 2635 400; x_wconf 75' lang='lat' dir='ltr'><strong>PROLEGOMENA.</strong></span> 
     </span>
    </p>
   </div>
   <div class='ocr_carea' id='block_1_3' title="bbox 3593 345 3695 398">
    <p class='ocr_par' dir='ltr' id='par_1_3' title="bbox 3593 345 3695 398">
     <span class='ocr_line' id='line_1_3' title="bbox 3593 345 3695 398; baseline 0 0"><span class='ocrx_word' id='word_1_6' title='bbox 3593 345 3695 398; x_wconf 79' lang='grc'><strong>180</strong></span> 
     </span>
    </p>
   </div>
   <div class='ocr_carea' id='block_1_4' title="bbox 432 454 3693 536">
    <p class='ocr_par' dir='ltr' id='par_1_4' title="bbox 432 454 3693 536">
     <span class='ocr_line' id='line_1_4' title="bbox 432 454 3693 536; baseline 0.006 -29"><span class='ocrx_word' id='word_1_7' title='bbox 432 454 761 524; x_wconf 74' lang='lat' dir='ltr'><strong>responsio:</strong></span> <span class='ocrx_word' id='word_1_8' title='bbox 809 469 1003 515; x_wconf 87' lang='lat' dir='ltr'><strong>auctor</strong></span> <span class='ocrx_word' id='word_1_9' title='bbox 1041 460 1279 516; x_wconf 68' lang='lat' dir='ltr'><strong>homilim</strong></span> <span class='ocrx_word' id='word_1_10' title='bbox 1311 469 1464 516; x_wconf 87' lang='lat' dir='ltr'><strong>notat</strong></span> <span class='ocrx_word' id='word_1_11' title='bbox 1499 462 1736 532; x_wconf 80' lang='lat' dir='ltr'><strong>judicem</strong></span> <span class='ocrx_word' id='word_1_12' title='bbox 1771 481 1892 518; x_wconf 87' lang='lat' dir='ltr'><strong>cum</strong></span> <span class='ocrx_word' id='word_1_13' title='bbox 1923 481 2013 518; x_wconf 84' lang='lat' dir='ltr'><strong>ar-</strong></span> <span class='ocrx_word' id='word_1_14' title='bbox 2041 470 2085 526; x_wconf 81' lang='grc' dir='ltr'>Α</span> <span class='ocrx_word' id='word_1_15' title='bbox 2117 464 2351 520; x_wconf 83' lang='lat' dir='ltr'><strong>Sabaoth</strong></span> <span class='ocrx_word' id='word_1_16' title='bbox 2397 467 2630 536; x_wconf 89' lang='lat' dir='ltr'><strong>primum</strong></span> <span class='ocrx_word' id='word_1_17' title='bbox 2680 466 2865 520; x_wconf 70' lang='lat' dir='ltr'><strong>ctelum</strong></span> <span class='ocrx_word' id='word_1_18' title='bbox 2924 468 3256 536; x_wconf 72' lang='lat' dir='ltr'><strong>manifestat.</strong></span> <span class='ocrx_word' id='word_1_19' title='bbox 3308 467 3506 524; x_wconf 82' lang='lat' dir='ltr'><strong>Eodem</strong></span> <span class='ocrx_word' id='word_1_20' title='bbox 3541 472 3693 525; x_wconf 76' lang='lat' dir='ltr'><strong>modo</strong></span> 
     </span>
    </p>
   </div>
   <div class='ocr_carea' id='block_1_5' title="bbox 431 545 2010 626">
    <p class='ocr_par' dir='ltr' id='par_1_5' title="bbox 431 545 2010 626">
     <span class='ocr_line' id='line_1_5' title="bbox 431 545 2010 626; baseline 0.008 -28"><span class='ocrx_word' id='word_1_21' title='bbox 431 545 594 600; x_wconf 86' lang='lat' dir='ltr'><strong>ticqu</strong></span> <span class='ocrx_word' id='word_1_22' title='bbox 623 549 888 616; x_wconf 85' lang='lat' dir='ltr'><strong>positam;</strong></span> <span class='ocrx_word' id='word_1_23' title='bbox 929 551 1198 622; x_wconf 90' lang='lat' dir='ltr'><strong>interpres</strong></span> <span class='ocrx_word' id='word_1_24' title='bbox 1229 553 1399 618; x_wconf 90' lang='lat' dir='ltr'><strong>addit,</strong></span> <span class='ocrx_word' id='word_1_25' title='bbox 1433 553 1572 622; x_wconf 89' lang='lat' dir='ltr'><strong>apud</strong></span> <span class='ocrx_word' id='word_1_26' title='bbox 1613 553 1849 622; x_wconf 76' lang='lat' dir='ltr'><strong>ercos,</strong></span> <span class='ocrx_word' id='word_1_27' title='bbox 1880 556 2010 626; x_wconf 85' lang='lat' dir='ltr'><strong>quia</strong></span> 
     </span>
    </p>
   </div>
   <div class='ocr_carea' id='block_1_6' title="bbox 431 639 2012 717">
    <p class='ocr_par' dir='ltr' id='par_1_6' title="bbox 431 639 2012 717">
     <span class='ocr_line' id='line_1_6' title="bbox 431 639 2012 717; baseline 0.007 -25"><span class='ocrx_word' id='word_1_28' title='bbox 431 639 575 709; x_wconf 84' lang='lat' dir='ltr'><strong>apud</strong></span> <span class='ocrx_word' id='word_1_29' title='bbox 614 639 838 696; x_wconf 86' lang='lat' dir='ltr'><strong>Latinos</strong></span> <span class='ocrx_word' id='word_1_30' title='bbox 884 657 993 696; x_wconf 79' lang='lat' dir='ltr'><strong>non</strong></span> <span class='ocrx_word' id='word_1_31' title='bbox 1037 644 1258 714; x_wconf 87' lang='lat' dir='ltr'><strong>ponitur</strong></span> <span class='ocrx_word' id='word_1_32' title='bbox 1300 645 1587 702; x_wconf 75' lang='lat' dir='ltr'><strong>articulus.</strong></span> <span class='ocrx_word' id='word_1_33' title='bbox 1635 645 1877 717; x_wconf 72' lang='lat' dir='ltr'><strong>Exponit</strong></span> <span class='ocrx_word' id='word_1_34' title='bbox 1922 649 2012 703; x_wconf 91' lang='lat' dir='ltr'><strong>hic</strong></span> 
     </span>
    </p>
   </div>
   <div class='ocr_carea' id='block_1_7' title="bbox 429 728 2008 807">
    <p class='ocr_par' dir='ltr' id='par_1_7' title="bbox 429 728 2008 807">
     <span class='ocr_line' id='line_1_7' title="bbox 429 728 2008 807; baseline 0.006 -21"><span class='ocrx_word' id='word_1_35' title='bbox 429 728 695 803; x_wconf 79' lang='lat' dir='ltr'><strong>Origenes</strong></span> <span class='ocrx_word' id='word_1_36' title='bbox 711 732 1043 790; x_wconf 86' lang='lat' dir='ltr'><strong>versiculum</strong></span> <span class='ocrx_word' id='word_1_37' title='bbox 1072 736 1162 803; x_wconf 84' lang='lat'><strong>58,</strong></span> <span class='ocrx_word' id='word_1_38' title='bbox 1177 753 1292 807; x_wconf 88' lang='lat' dir='ltr'><strong>cap.</strong></span> <span class='ocrx_word' id='word_1_39' title='bbox 1314 754 1391 792; x_wconf 72' lang='grc' dir='ltr'><strong>ιιι</strong></span> <span class='ocrx_word' id='word_1_40' title='bbox 1410 737 1686 807; x_wconf 71' lang='lat' dir='ltr'><strong>Evangelii</strong></span> <span class='ocrx_word' id='word_1_41' title='bbox 1705 741 2008 796; x_wconf 89' lang='lat' dir='ltr'><strong>secundum</strong></span> 
     </span>
    </p>
   </div>
   <div class='ocr_carea' id='block_1_8' title="bbox 430 821 2008 902">
    <p class='ocr_par' dir='ltr' id='par_1_8' title="bbox 430 821 2008 902">
     <span class='ocr_line' id='line_1_8' title="bbox 430 821 2008 902; baseline 0.007 -24"><span class='ocrx_word' id='word_1_42' title='bbox 430 821 651 881; x_wconf 88' lang='lat' dir='ltr'><strong>Lucam.</strong></span> <span class='ocrx_word' id='word_1_43' title='bbox 697 824 967 883; x_wconf 87' lang='lat' dir='ltr'><strong>Obscrvat</strong></span> <span class='ocrx_word' id='word_1_44' title='bbox 1036 828 1358 902; x_wconf 76' lang='grc' dir='ltr'>ἐπ’ἄρχοντα</span> <span class='ocrx_word' id='word_1_45' title='bbox 1426 831 1530 887; x_wconf 90' lang='lat' dir='ltr'><strong>dici</strong></span> <span class='ocrx_word' id='word_1_46' title='bbox 1577 833 1695 888; x_wconf 87' lang='lat' dir='ltr'><strong>sine</strong></span> <span class='ocrx_word' id='word_1_47' title='bbox 1742 835 2008 901; x_wconf 88' lang='lat' dir='ltr'><strong>articulo,</strong></span> 
     </span>
    </p>
   </div>
   <div class='ocr_carea' id='block_1_9' title="bbox 431 914 2009 994">
    <p class='ocr_par' dir='ltr' id='par_1_9' title="bbox 431 914 2009 994">
     <span class='ocr_line' id='line_1_9' title="bbox 431 914 2009 994; baseline 0.007 -27"><span class='ocrx_word' id='word_1_48' title='bbox 431 914 569 987; x_wconf 76' lang='grc' dir='ltr'><strong>πρὸς</strong></span> <span class='ocrx_word' id='word_1_49' title='bbox 599 915 689 970; x_wconf 84' lang='grc' dir='ltr'>τὸν</span> <span class='ocrx_word' id='word_1_50' title='bbox 717 917 927 988; x_wconf 83' lang='grc' dir='ltr'><strong>Κριτήν</strong></span> <span class='ocrx_word' id='word_1_51' title='bbox 956 934 1080 972; x_wconf 94' lang='lat' dir='ltr'><strong>cum</strong></span> <span class='ocrx_word' id='word_1_52' title='bbox 1107 919 1341 975; x_wconf 89' lang='lat' dir='ltr'><strong>articulo</strong></span> <span class='ocrx_word' id='word_1_53' title='bbox 1378 939 1390 974; x_wconf 94' lang='lat'><strong>:</strong></span> <span class='ocrx_word' id='word_1_54' title='bbox 1455 921 1580 977; x_wconf 88' lang='lat' dir='ltr'><strong>inde</strong></span> <span class='ocrx_word' id='word_1_55' title='bbox 1623 923 1832 994; x_wconf 78' lang='lat' dir='ltr'><strong>colligit</strong></span> <span class='ocrx_word' id='word_1_56' title='bbox 1858 925 2009 993; x_wconf 86' lang='lat' dir='ltr'><strong>prin-</strong></span> 
     </span>
    </p>
   </div>
   <div class='ocr_carea' id='block_1_10' title="bbox 427 1011 2008 1086">
    <p class='ocr_par' dir='ltr' id='par_1_10' title="bbox 427 1011 2008 1086">
     <span class='ocr_line' id='line_1_10' title="bbox 427 1011 2008 1086; baseline 0.006 -22"><span class='ocrx_word' id='word_1_57' title='bbox 427 1011 595 1079; x_wconf 83' lang='lat' dir='ltr'><strong>cipem</strong></span> <span class='ocrx_word' id='word_1_58' title='bbox 649 1025 771 1066; x_wconf 89' lang='lat' dir='ltr'><strong>esse</strong></span> <span class='ocrx_word' id='word_1_59' title='bbox 824 1027 994 1066; x_wconf 90' lang='lat' dir='ltr'><strong>unum</strong></span> <span class='ocrx_word' id='word_1_60' title='bbox 1052 1015 1410 1083; x_wconf 82' lang='lat' dir='ltr'><strong>angelorum,</strong></span> <span class='ocrx_word' id='word_1_61' title='bbox 1463 1016 1559 1086; x_wconf 90' lang='lat' dir='ltr'><strong>qui</strong></span> <span class='ocrx_word' id='word_1_62' title='bbox 1634 1018 1790 1072; x_wconf 86' lang='lat' dir='ltr'><strong>multi</strong></span> <span class='ocrx_word' id='word_1_63' title='bbox 1841 1026 2008 1085; x_wconf 87' lang='lat' dir='ltr'><strong>sunt,</strong></span> 
     </span>
    </p>
   </div>
   <div class='ocr_carea' id='block_1_11' title="bbox 418 1100 2012 1171">
    <p class='ocr_par' dir='ltr' id='par_1_11' title="bbox 418 1100 2012 1171">
     <span class='ocr_line' id='line_1_11' title="bbox 418 1100 2012 1171; baseline 0.009 -18"><span class='ocrx_word' id='word_1_64' title='bbox 418 1100 659 1171; x_wconf 77' lang='lat' dir='ltr'><strong>judicent</strong></span> <span class='ocrx_word' id='word_1_65' title='bbox 699 1116 821 1158; x_wconf 90' lang='lat' dir='ltr'><strong>esse</strong></span> <span class='ocrx_word' id='word_1_66' title='bbox 849 1103 1002 1158; x_wconf 85' lang='lat' dir='ltr'><strong>illum</strong></span> <span class='ocrx_word' id='word_1_67' title='bbox 1036 1105 1281 1170; x_wconf 91' lang='lat' dir='ltr'><strong>unicum,</strong></span> <span class='ocrx_word' id='word_1_68' title='bbox 1322 1104 1509 1162; x_wconf 81' lang='lat' dir='ltr'><strong>Jesum</strong></span> <span class='ocrx_word' id='word_1_69' title='bbox 1547 1107 1850 1164; x_wconf 84' lang='lat' dir='ltr'><strong>Christum.</strong></span> <span class='ocrx_word' id='word_1_70' title='bbox 1897 1109 2012 1167; x_wconf 87' lang='lat' dir='ltr'><strong>Hoc</strong></span> 
     </span>
    </p>
   </div>
   <div class='ocr_carea' id='block_1_12' title="bbox 427 1188 2009 1260">
    <p class='ocr_par' dir='ltr' id='par_1_12' title="bbox 427 1188 2009 1260">
     <span class='ocr_line' id='line_1_12' title="bbox 427 1188 2009 1260; baseline 0.006 -18"><span class='ocrx_word' id='word_1_71' title='bbox 427 1189 589 1259; x_wconf 86' lang='lat' dir='ltr'><strong>plane</strong></span> <span class='ocrx_word' id='word_1_72' title='bbox 615 1188 963 1260; x_wconf 89' lang='lat' dir='ltr'><strong>Origenicum</strong></span> <span class='ocrx_word' id='word_1_73' title='bbox 1007 1201 1110 1248; x_wconf 89' lang='lat' dir='ltr'><strong>est.</strong></span> <span class='ocrx_word' id='word_1_74' title='bbox 1145 1191 1318 1248; x_wconf 87' lang='lat' dir='ltr'><strong>Nemo</strong></span> <span class='ocrx_word' id='word_1_75' title='bbox 1349 1195 1494 1249; x_wconf 88' lang='lat' dir='ltr'><strong>enim</strong></span> <span class='ocrx_word' id='word_1_76' title='bbox 1536 1197 1701 1252; x_wconf 87' lang='lat' dir='ltr'><strong>toties</strong></span> <span class='ocrx_word' id='word_1_77' title='bbox 1733 1198 1841 1252; x_wconf 91' lang='lat' dir='ltr'><strong>vim</strong></span> <span class='ocrx_word' id='word_1_78' title='bbox 1874 1199 2009 1252; x_wconf 86' lang='lat' dir='ltr'><strong>arti-</strong></span> 
     </span>
    </p>
   </div>
   <div class='ocr_carea' id='block_1_13' title="bbox 429 1281 2010 1360">
    <p class='ocr_par' dir='ltr' id='par_1_13' title="bbox 429 1281 2010 1360">
     <span class='ocr_line' id='line_1_13' title="bbox 429 1281 2010 1360; baseline 0.006 -24"><span class='ocrx_word' id='word_1_79' title='bbox 429 1281 540 1336; x_wconf 90' lang='lat' dir='ltr'><strong>culi</strong></span> <span class='ocrx_word' id='word_1_80' title='bbox 569 1291 724 1353; x_wconf 89' lang='lat' dir='ltr'><strong>urget</strong></span> <span class='ocrx_word' id='word_1_81' title='bbox 755 1299 822 1339; x_wconf 91' lang='lat' dir='ltr'><strong>ac</strong></span> <span class='ocrx_word' id='word_1_82' title='bbox 859 1284 1242 1341; x_wconf 82' lang='lat' dir='ltr'><strong>Adamantius.</strong></span> <span class='ocrx_word' id='word_1_83' title='bbox 1284 1284 1654 1360; x_wconf 78' lang='lat' dir='ltr'><strong>Hieronymus</strong></span> <span class='ocrx_word' id='word_1_84' title='bbox 1696 1305 1821 1343; x_wconf 90' lang='lat' dir='ltr'><strong>eum</strong></span> <span class='ocrx_word' id='word_1_85' title='bbox 1857 1289 2010 1345; x_wconf 86' lang='lat' dir='ltr'><strong>vide-</strong></span> 
     </span>
    </p>
   </div>
   <div class='ocr_carea' id='block_1_14' title="bbox 427 1375 2012 1453">
    <p class='ocr_par' dir='ltr' id='par_1_14' title="bbox 427 1375 2012 1453">
     <span class='ocr_line' id='line_1_14' title="bbox 427 1375 2012 1453; baseline 0.006 -24"><span class='ocrx_word' id='word_1_86' title='bbox 427 1385 513 1430; x_wconf 85' lang='lat' dir='ltr'><strong>ret</strong></span> <span class='ocrx_word' id='word_1_87' title='bbox 565 1375 846 1432; x_wconf 90' lang='lat' dir='ltr'><strong>hominem</strong></span> <span class='ocrx_word' id='word_1_88' title='bbox 884 1376 1096 1434; x_wconf 68' lang='lat' dir='ltr'><strong>Latinze</strong></span> <span class='ocrx_word' id='word_1_89' title='bbox 1125 1388 1336 1435; x_wconf 88' lang='lat' dir='ltr'><strong>tantum</strong></span> <span class='ocrx_word' id='word_1_90' title='bbox 1383 1381 1582 1453; x_wconf 72' lang='lat' dir='ltr'><strong>lingua:</strong></span> <span class='ocrx_word' id='word_1_91' title='bbox 1624 1384 1861 1452; x_wconf 87' lang='lat' dir='ltr'><strong>peritum</strong></span> <span class='ocrx_word' id='word_1_92' title='bbox 1895 1385 2012 1439; x_wconf 62' lang='lat' dir='ltr'><strong>hac</strong></span> 
     </span>
    </p>
   </div>
   <div class='ocr_carea' id='block_1_15' title="bbox 426 1471 2011 1549">
    <p class='ocr_par' dir='ltr' id='par_1_15' title="bbox 426 1471 2011 1549">
     <span class='ocr_line' id='line_1_15' title="bbox 426 1471 2011 1549; baseline 0.006 -27"><span class='ocrx_word' id='word_1_93' title='bbox 426 1482 620 1537; x_wconf 85' lang='lat' dir='ltr'><strong>capere</strong></span> <span class='ocrx_word' id='word_1_94' title='bbox 642 1485 752 1524; x_wconf 91' lang='lat' dir='ltr'><strong>non</strong></span> <span class='ocrx_word' id='word_1_95' title='bbox 781 1471 1051 1540; x_wconf 89' lang='lat' dir='ltr'><strong>potuisse,</strong></span> <span class='ocrx_word' id='word_1_96' title='bbox 1080 1474 1290 1530; x_wconf 88' lang='lat' dir='ltr'><strong>notavit</strong></span> <span class='ocrx_word' id='word_1_97' title='bbox 1312 1476 1409 1528; x_wconf 79' lang='lat' dir='ltr'><strong>hoc</strong></span> <span class='ocrx_word' id='word_1_98' title='bbox 1439 1475 1582 1546; x_wconf 88' lang='lat' dir='ltr'><strong>apud</strong></span> <span class='ocrx_word' id='word_1_99' title='bbox 1604 1475 1814 1532; x_wconf 65' lang='lat' dir='ltr'><strong>Graecos</strong></span> <span class='ocrx_word' id='word_1_100' title='bbox 1840 1479 2011 1549; x_wconf 88' lang='lat' dir='ltr'><strong>magis</strong></span> 
     </span>
    </p>
   </div>
   <div class='ocr_carea' id='block_1_16' title="bbox 426 1558 2010 1634">
    <p class='ocr_par' dir='ltr' id='par_1_16' title="bbox 426 1558 2010 1634">
     <span class='ocr_line' id='line_1_16' title="bbox 426 1558 2010 1634; baseline 0.009 -23"><span class='ocrx_word' id='word_1_101' title='bbox 426 1558 674 1631; x_wconf 77' lang='lat' dir='ltr'><strong>intelligi.</strong></span> <span class='ocrx_word' id='word_1_102' title='bbox 707 1559 1017 1629; x_wconf 89' lang='lat' dir='ltr'><strong>Postremo,</strong></span> <span class='ocrx_word' id='word_1_103' title='bbox 1054 1565 1252 1634; x_wconf 87' lang='lat' dir='ltr'><strong>inquit,</strong></span> <span class='ocrx_word' id='word_1_104' title='bbox 1287 1567 1342 1621; x_wconf 90' lang='lat' dir='ltr'><strong>in</strong></span> <span class='ocrx_word' id='word_1_105' title='bbox 1369 1565 1550 1622; x_wconf 87' lang='lat' dir='ltr'><strong>eadem</strong></span> <span class='ocrx_word' id='word_1_106' title='bbox 1589 1568 1808 1624; x_wconf 84' lang='lat' dir='ltr'><strong>homilia</strong></span> <span class='ocrx_word' id='word_1_107' title='bbox 1839 1581 2010 1625; x_wconf 87' lang='lat' dir='ltr'><strong>monet</strong></span> 
     </span>
    </p>
   </div>
   <div class='ocr_carea' id='block_1_17' title="bbox 424 1651 2007 1731">
    <p class='ocr_par' dir='ltr' id='par_1_17' title="bbox 424 1651 2007 1731">
     <span class='ocr_line' id='line_1_17' title="bbox 424 1651 2007 1731; baseline 0.008 -26"><span class='ocrx_word' id='word_1_108' title='bbox 424 1651 809 1722; x_wconf 82' lang='lat' dir='ltr'><strong>quadrantem,</strong></span> <span class='ocrx_word' id='word_1_109' title='bbox 841 1655 956 1710; x_wconf 86' lang='lat' dir='ltr'><strong>sive</strong></span> <span class='ocrx_word' id='word_1_110' title='bbox 988 1656 1259 1712; x_wconf 90' lang='lat' dir='ltr'><strong>minutum</strong></span> <span class='ocrx_word' id='word_1_111' title='bbox 1287 1657 1475 1714; x_wconf 79' lang='lat' dir='ltr'><strong>Graece</strong></span> <span class='ocrx_word' id='word_1_112' title='bbox 1498 1669 1650 1714; x_wconf 85' lang='lat' dir='ltr'><strong>tenue</strong></span> <span class='ocrx_word' id='word_1_113' title='bbox 1683 1660 1790 1715; x_wconf 92' lang='lat' dir='ltr'><strong>dici</strong></span> <span class='ocrx_word' id='word_1_114' title='bbox 1823 1677 2007 1731; x_wconf 84' lang='lat' dir='ltr'><strong>posse.</strong></span> 
     </span>
    </p>
   </div>
   <div class='ocr_carea' id='block_1_18' title="bbox 426 1743 2008 1825">
    <p class='ocr_par' dir='ltr' id='par_1_18' title="bbox 426 1743 2008 1825">
     <span class='ocr_line' id='line_1_18' title="bbox 426 1743 2008 1825; baseline 0.007 -27"><span class='ocrx_word' id='word_1_115' title='bbox 426 1743 616 1802; x_wconf 77' lang='lat' dir='ltr'><strong>ltecte.</strong></span> <span class='ocrx_word' id='word_1_116' title='bbox 659 1745 940 1804; x_wconf 80' lang='lat' dir='ltr'><strong>Habemus</strong></span> <span class='ocrx_word' id='word_1_117' title='bbox 961 1759 1144 1804; x_wconf 88' lang='lat' dir='ltr'><strong>autem</strong></span> <span class='ocrx_word' id='word_1_118' title='bbox 1179 1759 1234 1806; x_wconf 89' lang='lat' dir='ltr'><strong>et</strong></span> <span class='ocrx_word' id='word_1_119' title='bbox 1261 1751 1354 1806; x_wconf 90' lang='lat' dir='ltr'><strong>hic</strong></span> <span class='ocrx_word' id='word_1_120' title='bbox 1383 1762 1661 1808; x_wconf 89' lang='lat' dir='ltr'><strong>auctorem</strong></span> <span class='ocrx_word' id='word_1_121' title='bbox 1695 1753 2008 1825; x_wconf 73' lang='lat' dir='ltr'><strong>Origenem,</strong></span> 
     </span>
    </p>
   </div>
   <div class='ocr_carea' id='block_1_19' title="bbox 2113 555 3693 614">
    <p class='ocr_par' dir='ltr' id='par_1_19' title="bbox 2113 555 3693 614">
     <span class='ocr_line' id='line_1_19' title="bbox 2113 555 3693 614; baseline 0.004 -6"><span class='ocrx_word' id='word_1_122' title='bbox 2113 565 2162 609; x_wconf 83' lang='lat' dir='ltr'><strong>et</strong></span> <span class='ocrx_word' id='word_1_123' title='bbox 2199 555 2484 612; x_wconf 80' lang='lat' dir='ltr'><strong>Jacob.....</strong></span> <span class='ocrx_word' id='word_1_124' title='bbox 2515 559 2652 612; x_wconf 80' lang='lat' dir='ltr'><strong>sicut</strong></span> <span class='ocrx_word' id='word_1_125' title='bbox 2707 558 2995 612; x_wconf 81' lang='lat' dir='ltr'><strong>secundum</strong></span> <span class='ocrx_word' id='word_1_126' title='bbox 3033 558 3380 613; x_wconf 88' lang='lat' dir='ltr'><strong>Latinitatem</strong></span> <span class='ocrx_word' id='word_1_127' title='bbox 3433 560 3693 614; x_wconf 87' lang='lat' dir='ltr'><strong>Dominus</strong></span> 
     </span>
    </p>
   </div>
   <div class='ocr_carea' id='block_1_20' title="bbox 2113 649 3694 720">
    <p class='ocr_par' dir='ltr' id='par_1_20' title="bbox 2113 649 3694 720">
     <span class='ocr_line' id='line_1_20' title="bbox 2113 649 3694 720; baseline 0.003 -18"><span class='ocrx_word' id='word_1_128' title='bbox 2113 649 2368 702; x_wconf 83' lang='lat' dir='ltr'><strong>virtutum</strong></span> <span class='ocrx_word' id='word_1_129' title='bbox 2395 662 2443 704; x_wconf 86' lang='lat' dir='ltr'><strong>et</strong></span> <span class='ocrx_word' id='word_1_130' title='bbox 2475 660 2628 720; x_wconf 88' lang='lat' dir='ltr'><strong>pater</strong></span> <span class='ocrx_word' id='word_1_131' title='bbox 2657 653 2914 706; x_wconf 89' lang='lat' dir='ltr'><strong>omnium.</strong></span> <span class='ocrx_word' id='word_1_132' title='bbox 2967 649 3092 706; x_wconf 79' lang='lat' dir='ltr'><strong>llzec</strong></span> <span class='ocrx_word' id='word_1_133' title='bbox 3133 668 3265 708; x_wconf 81' lang='lat' dir='ltr'><strong>sane</strong></span> <span class='ocrx_word' id='word_1_134' title='bbox 3297 651 3474 706; x_wconf 89' lang='lat' dir='ltr'><strong>Latini</strong></span> <span class='ocrx_word' id='word_1_135' title='bbox 3509 653 3694 707; x_wconf 80' lang='lat' dir='ltr'><strong>homi—</strong></span> 
     </span>
    </p>
   </div>
   <div class='ocr_carea' id='block_1_21' title="bbox 2114 743 3696 816">
    <p class='ocr_par' dir='ltr' id='par_1_21' title="bbox 2114 743 3696 816">
     <span class='ocr_line' id='line_1_21' title="bbox 2114 743 3696 816; baseline 0.004 -20"><span class='ocrx_word' id='word_1_136' title='bbox 2114 743 2221 809; x_wconf 89' lang='lat' dir='ltr'><strong>nis,</strong></span> <span class='ocrx_word' id='word_1_137' title='bbox 2252 760 2360 802; x_wconf 89' lang='lat' dir='ltr'><strong>non</strong></span> <span class='ocrx_word' id='word_1_138' title='bbox 2391 746 2656 813; x_wconf 83' lang='lat' dir='ltr'><strong>auctoris,</strong></span> <span class='ocrx_word' id='word_1_139' title='bbox 2702 746 2798 802; x_wconf 89' lang='lat' dir='ltr'><strong>sed</strong></span> <span class='ocrx_word' id='word_1_140' title='bbox 2852 746 3186 816; x_wconf 87' lang='lat' dir='ltr'><strong>interpretis.</strong></span> <span class='ocrx_word' id='word_1_141' title='bbox 3241 746 3478 803; x_wconf 71' lang='lat' dir='ltr'><strong>lrenazus</strong></span> <span class='ocrx_word' id='word_1_142' title='bbox 3543 749 3696 804; x_wconf 84' lang='lat' dir='ltr'><strong>enim</strong></span> 
     </span>
    </p>
   </div>
   <div class='ocr_carea' id='block_1_22' title="bbox 2115 833 3701 909">
    <p class='ocr_par' dir='ltr' id='par_1_22' title="bbox 2115 833 3701 909">
     <span class='ocr_line' id='line_1_22' title="bbox 2115 833 3701 909; baseline 0.004 -18"><span class='ocrx_word' id='word_1_143' title='bbox 2115 833 2307 891; x_wconf 85' lang='lat' dir='ltr'><strong>Latine</strong></span> <span class='ocrx_word' id='word_1_144' title='bbox 2347 851 2455 891; x_wconf 89' lang='lat' dir='ltr'><strong>non</strong></span> <span class='ocrx_word' id='word_1_145' title='bbox 2495 839 2748 908; x_wconf 89' lang='lat' dir='ltr'><strong>scripsit;</strong></span> <span class='ocrx_word' id='word_1_146' title='bbox 2797 839 2916 909; x_wconf 88' lang='lat' dir='ltr'><strong>ejus</strong></span> <span class='ocrx_word' id='word_1_147' title='bbox 2946 848 3128 893; x_wconf 89' lang='lat' dir='ltr'><strong>tamen</strong></span> <span class='ocrx_word' id='word_1_148' title='bbox 3173 840 3287 896; x_wconf 76' lang='lat' dir='ltr'><strong>haec</strong></span> <span class='ocrx_word' id='word_1_149' title='bbox 3331 842 3515 897; x_wconf 86' lang='lat' dir='ltr'><strong>omnia</strong></span> <span class='ocrx_word' id='word_1_150' title='bbox 3565 853 3701 898; x_wconf 86' lang='lat' dir='ltr'><strong>sunt</strong></span> 
     </span>
    </p>
   </div>
   <div class='ocr_carea' id='block_1_23' title="bbox 2113 931 3089 1000">
    <p class='ocr_par' dir='ltr' id='par_1_23' title="bbox 2113 931 3089 1000">
     <span class='ocr_line' id='line_1_23' title="bbox 2113 931 3089 1000; baseline 0.005 -17"><span class='ocrx_word' id='word_1_151' title='bbox 2113 939 2377 999; x_wconf 66' lang='lat' dir='ltr'><strong>praeterea</strong></span> <span class='ocrx_word' id='word_1_152' title='bbox 2409 946 2534 1000; x_wconf 69' lang='lat' dir='ltr'><strong>quae</strong></span> <span class='ocrx_word' id='word_1_153' title='bbox 2564 931 2834 1000; x_wconf 85' lang='lat' dir='ltr'><strong>interpres</strong></span> <span class='ocrx_word' id='word_1_154' title='bbox 2859 932 3089 988; x_wconf 86' lang='lat' dir='ltr'><strong>addidit.</strong></span> 
     </span>
    </p>
   </div>
   <div class='ocr_carea' id='block_1_24' title="bbox 2188 1021 3699 1090">
    <p class='ocr_par' dir='ltr' id='par_1_24' title="bbox 2188 1021 3699 1090">
     <span class='ocr_line' id='line_1_24' title="bbox 2188 1021 3699 1090; baseline 0.007 -16"><span class='ocrx_word' id='word_1_155' title='bbox 2188 1021 2293 1075; x_wconf 88' lang='lat' dir='ltr'><strong>Sed</strong></span> <span class='ocrx_word' id='word_1_156' title='bbox 2344 1023 2459 1078; x_wconf 86' lang='lat' dir='ltr'><strong>sive</strong></span> <span class='ocrx_word' id='word_1_157' title='bbox 2502 1022 2744 1090; x_wconf 73' lang='lat' dir='ltr'><strong>Graecus,</strong></span> <span class='ocrx_word' id='word_1_158' title='bbox 2792 1026 2908 1080; x_wconf 85' lang='lat' dir='ltr'><strong>sive</strong></span> <span class='ocrx_word' id='word_1_159' title='bbox 2950 1025 3179 1082; x_wconf 88' lang='lat' dir='ltr'><strong>Latinus</strong></span> <span class='ocrx_word' id='word_1_160' title='bbox 3230 1025 3395 1083; x_wconf 78' lang='lat' dir='ltr'><strong>fuerit</strong></span> <span class='ocrx_word' id='word_1_161' title='bbox 3451 1029 3544 1082; x_wconf 88' lang='lat' dir='ltr'><strong>hic</strong></span> <span class='ocrx_word' id='word_1_162' title='bbox 3591 1029 3699 1084; x_wconf 77' lang='lat' dir='ltr'><strong>ho—</strong></span> 
     </span>
    </p>
   </div>
   <div class='ocr_carea' id='block_1_25' title="bbox 2114 1113 3698 1190">
    <p class='ocr_par' dir='ltr' id='par_1_25' title="bbox 2114 1113 3698 1190">
     <span class='ocr_line' id='line_1_25' title="bbox 2114 1113 3698 1190; baseline 0.007 -25"><span class='ocrx_word' id='word_1_163' title='bbox 2114 1113 2385 1167; x_wconf 86' lang='lat' dir='ltr'><strong>miliarutn</strong></span> <span class='ocrx_word' id='word_1_164' title='bbox 2413 1127 2624 1181; x_wconf 86' lang='lat' dir='ltr'><strong>auctor,</strong></span> <span class='ocrx_word' id='word_1_165' title='bbox 2649 1113 2934 1188; x_wconf 86' lang='lat' dir='ltr'><strong>Origenes,</strong></span> <span class='ocrx_word' id='word_1_166' title='bbox 2964 1117 3167 1174; x_wconf 70' lang='lat' dir='ltr'><strong>Dallaeo</strong></span> <span class='ocrx_word' id='word_1_167' title='bbox 3191 1119 3397 1190; x_wconf 85' lang='lat' dir='ltr'><strong>judice,</strong></span> <span class='ocrx_word' id='word_1_168' title='bbox 3427 1137 3551 1176; x_wconf 89' lang='lat' dir='ltr'><strong>esse</strong></span> <span class='ocrx_word' id='word_1_169' title='bbox 3582 1137 3698 1176; x_wconf 88' lang='lat' dir='ltr'><strong>non</strong></span> 
     </span>
    </p>
   </div>
   <div class='ocr_carea' id='block_1_26' title="bbox 2113 1203 3700 1280">
    <p class='ocr_par' dir='ltr' id='par_1_26' title="bbox 2113 1203 3700 1280">
     <span class='ocr_line' id='line_1_26' title="bbox 2113 1203 3700 1280; baseline 0.006 -24"><span class='ocrx_word' id='word_1_170' title='bbox 2113 1205 2310 1274; x_wconf 88' lang='lat' dir='ltr'><strong>potuit.</strong></span> <span class='ocrx_word' id='word_1_171' title='bbox 2359 1203 2495 1260; x_wconf 84' lang='lat' dir='ltr'><strong>Nam</strong></span> <span class='ocrx_word' id='word_1_172' title='bbox 2541 1206 2605 1260; x_wconf 90' lang='lat' dir='ltr'><strong>ab</strong></span> <span class='ocrx_word' id='word_1_173' title='bbox 2635 1207 2748 1277; x_wconf 88' lang='lat' dir='ltr'><strong>ipso</strong></span> <span class='ocrx_word' id='word_1_174' title='bbox 2777 1207 3024 1278; x_wconf 88' lang='lat' dir='ltr'><strong>Origenis</strong></span> <span class='ocrx_word' id='word_1_175' title='bbox 3055 1212 3227 1280; x_wconf 85' lang='lat' dir='ltr'><strong>genio,</strong></span> <span class='ocrx_word' id='word_1_176' title='bbox 3272 1229 3412 1265; x_wconf 85' lang='lat' dir='ltr'><strong>more</strong></span> <span class='ocrx_word' id='word_1_177' title='bbox 3445 1229 3508 1266; x_wconf 88' lang='lat' dir='ltr'><strong>ac</strong></span> <span class='ocrx_word' id='word_1_178' title='bbox 3535 1230 3700 1268; x_wconf 87' lang='lat' dir='ltr'><strong>sensu</strong></span> 
     </span>
    </p>
   </div>
   <div class='ocr_carea' id='block_1_27' title="bbox 2111 1296 3699 1370">
    <p class='ocr_par' dir='ltr' id='par_1_27' title="bbox 2111 1296 3699 1370">
     <span class='ocr_line' id='line_1_27' title="bbox 2111 1296 3699 1370; baseline 0.008 -22"><span class='ocrx_word' id='word_1_179' title='bbox 2111 1296 2356 1366; x_wconf 73' lang='lat' dir='ltr'><strong>quedam</strong></span> <span class='ocrx_word' id='word_1_180' title='bbox 2389 1308 2510 1351; x_wconf 88' lang='lat' dir='ltr'><strong>sunt</strong></span> <span class='ocrx_word' id='word_1_181' title='bbox 2551 1299 2608 1352; x_wconf 90' lang='lat' dir='ltr'><strong>in</strong></span> <span class='ocrx_word' id='word_1_182' title='bbox 2637 1299 2818 1353; x_wconf 90' lang='lat' dir='ltr'><strong>eodem</strong></span> <span class='ocrx_word' id='word_1_183' title='bbox 2854 1317 3006 1370; x_wconf 87' lang='lat' dir='ltr'><strong>opere</strong></span> <span class='ocrx_word' id='word_1_184' title='bbox 3037 1301 3234 1356; x_wconf 84' lang='lat' dir='ltr'><strong>aliena.</strong></span> <span class='ocrx_word' id='word_1_185' title='bbox 3267 1301 3401 1369; x_wconf 66' lang='lat' dir='ltr'><strong>Quae</strong></span> <span class='ocrx_word' id='word_1_186' title='bbox 3426 1305 3699 1360; x_wconf 82' lang='lat' dir='ltr'><strong>hactenus</strong></span> 
     </span>
    </p>
   </div>
   <div class='ocr_carea' id='block_1_28' title="bbox 2114 1391 3701 1466">
    <p class='ocr_par' dir='ltr' id='par_1_28' title="bbox 2114 1391 3701 1466">
     <span class='ocr_line' id='line_1_28' title="bbox 2114 1391 3701 1466; baseline 0.006 -23"><span class='ocrx_word' id='word_1_187' title='bbox 2114 1391 2351 1446; x_wconf 88' lang='lat' dir='ltr'><strong>vidimus</strong></span> <span class='ocrx_word' id='word_1_188' title='bbox 2405 1397 2536 1446; x_wconf 87' lang='lat' dir='ltr'><strong>sunt</strong></span> <span class='ocrx_word' id='word_1_189' title='bbox 2586 1392 2745 1462; x_wconf 88' lang='lat' dir='ltr'><strong>plane</strong></span> <span class='ocrx_word' id='word_1_190' title='bbox 2799 1393 3169 1464; x_wconf 88' lang='lat' dir='ltr'><strong>Origeniana,</strong></span> <span class='ocrx_word' id='word_1_191' title='bbox 3220 1412 3470 1465; x_wconf 65' lang='lat' dir='ltr'><strong>quaenam</strong></span> <span class='ocrx_word' id='word_1_192' title='bbox 3526 1397 3701 1466; x_wconf 82' lang='lat' dir='ltr'><strong>igitur</strong></span> 
     </span>
    </p>
   </div>
   <div class='ocr_carea' id='block_1_29' title="bbox 2113 1472 3701 1559">
    <p class='ocr_par' dir='ltr' id='par_1_29' title="bbox 2113 1472 3701 1559">
     <span class='ocr_line' id='line_1_29' title="bbox 2113 1472 3701 1559; baseline 0.003 -22"><span class='ocrx_word' id='word_1_193' title='bbox 2113 1493 2241 1537; x_wconf 87' lang='lat' dir='ltr'><strong>sunt</strong></span> <span class='ocrx_word' id='word_1_194' title='bbox 2293 1499 2414 1553; x_wconf 66' lang='lat' dir='ltr'><strong>quae</strong></span> <span class='ocrx_word' id='word_1_195' title='bbox 2458 1472 2788 1540; x_wconf 61' lang='lat' dir='ltr'><strong>Adamantio</strong></span> <span class='ocrx_word' id='word_1_196' title='bbox 2859 1495 3170 1556; x_wconf 88' lang='lat' dir='ltr'><strong>competere</strong></span> <span class='ocrx_word' id='word_1_197' title='bbox 3243 1505 3354 1542; x_wconf 85' lang='lat' dir='ltr'><strong>non</strong></span> <span class='ocrx_word' id='word_1_198' title='bbox 3416 1491 3701 1559; x_wconf 85' lang='lat' dir='ltr'><strong>possunt?</strong></span> 
     </span>
    </p>
   </div>
   <div class='ocr_carea' id='block_1_30' title="bbox 2113 1573 3697 1650">
    <p class='ocr_par' dir='ltr' id='par_1_30' title="bbox 2113 1573 3697 1650">
     <span class='ocr_line' id='line_1_30' title="bbox 2113 1573 3697 1650; baseline 0.005 -24"><span class='ocrx_word' id='word_1_199' title='bbox 2113 1573 2320 1640; x_wconf 90' lang='lat' dir='ltr'><strong>Primo,</strong></span> <span class='ocrx_word' id='word_1_200' title='bbox 2342 1576 2566 1630; x_wconf 89' lang='lat' dir='ltr'><strong>homilia</strong></span> <span class='ocrx_word' id='word_1_201' title='bbox 2589 1577 2662 1631; x_wconf 75' lang='grc'><strong>25</strong></span> <span class='ocrx_word' id='word_1_202' title='bbox 2688 1596 2700 1633; x_wconf 89' lang='lat'><strong>:</strong></span> <span class='ocrx_word' id='word_1_203' title='bbox 2722 1576 2954 1645; x_wconf 73' lang='lat' dir='ltr'><strong>Spiritus</strong></span> <span class='ocrx_word' id='word_1_204' title='bbox 2974 1577 3032 1634; x_wconf 92' lang='lat' dir='ltr'><strong>S.</strong></span> <span class='ocrx_word' id='word_1_205' title='bbox 3054 1580 3253 1634; x_wconf 89' lang='lat' dir='ltr'><strong>dicitur</strong></span> <span class='ocrx_word' id='word_1_206' title='bbox 3271 1582 3428 1636; x_wconf 85' lang='lat' dir='ltr'><strong>tertia</strong></span> <span class='ocrx_word' id='word_1_207' title='bbox 3454 1596 3697 1650; x_wconf 81' lang='lat' dir='ltr'><strong>persona</strong></span> 
     </span>
    </p>
   </div>
   <div class='ocr_carea' id='block_1_31' title="bbox 2113 1659 3698 1737">
    <p class='ocr_par' dir='ltr' id='par_1_31' title="bbox 2113 1659 3698 1737">
     <span class='ocr_line' id='line_1_31' title="bbox 2113 1659 3698 1737; baseline 0.006 -25"><span class='ocrx_word' id='word_1_208' title='bbox 2113 1675 2142 1712; x_wconf 90' lang='lat' dir='ltr'><strong>a</strong></span> <span class='ocrx_word' id='word_1_209' title='bbox 2162 1659 2320 1716; x_wconf 87' lang='lat' dir='ltr'><strong>Patre</strong></span> <span class='ocrx_word' id='word_1_210' title='bbox 2341 1660 2569 1717; x_wconf 89' lang='lat' dir='ltr'><strong>etFilio.</strong></span> <span class='ocrx_word' id='word_1_211' title='bbox 2603 1661 2710 1728; x_wconf 93' lang='lat' dir='ltr'><strong>Qui</strong></span> <span class='ocrx_word' id='word_1_212' title='bbox 2745 1665 2822 1718; x_wconf 86' lang='lat' dir='ltr'><strong>sic</strong></span> <span class='ocrx_word' id='word_1_213' title='bbox 2855 1666 3140 1720; x_wconf 84' lang='lat' dir='ltr'><strong>distinctus</strong></span> <span class='ocrx_word' id='word_1_214' title='bbox 3169 1684 3408 1737; x_wconf 78' lang='lat' dir='ltr'><strong>persona:</strong></span> <span class='ocrx_word' id='word_1_215' title='bbox 3427 1670 3478 1721; x_wconf 91' lang='lat' dir='ltr'><strong>in</strong></span> <span class='ocrx_word' id='word_1_216' title='bbox 3496 1669 3698 1722; x_wconf 78' lang='lat' dir='ltr'><strong>divinis</strong></span> 
     </span>
    </p>
   </div>
   <div class='ocr_carea' id='block_1_32' title="bbox 2113 1752 3700 1827">
    <p class='ocr_par' dir='ltr' id='par_1_32' title="bbox 2113 1752 3700 1827">
     <span class='ocr_line' id='line_1_32' title="bbox 2113 1752 3700 1827; baseline 0.004 -23"><span class='ocrx_word' id='word_1_217' title='bbox 2113 1768 2239 1805; x_wconf 87' lang='lat' dir='ltr'><strong>usus</strong></span> <span class='ocrx_word' id='word_1_218' title='bbox 2286 1752 2349 1806; x_wconf 90' lang='lat' dir='ltr'><strong>ab</strong></span> <span class='ocrx_word' id='word_1_219' title='bbox 2380 1752 2605 1824; x_wconf 85' lang='lat' dir='ltr'><strong>Origene</strong></span> <span class='ocrx_word' id='word_1_220' title='bbox 2655 1755 2858 1810; x_wconf 85' lang='lat' dir='ltr'><strong>alienus</strong></span> <span class='ocrx_word' id='word_1_221' title='bbox 2899 1766 2997 1812; x_wconf 88' lang='lat' dir='ltr'><strong>est.</strong></span> <span class='ocrx_word' id='word_1_222' title='bbox 3044 1757 3114 1811; x_wconf 83' lang='lat' dir='ltr'><strong>At</strong></span> <span class='ocrx_word' id='word_1_223' title='bbox 3143 1758 3249 1812; x_wconf 90' lang='lat' dir='ltr'><strong>hoc</strong></span> <span class='ocrx_word' id='word_1_224' title='bbox 3281 1759 3397 1827; x_wconf 91' lang='lat' dir='ltr'><strong>ipso</strong></span> <span class='ocrx_word' id='word_1_225' title='bbox 3434 1759 3556 1813; x_wconf 83' lang='lat' dir='ltr'><strong>loco</strong></span> <span class='ocrx_word' id='word_1_226' title='bbox 3594 1775 3700 1812; x_wconf 84' lang='lat' dir='ltr'><strong>au-</strong></span> 
     </span>
    </p>
   </div>
   <div class='ocr_carea' id='block_1_33' title="bbox 425 1832 3698 1922">
    <p class='ocr_par' dir='ltr' id='par_1_33' title="bbox 425 1832 3698 1922">
     <span class='ocr_line' id='line_1_33' title="bbox 425 1832 3698 1922; baseline 0.005 -29"><span class='ocrx_word' id='word_1_227' title='bbox 425 1841 779 1910; x_wconf 76' lang='lat' dir='ltr'><strong>interpretem</strong></span> <span class='ocrx_word' id='word_1_228' title='bbox 823 1840 1245 1916; x_wconf 84' lang='lat' dir='ltr'><strong>Hieronymum.</strong></span> <span class='ocrx_word' id='word_1_229' title='bbox 1295 1844 1560 1917; x_wconf 87' lang='lat' dir='ltr'><strong>Origenes</strong></span> <span class='ocrx_word' id='word_1_230' title='bbox 1605 1847 1736 1902; x_wconf 93' lang='lat' dir='ltr'><strong>dum</strong></span> <span class='ocrx_word' id='word_1_231' title='bbox 1771 1849 2009 1918; x_wconf 75' lang='lat' dir='ltr'><strong>explicat</strong></span> <span class='ocrx_word' id='word_1_232' title='bbox 2041 1832 2082 1891; x_wconf 77' lang='grc' dir='ltr'>Β</span> <span class='ocrx_word' id='word_1_233' title='bbox 2112 1850 2232 1896; x_wconf 68' lang='grc' dir='ltr'><strong>(διον</strong></span> <span class='ocrx_word' id='word_1_234' title='bbox 2277 1843 2348 1897; x_wconf 75' lang='lat' dir='ltr'><strong>ila</strong></span> <span class='ocrx_word' id='word_1_235' title='bbox 2403 1843 2645 1916; x_wconf 79' lang='lat' dir='ltr'><strong>loquitur</strong></span> <span class='ocrx_word' id='word_1_236' title='bbox 2689 1857 2748 1900; x_wconf 78' lang='lat' dir='ltr'><strong>ut</strong></span> <span class='ocrx_word' id='word_1_237' title='bbox 2803 1848 2972 1902; x_wconf 86' lang='lat' dir='ltr'><strong>alium</strong></span> <span class='ocrx_word' id='word_1_238' title='bbox 3029 1866 3194 1920; x_wconf 77' lang='lat' dir='ltr'><strong>Quam</strong></span> <span class='ocrx_word' id='word_1_239' title='bbox 3228 1849 3519 1922; x_wconf 84' lang='lat' dir='ltr'><strong>Origenem</strong></span> <span class='ocrx_word' id='word_1_240' title='bbox 3564 1867 3698 1906; x_wconf 84' lang='lat' dir='ltr'><strong>eum</strong></span> 
     </span>
    </p>
   </div>
   <div class='ocr_carea' id='block_1_34' title="bbox 422 1929 2007 2008">
    <p class='ocr_par' dir='ltr' id='par_1_34' title="bbox 422 1929 2007 2008">
     <span class='ocr_line' id='line_1_34' title="bbox 422 1929 2007 2008; baseline 0.006 -24"><span class='ocrx_word' id='word_1_241' title='bbox 422 1946 486 1984; x_wconf 84' lang='lat' dir='ltr'><strong>ea</strong></span> <span class='ocrx_word' id='word_1_242' title='bbox 523 1932 710 1998; x_wconf 86' lang='lat' dir='ltr'><strong>verba,</strong></span> <span class='ocrx_word' id='word_1_243' title='bbox 735 1933 840 1997; x_wconf 73' lang='grc' dir='ltr'><strong>ἕως</strong></span> <span class='ocrx_word' id='word_1_244' title='bbox 873 1929 934 1988; x_wconf 69' lang='grc' dir='ltr'>οὗ</span> <span class='ocrx_word' id='word_1_245' title='bbox 957 1936 1052 1989; x_wconf 74' lang='grc' dir='ltr'><strong>καὶ</strong></span> <span class='ocrx_word' id='word_1_246' title='bbox 1081 1935 1142 1988; x_wconf 80' lang='grc' dir='ltr'>τὸ</span> <span class='ocrx_word' id='word_1_247' title='bbox 1167 1935 1393 2008; x_wconf 77' lang='grc' dir='ltr'>ἔσχατον</span> <span class='ocrx_word' id='word_1_248' title='bbox 1422 1937 1619 1991; x_wconf 72' lang='grc' dir='ltr'>λεπτὸν</span> <span class='ocrx_word' id='word_1_249' title='bbox 1655 1937 1889 2008; x_wconf 80' lang='grc' dir='ltr'>ἀποδῷς,</span> <span class='ocrx_word' id='word_1_250' title='bbox 1921 1939 2007 1993; x_wconf 83' lang='grc'><strong>111-</strong></span> 
     </span>
    </p>
   </div>
   <div class='ocr_carea' id='block_1_35' title="bbox 422 2023 2006 2102">
    <p class='ocr_par' dir='ltr' id='par_1_35' title="bbox 422 2023 2006 2102">
     <span class='ocr_line' id='line_1_35' title="bbox 422 2023 2006 2102; baseline 0.006 -25"><span class='ocrx_word' id='word_1_251' title='bbox 422 2023 524 2090; x_wconf 80' lang='lat' dir='ltr'><strong>dit,</strong></span> <span class='ocrx_word' id='word_1_252' title='bbox 559 2034 619 2078; x_wconf 88' lang='lat' dir='ltr'><strong>ut</strong></span> <span class='ocrx_word' id='word_1_253' title='bbox 642 2025 889 2089; x_wconf 88' lang='lat' dir='ltr'><strong>solet,&#39;in</strong></span> <span class='ocrx_word' id='word_1_254' title='bbox 917 2041 1054 2083; x_wconf 91' lang='lat' dir='ltr'><strong>voce</strong></span> <span class='ocrx_word' id='word_1_255' title='bbox 1092 2028 1311 2094; x_wconf 81' lang='grc' dir='ltr'>λεπτόν,</span> <span class='ocrx_word' id='word_1_256' title='bbox 1343 2039 1396 2086; x_wconf 89' lang='lat' dir='ltr'><strong>et</strong></span> <span class='ocrx_word' id='word_1_257' title='bbox 1433 2031 1674 2086; x_wconf 86' lang='lat' dir='ltr'><strong>ostendit</strong></span> <span class='ocrx_word' id='word_1_258' title='bbox 1719 2042 2006 2102; x_wconf 83' lang='lat' dir='ltr'><strong>peccatum</strong></span> 
     </span>
    </p>
   </div>
   <div class='ocr_carea' id='block_1_36' title="bbox 422 2119 2001 2189">
    <p class='ocr_par' dir='ltr' id='par_1_36' title="bbox 422 2119 2001 2189">
     <span class='ocr_line' id='line_1_36' title="bbox 422 2119 2001 2189; baseline 0.008 -19"><span class='ocrx_word' id='word_1_259' title='bbox 422 2131 548 2173; x_wconf 88' lang='lat' dir='ltr'><strong>esse</strong></span> <span class='ocrx_word' id='word_1_260' title='bbox 585 2119 670 2174; x_wconf 89' lang='lat' dir='ltr'><strong>vel</strong></span> <span class='ocrx_word' id='word_1_261' title='bbox 709 2119 907 2188; x_wconf 77' lang='lat' dir='ltr'><strong>pingue</strong></span> <span class='ocrx_word' id='word_1_262' title='bbox 939 2129 994 2176; x_wconf 91' lang='lat' dir='ltr'><strong>et</strong></span> <span class='ocrx_word' id='word_1_263' title='bbox 1037 2137 1309 2189; x_wconf 88' lang='lat' dir='ltr'><strong>crassum,</strong></span> <span class='ocrx_word' id='word_1_264' title='bbox 1362 2123 1443 2176; x_wconf 89' lang='lat' dir='ltr'><strong>vel</strong></span> <span class='ocrx_word' id='word_1_265' title='bbox 1482 2134 1644 2179; x_wconf 88' lang='lat' dir='ltr'><strong>tenue</strong></span> <span class='ocrx_word' id='word_1_266' title='bbox 1677 2134 1734 2180; x_wconf 88' lang='lat' dir='ltr'><strong>ct</strong></span> <span class='ocrx_word' id='word_1_267' title='bbox 1781 2126 2001 2182; x_wconf 84' lang='lat' dir='ltr'><strong>subtile.</strong></span> 
     </span>
    </p>
   </div>
   <div class='ocr_carea' id='block_1_37' title="bbox 429 2205 2008 2287">
    <p class='ocr_par' dir='ltr' id='par_1_37' title="bbox 429 2205 2008 2287">
     <span class='ocr_line' id='line_1_37' title="bbox 429 2205 2008 2287; baseline 0.007 -27"><span class='ocrx_word' id='word_1_268' title='bbox 429 2205 576 2263; x_wconf 80' lang='lat' dir='ltr'><strong>Vidit</strong></span> <span class='ocrx_word' id='word_1_269' title='bbox 614 2208 981 2282; x_wconf 86' lang='lat' dir='ltr'><strong>Hieronymus</strong></span> <span class='ocrx_word' id='word_1_270' title='bbox 1013 2212 1130 2268; x_wconf 58' lang='lat' dir='ltr'><strong>haec</strong></span> <span class='ocrx_word' id='word_1_271' title='bbox 1158 2229 1189 2268; x_wconf 92' lang='lat' dir='ltr'><strong>a</strong></span> <span class='ocrx_word' id='word_1_272' title='bbox 1227 2213 1439 2270; x_wconf 88' lang='lat' dir='ltr'><strong>Latinis</strong></span> <span class='ocrx_word' id='word_1_273' title='bbox 1486 2214 1716 2286; x_wconf 84' lang='lat' dir='ltr'><strong>intelligi</strong></span> <span class='ocrx_word' id='word_1_274' title='bbox 1759 2233 1868 2271; x_wconf 91' lang='lat' dir='ltr'><strong>non</strong></span> <span class='ocrx_word' id='word_1_275' title='bbox 1910 2233 2008 2287; x_wconf 90' lang='lat' dir='ltr'><strong>po-</strong></span> 
     </span>
    </p>
   </div>
   <div class='ocr_carea' id='block_1_38' title="bbox 341 2301 2006 2379">
    <p class='ocr_par' dir='ltr' id='par_1_38' title="bbox 341 2301 2006 2379">
     <span class='ocr_line' id='line_1_38' title="bbox 341 2301 2006 2379; baseline 0.005 -24"><span class='ocrx_word' id='word_1_276' title='bbox 341 2309 352 2318; x_wconf 87' lang='lat'><strong><em>‘</em></strong></span> <span class='ocrx_word' id='word_1_277' title='bbox 425 2301 598 2357; x_wconf 90' lang='lat' dir='ltr'><strong>tuisse</strong></span> <span class='ocrx_word' id='word_1_278' title='bbox 620 2303 705 2358; x_wconf 89' lang='lat' dir='ltr'><strong>vel</strong></span> <span class='ocrx_word' id='word_1_279' title='bbox 736 2319 829 2374; x_wconf 88' lang='lat' dir='ltr'><strong>per</strong></span> <span class='ocrx_word' id='word_1_280' title='bbox 853 2305 1226 2376; x_wconf 81' lang='lat' dir='ltr'><strong>quadrantem,</strong></span> <span class='ocrx_word' id='word_1_281' title='bbox 1254 2307 1335 2362; x_wconf 89' lang='lat' dir='ltr'><strong>vel</strong></span> <span class='ocrx_word' id='word_1_282' title='bbox 1363 2309 1648 2375; x_wconf 89' lang='lat' dir='ltr'><strong>minutum,</strong></span> <span class='ocrx_word' id='word_1_283' title='bbox 1683 2308 2006 2379; x_wconf 89' lang='lat' dir='ltr'><strong>monuitque</strong></span> 
     </span>
    </p>
   </div>
   <div class='ocr_carea' id='block_1_39' title="bbox 423 2394 2002 2469">
    <p class='ocr_par' dir='ltr' id='par_1_39' title="bbox 423 2394 2002 2469">
     <span class='ocr_line' id='line_1_39' title="bbox 423 2394 2002 2469; baseline 0.005 -22"><span class='ocrx_word' id='word_1_284' title='bbox 423 2394 478 2449; x_wconf 90' lang='lat' dir='ltr'><strong>id</strong></span> <span class='ocrx_word' id='word_1_285' title='bbox 507 2395 650 2464; x_wconf 91' lang='lat' dir='ltr'><strong>quod</strong></span> <span class='ocrx_word' id='word_1_286' title='bbox 683 2396 944 2450; x_wconf 87' lang='lat' dir='ltr'><strong>minutum</strong></span> <span class='ocrx_word' id='word_1_287' title='bbox 977 2397 1203 2462; x_wconf 89' lang='lat' dir='ltr'><strong>dicitur,</strong></span> <span class='ocrx_word' id='word_1_288' title='bbox 1247 2396 1434 2454; x_wconf 79' lang='lat' dir='ltr'><strong>Grzece</strong></span> <span class='ocrx_word' id='word_1_289' title='bbox 1476 2407 1627 2453; x_wconf 88' lang='lat' dir='ltr'><strong>tenue</strong></span> <span class='ocrx_word' id='word_1_290' title='bbox 1666 2397 1776 2454; x_wconf 90' lang='lat' dir='ltr'><strong>dici</strong></span> <span class='ocrx_word' id='word_1_291' title='bbox 1815 2413 2002 2469; x_wconf 86' lang='lat' dir='ltr'><strong>posse,</strong></span> 
     </span>
    </p>
   </div>
   <div class='ocr_carea' id='block_1_40' title="bbox 425 2485 1871 2560">
    <p class='ocr_par' dir='ltr' id='par_1_40' title="bbox 425 2485 1871 2560">
     <span class='ocr_line' id='line_1_40' title="bbox 425 2485 1871 2560; baseline 0.003 -21"><span class='ocrx_word' id='word_1_292' title='bbox 425 2485 570 2540; x_wconf 80' lang='lat' dir='ltr'><strong>mide</strong></span> <span class='ocrx_word' id='word_1_293' title='bbox 599 2501 721 2556; x_wconf 70' lang='lat' dir='ltr'><strong>quae</strong></span> <span class='ocrx_word' id='word_1_294' title='bbox 754 2497 1063 2558; x_wconf 88' lang='lat' dir='ltr'><strong>sequuntur</strong></span> <span class='ocrx_word' id='word_1_295' title='bbox 1096 2490 1316 2546; x_wconf 87' lang='lat' dir='ltr'><strong>tandem</strong></span> <span class='ocrx_word' id='word_1_296' title='bbox 1351 2489 1580 2560; x_wconf 83' lang='lat' dir='ltr'><strong>intelligi</strong></span> <span class='ocrx_word' id='word_1_297' title='bbox 1619 2499 1871 2559; x_wconf 88' lang='lat' dir='ltr'><strong>possunt.</strong></span> 
     </span>
    </p>
   </div>
   <div class='ocr_carea' id='block_1_41' title="bbox 500 2578 2001 2652">
    <p class='ocr_par' dir='ltr' id='par_1_41' title="bbox 500 2578 2001 2652">
     <span class='ocr_line' id='line_1_41' title="bbox 500 2578 2001 2652; baseline 0 -18"><span class='ocrx_word' id='word_1_298' title='bbox 500 2578 657 2646; x_wconf 64' lang='lat' dir='ltr'><strong>Haec,</strong></span> <span class='ocrx_word' id='word_1_299' title='bbox 701 2581 909 2652; x_wconf 86' lang='lat' dir='ltr'><strong>inquit,</strong></span> <span class='ocrx_word' id='word_1_300' title='bbox 949 2591 1217 2636; x_wconf 88' lang='lat' dir='ltr'><strong>auctorem</strong></span> <span class='ocrx_word' id='word_1_301' title='bbox 1251 2582 1430 2638; x_wconf 66' lang='lat' dir='ltr'><strong>Greece</strong></span> <span class='ocrx_word' id='word_1_302' title='bbox 1469 2583 1743 2651; x_wconf 76' lang='lat' dir='ltr'><strong>scripsisse</strong></span> <span class='ocrx_word' id='word_1_303' title='bbox 1784 2591 2001 2652; x_wconf 86' lang='lat' dir='ltr'><strong>negant,</strong></span> 
     </span>
    </p>
   </div>
   <div class='ocr_carea' id='block_1_42' title="bbox 420 2672 2002 2746">
    <p class='ocr_par' dir='ltr' id='par_1_42' title="bbox 420 2672 2002 2746">
     <span class='ocr_line' id='line_1_42' title="bbox 420 2672 2002 2746; baseline 0.001 -22"><span class='ocrx_word' id='word_1_304' title='bbox 420 2689 528 2742; x_wconf 85' lang='lat' dir='ltr'><strong>qua</strong></span> <span class='ocrx_word' id='word_1_305' title='bbox 566 2672 751 2741; x_wconf 82' lang='lat' dir='ltr'><strong>lingua</strong></span> <span class='ocrx_word' id='word_1_306' title='bbox 797 2683 980 2728; x_wconf 89' lang='lat' dir='ltr'><strong>notum</strong></span> <span class='ocrx_word' id='word_1_307' title='bbox 1019 2686 1094 2729; x_wconf 88' lang='lat' dir='ltr'><strong>est</strong></span> <span class='ocrx_word' id='word_1_308' title='bbox 1139 2674 1416 2746; x_wconf 89' lang='lat' dir='ltr'><strong>Origenem</strong></span> <span class='ocrx_word' id='word_1_309' title='bbox 1447 2676 1628 2730; x_wconf 87' lang='lat' dir='ltr'><strong>omnia</strong></span> <span class='ocrx_word' id='word_1_310' title='bbox 1658 2692 1756 2728; x_wconf 88' lang='lat' dir='ltr'><strong>sua</strong></span> <span class='ocrx_word' id='word_1_311' title='bbox 1789 2691 2002 2744; x_wconf 90' lang='lat' dir='ltr'><strong>compo-</strong></span> 
     </span>
    </p>
   </div>
   <div class='ocr_carea' id='block_1_43' title="bbox 420 2763 2005 2836">
    <p class='ocr_par' dir='ltr' id='par_1_43' title="bbox 420 2763 2005 2836">
     <span class='ocr_line' id='line_1_43' title="bbox 420 2763 2005 2836; baseline 0.003 -21"><span class='ocrx_word' id='word_1_312' title='bbox 420 2765 608 2818; x_wconf 81' lang='lat' dir='ltr'><strong>suisse.</strong></span> <span class='ocrx_word' id='word_1_313' title='bbox 645 2763 756 2818; x_wconf 86' lang='lat' dir='ltr'><strong>Imo</strong></span> <span class='ocrx_word' id='word_1_314' title='bbox 784 2781 914 2820; x_wconf 90' lang='lat' dir='ltr'><strong>vero</strong></span> <span class='ocrx_word' id='word_1_315' title='bbox 945 2775 1214 2820; x_wconf 88' lang='lat' dir='ltr'><strong>auctorem</strong></span> <span class='ocrx_word' id='word_1_316' title='bbox 1248 2765 1428 2821; x_wconf 82' lang='lat' dir='ltr'><strong>Crtece</strong></span> <span class='ocrx_word' id='word_1_317' title='bbox 1459 2767 1737 2836; x_wconf 83' lang='lat' dir='ltr'><strong>scripsisse</strong></span> <span class='ocrx_word' id='word_1_318' title='bbox 1770 2781 1878 2820; x_wconf 90' lang='lat' dir='ltr'><strong>non</strong></span> <span class='ocrx_word' id='word_1_319' title='bbox 1915 2782 2005 2820; x_wconf 85' lang='lat' dir='ltr'><strong>ne-</strong></span> 
     </span>
    </p>
   </div>
   <div class='ocr_carea' id='block_1_44' title="bbox 419 2857 2002 2928">
    <p class='ocr_par' dir='ltr' id='par_1_44' title="bbox 419 2857 2002 2928">
     <span class='ocr_line' id='line_1_44' title="bbox 419 2857 2002 2928; baseline 0.001 -20"><span class='ocrx_word' id='word_1_320' title='bbox 419 2867 574 2926; x_wconf 82' lang='lat' dir='ltr'><strong>gant,</strong></span> <span class='ocrx_word' id='word_1_321' title='bbox 620 2857 713 2912; x_wconf 92' lang='lat' dir='ltr'><strong>sed</strong></span> <span class='ocrx_word' id='word_1_322' title='bbox 761 2859 1144 2914; x_wconf 87' lang='lat' dir='ltr'><strong>tantummodo</strong></span> <span class='ocrx_word' id='word_1_323' title='bbox 1196 2859 1550 2928; x_wconf 85' lang='lat' dir='ltr'><strong>interpretem</strong></span> <span class='ocrx_word' id='word_1_324' title='bbox 1598 2873 1664 2913; x_wconf 77' lang='lat' dir='ltr'><strong>ex</strong></span> <span class='ocrx_word' id='word_1_325' title='bbox 1694 2857 1897 2913; x_wconf 77' lang='lat' dir='ltr'><strong>Grazcis</strong></span> <span class='ocrx_word' id='word_1_326' title='bbox 1947 2858 2002 2911; x_wconf 94' lang='lat' dir='ltr'><strong>in</strong></span> 
     </span>
    </p>
   </div>
   <div class='ocr_carea' id='block_1_45' title="bbox 421 2943 2003 3018">
    <p class='ocr_par' dir='ltr' id='par_1_45' title="bbox 421 2943 2003 3018">
     <span class='ocr_line' id='line_1_45' title="bbox 421 2943 2003 3018; baseline 0.003 -19"><span class='ocrx_word' id='word_1_327' title='bbox 421 2943 614 3002; x_wconf 86' lang='lat' dir='ltr'><strong>Latina</strong></span> <span class='ocrx_word' id='word_1_328' title='bbox 665 2949 1036 3017; x_wconf 89' lang='lat' dir='ltr'><strong>transtulisse,</strong></span> <span class='ocrx_word' id='word_1_329' title='bbox 1079 2959 1152 3013; x_wconf 90' lang='lat' dir='ltr'><strong>et,</strong></span> <span class='ocrx_word' id='word_1_330' title='bbox 1204 2949 1297 3004; x_wconf 93' lang='lat' dir='ltr'><strong>ubi</strong></span> <span class='ocrx_word' id='word_1_331' title='bbox 1344 2964 1483 3018; x_wconf 91' lang='lat' dir='ltr'><strong>opus</strong></span> <span class='ocrx_word' id='word_1_332' title='bbox 1529 2958 1698 3014; x_wconf 88' lang='lat' dir='ltr'><strong>esset,</strong></span> <span class='ocrx_word' id='word_1_333' title='bbox 1731 2948 2003 3004; x_wconf 90' lang='lat' dir='ltr'><strong>versionis</strong></span> 
     </span>
    </p>
   </div>
   <div class='ocr_carea' id='block_1_46' title="bbox 421 3039 2002 3112">
    <p class='ocr_par' dir='ltr' id='par_1_46' title="bbox 421 3039 2002 3112">
     <span class='ocr_line' id='line_1_46' title="bbox 421 3039 2002 3112; baseline 0.002 -20"><span class='ocrx_word' id='word_1_334' title='bbox 421 3053 536 3093; x_wconf 80' lang='lat' dir='ltr'><strong>suae</strong></span> <span class='ocrx_word' id='word_1_335' title='bbox 579 3039 844 3094; x_wconf 86' lang='lat' dir='ltr'><strong>rationem</strong></span> <span class='ocrx_word' id='word_1_336' title='bbox 889 3041 1224 3106; x_wconf 88' lang='lat' dir='ltr'><strong>reddidisse,</strong></span> <span class='ocrx_word' id='word_1_337' title='bbox 1254 3057 1366 3112; x_wconf 93' lang='lat' dir='ltr'><strong>quo</strong></span> <span class='ocrx_word' id='word_1_338' title='bbox 1395 3041 1530 3096; x_wconf 88' lang='lat' dir='ltr'><strong>nihil</strong></span> <span class='ocrx_word' id='word_1_339' title='bbox 1567 3041 1710 3110; x_wconf 89' lang='lat' dir='ltr'><strong>apud</strong></span> <span class='ocrx_word' id='word_1_340' title='bbox 1744 3042 2002 3111; x_wconf 90' lang='lat' dir='ltr'><strong>antiquos</strong></span> 
     </span>
    </p>
   </div>
   <div class='ocr_carea' id='block_1_47' title="bbox 419 3128 2002 3201">
    <p class='ocr_par' dir='ltr' id='par_1_47' title="bbox 419 3128 2002 3201">
     <span class='ocr_line' id='line_1_47' title="bbox 419 3128 2002 3201; baseline 0.004 -20"><span class='ocrx_word' id='word_1_341' title='bbox 419 3128 744 3200; x_wconf 85' lang='lat' dir='ltr'><strong>interpretes</strong></span> <span class='ocrx_word' id='word_1_342' title='bbox 775 3131 1106 3188; x_wconf 82' lang='lat' dir='ltr'><strong>familiarius</strong></span> <span class='ocrx_word' id='word_1_343' title='bbox 1138 3133 1258 3201; x_wconf 81' lang='lat' dir='ltr'><strong>fuit,</strong></span> <span class='ocrx_word' id='word_1_344' title='bbox 1289 3128 1603 3188; x_wconf 74' lang='lat' dir='ltr'><strong>ostendunt.</strong></span> <span class='ocrx_word' id='word_1_345' title='bbox 1635 3132 2002 3188; x_wconf 81' lang='lat' dir='ltr'><strong>Bellai&#39;minus</strong></span> 
     </span>
    </p>
   </div>
   <div class='ocr_carea' id='block_1_48' title="bbox 420 3221 1999 3294">
    <p class='ocr_par' dir='ltr' id='par_1_48' title="bbox 420 3221 1999 3294">
     <span class='ocr_line' id='line_1_48' title="bbox 420 3221 1999 3294; baseline 0.001 -20"><span class='ocrx_word' id='word_1_346' title='bbox 420 3229 716 3277; x_wconf 87' lang='lat' dir='ltr'><strong>tractatum</strong></span> <span class='ocrx_word' id='word_1_347' title='bbox 744 3223 1020 3294; x_wconf 88' lang='lat' dir='ltr'><strong>quintum,</strong></span> <span class='ocrx_word' id='word_1_348' title='bbox 1050 3225 1294 3294; x_wconf 87' lang='lat' dir='ltr'><strong>adeoque</strong></span> <span class='ocrx_word' id='word_1_349' title='bbox 1322 3224 1564 3294; x_wconf 84' lang='lat' dir='ltr'><strong>reliquos</strong></span> <span class='ocrx_word' id='word_1_350' title='bbox 1601 3223 1657 3279; x_wconf 85' lang='lat' dir='ltr'><strong>in</strong></span> <span class='ocrx_word' id='word_1_351' title='bbox 1681 3221 1999 3277; x_wconf 65' lang='lat' dir='ltr'><strong>Matthaaum</strong></span> 
     </span>
    </p>
   </div>
   <div class='ocr_carea' id='block_1_49' title="bbox 418 3315 2002 3386">
    <p class='ocr_par' dir='ltr' id='par_1_49' title="bbox 418 3315 2002 3386">
     <span class='ocr_line' id='line_1_49' title="bbox 418 3315 2002 3386; baseline 0.002 -19"><span class='ocrx_word' id='word_1_352' title='bbox 418 3316 629 3384; x_wconf 87' lang='lat' dir='ltr'><strong>putavit</strong></span> <span class='ocrx_word' id='word_1_353' title='bbox 672 3332 811 3371; x_wconf 77' lang='lat' dir='ltr'><strong>esse&#39;</strong></span> <span class='ocrx_word' id='word_1_354' title='bbox 829 3315 1013 3371; x_wconf 89' lang='lat' dir='ltr'><strong>Latini</strong></span> <span class='ocrx_word' id='word_1_355' title='bbox 1065 3319 1308 3372; x_wconf 89' lang='lat' dir='ltr'><strong>auctoris</strong></span> <span class='ocrx_word' id='word_1_356' title='bbox 1352 3334 1366 3372; x_wconf 89' lang='lat'><strong>:</strong></span> <span class='ocrx_word' id='word_1_357' title='bbox 1415 3317 1511 3373; x_wconf 90' lang='lat' dir='ltr'><strong>sed</strong></span> <span class='ocrx_word' id='word_1_358' title='bbox 1542 3334 1644 3370; x_wconf 90' lang='lat' dir='ltr'><strong>non</strong></span> <span class='ocrx_word' id='word_1_359' title='bbox 1673 3317 1832 3386; x_wconf 81' lang='lat' dir='ltr'><strong>ﬁrma</strong></span> <span class='ocrx_word' id='word_1_360' title='bbox 1865 3316 2002 3370; x_wconf 86' lang='lat' dir='ltr'><strong>mihi</strong></span> 
     </span>
    </p>
   </div>
   <div class='ocr_carea' id='block_1_50' title="bbox 417 3410 2003 3482">
    <p class='ocr_par' dir='ltr' id='par_1_50' title="bbox 417 3410 2003 3482">
     <span class='ocr_line' id='line_1_50' title="bbox 417 3410 2003 3482; baseline 0.003 -21"><span class='ocrx_word' id='word_1_361' title='bbox 417 3411 636 3465; x_wconf 83' lang='lat' dir='ltr'><strong>videtur</strong></span> <span class='ocrx_word' id='word_1_362' title='bbox 681 3411 802 3481; x_wconf 86' lang='lat' dir='ltr'><strong>ejus</strong></span> <span class='ocrx_word' id='word_1_363' title='bbox 852 3412 1019 3478; x_wconf 90' lang='lat' dir='ltr'><strong>ratio,</strong></span> <span class='ocrx_word' id='word_1_364' title='bbox 1069 3412 1250 3482; x_wconf 89' lang='lat' dir='ltr'><strong>inquit</strong></span> <span class='ocrx_word' id='word_1_365' title='bbox 1289 3411 1565 3467; x_wconf 91' lang='lat' dir='ltr'><strong>Labbeus.</strong></span> <span class='ocrx_word' id='word_1_366' title='bbox 1611 3410 1678 3465; x_wconf 90' lang='lat' dir='ltr'><strong>Et</strong></span> <span class='ocrx_word' id='word_1_367' title='bbox 1707 3423 1826 3466; x_wconf 86' lang='lat' dir='ltr'><strong>erat</strong></span> <span class='ocrx_word' id='word_1_368' title='bbox 1854 3419 2003 3465; x_wconf 85' lang='lat' dir='ltr'><strong>certe</strong></span> 
     </span>
    </p>
   </div>
   <div class='ocr_carea' id='block_1_51' title="bbox 418 3506 2002 3578">
    <p class='ocr_par' dir='ltr' id='par_1_51' title="bbox 418 3506 2002 3578">
     <span class='ocr_line' id='line_1_51' title="bbox 418 3506 2002 3578; baseline -0.001 -18"><span class='ocrx_word' id='word_1_369' title='bbox 418 3507 820 3572; x_wconf 88' lang='lat' dir='ltr'><strong>iulirmissima,</strong></span> <span class='ocrx_word' id='word_1_370' title='bbox 849 3517 911 3562; x_wconf 90' lang='lat' dir='ltr'><strong>ut</strong></span> <span class='ocrx_word' id='word_1_371' title='bbox 937 3523 1085 3564; x_wconf 89' lang='lat' dir='ltr'><strong>nunc</strong></span> <span class='ocrx_word' id='word_1_372' title='bbox 1124 3517 1351 3578; x_wconf 78' lang='lat' dir='ltr'><strong>apparet</strong></span> <span class='ocrx_word' id='word_1_373' title='bbox 1393 3525 1460 3563; x_wconf 78' lang='lat' dir='ltr'><strong>ex</strong></span> <span class='ocrx_word' id='word_1_374' title='bbox 1504 3507 1902 3563; x_wconf 85' lang='lat' dir='ltr'><strong>commentario</strong></span> <span class='ocrx_word' id='word_1_375' title='bbox 1933 3506 2002 3560; x_wconf 86' lang='lat' dir='ltr'><strong>ab</strong></span> 
     </span>
    </p>
   </div>
   <div class='ocr_carea' id='block_1_52' title="bbox 418 3599 2000 3673">
    <p class='ocr_par' dir='ltr' id='par_1_52' title="bbox 418 3599 2000 3673">
     <span class='ocr_line' id='line_1_52' title="bbox 418 3599 2000 3673; baseline 0 -20"><span class='ocrx_word' id='word_1_376' title='bbox 418 3599 617 3657; x_wconf 89' lang='lat' dir='ltr'><strong>lluetio</strong></span> <span class='ocrx_word' id='word_1_377' title='bbox 657 3603 846 3658; x_wconf 68' lang='grc' dir='ltr'><strong>ϐτειξρθ</strong></span> <span class='ocrx_word' id='word_1_378' title='bbox 897 3603 1068 3658; x_wconf 86' lang='lat' dir='ltr'><strong>edito.</strong></span> <span class='ocrx_word' id='word_1_379' title='bbox 1120 3601 1187 3657; x_wconf 87' lang='lat' dir='ltr'><strong>Et</strong></span> <span class='ocrx_word' id='word_1_380' title='bbox 1217 3603 1378 3673; x_wconf 86' lang='lat' dir='ltr'><strong>digna</strong></span> <span class='ocrx_word' id='word_1_381' title='bbox 1430 3615 1561 3658; x_wconf 86' lang='lat' dir='ltr'><strong>sunt</strong></span> <span class='ocrx_word' id='word_1_382' title='bbox 1599 3600 1782 3655; x_wconf 85' lang='lat' dir='ltr'><strong>lluetii</strong></span> <span class='ocrx_word' id='word_1_383' title='bbox 1834 3601 2000 3654; x_wconf 87' lang='lat' dir='ltr'><strong>verba</strong></span> 
     </span>
    </p>
   </div>
   <div class='ocr_carea' id='block_1_53' title="bbox 414 3690 2000 3765">
    <p class='ocr_par' dir='ltr' id='par_1_53' title="bbox 414 3690 2000 3765">
     <span class='ocr_line' id='line_1_53' title="bbox 414 3690 2000 3765; baseline -0.003 -18"><span class='ocrx_word' id='word_1_384' title='bbox 414 3708 538 3763; x_wconf 60' lang='lat' dir='ltr'><strong>quae</strong></span> <span class='ocrx_word' id='word_1_385' title='bbox 569 3710 597 3747; x_wconf 91' lang='lat' dir='ltr'><strong>a</strong></span> <span class='ocrx_word' id='word_1_386' title='bbox 626 3694 826 3748; x_wconf 84' lang='lat' dir='ltr'><strong>talibus</strong></span> <span class='ocrx_word' id='word_1_387' title='bbox 881 3694 1259 3765; x_wconf 87' lang='lat' dir='ltr'><strong>hypercriticis</strong></span> <span class='ocrx_word' id='word_1_388' title='bbox 1306 3694 1668 3748; x_wconf 87' lang='lat' dir='ltr'><strong>observentur</strong></span> <span class='ocrx_word' id='word_1_389' title='bbox 1698 3710 1711 3746; x_wconf 90' lang='lat'><strong>:</strong></span> <span class='ocrx_word' id='word_1_390' title='bbox 1746 3690 2000 3755; x_wconf 84' lang='lat' dir='ltr'><strong>Quamvis</strong></span> 
     </span>
    </p>
   </div>
   <div class='ocr_carea' id='block_1_54' title="bbox 415 3781 2002 3856">
    <p class='ocr_par' dir='ltr' id='par_1_54' title="bbox 415 3781 2002 3856">
     <span class='ocr_line' id='line_1_54' title="bbox 415 3781 2002 3856; baseline -0.002 -18"><span class='ocrx_word' id='word_1_391' title='bbox 415 3788 512 3839; x_wconf 79' lang='lat' dir='ltr'><strong>hac</strong></span> <span class='ocrx_word' id='word_1_392' title='bbox 541 3785 855 3841; x_wconf 87' lang='lat' dir='ltr'><strong>Bellarmini</strong></span> <span class='ocrx_word' id='word_1_393' title='bbox 875 3786 1142 3856; x_wconf 87' lang='lat' dir='ltr'><strong>judicium</strong></span> <span class='ocrx_word' id='word_1_394' title='bbox 1167 3785 1346 3856; x_wconf 82' lang='lat' dir='ltr'><strong>palam</strong></span> <span class='ocrx_word' id='word_1_395' title='bbox 1372 3785 1580 3854; x_wconf 77' lang='lat' dir='ltr'><strong>refellat</strong></span> <span class='ocrx_word' id='word_1_396' title='bbox 1605 3784 1804 3838; x_wconf 87' lang='lat' dir='ltr'><strong>codicis</strong></span> <span class='ocrx_word' id='word_1_397' title='bbox 1829 3781 2002 3836; x_wconf 76' lang='lat' dir='ltr'><strong>erci</strong></span> 
     </span>
    </p>
   </div>
   <div class='ocr_carea' id='block_1_55' title="bbox 413 3874 1999 3946">
    <p class='ocr_par' dir='ltr' id='par_1_55' title="bbox 413 3874 1999 3946">
     <span class='ocr_line' id='line_1_55' title="bbox 413 3874 1999 3946; baseline -0.004 -14"><span class='ocrx_word' id='word_1_398' title='bbox 413 3879 592 3941; x_wconf 85' lang='lat' dir='ltr'><strong>lectio,</strong></span> <span class='ocrx_word' id='word_1_399' title='bbox 617 3895 679 3932; x_wconf 87' lang='lat' dir='ltr'><strong>ea</strong></span> <span class='ocrx_word' id='word_1_400' title='bbox 708 3888 881 3931; x_wconf 90' lang='lat' dir='ltr'><strong>tamen</strong></span> <span class='ocrx_word' id='word_1_401' title='bbox 921 3879 968 3930; x_wconf 87' lang='lat' dir='ltr'><strong>si</strong></span> <span class='ocrx_word' id='word_1_402' title='bbox 1000 3894 1322 3937; x_wconf 89' lang='lat' dir='ltr'><strong>careremus,</strong></span> <span class='ocrx_word' id='word_1_403' title='bbox 1351 3894 1452 3930; x_wconf 89' lang='lat' dir='ltr'><strong>non</strong></span> <span class='ocrx_word' id='word_1_404' title='bbox 1477 3876 1598 3946; x_wconf 84' lang='lat' dir='ltr'><strong>plus</strong></span> <span class='ocrx_word' id='word_1_405' title='bbox 1630 3875 1824 3930; x_wconf 84' lang='lat' dir='ltr'><strong>valeret</strong></span> <span class='ocrx_word' id='word_1_406' title='bbox 1861 3874 1999 3928; x_wconf 91' lang='lat' dir='ltr'><strong>illud</strong></span> 
     </span>
    </p>
   </div>
   <div class='ocr_carea' id='block_1_56' title="bbox 415 3968 1997 4040">
    <p class='ocr_par' dir='ltr' id='par_1_56' title="bbox 415 3968 1997 4040">
     <span class='ocr_line' id='line_1_56' title="bbox 415 3968 1997 4040; baseline -0.004 -13"><span class='ocrx_word' id='word_1_407' title='bbox 415 3973 668 4027; x_wconf 83' lang='lat' dir='ltr'><strong>adversus</strong></span> <span class='ocrx_word' id='word_1_408' title='bbox 712 3971 847 4026; x_wconf 87' lang='lat' dir='ltr'><strong>hunc</strong></span> <span class='ocrx_word' id='word_1_409' title='bbox 885 3973 1198 4026; x_wconf 83' lang='lat' dir='ltr'><strong>Adamantii</strong></span> <span class='ocrx_word' id='word_1_410' title='bbox 1261 3973 1495 4037; x_wconf 87' lang='lat' dir='ltr'><strong>librum,</strong></span> <span class='ocrx_word' id='word_1_411' title='bbox 1539 3985 1699 4040; x_wconf 89' lang='lat' dir='ltr'><strong>quam</strong></span> <span class='ocrx_word' id='word_1_412' title='bbox 1748 3968 1997 4021; x_wconf 88' lang='lat' dir='ltr'><strong>adversus</strong></span> 
     </span>
    </p>
   </div>
   <div class='ocr_carea' id='block_1_57' title="bbox 415 4057 2001 4133">
    <p class='ocr_par' dir='ltr' id='par_1_57' title="bbox 415 4057 2001 4133">
     <span class='ocr_line' id='line_1_57' title="bbox 415 4057 2001 4133; baseline -0.003 -17"><span class='ocrx_word' id='word_1_413' title='bbox 415 4063 671 4133; x_wconf 83' lang='lat' dir='ltr'><strong>reliquos,</strong></span> <span class='ocrx_word' id='word_1_414' title='bbox 718 4079 848 4133; x_wconf 89' lang='lat' dir='ltr'><strong>quos</strong></span> <span class='ocrx_word' id='word_1_415' title='bbox 904 4073 1136 4117; x_wconf 84' lang='lat' dir='ltr'><strong>veterum</strong></span> <span class='ocrx_word' id='word_1_416' title='bbox 1184 4064 1529 4133; x_wconf 88' lang='lat' dir='ltr'><strong>interpretum</strong></span> <span class='ocrx_word' id='word_1_417' title='bbox 1585 4059 1764 4115; x_wconf 88' lang='lat' dir='ltr'><strong>studio</strong></span> <span class='ocrx_word' id='word_1_418' title='bbox 1806 4057 2001 4112; x_wconf 85' lang='lat' dir='ltr'><strong>Latine</strong></span> 
     </span>
    </p>
   </div>
   <div class='ocr_carea' id='block_1_58' title="bbox 415 4149 1996 4224">
    <p class='ocr_par' dir='ltr' id='par_1_58' title="bbox 415 4149 1996 4224">
     <span class='ocr_line' id='line_1_58' title="bbox 415 4149 1996 4224; baseline -0.003 -17"><span class='ocrx_word' id='word_1_419' title='bbox 415 4154 650 4209; x_wconf 88' lang='lat' dir='ltr'><strong>redditos</strong></span> <span class='ocrx_word' id='word_1_420' title='bbox 691 4154 912 4224; x_wconf 81' lang='lat' dir='ltr'><strong>legimus</strong></span> <span class='ocrx_word' id='word_1_421' title='bbox 956 4170 974 4208; x_wconf 87' lang='lat'><strong>.&#39;</strong></span> <span class='ocrx_word' id='word_1_422' title='bbox 1011 4156 1066 4211; x_wconf 85' lang='lat' dir='ltr'><strong>in</strong></span> <span class='ocrx_word' id='word_1_423' title='bbox 1113 4155 1179 4208; x_wconf 87' lang='lat' dir='ltr'><strong>iis</strong></span> <span class='ocrx_word' id='word_1_424' title='bbox 1221 4155 1480 4224; x_wconf 81' lang='lat' dir='ltr'><strong>siquidem</strong></span> <span class='ocrx_word' id='word_1_425' title='bbox 1520 4154 1820 4224; x_wconf 75' lang='lat' dir='ltr'><strong>frequenter</strong></span> <span class='ocrx_word' id='word_1_426' title='bbox 1849 4149 1996 4218; x_wconf 87' lang='lat' dir='ltr'><strong>ejus-</strong></span> 
     </span>
    </p>
   </div>
   <div class='ocr_carea' id='block_1_59' title="bbox 413 4243 1999 4314">
    <p class='ocr_par' dir='ltr' id='par_1_59' title="bbox 413 4243 1999 4314">
     <span class='ocr_line' id='line_1_59' title="bbox 413 4243 1999 4314; baseline -0.001 -16"><span class='ocrx_word' id='word_1_427' title='bbox 413 4245 560 4299; x_wconf 84' lang='lat' dir='ltr'><strong>modi</strong></span> <span class='ocrx_word' id='word_1_428' title='bbox 589 4258 872 4301; x_wconf 89' lang='lat' dir='ltr'><strong>occurrunt</strong></span> <span class='ocrx_word' id='word_1_429' title='bbox 902 4248 1269 4302; x_wconf 87' lang='lat' dir='ltr'><strong>additamenta</strong></span> <span class='ocrx_word' id='word_1_430' title='bbox 1297 4249 1642 4314; x_wconf 86' lang='lat' dir='ltr'><strong>interpretum</strong></span> <span class='ocrx_word' id='word_1_431' title='bbox 1670 4261 1781 4299; x_wconf 77' lang='lat' dir='ltr'><strong>sua:</strong></span> <span class='ocrx_word' id='word_1_432' title='bbox 1803 4243 1999 4313; x_wconf 77' lang='lat' dir='ltr'><strong>linguw</strong></span> 
     </span>
    </p>
   </div>
   <div class='ocr_carea' id='block_1_60' title="bbox 413 4335 1996 4412">
    <p class='ocr_par' dir='ltr' id='par_1_60' title="bbox 413 4335 1996 4412">
     <span class='ocr_line' id='line_1_60' title="bbox 413 4335 1996 4412; baseline -0.001 -20"><span class='ocrx_word' id='word_1_433' title='bbox 413 4339 711 4393; x_wconf 81' lang='lat' dir='ltr'><strong>hominibus</strong></span> <span class='ocrx_word' id='word_1_434' title='bbox 737 4344 1182 4410; x_wconf 84' lang='lat' dir='ltr'><strong>gratiﬁcantium.</strong></span> <span class='ocrx_word' id='word_1_435' title='bbox 1209 4341 1394 4412; x_wconf 87' lang='lat' dir='ltr'><strong>Neque</strong></span> <span class='ocrx_word' id='word_1_436' title='bbox 1423 4341 1538 4396; x_wconf 67' lang='lat' dir='ltr'><strong>haec</strong></span> <span class='ocrx_word' id='word_1_437' title='bbox 1561 4341 1628 4394; x_wconf 90' lang='lat' dir='ltr'><strong>de</strong></span> <span class='ocrx_word' id='word_1_438' title='bbox 1648 4335 1996 4408; x_wconf 86' lang='lat' dir='ltr'><strong>Origenianis</strong></span> 
     </span>
    </p>
   </div>
   <div class='ocr_carea' id='block_1_61' title="bbox 414 4425 1998 4502">
    <p class='ocr_par' dir='ltr' id='par_1_61' title="bbox 414 4425 1998 4502">
     <span class='ocr_line' id='line_1_61' title="bbox 414 4425 1998 4502; baseline -0.003 -19"><span class='ocrx_word' id='word_1_439' title='bbox 414 4439 625 4484; x_wconf 89' lang='lat' dir='ltr'><strong>tantum</strong></span> <span class='ocrx_word' id='word_1_440' title='bbox 658 4446 786 4485; x_wconf 87' lang='lat' dir='ltr'><strong>vera</strong></span> <span class='ocrx_word' id='word_1_441' title='bbox 836 4441 984 4487; x_wconf 90' lang='lat' dir='ltr'><strong>sunt.</strong></span> <span class='ocrx_word' id='word_1_442' title='bbox 1029 4433 1184 4502; x_wconf 85' lang='lat' dir='ltr'><strong>Apud</strong></span> <span class='ocrx_word' id='word_1_443' title='bbox 1234 4431 1492 4486; x_wconf 89' lang='lat' dir='ltr'><strong>Latinum</strong></span> <span class='ocrx_word' id='word_1_444' title='bbox 1543 4429 1808 4486; x_wconf 68' lang='lat' dir='ltr'><strong>Irenaeum</strong></span> <span class='ocrx_word' id='word_1_445' title='bbox 1862 4425 1998 4496; x_wconf 82' lang='lat' dir='ltr'><strong>legi-</strong></span> 
     </span>
    </p>
   </div>
   <div class='ocr_carea' id='block_1_62' title="bbox 2111 1933 3698 2014">
    <p class='ocr_par' dir='ltr' id='par_1_62' title="bbox 2111 1933 3698 2014">
     <span class='ocr_line' id='line_1_62' title="bbox 2111 1933 3698 2014; baseline 0.008 -26"><span class='ocrx_word' id='word_1_446' title='bbox 2111 1933 2281 1991; x_wconf 84' lang='lat' dir='ltr'><strong>fuisse</strong></span> <span class='ocrx_word' id='word_1_447' title='bbox 2335 1952 2441 1992; x_wconf 90' lang='lat' dir='ltr'><strong>non</strong></span> <span class='ocrx_word' id='word_1_448' title='bbox 2485 1937 2702 1994; x_wconf 88' lang='lat' dir='ltr'><strong>credas.</strong></span> <span class='ocrx_word' id='word_1_449' title='bbox 2754 1940 2899 1996; x_wconf 91' lang='lat' dir='ltr'><strong>Dicit</strong></span> <span class='ocrx_word' id='word_1_450' title='bbox 2931 1942 3148 2012; x_wconf 88' lang='lat' dir='ltr'><strong>aliquos</strong></span> <span class='ocrx_word' id='word_1_451' title='bbox 3178 1960 3275 2014; x_wconf 89' lang='lat' dir='ltr'><strong>per</strong></span> <span class='ocrx_word' id='word_1_452' title='bbox 3321 1945 3698 2000; x_wconf 82' lang='lat' dir='ltr'><strong>inordinatam</strong></span> 
     </span>
    </p>
   </div>
   <div class='ocr_carea' id='block_1_63' title="bbox 2108 2026 3702 2104">
    <p class='ocr_par' dir='ltr' id='par_1_63' title="bbox 2108 2026 3702 2104">
     <span class='ocr_line' id='line_1_63' title="bbox 2108 2026 3702 2104; baseline 0.008 -24"><span class='ocrx_word' id='word_1_453' title='bbox 2108 2026 2430 2082; x_wconf 85' lang='lat' dir='ltr'><strong>charitatetn</strong></span> <span class='ocrx_word' id='word_1_454' title='bbox 2473 2027 2657 2084; x_wconf 88' lang='lat' dir='ltr'><strong>dicere</strong></span> <span class='ocrx_word' id='word_1_455' title='bbox 2688 2029 2919 2086; x_wconf 89' lang='lat' dir='ltr'><strong>Paulum</strong></span> <span class='ocrx_word' id='word_1_456' title='bbox 2969 2035 3159 2089; x_wconf 88' lang='lat' dir='ltr'><strong>sedere</strong></span> <span class='ocrx_word' id='word_1_457' title='bbox 3202 2053 3233 2089; x_wconf 86' lang='lat' dir='ltr'><strong>a</strong></span> <span class='ocrx_word' id='word_1_458' title='bbox 3265 2035 3497 2104; x_wconf 86' lang='lat' dir='ltr'><strong>dextris,</strong></span> <span class='ocrx_word' id='word_1_459' title='bbox 3547 2036 3702 2091; x_wconf 77' lang='lat' dir='ltr'><strong>Mar-</strong></span> 
     </span>
    </p>
   </div>
   <div class='ocr_carea' id='block_1_64' title="bbox 2107 2117 3699 2196">
    <p class='ocr_par' dir='ltr' id='par_1_64' title="bbox 2107 2117 3699 2196">
     <span class='ocr_line' id='line_1_64' title="bbox 2107 2117 3699 2196; baseline 0.006 -24"><span class='ocrx_word' id='word_1_460' title='bbox 2107 2117 2323 2172; x_wconf 88' lang='lat' dir='ltr'><strong>cionem</strong></span> <span class='ocrx_word' id='word_1_461' title='bbox 2376 2135 2406 2173; x_wconf 89' lang='lat' dir='ltr'><strong>a</strong></span> <span class='ocrx_word' id='word_1_462' title='bbox 2438 2119 2681 2177; x_wconf 85' lang='lat' dir='ltr'><strong>sinistris</strong></span> <span class='ocrx_word' id='word_1_463' title='bbox 2729 2121 3034 2178; x_wconf 88' lang='lat' dir='ltr'><strong>Salvatoris</strong></span> <span class='ocrx_word' id='word_1_464' title='bbox 3058 2165 3074 2191; x_wconf 94' lang='lat'><strong>,</strong></span> <span class='ocrx_word' id='word_1_465' title='bbox 3119 2135 3173 2181; x_wconf 89' lang='lat' dir='ltr'><strong>et</strong></span> <span class='ocrx_word' id='word_1_466' title='bbox 3212 2141 3306 2196; x_wconf 91' lang='lat' dir='ltr'><strong>per</strong></span> <span class='ocrx_word' id='word_1_467' title='bbox 3339 2127 3699 2193; x_wconf 82' lang='lat' dir='ltr'><strong>advocatum,</strong></span> 
     </span>
    </p>
   </div>
   <div class='ocr_carea' id='block_1_65' title="bbox 2110 2207 3696 2286">
    <p class='ocr_par' dir='ltr' id='par_1_65' title="bbox 2110 2207 3696 2286">
     <span class='ocr_line' id='line_1_65' title="bbox 2110 2207 3696 2286; baseline 0.006 -24"><span class='ocrx_word' id='word_1_468' title='bbox 2110 2207 2377 2278; x_wconf 88' lang='lat' dir='ltr'><strong>Spiritum</strong></span> <span class='ocrx_word' id='word_1_469' title='bbox 2412 2213 2694 2276; x_wconf 89' lang='lat' dir='ltr'><strong>veritatis,</strong></span> <span class='ocrx_word' id='word_1_470' title='bbox 2734 2213 3040 2284; x_wconf 86' lang='lat' dir='ltr'><strong>intelligere</strong></span> <span class='ocrx_word' id='word_1_471' title='bbox 3076 2218 3386 2286; x_wconf 87' lang='lat' dir='ltr'><strong>apostolum</strong></span> <span class='ocrx_word' id='word_1_472' title='bbox 3413 2217 3696 2275; x_wconf 89' lang='lat' dir='ltr'><strong>Paulum:</strong></span> 
     </span>
    </p>
   </div>
   <div class='ocr_carea' id='block_1_66' title="bbox 2110 2301 3703 2383">
    <p class='ocr_par' dir='ltr' id='par_1_66' title="bbox 2110 2301 3703 2383">
     <span class='ocr_line' id='line_1_66' title="bbox 2110 2301 3703 2383; baseline 0.007 -29"><span class='ocrx_word' id='word_1_473' title='bbox 2110 2301 2263 2366; x_wconf 82' lang='lat' dir='ltr'><strong>Quod</strong></span> <span class='ocrx_word' id='word_1_474' title='bbox 2301 2303 2538 2373; x_wconf 83' lang='lat' dir='ltr'><strong>quidem,</strong></span> <span class='ocrx_word' id='word_1_475' title='bbox 2566 2304 2764 2375; x_wconf 90' lang='lat' dir='ltr'><strong>inquit,</strong></span> <span class='ocrx_word' id='word_1_476' title='bbox 2807 2307 2861 2358; x_wconf 91' lang='lat' dir='ltr'><strong>in</strong></span> <span class='ocrx_word' id='word_1_477' title='bbox 2884 2305 3125 2362; x_wconf 88' lang='lat' dir='ltr'><strong>Ecclesia</strong></span> <span class='ocrx_word' id='word_1_478' title='bbox 3156 2313 3412 2378; x_wconf 88' lang='lat' dir='ltr'><strong>patimur.</strong></span> <span class='ocrx_word' id='word_1_479' title='bbox 3442 2311 3703 2383; x_wconf 85' lang='lat' dir='ltr'><strong>Plerique</strong></span> 
     </span>
    </p>
   </div>
   <div class='ocr_carea' id='block_1_67' title="bbox 2105 2395 3702 2470">
    <p class='ocr_par' dir='ltr' id='par_1_67' title="bbox 2105 2395 3702 2470">
     <span class='ocr_line' id='line_1_67' title="bbox 2105 2395 3702 2470; baseline 0.006 -22"><span class='ocrx_word' id='word_1_480' title='bbox 2105 2395 2245 2448; x_wconf 86' lang='lat' dir='ltr'><strong>enim</strong></span> <span class='ocrx_word' id='word_1_481' title='bbox 2288 2395 2415 2448; x_wconf 90' lang='lat' dir='ltr'><strong>dum</strong></span> <span class='ocrx_word' id='word_1_482' title='bbox 2459 2395 2579 2464; x_wconf 86' lang='lat' dir='ltr'><strong>plus</strong></span> <span class='ocrx_word' id='word_1_483' title='bbox 2625 2412 2719 2450; x_wconf 88' lang='lat' dir='ltr'><strong>nos</strong></span> <span class='ocrx_word' id='word_1_484' title='bbox 2767 2397 2994 2469; x_wconf 87' lang='lat' dir='ltr'><strong>diligunt</strong></span> <span class='ocrx_word' id='word_1_485' title='bbox 3036 2416 3197 2470; x_wconf 89' lang='lat' dir='ltr'><strong>quam</strong></span> <span class='ocrx_word' id='word_1_486' title='bbox 3247 2419 3528 2468; x_wconf 85' lang='lat' dir='ltr'><strong>meremur,</strong></span> <span class='ocrx_word' id='word_1_487' title='bbox 3583 2404 3702 2458; x_wconf 77' lang='lat' dir='ltr'><strong>hwc</strong></span> 
     </span>
    </p>
   </div>
   <div class='ocr_carea' id='block_1_68' title="bbox 2095 2484 3704 2563">
    <p class='ocr_par' dir='ltr' id='par_1_68' title="bbox 2095 2484 3704 2563">
     <span class='ocr_line' id='line_1_68' title="bbox 2095 2484 3704 2563; baseline 0.006 -27"><span class='ocrx_word' id='word_1_488' title='bbox 2095 2484 2308 2553; x_wconf 85' lang='lat' dir='ltr'><strong>jactant</strong></span> <span class='ocrx_word' id='word_1_489' title='bbox 2338 2494 2388 2539; x_wconf 88' lang='lat' dir='ltr'><strong>et</strong></span> <span class='ocrx_word' id='word_1_490' title='bbox 2418 2486 2728 2555; x_wconf 86' lang='lat' dir='ltr'><strong>loquuntur,</strong></span> <span class='ocrx_word' id='word_1_491' title='bbox 2758 2504 3021 2541; x_wconf 87' lang='lat' dir='ltr'><strong>sermones</strong></span> <span class='ocrx_word' id='word_1_492' title='bbox 3053 2502 3258 2544; x_wconf 88' lang='lat' dir='ltr'><strong>nostros</strong></span> <span class='ocrx_word' id='word_1_493' title='bbox 3289 2490 3704 2563; x_wconf 72' lang='lat' dir='ltr'><strong>doctrinamque</strong></span> 
     </span>
    </p>
   </div>
   <div class='ocr_carea' id='block_1_69' title="bbox 2105 2575 3702 2652">
    <p class='ocr_par' dir='ltr' id='par_1_69' title="bbox 2105 2575 3702 2652">
     <span class='ocr_line' id='line_1_69' title="bbox 2105 2575 3702 2652; baseline 0.007 -24"><span class='ocrx_word' id='word_1_494' title='bbox 2105 2575 2408 2645; x_wconf 77' lang='lat' dir='ltr'><strong>laudantes,</strong></span> <span class='ocrx_word' id='word_1_495' title='bbox 2437 2593 2555 2646; x_wconf 66' lang='lat' dir='ltr'><strong>quas</strong></span> <span class='ocrx_word' id='word_1_496' title='bbox 2585 2579 2911 2633; x_wconf 85' lang='lat' dir='ltr'><strong>conscientia</strong></span> <span class='ocrx_word' id='word_1_497' title='bbox 2941 2591 3125 2634; x_wconf 88' lang='lat' dir='ltr'><strong>nostra</strong></span> <span class='ocrx_word' id='word_1_498' title='bbox 3167 2599 3272 2636; x_wconf 89' lang='lat' dir='ltr'><strong>non</strong></span> <span class='ocrx_word' id='word_1_499' title='bbox 3316 2584 3524 2652; x_wconf 86' lang='lat' dir='ltr'><strong>recipit.</strong></span> <span class='ocrx_word' id='word_1_500' title='bbox 3577 2586 3702 2639; x_wconf 79' lang='lat' dir='ltr'><strong>Alii</strong></span> 
     </span>
    </p>
   </div>
   <div class='ocr_carea' id='block_1_70' title="bbox 2105 2671 3699 2730">
    <p class='ocr_par' dir='ltr' id='par_1_70' title="bbox 2105 2671 3699 2730">
     <span class='ocr_line' id='line_1_70' title="bbox 2105 2671 3699 2730; baseline 0.006 -9"><span class='ocrx_word' id='word_1_501' title='bbox 2105 2685 2222 2722; x_wconf 88' lang='lat' dir='ltr'><strong>vero</strong></span> <span class='ocrx_word' id='word_1_502' title='bbox 2281 2677 2541 2724; x_wconf 88' lang='lat' dir='ltr'><strong>tractatus</strong></span> <span class='ocrx_word' id='word_1_503' title='bbox 2577 2681 2788 2724; x_wconf 87' lang='lat' dir='ltr'><strong>nostros</strong></span> <span class='ocrx_word' id='word_1_504' title='bbox 2835 2671 3224 2728; x_wconf 84' lang='lat' dir='ltr'><strong>calumniantes</strong></span> <span class='ocrx_word' id='word_1_505' title='bbox 3260 2690 3323 2728; x_wconf 89' lang='lat' dir='ltr'><strong>ea</strong></span> <span class='ocrx_word' id='word_1_506' title='bbox 3353 2675 3550 2728; x_wconf 85' lang='lat' dir='ltr'><strong>sentire</strong></span> <span class='ocrx_word' id='word_1_507' title='bbox 3593 2692 3699 2730; x_wconf 87' lang='lat' dir='ltr'><strong>nos</strong></span> 
     </span>
    </p>
   </div>
   <div class='ocr_carea' id='block_1_71' title="bbox 2104 2761 3699 2833">
    <p class='ocr_par' dir='ltr' id='par_1_71' title="bbox 2104 2761 3699 2833">
     <span class='ocr_line' id='line_1_71' title="bbox 2104 2761 3699 2833; baseline 0.004 -20"><span class='ocrx_word' id='word_1_508' title='bbox 2104 2761 2486 2824; x_wconf 86' lang='lat' dir='ltr'><strong>criminantur,</strong></span> <span class='ocrx_word' id='word_1_509' title='bbox 2540 2777 2659 2830; x_wconf 65' lang='lat' dir='ltr'><strong>quae</strong></span> <span class='ocrx_word' id='word_1_510' title='bbox 2706 2779 2975 2833; x_wconf 89' lang='lat' dir='ltr'><strong>nunquam</strong></span> <span class='ocrx_word' id='word_1_511' title='bbox 3023 2765 3246 2818; x_wconf 86' lang='lat' dir='ltr'><strong>sensisse</strong></span> <span class='ocrx_word' id='word_1_512' title='bbox 3286 2781 3379 2820; x_wconf 87' lang='lat' dir='ltr'><strong>nos</strong></span> <span class='ocrx_word' id='word_1_513' title='bbox 3425 2767 3699 2820; x_wconf 85' lang='lat' dir='ltr'><strong>novimus.</strong></span> 
     </span>
    </p>
   </div>
   <div class='ocr_carea' id='block_1_72' title="bbox 2104 2849 3705 2926">
    <p class='ocr_par' dir='ltr' id='par_1_72' title="bbox 2104 2849 3705 2926">
     <span class='ocr_line' id='line_1_72' title="bbox 2104 2849 3705 2926; baseline 0.004 -20"><span class='ocrx_word' id='word_1_514' title='bbox 2104 2849 2238 2918; x_wconf 75' lang='lat' dir='ltr'><strong>Qua:</strong></span> <span class='ocrx_word' id='word_1_515' title='bbox 2266 2852 2332 2907; x_wconf 92' lang='lat' dir='ltr'><strong>de</strong></span> <span class='ocrx_word' id='word_1_516' title='bbox 2362 2851 2543 2922; x_wconf 89' lang='lat' dir='ltr'><strong>seipso</strong></span> <span class='ocrx_word' id='word_1_517' title='bbox 2571 2851 2860 2922; x_wconf 87' lang='lat' dir='ltr'><strong>Origenem</strong></span> <span class='ocrx_word' id='word_1_518' title='bbox 2893 2855 3188 2924; x_wconf 76' lang='lat' dir='ltr'><strong>scripsisse</strong></span> <span class='ocrx_word' id='word_1_519' title='bbox 3213 2856 3340 2926; x_wconf 89' lang='lat' dir='ltr'><strong>quis</strong></span> <span class='ocrx_word' id='word_1_520' title='bbox 3375 2872 3478 2912; x_wconf 88' lang='lat' dir='ltr'><strong>non</strong></span> <span class='ocrx_word' id='word_1_521' title='bbox 3505 2858 3705 2914; x_wconf 83' lang='lat' dir='ltr'><strong>videt?</strong></span> 
     </span>
    </p>
   </div>
   <div class='ocr_carea' id='block_1_73' title="bbox 2106 2941 3702 3019">
    <p class='ocr_par' dir='ltr' id='par_1_73' title="bbox 2106 2941 3702 3019">
     <span class='ocr_line' id='line_1_73' title="bbox 2106 2941 3702 3019; baseline 0.003 -18"><span class='ocrx_word' id='word_1_522' title='bbox 2106 2944 2212 3001; x_wconf 91' lang='lat' dir='ltr'><strong>Sed</strong></span> <span class='ocrx_word' id='word_1_523' title='bbox 2253 2946 2429 3002; x_wconf 86' lang='lat' dir='ltr'><strong>obiter</strong></span> <span class='ocrx_word' id='word_1_524' title='bbox 2467 2948 2703 3016; x_wconf 83' lang='lat' dir='ltr'><strong>appellat</strong></span> <span class='ocrx_word' id='word_1_525' title='bbox 2733 2947 2999 3018; x_wconf 88' lang='lat' dir='ltr'><strong>Spiritum</strong></span> <span class='ocrx_word' id='word_1_526' title='bbox 3042 2947 3100 3002; x_wconf 92' lang='lat' dir='ltr'><strong>S.</strong></span> <span class='ocrx_word' id='word_1_527' title='bbox 3150 2950 3366 3003; x_wconf 86' lang='lat' dir='ltr'><strong>tertiam</strong></span> <span class='ocrx_word' id='word_1_528' title='bbox 3405 2941 3702 3019; x_wconf 84' lang='lat' dir='ltr'><strong>personam</strong></span> 
     </span>
    </p>
   </div>
   <div class='ocr_carea' id='block_1_74' title="bbox 2104 3038 3700 3113">
    <p class='ocr_par' dir='ltr' id='par_1_74' title="bbox 2104 3038 3700 3113">
     <span class='ocr_line' id='line_1_74' title="bbox 2104 3038 3700 3113; baseline 0.003 -19"><span class='ocrx_word' id='word_1_529' title='bbox 2104 3057 2136 3094; x_wconf 93' lang='lat' dir='ltr'><strong>a</strong></span> <span class='ocrx_word' id='word_1_530' title='bbox 2159 3039 2324 3094; x_wconf 88' lang='lat' dir='ltr'><strong>Patre</strong></span> <span class='ocrx_word' id='word_1_531' title='bbox 2362 3049 2413 3094; x_wconf 90' lang='lat' dir='ltr'><strong>et</strong></span> <span class='ocrx_word' id='word_1_532' title='bbox 2432 3038 2611 3104; x_wconf 87' lang='lat' dir='ltr'><strong>Filio;</strong></span> <span class='ocrx_word' id='word_1_533' title='bbox 2645 3057 2716 3095; x_wconf 84' lang='lat' dir='ltr'><strong>an</strong></span> <span class='ocrx_word' id='word_1_534' title='bbox 2747 3050 2932 3096; x_wconf 88' lang='lat' dir='ltr'><strong>autem</strong></span> <span class='ocrx_word' id='word_1_535' title='bbox 2972 3040 3236 3113; x_wconf 88' lang='lat' dir='ltr'><strong>Origenes</strong></span> <span class='ocrx_word' id='word_1_536' title='bbox 3282 3043 3355 3098; x_wconf 89' lang='lat' dir='ltr'><strong>ita</strong></span> <span class='ocrx_word' id='word_1_537' title='bbox 3396 3043 3547 3113; x_wconf 88' lang='lat' dir='ltr'><strong>loqui</strong></span> <span class='ocrx_word' id='word_1_538' title='bbox 3582 3060 3700 3098; x_wconf 88' lang='lat' dir='ltr'><strong>non</strong></span> 
     </span>
    </p>
   </div>
   <div class='ocr_carea' id='block_1_75' title="bbox 2103 3131 3700 3204">
    <p class='ocr_par' dir='ltr' id='par_1_75' title="bbox 2103 3131 3700 3204">
     <span class='ocr_line' id='line_1_75' title="bbox 2103 3131 3700 3204; baseline 0.001 -16"><span class='ocrx_word' id='word_1_539' title='bbox 2103 3134 2320 3204; x_wconf 90' lang='lat' dir='ltr'><strong>potuit?</strong></span> <span class='ocrx_word' id='word_1_540' title='bbox 2349 3131 2529 3187; x_wconf 82' lang='lat' dir='ltr'><strong>Latini</strong></span> <span class='ocrx_word' id='word_1_541' title='bbox 2559 3131 2752 3188; x_wconf 87' lang='lat' dir='ltr'><strong>Patres</strong></span> <span class='ocrx_word' id='word_1_542' title='bbox 2786 3132 3084 3188; x_wconf 79' lang='grc' dir='ltr'><strong>ὑπόστασιν</strong></span> <span class='ocrx_word' id='word_1_543' title='bbox 3119 3149 3399 3202; x_wconf 88' lang='lat' dir='ltr'><strong>personam</strong></span> <span class='ocrx_word' id='word_1_544' title='bbox 3445 3143 3700 3189; x_wconf 89' lang='lat' dir='ltr'><strong>transtu-</strong></span> 
     </span>
    </p>
   </div>
   <div class='ocr_carea' id='block_1_76' title="bbox 2104 3225 3700 3298">
    <p class='ocr_par' dir='ltr' id='par_1_76' title="bbox 2104 3225 3700 3298">
     <span class='ocr_line' id='line_1_76' title="bbox 2104 3225 3700 3298; baseline 0.001 -17"><span class='ocrx_word' id='word_1_545' title='bbox 2104 3227 2304 3282; x_wconf 89' lang='lat' dir='ltr'><strong>lerunt.</strong></span> <span class='ocrx_word' id='word_1_546' title='bbox 2362 3225 2498 3282; x_wconf 89' lang='lat' dir='ltr'><strong>Tres</strong></span> <span class='ocrx_word' id='word_1_547' title='bbox 2535 3236 2720 3282; x_wconf 91' lang='lat' dir='ltr'><strong>autem</strong></span> <span class='ocrx_word' id='word_1_548' title='bbox 2765 3227 2822 3282; x_wconf 90' lang='lat' dir='ltr'><strong>in</strong></span> <span class='ocrx_word' id='word_1_549' title='bbox 2860 3227 3061 3283; x_wconf 90' lang='lat' dir='ltr'><strong>divinis</strong></span> <span class='ocrx_word' id='word_1_550' title='bbox 3107 3228 3436 3292; x_wconf 75' lang='grc' dir='ltr'><strong>ὑποστάσεις</strong></span> <span class='ocrx_word' id='word_1_551' title='bbox 3472 3244 3700 3298; x_wconf 87' lang='lat' dir='ltr'><strong>semper</strong></span> 
     </span>
    </p>
   </div>
   <div class='ocr_carea' id='block_1_77' title="bbox 2102 3315 3704 3389">
    <p class='ocr_par' dir='ltr' id='par_1_77' title="bbox 2102 3315 3704 3389">
     <span class='ocr_line' id='line_1_77' title="bbox 2102 3315 3704 3389; baseline -0.001 -17"><span class='ocrx_word' id='word_1_552' title='bbox 2102 3319 2326 3388; x_wconf 86' lang='lat' dir='ltr'><strong>agnovit</strong></span> <span class='ocrx_word' id='word_1_553' title='bbox 2353 3315 2638 3389; x_wconf 88' lang='lat' dir='ltr'><strong>Origenes.</strong></span> <span class='ocrx_word' id='word_1_554' title='bbox 2688 3316 2810 3388; x_wconf 90' lang='lat' dir='ltr'><strong>lpse</strong></span> <span class='ocrx_word' id='word_1_555' title='bbox 2839 3319 3081 3374; x_wconf 87' lang='lat' dir='ltr'><strong>secundo</strong></span> <span class='ocrx_word' id='word_1_556' title='bbox 3113 3328 3264 3374; x_wconf 89' lang='lat' dir='ltr'><strong>tomo</strong></span> <span class='ocrx_word' id='word_1_557' title='bbox 3303 3319 3358 3373; x_wconf 93' lang='lat' dir='ltr'><strong>in</strong></span> <span class='ocrx_word' id='word_1_558' title='bbox 3391 3321 3657 3376; x_wconf 83' lang='lat' dir='ltr'><strong>Joannem</strong></span> <span class='ocrx_word' id='word_1_559' title='bbox 3683 3334 3704 3370; x_wconf 91' lang='lat'><strong><em>:</em></strong></span> 
     </span>
    </p>
   </div>
   <div class='ocr_carea' id='block_1_78' title="bbox 2113 3409 3694 3483">
    <p class='ocr_par' dir='ltr' id='par_1_78' title="bbox 2113 3409 3694 3483">
     <span class='ocr_line' id='line_1_78' title="bbox 2113 3409 3694 3483; baseline 0 -19"><span class='ocrx_word' id='word_1_560' title='bbox 2113 3409 2302 3481; x_wconf 80' lang='grc' dir='ltr'><strong>Ἡμεῖς</strong></span> <span class='ocrx_word' id='word_1_561' title='bbox 2338 3410 2521 3481; x_wconf 73' lang='grc' dir='ltr'>μέντοι</span> <span class='ocrx_word' id='word_1_562' title='bbox 2553 3427 2616 3480; x_wconf 85' lang='grc' dir='ltr'>γε</span> <span class='ocrx_word' id='word_1_563' title='bbox 2649 3412 2800 3481; x_wconf 84' lang='grc' dir='ltr'>τρεῖς</span> <span class='ocrx_word' id='word_1_564' title='bbox 2834 3411 3162 3476; x_wconf 78' lang='grc' dir='ltr'>ὑποστάσεις</span> <span class='ocrx_word' id='word_1_565' title='bbox 3205 3411 3519 3482; x_wconf 80' lang='grc' dir='ltr'><strong>πειθόμενοι</strong></span> <span class='ocrx_word' id='word_1_566' title='bbox 3551 3429 3694 3483; x_wconf 78' lang='grc' dir='ltr'><strong>τυγ-</strong></span> 
     </span>
    </p>
   </div>
   <div class='ocr_carea' id='block_1_79' title="bbox 2102 3500 3698 3572">
    <p class='ocr_par' dir='ltr' id='par_1_79' title="bbox 2102 3500 3698 3572">
     <span class='ocr_line' id='line_1_79' title="bbox 2102 3500 3698 3572; baseline 0.001 -18"><span class='ocrx_word' id='word_1_567' title='bbox 2102 3500 2306 3571; x_wconf 82' lang='grc' dir='ltr'><strong>χάνειν,</strong></span> <span class='ocrx_word' id='word_1_568' title='bbox 2332 3501 2424 3554; x_wconf 84' lang='grc' dir='ltr'>τὸν</span> <span class='ocrx_word' id='word_1_569' title='bbox 2447 3500 2688 3572; x_wconf 83' lang='grc' dir='ltr'><strong>Πατέρα,</strong></span> <span class='ocrx_word' id='word_1_570' title='bbox 2708 3501 2800 3554; x_wconf 81' lang='grc' dir='ltr'><strong>καὶ</strong></span> <span class='ocrx_word' id='word_1_571' title='bbox 2830 3500 2922 3554; x_wconf 80' lang='grc' dir='ltr'>τὸν</span> <span class='ocrx_word' id='word_1_572' title='bbox 2952 3500 3100 3564; x_wconf 80' lang='grc' dir='ltr'><strong>Υἱδν,</strong></span> <span class='ocrx_word' id='word_1_573' title='bbox 3125 3503 3220 3556; x_wconf 77' lang='grc' dir='ltr'>καὶ</span> <span class='ocrx_word' id='word_1_574' title='bbox 3244 3502 3305 3556; x_wconf 82' lang='grc' dir='ltr'><strong>τὸ</strong></span> <span class='ocrx_word' id='word_1_575' title='bbox 3337 3503 3493 3571; x_wconf 73' lang='grc' dir='ltr'>ἅγιον</span> <span class='ocrx_word' id='word_1_576' title='bbox 3516 3503 3698 3556; x_wconf 78' lang='grc' dir='ltr'>Πνεῦ-</span> 
     </span>
    </p>
   </div>
   <div class='ocr_carea' id='block_1_80' title="bbox 2103 3593 3697 3666">
    <p class='ocr_par' dir='ltr' id='par_1_80' title="bbox 2103 3593 3697 3666">
     <span class='ocr_line' id='line_1_80' title="bbox 2103 3593 3697 3666; baseline 0.004 -18"><span class='ocrx_word' id='word_1_577' title='bbox 2103 3611 2180 3666; x_wconf 88' lang='grc' dir='ltr'>μα</span> <span class='ocrx_word' id='word_1_578' title='bbox 2227 3593 2327 3664; x_wconf 87' lang='lat' dir='ltr'><strong>(ita</strong></span> <span class='ocrx_word' id='word_1_579' title='bbox 2367 3594 2472 3664; x_wconf 88' lang='lat' dir='ltr'><strong>legi</strong></span> <span class='ocrx_word' id='word_1_580' title='bbox 2529 3593 2584 3648; x_wconf 91' lang='lat' dir='ltr'><strong>in</strong></span> <span class='ocrx_word' id='word_1_581' title='bbox 2638 3610 2741 3648; x_wconf 89' lang='lat' dir='ltr'><strong>ms.</strong></span> <span class='ocrx_word' id='word_1_582' title='bbox 2782 3602 3009 3661; x_wconf 91' lang='lat' dir='ltr'><strong>nostro;</strong></span> <span class='ocrx_word' id='word_1_583' title='bbox 3056 3605 3112 3650; x_wconf 89' lang='lat' dir='ltr'><strong>et</strong></span> <span class='ocrx_word' id='word_1_584' title='bbox 3155 3599 3406 3666; x_wconf 89' lang='lat' dir='ltr'><strong>agnoscit</strong></span> <span class='ocrx_word' id='word_1_585' title='bbox 3457 3596 3697 3654; x_wconf 83' lang='lat' dir='ltr'><strong>Huctius</strong></span> 
     </span>
    </p>
   </div>
   <div class='ocr_carea' id='block_1_81' title="bbox 2101 3683 3696 3759">
    <p class='ocr_par' dir='ltr' id='par_1_81' title="bbox 2101 3683 3696 3759">
     <span class='ocr_line' id='line_1_81' title="bbox 2101 3683 3696 3759; baseline 0.002 -21"><span class='ocrx_word' id='word_1_586' title='bbox 2101 3684 2192 3738; x_wconf 90' lang='lat' dir='ltr'><strong>illa</strong></span> <span class='ocrx_word' id='word_1_587' title='bbox 2223 3684 2389 3738; x_wconf 88' lang='lat' dir='ltr'><strong>verba</strong></span> <span class='ocrx_word' id='word_1_588' title='bbox 2440 3683 2532 3738; x_wconf 73' lang='grc' dir='ltr'><strong>καὶ</strong></span> <span class='ocrx_word' id='word_1_589' title='bbox 2566 3683 2657 3737; x_wconf 81' lang='grc' dir='ltr'>τὸν</span> <span class='ocrx_word' id='word_1_590' title='bbox 2692 3684 2819 3737; x_wconf 82' lang='grc' dir='ltr'>Υἱόν</span> <span class='ocrx_word' id='word_1_591' title='bbox 2869 3685 2923 3738; x_wconf 91' lang='grc'><strong>111</strong></span> <span class='ocrx_word' id='word_1_592' title='bbox 2967 3685 3208 3739; x_wconf 86' lang='lat' dir='ltr'><strong>editione</strong></span> <span class='ocrx_word' id='word_1_593' title='bbox 3260 3703 3361 3742; x_wconf 91' lang='lat' dir='ltr'><strong>sua</strong></span> <span class='ocrx_word' id='word_1_594' title='bbox 3395 3703 3490 3756; x_wconf 88' lang='lat' dir='ltr'><strong>per</strong></span> <span class='ocrx_word' id='word_1_595' title='bbox 3530 3697 3696 3759; x_wconf 81' lang='lat' dir='ltr'><strong>typo-</strong></span> 
     </span>
    </p>
   </div>
   <div class='ocr_carea' id='block_1_82' title="bbox 2100 3775 3696 3847">
    <p class='ocr_par' dir='ltr' id='par_1_82' title="bbox 2100 3775 3696 3847">
     <span class='ocr_line' id='line_1_82' title="bbox 2100 3775 3696 3847; baseline 0.004 -19"><span class='ocrx_word' id='word_1_596' title='bbox 2100 3775 2294 3846; x_wconf 80' lang='lat' dir='ltr'><strong>graplii</strong></span> <span class='ocrx_word' id='word_1_597' title='bbox 2325 3775 2596 3830; x_wconf 90' lang='lat' dir='ltr'><strong>incuriam</strong></span> <span class='ocrx_word' id='word_1_598' title='bbox 2615 3791 2738 3831; x_wconf 89' lang='lat' dir='ltr'><strong>esse</strong></span> <span class='ocrx_word' id='word_1_599' title='bbox 2766 3776 3180 3847; x_wconf 58' lang='lat' dir='ltr'><strong>praetermissa);</strong></span> <span class='ocrx_word' id='word_1_600' title='bbox 3205 3776 3492 3835; x_wconf 85' lang='lat' dir='ltr'><strong>Ferrarius</strong></span> <span class='ocrx_word' id='word_1_601' title='bbox 3517 3779 3696 3834; x_wconf 89' lang='lat' dir='ltr'><strong>inter-</strong></span> 
     </span>
    </p>
   </div>
   <div class='ocr_carea' id='block_1_83' title="bbox 2101 3865 3691 3936">
    <p class='ocr_par' dir='ltr' id='par_1_83' title="bbox 2101 3865 3691 3936">
     <span class='ocr_line' id='line_1_83' title="bbox 2101 3865 3691 3936; baseline 0.003 -19"><span class='ocrx_word' id='word_1_602' title='bbox 2101 3881 2266 3934; x_wconf 85' lang='lat' dir='ltr'><strong>pres:</strong></span> <span class='ocrx_word' id='word_1_603' title='bbox 2303 3865 2416 3920; x_wconf 86' lang='lat' dir='ltr'><strong>Nos</strong></span> <span class='ocrx_word' id='word_1_604' title='bbox 2452 3876 2628 3919; x_wconf 89' lang='lat' dir='ltr'><strong>autem</strong></span> <span class='ocrx_word' id='word_1_605' title='bbox 2661 3867 2752 3936; x_wconf 86' lang='lat' dir='ltr'><strong>qui</strong></span> <span class='ocrx_word' id='word_1_606' title='bbox 2786 3877 2891 3920; x_wconf 90' lang='lat' dir='ltr'><strong>tres</strong></span> <span class='ocrx_word' id='word_1_607' title='bbox 2922 3883 3196 3934; x_wconf 90' lang='lat' dir='ltr'><strong>personas,</strong></span> <span class='ocrx_word' id='word_1_608' title='bbox 3245 3866 3459 3921; x_wconf 88' lang='lat' dir='ltr'><strong>Patrem</strong></span> <span class='ocrx_word' id='word_1_609' title='bbox 3502 3880 3550 3923; x_wconf 88' lang='lat' dir='ltr'><strong>et</strong></span> <span class='ocrx_word' id='word_1_610' title='bbox 3584 3868 3691 3922; x_wconf 83' lang='lat' dir='ltr'><strong>Fi-</strong></span> 
     </span>
    </p>
   </div>
   <div class='ocr_carea' id='block_1_84' title="bbox 2099 3957 3696 4029">
    <p class='ocr_par' dir='ltr' id='par_1_84' title="bbox 2099 3957 3696 4029">
     <span class='ocr_line' id='line_1_84' title="bbox 2099 3957 3696 4029; baseline 0.004 -17"><span class='ocrx_word' id='word_1_611' title='bbox 2099 3958 2231 4012; x_wconf 89' lang='lat' dir='ltr'><strong>lium</strong></span> <span class='ocrx_word' id='word_1_612' title='bbox 2283 3969 2439 4029; x_wconf 90' lang='lat' dir='ltr'><strong>atque</strong></span> <span class='ocrx_word' id='word_1_613' title='bbox 2496 3957 2760 4028; x_wconf 87' lang='lat' dir='ltr'><strong>Spiritum</strong></span> <span class='ocrx_word' id='word_1_614' title='bbox 2815 3957 2874 4014; x_wconf 91' lang='lat' dir='ltr'><strong>S.</strong></span> <span class='ocrx_word' id='word_1_615' title='bbox 2913 3976 3024 4014; x_wconf 87' lang='lat' dir='ltr'><strong>esse</strong></span> <span class='ocrx_word' id='word_1_616' title='bbox 3087 3961 3373 4016; x_wconf 88' lang='lat' dir='ltr'><strong>credimus.</strong></span> <span class='ocrx_word' id='word_1_617' title='bbox 3439 3960 3696 4019; x_wconf 79' lang='lat' dir='ltr'><strong>Plurima</strong></span> 
     </span>
    </p>
   </div>
   <div class='ocr_carea' id='block_1_85' title="bbox 2100 4051 3691 4125">
    <p class='ocr_par' dir='ltr' id='par_1_85' title="bbox 2100 4051 3691 4125">
     <span class='ocr_line' id='line_1_85' title="bbox 2100 4051 3691 4125; baseline 0.001 -17"><span class='ocrx_word' id='word_1_618' title='bbox 2100 4062 2230 4108; x_wconf 88' lang='lat' dir='ltr'><strong>sunt</strong></span> <span class='ocrx_word' id='word_1_619' title='bbox 2273 4054 2327 4106; x_wconf 90' lang='grc'><strong>111</strong></span> <span class='ocrx_word' id='word_1_620' title='bbox 2360 4051 2575 4108; x_wconf 87' lang='lat' dir='ltr'><strong>Latinis</strong></span> <span class='ocrx_word' id='word_1_621' title='bbox 2609 4051 2861 4121; x_wconf 79' lang='lat' dir='ltr'><strong>Origenis</strong></span> <span class='ocrx_word' id='word_1_622' title='bbox 2897 4055 2965 4109; x_wconf 93' lang='lat' dir='ltr'><strong>de</strong></span> <span class='ocrx_word' id='word_1_623' title='bbox 2995 4053 3267 4109; x_wconf 88' lang='lat' dir='ltr'><strong>Trinitate</strong></span> <span class='ocrx_word' id='word_1_624' title='bbox 3299 4070 3691 4125; x_wconf 86' lang='lat' dir='ltr'><strong>personarum,</strong></span> 
     </span>
    </p>
   </div>
   <div class='ocr_carea' id='block_1_86' title="bbox 2100 4141 3692 4216">
    <p class='ocr_par' dir='ltr' id='par_1_86' title="bbox 2100 4141 3692 4216">
     <span class='ocr_line' id='line_1_86' title="bbox 2100 4141 3692 4216; baseline 0.001 -17"><span class='ocrx_word' id='word_1_625' title='bbox 2100 4143 2195 4199; x_wconf 89' lang='lat' dir='ltr'><strong>sed</strong></span> <span class='ocrx_word' id='word_1_626' title='bbox 2228 4155 2483 4213; x_wconf 73' lang='lat' dir='ltr'><strong>suspecta</strong></span> <span class='ocrx_word' id='word_1_627' title='bbox 2513 4159 2575 4198; x_wconf 92' lang='lat' dir='ltr'><strong>ea</strong></span> <span class='ocrx_word' id='word_1_628' title='bbox 2602 4141 2798 4198; x_wconf 88' lang='lat' dir='ltr'><strong>lluetio</strong></span> <span class='ocrx_word' id='word_1_629' title='bbox 2831 4143 2962 4200; x_wconf 82' lang='lat' dir='ltr'><strong>facit</strong></span> <span class='ocrx_word' id='word_1_630' title='bbox 2989 4143 3136 4200; x_wconf 78' lang='lat' dir='ltr'><strong>fluxa</strong></span> <span class='ocrx_word' id='word_1_631' title='bbox 3169 4143 3371 4199; x_wconf 71' lang='grc'><strong>1111111111</strong></span> <span class='ocrx_word' id='word_1_632' title='bbox 3408 4145 3692 4216; x_wconf 80' lang='lat' dir='ltr'><strong>interpre-</strong></span> 
     </span>
    </p>
   </div>
   <div class='ocr_carea' id='block_1_87' title="bbox 2102 4234 3693 4305">
    <p class='ocr_par' dir='ltr' id='par_1_87' title="bbox 2102 4234 3693 4305">
     <span class='ocr_line' id='line_1_87' title="bbox 2102 4234 3693 4305; baseline 0.001 -14"><span class='ocrx_word' id='word_1_633' title='bbox 2102 4237 2172 4291; x_wconf 88' lang='lat' dir='ltr'><strong>tis</strong></span> <span class='ocrx_word' id='word_1_634' title='bbox 2205 4235 2360 4291; x_wconf 88' lang='lat' dir='ltr'><strong>lides.</strong></span> <span class='ocrx_word' id='word_1_635' title='bbox 2399 4234 2466 4289; x_wconf 88' lang='lat' dir='ltr'><strong>Et</strong></span> <span class='ocrx_word' id='word_1_636' title='bbox 2493 4237 2718 4305; x_wconf 85' lang='lat' dir='ltr'><strong>quidem</strong></span> <span class='ocrx_word' id='word_1_637' title='bbox 2753 4236 2848 4291; x_wconf 92' lang='lat' dir='ltr'><strong>ubi</strong></span> <span class='ocrx_word' id='word_1_638' title='bbox 2895 4237 2963 4291; x_wconf 91' lang='lat' dir='ltr'><strong>de</strong></span> <span class='ocrx_word' id='word_1_639' title='bbox 3003 4237 3215 4292; x_wconf 81' lang='lat' dir='ltr'><strong>unitate</strong></span> <span class='ocrx_word' id='word_1_640' title='bbox 3243 4235 3550 4301; x_wconf 86' lang='lat' dir='ltr'><strong>Trinitatis,</strong></span> <span class='ocrx_word' id='word_1_641' title='bbox 3592 4248 3693 4292; x_wconf 87' lang='lat' dir='ltr'><strong>aut</strong></span> 
     </span>
    </p>
   </div>
   <div class='ocr_carea' id='block_1_88' title="bbox 2097 4331 3690 4402">
    <p class='ocr_par' dir='ltr' id='par_1_88' title="bbox 2097 4331 3690 4402">
     <span class='ocr_line' id='line_1_88' title="bbox 2097 4331 3690 4402; baseline 0.001 -17"><span class='ocrx_word' id='word_1_642' title='bbox 2097 4331 2412 4400; x_wconf 63' lang='lat' dir='ltr'><strong>arqualitate</strong></span> <span class='ocrx_word' id='word_1_643' title='bbox 2456 4347 2818 4401; x_wconf 88' lang='lat' dir='ltr'><strong>personarum</strong></span> <span class='ocrx_word' id='word_1_644' title='bbox 2853 4332 3052 4402; x_wconf 86' lang='lat' dir='ltr'><strong>agitur,</strong></span> <span class='ocrx_word' id='word_1_645' title='bbox 3103 4333 3301 4387; x_wconf 90' lang='lat' dir='ltr'><strong>merito</strong></span> <span class='ocrx_word' id='word_1_646' title='bbox 3328 4332 3690 4387; x_wconf 73' lang='lat' dir='ltr'><strong>diuidendum</strong></span> 
     </span>
    </p>
   </div>
   <div class='ocr_carea' id='block_1_89' title="bbox 2098 4423 3692 4492">
    <p class='ocr_par' dir='ltr' id='par_1_89' title="bbox 2098 4423 3692 4492">
     <span class='ocr_line' id='line_1_89' title="bbox 2098 4423 3692 4492; baseline 0.001 -14"><span class='ocrx_word' id='word_1_647' title='bbox 2098 4432 2183 4478; x_wconf 90' lang='lat' dir='ltr'><strong>est</strong></span> <span class='ocrx_word' id='word_1_648' title='bbox 2231 4423 2549 4492; x_wconf 89' lang='lat' dir='ltr'><strong>interpreti;</strong></span> <span class='ocrx_word' id='word_1_649' title='bbox 2615 4423 2684 4477; x_wconf 92' lang='lat' dir='ltr'><strong>de</strong></span> <span class='ocrx_word' id='word_1_650' title='bbox 2724 4423 2991 4480; x_wconf 88' lang='lat' dir='ltr'><strong>Trinitate</strong></span> <span class='ocrx_word' id='word_1_651' title='bbox 3053 4433 3236 4478; x_wconf 88' lang='lat' dir='ltr'><strong>autem</strong></span> <span class='ocrx_word' id='word_1_652' title='bbox 3299 4427 3692 4481; x_wconf 85' lang='lat' dir='ltr'><strong>tantummodo</strong></span> 
     </span>
    </p>
   </div>
   <div class='ocr_carea' id='block_1_90' title="bbox 413 4515 3690 4597">
    <p class='ocr_par' dir='ltr' id='par_1_90' title="bbox 413 4515 3690 4597">
     <span class='ocr_line' id='line_1_90' title="bbox 413 4515 3690 4597; baseline -0.001 -21"><span class='ocrx_word' id='word_1_653' title='bbox 413 4539 536 4578; x_wconf 80' lang='lat' dir='ltr'><strong>inus</strong></span> <span class='ocrx_word' id='word_1_654' title='bbox 583 4539 596 4575; x_wconf 91' lang='lat'><strong>:</strong></span> <span class='ocrx_word' id='word_1_655' title='bbox 635 4521 885 4586; x_wconf 67' lang='lat' dir='ltr'><strong>Enntraa,</strong></span> <span class='ocrx_word' id='word_1_656' title='bbox 915 4525 972 4579; x_wconf 90' lang='lat' dir='ltr'><strong>id</strong></span> <span class='ocrx_word' id='word_1_657' title='bbox 1018 4537 1094 4581; x_wconf 87' lang='lat' dir='ltr'><strong>est</strong></span> <span class='ocrx_word' id='word_1_658' title='bbox 1147 4525 1480 4597; x_wconf 86' lang='lat' dir='ltr'><strong>cogitationi.</strong></span> <span class='ocrx_word' id='word_1_659' title='bbox 1540 4522 1798 4586; x_wconf 83' lang='lat' dir='ltr'><strong>Hermes,</strong></span> <span class='ocrx_word' id='word_1_660' title='bbox 1855 4521 1992 4573; x_wconf 87' lang='lat' dir='ltr'><strong>sicut</strong></span> <span class='ocrx_word' id='word_1_661' title='bbox 2029 4535 2069 4588; x_wconf 75' lang='grc' dir='ltr'>ι)</span> <span class='ocrx_word' id='word_1_662' title='bbox 2099 4515 2376 4585; x_wconf 89' lang='lat' dir='ltr'><strong>loquenti,</strong></span> <span class='ocrx_word' id='word_1_663' title='bbox 2415 4515 2560 4570; x_wconf 87' lang='lat' dir='ltr'><strong>ratio</strong></span> <span class='ocrx_word' id='word_1_664' title='bbox 2599 4515 2750 4570; x_wconf 86' lang='lat' dir='ltr'><strong>nulla</strong></span> <span class='ocrx_word' id='word_1_665' title='bbox 2789 4525 2874 4570; x_wconf 90' lang='lat' dir='ltr'><strong>est</strong></span> <span class='ocrx_word' id='word_1_666' title='bbox 2917 4532 3017 4570; x_wconf 90' lang='lat' dir='ltr'><strong>cur</strong></span> <span class='ocrx_word' id='word_1_667' title='bbox 3049 4516 3382 4572; x_wconf 82' lang='lat' dir='ltr'><strong>dillidamus.</strong></span> <span class='ocrx_word' id='word_1_668' title='bbox 3425 4517 3481 4571; x_wconf 89' lang='grc'><strong>111</strong></span> <span class='ocrx_word' id='word_1_669' title='bbox 3526 4529 3690 4574; x_wconf 77' lang='lat' dir='ltr'><strong>sexto</strong></span> 
     </span>
    </p>
   </div>
   <div class='ocr_carea' id='block_1_91' title="bbox 413 4613 1994 4689">
    <p class='ocr_par' dir='ltr' id='par_1_91' title="bbox 413 4613 1994 4689">
     <span class='ocr_line' id='line_1_91' title="bbox 413 4613 1994 4689; baseline -0.003 -19"><span class='ocrx_word' id='word_1_670' title='bbox 413 4615 596 4671; x_wconf 63' lang='grc' dir='ltr'><strong>(ἐναίρεο</strong></span> <span class='ocrx_word' id='word_1_671' title='bbox 645 4633 880 4671; x_wconf 87' lang='lat' dir='ltr'><strong>sermone</strong></span> <span class='ocrx_word' id='word_1_672' title='bbox 951 4620 1293 4688; x_wconf 77' lang='lat' dir='ltr'><strong>exprimitur,</strong></span> <span class='ocrx_word' id='word_1_673' title='bbox 1340 4616 1634 4689; x_wconf 79' lang='grc' dir='ltr'><strong>Αἰμυλίους</strong></span> <span class='ocrx_word' id='word_1_674' title='bbox 1689 4631 1750 4667; x_wconf 85' lang='grc' dir='ltr'><strong>τε</strong></span> <span class='ocrx_word' id='word_1_675' title='bbox 1801 4613 1994 4681; x_wconf 79' lang='grc' dir='ltr'>λόγους</span> 
     </span>
    </p>
   </div>
   <div class='ocr_carea' id='block_1_92' title="bbox 412 4705 1992 4781">
    <p class='ocr_par' dir='ltr' id='par_1_92' title="bbox 412 4705 1992 4781">
     <span class='ocr_line' id='line_1_92' title="bbox 412 4705 1992 4781; baseline -0.003 -19"><span class='ocrx_word' id='word_1_676' title='bbox 412 4709 506 4762; x_wconf 77' lang='grc' dir='ltr'>καὶ</span> <span class='ocrx_word' id='word_1_677' title='bbox 540 4708 830 4762; x_wconf 78' lang='grc' dir='ltr'>ἐπίκλοπον</span> <span class='ocrx_word' id='word_1_678' title='bbox 856 4705 985 4781; x_wconf 77' lang='grc' dir='ltr'>ἦθος</span> <span class='ocrx_word' id='word_1_679' title='bbox 1017 4711 1103 4764; x_wconf 76' lang='grc' dir='ltr'><strong>ἐπ’</strong></span> <span class='ocrx_word' id='word_1_680' title='bbox 1139 4711 1337 4773; x_wconf 82' lang='grc' dir='ltr'>αὑτοὺς</span> <span class='ocrx_word' id='word_1_681' title='bbox 1371 4709 1620 4774; x_wconf 79' lang='grc' dir='ltr'><strong>κάτθετο,</strong></span> <span class='ocrx_word' id='word_1_682' title='bbox 1664 4716 1722 4760; x_wconf 89' lang='lat' dir='ltr'><strong>ut</strong></span> <span class='ocrx_word' id='word_1_683' title='bbox 1752 4708 1849 4760; x_wconf 86' lang='lat' dir='ltr'><strong>hoc</strong></span> <span class='ocrx_word' id='word_1_684' title='bbox 1877 4705 1992 4775; x_wconf 90' lang='lat' dir='ltr'><strong>ipso</strong></span> 
     </span>
    </p>
   </div>
   <div class='ocr_carea' id='block_1_93' title="bbox 414 4796 1993 4868">
    <p class='ocr_par' dir='ltr' id='par_1_93' title="bbox 414 4796 1993 4868">
     <span class='ocr_line' id='line_1_93' title="bbox 414 4796 1993 4868; baseline -0.002 -15"><span class='ocrx_word' id='word_1_685' title='bbox 414 4799 610 4853; x_wconf 90' lang='lat' dir='ltr'><strong>Latino</strong></span> <span class='ocrx_word' id='word_1_686' title='bbox 657 4817 894 4854; x_wconf 86' lang='lat' dir='ltr'><strong>sermone</strong></span> <span class='ocrx_word' id='word_1_687' title='bbox 936 4802 1201 4868; x_wconf 88' lang='lat' dir='ltr'><strong>dicamus,</strong></span> <span class='ocrx_word' id='word_1_688' title='bbox 1258 4800 1642 4855; x_wconf 70' lang='lat' dir='ltr'><strong>fraudulentiae</strong></span> <span class='ocrx_word' id='word_1_689' title='bbox 1672 4799 1780 4852; x_wconf 88' lang='lat' dir='ltr'><strong>sive</strong></span> <span class='ocrx_word' id='word_1_690' title='bbox 1828 4796 1993 4852; x_wconf 89' lang='lat' dir='ltr'><strong>sedu-</strong></span> 
     </span>
    </p>
   </div>
   <div class='ocr_carea' id='block_1_94' title="bbox 411 4891 1990 4958">
    <p class='ocr_par' dir='ltr' id='par_1_94' title="bbox 411 4891 1990 4958">
     <span class='ocr_line' id='line_1_94' title="bbox 411 4891 1990 4958; baseline -0.004 -10"><span class='ocrx_word' id='word_1_691' title='bbox 411 4894 610 4949; x_wconf 89' lang='lat' dir='ltr'><strong>ctionis</strong></span> <span class='ocrx_word' id='word_1_692' title='bbox 634 4895 819 4958; x_wconf 88' lang='lat' dir='ltr'><strong>verba,</strong></span> <span class='ocrx_word' id='word_1_693' title='bbox 849 4905 902 4949; x_wconf 89' lang='lat' dir='ltr'><strong>et</strong></span> <span class='ocrx_word' id='word_1_694' title='bbox 933 4895 1346 4950; x_wconf 86' lang='lat' dir='ltr'><strong>subinvolantes</strong></span> <span class='ocrx_word' id='word_1_695' title='bbox 1378 4909 1560 4948; x_wconf 88' lang='lat' dir='ltr'><strong>mores</strong></span> <span class='ocrx_word' id='word_1_696' title='bbox 1586 4891 1785 4946; x_wconf 90' lang='lat' dir='ltr'><strong>indidit</strong></span> <span class='ocrx_word' id='word_1_697' title='bbox 1809 4906 1990 4944; x_wconf 88' lang='lat' dir='ltr'><strong>eorum</strong></span> 
     </span>
    </p>
   </div>
   <div class='ocr_carea' id='block_1_95' title="bbox 409 4986 1988 5049">
    <p class='ocr_par' dir='ltr' id='par_1_95' title="bbox 409 4986 1988 5049">
     <span class='ocr_line' id='line_1_95' title="bbox 409 4986 1988 5049; baseline -0.004 -9"><span class='ocrx_word' id='word_1_698' title='bbox 409 4987 648 5040; x_wconf 87' lang='lat' dir='ltr'><strong>sensibus</strong></span> <span class='ocrx_word' id='word_1_699' title='bbox 691 4987 762 5040; x_wconf 86' lang='lat' dir='ltr'><strong>ad</strong></span> <span class='ocrx_word' id='word_1_700' title='bbox 799 4988 1155 5041; x_wconf 86' lang='lat' dir='ltr'><strong>seducendum</strong></span> <span class='ocrx_word' id='word_1_701' title='bbox 1197 4987 1390 5041; x_wconf 87' lang='lat' dir='ltr'><strong>stultos</strong></span> <span class='ocrx_word' id='word_1_702' title='bbox 1435 4986 1731 5049; x_wconf 85' lang='lat' dir='ltr'><strong>hominum,</strong></span> <span class='ocrx_word' id='word_1_703' title='bbox 1773 4991 1832 5036; x_wconf 88' lang='lat' dir='ltr'><strong>ut</strong></span> <span class='ocrx_word' id='word_1_704' title='bbox 1873 4998 1988 5035; x_wconf 90' lang='lat' dir='ltr'><strong>cre-</strong></span> 
     </span>
    </p>
   </div>
   <div class='ocr_carea' id='block_1_96' title="bbox 409 5077 1989 5153">
    <p class='ocr_par' dir='ltr' id='par_1_96' title="bbox 409 5077 1989 5153">
     <span class='ocr_line' id='line_1_96' title="bbox 409 5077 1989 5153; baseline -0.003 -19"><span class='ocrx_word' id='word_1_705' title='bbox 409 5085 539 5137; x_wconf 89' lang='lat' dir='ltr'><strong>dant</strong></span> <span class='ocrx_word' id='word_1_706' title='bbox 587 5084 873 5153; x_wconf 82' lang='lat' dir='ltr'><strong>ﬁgmentis.</strong></span> <span class='ocrx_word' id='word_1_707' title='bbox 927 5083 1102 5138; x_wconf 83' lang='lat' dir='ltr'><strong>Mater</strong></span> <span class='ocrx_word' id='word_1_708' title='bbox 1147 5085 1306 5147; x_wconf 87' lang='lat' dir='ltr'><strong>enim,</strong></span> <span class='ocrx_word' id='word_1_709' title='bbox 1348 5083 1445 5135; x_wconf 88' lang='lat' dir='ltr'><strong>hoc</strong></span> <span class='ocrx_word' id='word_1_710' title='bbox 1488 5092 1562 5135; x_wconf 85' lang='lat' dir='ltr'><strong>est</strong></span> <span class='ocrx_word' id='word_1_711' title='bbox 1591 5079 1742 5145; x_wconf 87' lang='lat' dir='ltr'><strong>Leto,</strong></span> <span class='ocrx_word' id='word_1_712' title='bbox 1788 5077 1989 5132; x_wconf 88' lang='lat' dir='ltr'><strong>occulte</strong></span> 
     </span>
    </p>
   </div>
   <div class='ocr_carea' id='block_1_97' title="bbox 409 5174 1990 5242">
    <p class='ocr_par' dir='ltr' id='par_1_97' title="bbox 409 5174 1990 5242">
     <span class='ocr_line' id='line_1_97' title="bbox 409 5174 1990 5242; baseline -0.003 -16"><span class='ocrx_word' id='word_1_713' title='bbox 409 5175 691 5227; x_wconf 87' lang='lat' dir='ltr'><strong>commovit</strong></span> <span class='ocrx_word' id='word_1_714' title='bbox 729 5191 856 5238; x_wconf 88' lang='lat' dir='ltr'><strong>eos;</strong></span> <span class='ocrx_word' id='word_1_715' title='bbox 901 5177 1040 5228; x_wconf 85' lang='lat' dir='ltr'><strong>unde</strong></span> <span class='ocrx_word' id='word_1_716' title='bbox 1079 5184 1128 5228; x_wconf 88' lang='lat' dir='ltr'><strong>et</strong></span> <span class='ocrx_word' id='word_1_717' title='bbox 1174 5174 1300 5231; x_wconf 78' lang='lat' dir='ltr'><strong>Leto</strong></span> <span class='ocrx_word' id='word_1_718' title='bbox 1328 5180 1633 5242; x_wconf 86' lang='lat' dir='ltr'><strong>nuncupata</strong></span> <span class='ocrx_word' id='word_1_719' title='bbox 1667 5178 1764 5237; x_wconf 87' lang='lat' dir='ltr'><strong>est,</strong></span> <span class='ocrx_word' id='word_1_720' title='bbox 1804 5185 1990 5223; x_wconf 88' lang='lat' dir='ltr'><strong>secun-</strong></span> 
     </span>
    </p>
   </div>
   <div class='ocr_carea' id='block_1_98' title="bbox 405 5262 1988 5336">
    <p class='ocr_par' dir='ltr' id='par_1_98' title="bbox 405 5262 1988 5336">
     <span class='ocr_line' id='line_1_98' title="bbox 405 5262 1988 5336; baseline -0.001 -20"><span class='ocrx_word' id='word_1_721' title='bbox 405 5264 536 5317; x_wconf 88' lang='lat' dir='ltr'><strong>dum</strong></span> <span class='ocrx_word' id='word_1_722' title='bbox 581 5264 754 5320; x_wconf 68' lang='grc' dir='ltr'><strong>(ἔνωεί</strong></span> <span class='ocrx_word' id='word_1_723' title='bbox 787 5268 1042 5321; x_wconf 88' lang='lat' dir='ltr'><strong>sermonis</strong></span> <span class='ocrx_word' id='word_1_724' title='bbox 1086 5267 1524 5336; x_wconf 79' lang='lat' dir='ltr'><strong>signiﬁcantium.</strong></span> <span class='ocrx_word' id='word_1_725' title='bbox 1581 5264 1795 5319; x_wconf 73' lang='lat' dir='ltr'><strong>Rursus</strong></span> <span class='ocrx_word' id='word_1_726' title='bbox 1829 5281 1842 5316; x_wconf 90' lang='lat'><strong>:</strong></span> <span class='ocrx_word' id='word_1_727' title='bbox 1877 5262 1988 5315; x_wconf 85' lang='lat' dir='ltr'><strong>Ho-</strong></span> 
     </span>
    </p>
   </div>
   <div class='ocr_carea' id='block_1_99' title="bbox 409 5355 1988 5428">
    <p class='ocr_par' dir='ltr' id='par_1_99' title="bbox 409 5355 1988 5428">
     <span class='ocr_line' id='line_1_99' title="bbox 409 5355 1988 5428; baseline 0 -22"><span class='ocrx_word' id='word_1_728' title='bbox 409 5371 582 5409; x_wconf 84' lang='lat' dir='ltr'><strong>merus</strong></span> <span class='ocrx_word' id='word_1_729' title='bbox 612 5366 766 5426; x_wconf 86' lang='lat' dir='ltr'><strong>poeta</strong></span> <span class='ocrx_word' id='word_1_730' title='bbox 808 5359 947 5412; x_wconf 75' lang='lat' dir='ltr'><strong>dixit</strong></span> <span class='ocrx_word' id='word_1_731' title='bbox 988 5376 1006 5415; x_wconf 91' lang='lat'><strong><em>:</em></strong></span> <span class='ocrx_word' id='word_1_732' title='bbox 1047 5359 1110 5411; x_wconf 79' lang='grc' dir='ltr'><strong>Οἱ</strong></span> <span class='ocrx_word' id='word_1_733' title='bbox 1143 5358 1198 5412; x_wconf 84' lang='grc' dir='ltr'>δὲ</span> <span class='ocrx_word' id='word_1_734' title='bbox 1232 5358 1344 5411; x_wconf 73' lang='grc' dir='ltr'>Θεοὶ</span> <span class='ocrx_word' id='word_1_735' title='bbox 1379 5355 1493 5428; x_wconf 80' lang='grc' dir='ltr'><strong>πὰρ</strong></span> <span class='ocrx_word' id='word_1_736' title='bbox 1527 5355 1658 5427; x_wconf 80' lang='grc' dir='ltr'>Ζηνὶ</span> <span class='ocrx_word' id='word_1_737' title='bbox 1692 5355 1988 5426; x_wconf 79' lang='grc' dir='ltr'>καθήμενοι</span> 
     </span>
    </p>
   </div>
   <div class='ocr_carea' id='block_1_100' title="bbox 408 5445 1985 5522">
    <p class='ocr_par' dir='ltr' id='par_1_100' title="bbox 408 5445 1985 5522">
     <span class='ocr_line' id='line_1_100' title="bbox 408 5445 1985 5522; baseline 0.001 -24"><span class='ocrx_word' id='word_1_738' title='bbox 408 5445 715 5517; x_wconf 77' lang='grc' dir='ltr'><strong>ἠγορόωντο</strong></span> <span class='ocrx_word' id='word_1_739' title='bbox 743 5449 974 5520; x_wconf 76' lang='grc' dir='ltr'>Χρυσὲῳ</span> <span class='ocrx_word' id='word_1_740' title='bbox 1020 5451 1078 5502; x_wconf 84' lang='grc' dir='ltr'>ὲν</span> <span class='ocrx_word' id='word_1_741' title='bbox 1123 5450 1356 5522; x_wconf 82' lang='grc' dir='ltr'><strong>δαπέδῳ.</strong></span> <span class='ocrx_word' id='word_1_742' title='bbox 1403 5447 1558 5513; x_wconf 84' lang='lat' dir='ltr'><strong>Quod</strong></span> <span class='ocrx_word' id='word_1_743' title='bbox 1589 5447 1777 5502; x_wconf 89' lang='lat' dir='ltr'><strong>Latine</strong></span> <span class='ocrx_word' id='word_1_744' title='bbox 1819 5449 1985 5501; x_wconf 83' lang='lat' dir='ltr'><strong>inter-</strong></span> 
     </span>
    </p>
   </div>
   <div class='ocr_carea' id='block_1_101' title="bbox 411 5539 1986 5614">
    <p class='ocr_par' dir='ltr' id='par_1_101' title="bbox 411 5539 1986 5614">
     <span class='ocr_line' id='line_1_101' title="bbox 411 5539 1986 5614; baseline 0.006 -25"><span class='ocrx_word' id='word_1_745' title='bbox 411 5539 762 5606; x_wconf 86' lang='lat' dir='ltr'><strong>pretabimur,</strong></span> <span class='ocrx_word' id='word_1_746' title='bbox 821 5542 900 5596; x_wconf 90' lang='lat' dir='ltr'><strong>dii</strong></span> <span class='ocrx_word' id='word_1_747' title='bbox 950 5553 1132 5598; x_wconf 88' lang='lat' dir='ltr'><strong>autem</strong></span> <span class='ocrx_word' id='word_1_748' title='bbox 1190 5545 1332 5614; x_wconf 84' lang='lat' dir='ltr'><strong>apud</strong></span> <span class='ocrx_word' id='word_1_749' title='bbox 1384 5543 1572 5598; x_wconf 83' lang='lat' dir='ltr'><strong>Jovem</strong></span> <span class='ocrx_word' id='word_1_750' title='bbox 1639 5543 1986 5598; x_wconf 89' lang='lat' dir='ltr'><strong>considentes</strong></span> 
     </span>
    </p>
   </div>
   <div class='ocr_carea' id='block_1_102' title="bbox 413 5630 1987 5703">
    <p class='ocr_par' dir='ltr' id='par_1_102' title="bbox 413 5630 1987 5703">
     <span class='ocr_line' id='line_1_102' title="bbox 413 5630 1987 5703; baseline 0.004 -23"><span class='ocrx_word' id='word_1_751' title='bbox 413 5630 720 5685; x_wconf 84' lang='lat' dir='ltr'><strong>tractabant</strong></span> <span class='ocrx_word' id='word_1_752' title='bbox 764 5632 819 5685; x_wconf 91' lang='lat' dir='ltr'><strong>in</strong></span> <span class='ocrx_word' id='word_1_753' title='bbox 850 5649 1018 5689; x_wconf 84' lang='lat' dir='ltr'><strong>aureo</strong></span> <span class='ocrx_word' id='word_1_754' title='bbox 1056 5635 1198 5688; x_wconf 88' lang='lat' dir='ltr'><strong>loco.</strong></span> <span class='ocrx_word' id='word_1_755' title='bbox 1250 5637 1429 5703; x_wconf 83' lang='lat' dir='ltr'><strong>Atque</strong></span> <span class='ocrx_word' id='word_1_756' title='bbox 1459 5635 1655 5689; x_wconf 88' lang='lat' dir='ltr'><strong>iterum</strong></span> <span class='ocrx_word' id='word_1_757' title='bbox 1685 5654 1699 5689; x_wconf 89' lang='lat'><strong>:</strong></span> <span class='ocrx_word' id='word_1_758' title='bbox 1725 5633 1987 5688; x_wconf 84' lang='lat' dir='ltr'><strong>Similiter</strong></span> 
     </span>
    </p>
   </div>
   <div class='ocr_carea' id='block_1_103' title="bbox 411 5715 1986 5793">
    <p class='ocr_par' dir='ltr' id='par_1_103' title="bbox 411 5715 1986 5793">
     <span class='ocr_line' id='line_1_103' title="bbox 411 5715 1986 5793; baseline 0.004 -23"><span class='ocrx_word' id='word_1_759' title='bbox 411 5729 461 5771; x_wconf 88' lang='lat' dir='ltr'><strong>et</strong></span> <span class='ocrx_word' id='word_1_760' title='bbox 485 5715 721 5773; x_wconf 84' lang='lat' dir='ltr'><strong>Sabaoth</strong></span> <span class='ocrx_word' id='word_1_761' title='bbox 753 5738 842 5790; x_wconf 90' lang='lat' dir='ltr'><strong>per</strong></span> <span class='ocrx_word' id='word_1_762' title='bbox 881 5724 922 5774; x_wconf 86' lang='grc' dir='ltr'>Ω</span> <span class='ocrx_word' id='word_1_763' title='bbox 952 5723 1164 5793; x_wconf 87' lang='lat' dir='ltr'><strong>quidem</strong></span> <span class='ocrx_word' id='word_1_764' title='bbox 1196 5723 1444 5777; x_wconf 78' lang='lat' dir='ltr'><strong>Gra&#39;cam</strong></span> <span class='ocrx_word' id='word_1_765' title='bbox 1491 5725 1541 5776; x_wconf 90' lang='lat' dir='ltr'><strong>in</strong></span> <span class='ocrx_word' id='word_1_766' title='bbox 1575 5723 1782 5792; x_wconf 83' lang='lat' dir='ltr'><strong>syllaba</strong></span> <span class='ocrx_word' id='word_1_767' title='bbox 1813 5725 1986 5776; x_wconf 86' lang='lat' dir='ltr'><strong>novis-</strong></span> 
     </span>
    </p>
   </div>
   <div class='ocr_carea' id='block_1_104' title="bbox 414 5813 1982 5888">
    <p class='ocr_par' dir='ltr' id='par_1_104' title="bbox 414 5813 1982 5888">
     <span class='ocr_line' id='line_1_104' title="bbox 414 5813 1982 5888; baseline 0.003 -20"><span class='ocrx_word' id='word_1_768' title='bbox 414 5813 546 5869; x_wconf 76' lang='lat' dir='ltr'><strong>sima</strong></span> <span class='ocrx_word' id='word_1_769' title='bbox 599 5815 891 5882; x_wconf 83' lang='lat' dir='ltr'><strong>scribitur;</strong></span> <span class='ocrx_word' id='word_1_770' title='bbox 955 5834 1045 5887; x_wconf 87' lang='lat' dir='ltr'><strong>per</strong></span> <span class='ocrx_word' id='word_1_771' title='bbox 1105 5820 1144 5873; x_wconf 90' lang='grc' dir='ltr'><strong>Ο</strong></span> <span class='ocrx_word' id='word_1_772' title='bbox 1197 5828 1371 5872; x_wconf 83' lang='lat' dir='ltr'><strong>autent</strong></span> <span class='ocrx_word' id='word_1_773' title='bbox 1441 5817 1678 5873; x_wconf 69' lang='lat' dir='ltr'><strong>Gra&#39;cam</strong></span> <span class='ocrx_word' id='word_1_774' title='bbox 1744 5828 1798 5872; x_wconf 85' lang='lat' dir='ltr'><strong>ut</strong></span> <span class='ocrx_word' id='word_1_775' title='bbox 1855 5828 1982 5888; x_wconf 86' lang='lat' dir='ltr'><strong>puta</strong></span> 
     </span>
    </p>
   </div>
   <div class='ocr_carea' id='block_1_105' title="bbox 2096 4607 3691 4683">
    <p class='ocr_par' dir='ltr' id='par_1_105' title="bbox 2096 4607 3691 4683">
     <span class='ocr_line' id='line_1_105' title="bbox 2096 4607 3691 4683; baseline -0.001 -20"><span class='ocrx_word' id='word_1_776' title='bbox 2096 4617 2248 4663; x_wconf 88' lang='lat' dir='ltr'><strong>tomo</strong></span> <span class='ocrx_word' id='word_1_777' title='bbox 2296 4609 2350 4664; x_wconf 89' lang='lat' dir='ltr'><strong>in</strong></span> <span class='ocrx_word' id='word_1_778' title='bbox 2375 4607 2636 4664; x_wconf 80' lang='lat' dir='ltr'><strong>Joannem</strong></span> <span class='ocrx_word' id='word_1_779' title='bbox 2679 4608 2982 4663; x_wconf 89' lang='lat' dir='ltr'><strong>etiamnum</strong></span> <span class='ocrx_word' id='word_1_780' title='bbox 3034 4609 3265 4679; x_wconf 79' lang='lat' dir='ltr'><strong>legimus</strong></span> <span class='ocrx_word' id='word_1_781' title='bbox 3299 4611 3691 4683; x_wconf 77' lang='grc' dir='ltr'>προσκυνητὴν</span> 
     </span>
    </p>
   </div>
   <div class='ocr_carea' id='block_1_106' title="bbox 2096 4698 3688 4771">
    <p class='ocr_par' dir='ltr' id='par_1_106' title="bbox 2096 4698 3688 4771">
     <span class='ocr_line' id='line_1_106' title="bbox 2096 4698 3688 4771; baseline 0.004 -21"><span class='ocrx_word' id='word_1_782' title='bbox 2096 4699 2326 4770; x_wconf 79' lang='grc' dir='ltr'><strong>Τριάδα,</strong></span> <span class='ocrx_word' id='word_1_783' title='bbox 2363 4698 2698 4752; x_wconf 79' lang='lat' dir='ltr'><strong>adorandum</strong></span> <span class='ocrx_word' id='word_1_784' title='bbox 2737 4699 3098 4754; x_wconf 83' lang='lat' dir='ltr'><strong>Trinitatem:</strong></span> <span class='ocrx_word' id='word_1_785' title='bbox 3138 4699 3303 4771; x_wconf 90' lang='lat' dir='ltr'><strong>idque</strong></span> <span class='ocrx_word' id='word_1_786' title='bbox 3334 4713 3460 4756; x_wconf 90' lang='lat' dir='ltr'><strong>ante</strong></span> <span class='ocrx_word' id='word_1_787' title='bbox 3487 4703 3688 4758; x_wconf 81' lang='lat' dir='ltr'><strong>obser-</strong></span> 
     </span>
    </p>
   </div>
   <div class='ocr_carea' id='block_1_107' title="bbox 2095 4788 3688 4864">
    <p class='ocr_par' dir='ltr' id='par_1_107' title="bbox 2095 4788 3688 4864">
     <span class='ocr_line' id='line_1_107' title="bbox 2095 4788 3688 4864; baseline 0.004 -20"><span class='ocrx_word' id='word_1_788' title='bbox 2095 4801 2318 4846; x_wconf 90' lang='lat' dir='ltr'><strong>vaverat</strong></span> <span class='ocrx_word' id='word_1_789' title='bbox 2369 4789 2426 4845; x_wconf 94' lang='lat' dir='ltr'><strong>S.</strong></span> <span class='ocrx_word' id='word_1_790' title='bbox 2465 4789 2702 4846; x_wconf 88' lang='lat' dir='ltr'><strong>Basilius</strong></span> <span class='ocrx_word' id='word_1_791' title='bbox 2723 4790 2760 4842; x_wconf 93' lang='lat' dir='ltr'><strong>l.</strong></span> <span class='ocrx_word' id='word_1_792' title='bbox 2784 4805 2796 4841; x_wconf 95' lang='grc'><strong>1</strong></span> <span class='ocrx_word' id='word_1_793' title='bbox 2825 4788 2899 4842; x_wconf 82' lang='lat' dir='ltr'><strong>De</strong></span> <span class='ocrx_word' id='word_1_794' title='bbox 2923 4790 3131 4858; x_wconf 86' lang='lat' dir='ltr'><strong>Spiritu</strong></span> <span class='ocrx_word' id='word_1_795' title='bbox 3153 4789 3214 4846; x_wconf 91' lang='lat' dir='ltr'><strong>S.</strong></span> <span class='ocrx_word' id='word_1_796' title='bbox 3240 4809 3362 4864; x_wconf 91' lang='lat' dir='ltr'><strong>cap.</strong></span> <span class='ocrx_word' id='word_1_797' title='bbox 3387 4793 3479 4849; x_wconf 76' lang='grc'><strong>29.</strong></span> <span class='ocrx_word' id='word_1_798' title='bbox 3531 4793 3688 4850; x_wconf 84' lang='lat' dir='ltr'><strong>Nihil</strong></span> 
     </span>
    </p>
   </div>
   <div class='ocr_carea' id='block_1_108' title="bbox 2093 4882 3684 4956">
    <p class='ocr_par' dir='ltr' id='par_1_108' title="bbox 2093 4882 3684 4956">
     <span class='ocr_line' id='line_1_108' title="bbox 2093 4882 3684 4956; baseline 0.004 -19"><span class='ocrx_word' id='word_1_799' title='bbox 2093 4883 2240 4939; x_wconf 88' lang='lat' dir='ltr'><strong>enim</strong></span> <span class='ocrx_word' id='word_1_800' title='bbox 2270 4883 2476 4938; x_wconf 90' lang='lat' dir='ltr'><strong>certius</strong></span> <span class='ocrx_word' id='word_1_801' title='bbox 2505 4892 2589 4938; x_wconf 90' lang='lat' dir='ltr'><strong>est</strong></span> <span class='ocrx_word' id='word_1_802' title='bbox 2618 4897 2783 4952; x_wconf 84' lang='lat' dir='ltr'><strong>quam</strong></span> <span class='ocrx_word' id='word_1_803' title='bbox 2817 4882 3107 4952; x_wconf 80' lang='lat' dir='ltr'><strong>Origencm</strong></span> <span class='ocrx_word' id='word_1_804' title='bbox 3154 4894 3268 4940; x_wconf 88' lang='lat' dir='ltr'><strong>tres</strong></span> <span class='ocrx_word' id='word_1_805' title='bbox 3313 4902 3578 4956; x_wconf 90' lang='lat' dir='ltr'><strong>personas</strong></span> <span class='ocrx_word' id='word_1_806' title='bbox 3624 4890 3684 4943; x_wconf 91' lang='lat' dir='ltr'><strong>in</strong></span> 
     </span>
    </p>
   </div>
   <div class='ocr_carea' id='block_1_109' title="bbox 2092 4978 3683 5054">
    <p class='ocr_par' dir='ltr' id='par_1_109' title="bbox 2092 4978 3683 5054">
     <span class='ocr_line' id='line_1_109' title="bbox 2092 4978 3683 5054; baseline 0.004 -22"><span class='ocrx_word' id='word_1_807' title='bbox 2092 4978 2296 5032; x_wconf 90' lang='lat' dir='ltr'><strong>divinis</strong></span> <span class='ocrx_word' id='word_1_808' title='bbox 2341 4978 2667 5048; x_wconf 82' lang='lat' dir='ltr'><strong>agnovisse,</strong></span> <span class='ocrx_word' id='word_1_809' title='bbox 2718 4985 2773 5031; x_wconf 90' lang='lat' dir='ltr'><strong>et</strong></span> <span class='ocrx_word' id='word_1_810' title='bbox 2814 4986 3008 5031; x_wconf 90' lang='lat' dir='ltr'><strong>contra</strong></span> <span class='ocrx_word' id='word_1_811' title='bbox 3060 4993 3159 5033; x_wconf 89' lang='lat' dir='ltr'><strong>eos</strong></span> <span class='ocrx_word' id='word_1_812' title='bbox 3218 4981 3533 5049; x_wconf 86' lang='lat' dir='ltr'><strong>disputasse</strong></span> <span class='ocrx_word' id='word_1_813' title='bbox 3582 4985 3683 5054; x_wconf 89' lang='lat' dir='ltr'><strong>qui</strong></span> 
     </span>
    </p>
   </div>
   <div class='ocr_carea' id='block_1_110' title="bbox 2093 5072 3683 5143">
    <p class='ocr_par' dir='ltr' id='par_1_110' title="bbox 2093 5072 3683 5143">
     <span class='ocr_line' id='line_1_110' title="bbox 2093 5072 3683 5143; baseline 0.003 -16"><span class='ocrx_word' id='word_1_814' title='bbox 2093 5089 2258 5128; x_wconf 88' lang='lat' dir='ltr'><strong>unam</strong></span> <span class='ocrx_word' id='word_1_815' title='bbox 2291 5073 2588 5126; x_wconf 77' lang='grc' dir='ltr'>ὑπόστασιν</span> <span class='ocrx_word' id='word_1_816' title='bbox 2615 5072 2965 5139; x_wconf 88' lang='lat' dir='ltr'><strong>asserebant;</strong></span> <span class='ocrx_word' id='word_1_817' title='bbox 2994 5073 3139 5143; x_wconf 90' lang='lat' dir='ltr'><strong>quod</strong></span> <span class='ocrx_word' id='word_1_818' title='bbox 3172 5074 3216 5128; x_wconf 87' lang='lat' dir='ltr'><strong>si</strong></span> <span class='ocrx_word' id='word_1_819' title='bbox 3244 5091 3338 5131; x_wconf 88' lang='lat' dir='ltr'><strong>eas</strong></span> <span class='ocrx_word' id='word_1_820' title='bbox 3368 5075 3683 5132; x_wconf 87' lang='lat' dir='ltr'><strong>substantia</strong></span> 
     </span>
    </p>
   </div>
   <div class='ocr_carea' id='block_1_111' title="bbox 2091 5165 3684 5238">
    <p class='ocr_par' dir='ltr' id='par_1_111' title="bbox 2091 5165 3684 5238">
     <span class='ocr_line' id='line_1_111' title="bbox 2091 5165 3684 5238; baseline 0.004 -20"><span class='ocrx_word' id='word_1_821' title='bbox 2091 5165 2382 5220; x_wconf 87' lang='lat' dir='ltr'><strong>distinctas</strong></span> <span class='ocrx_word' id='word_1_822' title='bbox 2418 5175 2471 5220; x_wconf 91' lang='lat' dir='ltr'><strong>et</strong></span> <span class='ocrx_word' id='word_1_823' title='bbox 2505 5165 2803 5236; x_wconf 73' lang='lat' dir='ltr'><strong>inmquales</strong></span> <span class='ocrx_word' id='word_1_824' title='bbox 2832 5166 3039 5228; x_wconf 90' lang='lat' dir='ltr'><strong>docuit,</strong></span> <span class='ocrx_word' id='word_1_825' title='bbox 3076 5182 3142 5220; x_wconf 91' lang='lat' dir='ltr'><strong>eo</strong></span> <span class='ocrx_word' id='word_1_826' title='bbox 3190 5169 3309 5237; x_wconf 89' lang='lat' dir='ltr'><strong>ipso</strong></span> <span class='ocrx_word' id='word_1_827' title='bbox 3347 5170 3524 5238; x_wconf 86' lang='lat' dir='ltr'><strong>magis</strong></span> <span class='ocrx_word' id='word_1_828' title='bbox 3559 5185 3684 5224; x_wconf 90' lang='lat' dir='ltr'><strong>cer-</strong></span> 
     </span>
    </p>
   </div>
   <div class='ocr_carea' id='block_1_112' title="bbox 2092 5257 3682 5318">
    <p class='ocr_par' dir='ltr' id='par_1_112' title="bbox 2092 5257 3682 5318">
     <span class='ocr_line' id='line_1_112' title="bbox 2092 5257 3682 5318; baseline 0.004 -6"><span class='ocrx_word' id='word_1_829' title='bbox 2092 5269 2206 5313; x_wconf 90' lang='lat' dir='ltr'><strong>tum</strong></span> <span class='ocrx_word' id='word_1_830' title='bbox 2233 5268 2338 5314; x_wconf 90' lang='lat' dir='ltr'><strong>est.</strong></span> <span class='ocrx_word' id='word_1_831' title='bbox 2391 5257 2461 5313; x_wconf 91' lang='lat' dir='ltr'><strong>Ut</strong></span> <span class='ocrx_word' id='word_1_832' title='bbox 2497 5270 2681 5313; x_wconf 89' lang='lat' dir='ltr'><strong>autem</strong></span> <span class='ocrx_word' id='word_1_833' title='bbox 2713 5259 3119 5314; x_wconf 88' lang='lat' dir='ltr'><strong>distinctionem</strong></span> <span class='ocrx_word' id='word_1_834' title='bbox 3152 5262 3224 5314; x_wconf 88' lang='lat' dir='ltr'><strong>ita</strong></span> <span class='ocrx_word' id='word_1_835' title='bbox 3251 5263 3415 5316; x_wconf 89' lang='lat' dir='ltr'><strong>etiam</strong></span> <span class='ocrx_word' id='word_1_836' title='bbox 3445 5273 3500 5318; x_wconf 89' lang='lat' dir='ltr'><strong>et</strong></span> <span class='ocrx_word' id='word_1_837' title='bbox 3527 5263 3682 5318; x_wconf 88' lang='lat' dir='ltr'><strong>ordi-</strong></span> 
     </span>
    </p>
   </div>
   <div class='ocr_carea' id='block_1_113' title="bbox 2091 5349 3679 5419">
    <p class='ocr_par' dir='ltr' id='par_1_113' title="bbox 2091 5349 3679 5419">
     <span class='ocr_line' id='line_1_113' title="bbox 2091 5349 3679 5419; baseline 0.004 -15"><span class='ocrx_word' id='word_1_838' title='bbox 2091 5366 2216 5404; x_wconf 88' lang='lat' dir='ltr'><strong>nem</strong></span> <span class='ocrx_word' id='word_1_839' title='bbox 2248 5349 2493 5415; x_wconf 89' lang='lat' dir='ltr'><strong>tradidit,</strong></span> <span class='ocrx_word' id='word_1_840' title='bbox 2525 5350 2619 5419; x_wconf 92' lang='lat' dir='ltr'><strong>qui</strong></span> <span class='ocrx_word' id='word_1_841' title='bbox 2658 5350 2694 5404; x_wconf 92' lang='lat' dir='ltr'><strong>l.</strong></span> <span class='ocrx_word' id='word_1_842' title='bbox 2722 5367 2755 5403; x_wconf 87' lang='lat' dir='ltr'><strong>v</strong></span> <span class='ocrx_word' id='word_1_843' title='bbox 2795 5353 3048 5408; x_wconf 84' lang='lat' dir='ltr'><strong>adversus</strong></span> <span class='ocrx_word' id='word_1_844' title='bbox 3083 5355 3293 5412; x_wconf 82' lang='lat' dir='ltr'><strong>Celsum</strong></span> <span class='ocrx_word' id='word_1_845' title='bbox 3333 5369 3440 5406; x_wconf 92' lang='lat' dir='ltr'><strong>non</strong></span> <span class='ocrx_word' id='word_1_846' title='bbox 3463 5355 3679 5410; x_wconf 86' lang='lat' dir='ltr'><strong>veritus</strong></span> 
     </span>
    </p>
   </div>
   <div class='ocr_carea' id='block_1_114' title="bbox 2089 5443 3677 5513">
    <p class='ocr_par' dir='ltr' id='par_1_114' title="bbox 2089 5443 3677 5513">
     <span class='ocr_line' id='line_1_114' title="bbox 2089 5443 3677 5513; baseline 0.001 -16"><span class='ocrx_word' id='word_1_847' title='bbox 2089 5451 2173 5497; x_wconf 89' lang='lat' dir='ltr'><strong>est</strong></span> <span class='ocrx_word' id='word_1_848' title='bbox 2197 5443 2379 5497; x_wconf 87' lang='lat' dir='ltr'><strong>dicere</strong></span> <span class='ocrx_word' id='word_1_849' title='bbox 2399 5443 2680 5497; x_wconf 79' lang='lat' dir='ltr'><strong>Christum</strong></span> <span class='ocrx_word' id='word_1_850' title='bbox 2704 5443 2958 5513; x_wconf 82' lang='grc' dir='ltr'>δεύτερον</span> <span class='ocrx_word' id='word_1_851' title='bbox 2978 5444 3129 5508; x_wconf 81' lang='grc' dir='ltr'>Θεόν,</span> <span class='ocrx_word' id='word_1_852' title='bbox 3161 5446 3450 5498; x_wconf 89' lang='lat' dir='ltr'><strong>secundum</strong></span> <span class='ocrx_word' id='word_1_853' title='bbox 3468 5446 3677 5511; x_wconf 86' lang='lat' dir='ltr'><strong>Deum;</strong></span> 
     </span>
    </p>
   </div>
   <div class='ocr_carea' id='block_1_115' title="bbox 2088 5535 3674 5608">
    <p class='ocr_par' dir='ltr' id='par_1_115' title="bbox 2088 5535 3674 5608">
     <span class='ocr_line' id='line_1_115' title="bbox 2088 5535 3674 5608; baseline -0.001 -18"><span class='ocrx_word' id='word_1_854' title='bbox 2088 5545 2143 5590; x_wconf 90' lang='lat' dir='ltr'><strong>et</strong></span> <span class='ocrx_word' id='word_1_855' title='bbox 2168 5551 2332 5608; x_wconf 90' lang='lat' dir='ltr'><strong>quem</strong></span> <span class='ocrx_word' id='word_1_856' title='bbox 2369 5536 2536 5590; x_wconf 89' lang='lat' dir='ltr'><strong>tradit</strong></span> <span class='ocrx_word' id='word_1_857' title='bbox 2564 5535 2930 5606; x_wconf 85' lang='lat' dir='ltr'><strong>Hieronymus</strong></span> <span class='ocrx_word' id='word_1_858' title='bbox 2961 5535 3028 5588; x_wconf 92' lang='lat' dir='ltr'><strong>ad</strong></span> <span class='ocrx_word' id='word_1_859' title='bbox 3055 5536 3300 5602; x_wconf 83' lang='lat' dir='ltr'><strong>Avitum,</strong></span> <span class='ocrx_word' id='word_1_860' title='bbox 3332 5537 3387 5591; x_wconf 90' lang='lat' dir='ltr'><strong>in</strong></span> <span class='ocrx_word' id='word_1_861' title='bbox 3421 5538 3458 5591; x_wconf 93' lang='lat' dir='ltr'><strong>l.</strong></span> <span class='ocrx_word' id='word_1_862' title='bbox 3486 5553 3503 5591; x_wconf 86' lang='grc'><strong>1</strong></span> <span class='ocrx_word' id='word_1_863' title='bbox 3535 5536 3674 5600; x_wconf 62' lang='grc' dir='ltr'><strong>Περὶ</strong></span> 
     </span>
    </p>
   </div>
   <div class='ocr_carea' id='block_1_116' title="bbox 2080 5625 3675 5701">
    <p class='ocr_par' dir='ltr' id='par_1_116' title="bbox 2080 5625 3675 5701">
     <span class='ocr_line' id='line_1_116' title="bbox 2080 5625 3675 5701; baseline -0.001 -14"><span class='ocrx_word' id='word_1_864' title='bbox 2080 5625 2285 5701; x_wconf 75' lang='grc' dir='ltr'><strong>ἀρχῶν</strong></span> <span class='ocrx_word' id='word_1_865' title='bbox 2307 5630 2586 5692; x_wconf 91' lang='lat' dir='ltr'><strong>docuisse,</strong></span> <span class='ocrx_word' id='word_1_866' title='bbox 2624 5626 2830 5682; x_wconf 84' lang='lat' dir='ltr'><strong>Filium</strong></span> <span class='ocrx_word' id='word_1_867' title='bbox 2869 5646 3071 5699; x_wconf 87' lang='lat' dir='ltr'><strong>quoque</strong></span> <span class='ocrx_word' id='word_1_868' title='bbox 3108 5631 3364 5684; x_wconf 87' lang='lat' dir='ltr'><strong>minorem</strong></span> <span class='ocrx_word' id='word_1_869' title='bbox 3395 5629 3581 5694; x_wconf 79' lang='lat' dir='ltr'><strong>Patre,</strong></span> <span class='ocrx_word' id='word_1_870' title='bbox 3614 5648 3675 5685; x_wconf 79' lang='lat' dir='ltr'><strong>ro</strong></span> 
     </span>
    </p>
   </div>
   <div class='ocr_carea' id='block_1_117' title="bbox 2087 5723 3674 5794">
    <p class='ocr_par' dir='ltr' id='par_1_117' title="bbox 2087 5723 3674 5794">
     <span class='ocr_line' id='line_1_117' title="bbox 2087 5723 3674 5794; baseline 0.001 -18"><span class='ocrx_word' id='word_1_871' title='bbox 2087 5724 2227 5794; x_wconf 90' lang='lat' dir='ltr'><strong>quod</strong></span> <span class='ocrx_word' id='word_1_872' title='bbox 2257 5724 2518 5777; x_wconf 82' lang='lat' dir='ltr'><strong>secundus</strong></span> <span class='ocrx_word' id='word_1_873' title='bbox 2559 5723 2623 5776; x_wconf 92' lang='lat' dir='ltr'><strong>ab</strong></span> <span class='ocrx_word' id='word_1_874' title='bbox 2660 5723 2753 5776; x_wconf 91' lang='lat' dir='ltr'><strong>illo</strong></span> <span class='ocrx_word' id='word_1_875' title='bbox 2786 5724 2876 5788; x_wconf 90' lang='lat' dir='ltr'><strong>sit,</strong></span> <span class='ocrx_word' id='word_1_876' title='bbox 2908 5733 2955 5777; x_wconf 88' lang='lat' dir='ltr'><strong>et</strong></span> <span class='ocrx_word' id='word_1_877' title='bbox 2983 5724 3247 5792; x_wconf 85' lang='lat' dir='ltr'><strong>Spiritum</strong></span> <span class='ocrx_word' id='word_1_878' title='bbox 3278 5723 3338 5778; x_wconf 92' lang='lat' dir='ltr'><strong>S.</strong></span> <span class='ocrx_word' id='word_1_879' title='bbox 3367 5725 3674 5794; x_wconf 79' lang='lat' dir='ltr'><strong>inferiorem</strong></span> 
     </span>
    </p>
   </div>
   <div class='ocr_carea' id='block_1_118' title="bbox 2093 5815 3670 5887">
    <p class='ocr_par' dir='ltr' id='par_1_118' title="bbox 2093 5815 3670 5887">
     <span class='ocr_line' id='line_1_118' title="bbox 2093 5815 3670 5887; baseline 0.001 -17"><span class='ocrx_word' id='word_1_880' title='bbox 2093 5815 2239 5872; x_wconf 73' lang='lat' dir='ltr'><strong>Filio</strong></span> <span class='ocrx_word' id='word_1_881' title='bbox 2305 5818 2362 5870; x_wconf 90' lang='lat' dir='ltr'><strong>in</strong></span> <span class='ocrx_word' id='word_1_882' title='bbox 2419 5817 2618 5871; x_wconf 89' lang='lat' dir='ltr'><strong>sanctis</strong></span> <span class='ocrx_word' id='word_1_883' title='bbox 2674 5816 2961 5887; x_wconf 85' lang='lat' dir='ltr'><strong>quibusque</strong></span> <span class='ocrx_word' id='word_1_884' title='bbox 3014 5817 3229 5872; x_wconf 74' lang='lat' dir='ltr'><strong>versari.</strong></span> <span class='ocrx_word' id='word_1_885' title='bbox 3306 5815 3421 5873; x_wconf 89' lang='lat' dir='ltr'><strong>lmo</strong></span> <span class='ocrx_word' id='word_1_886' title='bbox 3481 5817 3670 5873; x_wconf 85' lang='lat' dir='ltr'><strong>eadem</strong></span> 
     </span>
    </p>
   </div>
  </div>
