  <div class='ocr_page' id='page_1' title='image "/cluster/home/n/w/nwhite01/storage/ocr_20150623/5/nnc1.0046978607/098.png"; bbox 0 0 3864 6204; ppageno 0'>
   <div class='ocr_carea' id='block_1_1' title="bbox 235 276 332 333">
    <p class='ocr_par' dir='ltr' id='par_1_1' title="bbox 235 276 332 333">
     <span class='ocr_line' id='line_1_1' title="bbox 235 276 332 333; baseline 0.021 -2"><span class='ocrx_word' id='word_1_1' title='bbox 235 276 332 333; x_wconf 63' lang='grc'><strong>181</strong></span> 
     </span>
    </p>
   </div>
   <div class='ocr_carea' id='block_1_2' title="bbox 985 271 2666 338">
    <p class='ocr_par' dir='ltr' id='par_1_2' title="bbox 985 271 2666 338">
     <span class='ocr_line' id='line_1_2' title="bbox 985 271 2666 338; baseline -0.005 -2"><span class='ocrx_word' id='word_1_2' title='bbox 985 279 1036 336; x_wconf 76' lang='lat' dir='ltr'><strong>J.</strong></span> <span class='ocrx_word' id='word_1_3' title='bbox 1075 279 1441 338; x_wconf 79' lang='lat' dir='ltr'><strong>PEARSONll</strong></span> <span class='ocrx_word' id='word_1_4' title='bbox 1480 276 1807 337; x_wconf 67' lang='lat' dir='ltr'><strong>VINDICIE</strong></span> <span class='ocrx_word' id='word_1_5' title='bbox 1848 273 2270 333; x_wconf 71' lang='grc' dir='ltr'><strong>ΙΟΝΑΤΙΑΝᾸΞ.</strong></span> <span class='ocrx_word' id='word_1_6' title='bbox 2305 304 2377 314; x_wconf 91' lang='grc'><strong><em>-</em></strong></span> <span class='ocrx_word' id='word_1_7' title='bbox 2408 271 2590 329; x_wconf 83' lang='lat' dir='ltr'><strong>PARS</strong></span> <span class='ocrx_word' id='word_1_8' title='bbox 2625 271 2666 326; x_wconf 88' lang='grc' dir='ltr'><strong>Ι.</strong></span> 
     </span>
    </p>
   </div>
   <div class='ocr_carea' id='block_1_3' title="bbox 3424 268 3526 323">
    <p class='ocr_par' dir='ltr' id='par_1_3' title="bbox 3424 268 3526 323">
     <span class='ocr_line' id='line_1_3' title="bbox 3424 268 3526 323; baseline 0 0"><span class='ocrx_word' id='word_1_9' title='bbox 3424 268 3526 323; x_wconf 66' lang='grc'><strong>182</strong></span> 
     </span>
    </p>
   </div>
   <div class='ocr_carea' id='block_1_4' title="bbox 228 384 3514 471">
    <p class='ocr_par' dir='ltr' id='par_1_4' title="bbox 228 384 3514 471">
     <span class='ocr_line' id='line_1_4' title="bbox 228 384 3514 471; baseline -0.004 -18"><span class='ocrx_word' id='word_1_10' title='bbox 228 399 470 469; x_wconf 68' lang='lat' dir='ltr'><strong>epistola</strong></span> <span class='ocrx_word' id='word_1_11' title='bbox 500 397 893 471; x_wconf 76' lang='lat' dir='ltr'><strong>Hieronymus,</strong></span> <span class='ocrx_word' id='word_1_12' title='bbox 937 399 1005 454; x_wconf 89' lang='lat' dir='ltr'><strong>de</strong></span> <span class='ocrx_word' id='word_1_13' title='bbox 1034 399 1363 455; x_wconf 84' lang='lat' dir='ltr'><strong>Adamantio</strong></span> <span class='ocrx_word' id='word_1_14' title='bbox 1407 415 1420 453; x_wconf 85' lang='lat'><strong>:</strong></span> <span class='ocrx_word' id='word_1_15' title='bbox 1459 397 1698 452; x_wconf 89' lang='lat' dir='ltr'><strong>Tertium</strong></span> <span class='ocrx_word' id='word_1_16' title='bbox 1743 396 1830 450; x_wconf 87' lang='lat' dir='ltr'><strong>di-</strong></span> <span class='ocrx_word' id='word_1_17' title='bbox 1859 397 1908 452; x_wconf 83' lang='lat' dir='ltr'><strong>A</strong></span> <span class='ocrx_word' id='word_1_18' title='bbox 1935 392 2310 458; x_wconf 89' lang='lat' dir='ltr'><strong>lentissimus,</strong></span> <span class='ocrx_word' id='word_1_19' title='bbox 2373 390 2616 447; x_wconf 85' lang='lat' dir='ltr'><strong>Joannes</strong></span> <span class='ocrx_word' id='word_1_20' title='bbox 2683 387 3004 460; x_wconf 81' lang='lat' dir='ltr'><strong>Ligbtl‘oot,</strong></span> <span class='ocrx_word' id='word_1_21' title='bbox 3073 387 3127 442; x_wconf 92' lang='lat' dir='ltr'><strong>in</strong></span> <span class='ocrx_word' id='word_1_22' title='bbox 3189 384 3514 442; x_wconf 80' lang='lat' dir='ltr'><strong>canonicam</strong></span> 
     </span>
    </p>
   </div>
   <div class='ocr_carea' id='block_1_5' title="bbox 229 488 1830 562">
    <p class='ocr_par' dir='ltr' id='par_1_5' title="bbox 229 488 1830 562">
     <span class='ocr_line' id='line_1_5' title="bbox 229 488 1830 562; baseline -0.001 -19"><span class='ocrx_word' id='word_1_23' title='bbox 229 494 441 562; x_wconf 80' lang='lat' dir='ltr'><strong>gnitate</strong></span> <span class='ocrx_word' id='word_1_24' title='bbox 487 501 542 546; x_wconf 87' lang='lat' dir='ltr'><strong>et</strong></span> <span class='ocrx_word' id='word_1_25' title='bbox 583 492 801 556; x_wconf 78' lang='lat' dir='ltr'><strong>honore,</strong></span> <span class='ocrx_word' id='word_1_26' title='bbox 847 500 966 562; x_wconf 88' lang='lat' dir='ltr'><strong>post</strong></span> <span class='ocrx_word' id='word_1_27' title='bbox 1016 491 1235 546; x_wconf 89' lang='lat' dir='ltr'><strong>Patrem</strong></span> <span class='ocrx_word' id='word_1_28' title='bbox 1280 501 1330 546; x_wconf 89' lang='lat' dir='ltr'><strong>et</strong></span> <span class='ocrx_word' id='word_1_29' title='bbox 1373 489 1595 554; x_wconf 80' lang='lat' dir='ltr'><strong>Filium,</strong></span> <span class='ocrx_word' id='word_1_30' title='bbox 1638 488 1830 542; x_wconf 88' lang='lat' dir='ltr'><strong>asserit</strong></span> 
     </span>
    </p>
   </div>
   <div class='ocr_carea' id='block_1_6' title="bbox 229 583 1829 656">
    <p class='ocr_par' dir='ltr' id='par_1_6' title="bbox 229 583 1829 656">
     <span class='ocr_line' id='line_1_6' title="bbox 229 583 1829 656; baseline -0.001 -18"><span class='ocrx_word' id='word_1_31' title='bbox 229 584 506 654; x_wconf 87' lang='lat' dir='ltr'><strong>Spiritum</strong></span> <span class='ocrx_word' id='word_1_32' title='bbox 531 584 591 641; x_wconf 90' lang='lat' dir='ltr'><strong>S.</strong></span> <span class='ocrx_word' id='word_1_33' title='bbox 626 584 773 641; x_wconf 89' lang='lat' dir='ltr'><strong>Satis</strong></span> <span class='ocrx_word' id='word_1_34' title='bbox 800 586 967 656; x_wconf 83' lang='lat' dir='ltr'><strong>igitur</strong></span> <span class='ocrx_word' id='word_1_35' title='bbox 1001 585 1288 656; x_wconf 80' lang='lat' dir='ltr'><strong>principiis</strong></span> <span class='ocrx_word' id='word_1_36' title='bbox 1311 583 1560 654; x_wconf 80' lang='lat' dir='ltr'><strong>Origenis</strong></span> <span class='ocrx_word' id='word_1_37' title='bbox 1593 598 1829 638; x_wconf 87' lang='lat' dir='ltr'><strong>consen-</strong></span> 
     </span>
    </p>
   </div>
   <div class='ocr_carea' id='block_1_7' title="bbox 227 675 1831 746">
    <p class='ocr_par' dir='ltr' id='par_1_7' title="bbox 227 675 1831 746">
     <span class='ocr_line' id='line_1_7' title="bbox 227 675 1831 746; baseline -0.001 -16"><span class='ocrx_word' id='word_1_38' title='bbox 227 687 459 731; x_wconf 85' lang='lat' dir='ltr'><strong>taneum</strong></span> <span class='ocrx_word' id='word_1_39' title='bbox 505 686 593 733; x_wconf 89' lang='lat' dir='ltr'><strong>est</strong></span> <span class='ocrx_word' id='word_1_40' title='bbox 617 675 882 746; x_wconf 76' lang='lat' dir='ltr'><strong>Spiritum</strong></span> <span class='ocrx_word' id='word_1_41' title='bbox 935 676 994 732; x_wconf 92' lang='lat' dir='ltr'><strong>S.</strong></span> <span class='ocrx_word' id='word_1_42' title='bbox 1029 693 1277 734; x_wconf 83' lang='lat' dir='ltr'><strong>asserere</strong></span> <span class='ocrx_word' id='word_1_43' title='bbox 1314 679 1526 732; x_wconf 76' lang='lat' dir='ltr'><strong>tertiam</strong></span> <span class='ocrx_word' id='word_1_44' title='bbox 1549 691 1831 746; x_wconf 81' lang='lat' dir='ltr'><strong>personam</strong></span> 
     </span>
    </p>
   </div>
   <div class='ocr_carea' id='block_1_8' title="bbox 221 764 1828 838">
    <p class='ocr_par' dir='ltr' id='par_1_8' title="bbox 221 764 1828 838">
     <span class='ocr_line' id='line_1_8' title="bbox 221 764 1828 838; baseline 0 -19"><span class='ocrx_word' id='word_1_45' title='bbox 221 784 256 819; x_wconf 89' lang='lat' dir='ltr'><strong>a</strong></span> <span class='ocrx_word' id='word_1_46' title='bbox 292 765 466 820; x_wconf 88' lang='lat' dir='ltr'><strong>Patre</strong></span> <span class='ocrx_word' id='word_1_47' title='bbox 507 776 560 821; x_wconf 87' lang='lat' dir='ltr'><strong>et</strong></span> <span class='ocrx_word' id='word_1_48' title='bbox 585 765 754 821; x_wconf 88' lang='lat' dir='ltr'><strong>Filio.</strong></span> <span class='ocrx_word' id='word_1_49' title='bbox 794 764 1050 822; x_wconf 89' lang='lat' dir='ltr'><strong>Secundo</strong></span> <span class='ocrx_word' id='word_1_50' title='bbox 1074 807 1091 834; x_wconf 92' lang='lat'><strong>,</strong></span> <span class='ocrx_word' id='word_1_51' title='bbox 1129 767 1319 838; x_wconf 86' lang='lat' dir='ltr'><strong>objicit</strong></span> <span class='ocrx_word' id='word_1_52' title='bbox 1360 783 1610 838; x_wconf 75' lang='lat' dir='ltr'><strong>personas</strong></span> <span class='ocrx_word' id='word_1_53' title='bbox 1646 766 1828 837; x_wconf 87' lang='lat' dir='ltr'><strong>longos</strong></span> 
     </span>
    </p>
   </div>
   <div class='ocr_carea' id='block_1_9' title="bbox 221 857 1827 930">
    <p class='ocr_par' dir='ltr' id='par_1_9' title="bbox 221 857 1827 930">
     <span class='ocr_line' id='line_1_9' title="bbox 221 857 1827 930; baseline 0.003 -20"><span class='ocrx_word' id='word_1_54' title='bbox 221 874 502 912; x_wconf 82' lang='lat' dir='ltr'><strong>sermones</strong></span> <span class='ocrx_word' id='word_1_55' title='bbox 552 859 693 913; x_wconf 89' lang='lat' dir='ltr'><strong>inter</strong></span> <span class='ocrx_word' id='word_1_56' title='bbox 728 875 783 913; x_wconf 83' lang='lat' dir='ltr'><strong>se</strong></span> <span class='ocrx_word' id='word_1_57' title='bbox 810 868 1062 924; x_wconf 74' lang='lat' dir='ltr'><strong>serentes,</strong></span> <span class='ocrx_word' id='word_1_58' title='bbox 1090 871 1281 915; x_wconf 90' lang='lat' dir='ltr'><strong>contra</strong></span> <span class='ocrx_word' id='word_1_59' title='bbox 1313 875 1523 915; x_wconf 88' lang='lat' dir='ltr'><strong>morem</strong></span> <span class='ocrx_word' id='word_1_60' title='bbox 1551 857 1827 930; x_wconf 80' lang='lat' dir='ltr'><strong>Origenis,</strong></span> 
     </span>
    </p>
   </div>
   <div class='ocr_carea' id='block_1_10' title="bbox 218 949 1826 1021">
    <p class='ocr_par' dir='ltr' id='par_1_10' title="bbox 218 949 1826 1021">
     <span class='ocr_line' id='line_1_10' title="bbox 218 949 1826 1021; baseline 0.002 -20"><span class='ocrx_word' id='word_1_61' title='bbox 218 949 434 1019; x_wconf 74' lang='lat' dir='ltr'><strong>qualis,</strong></span> <span class='ocrx_word' id='word_1_62' title='bbox 465 951 673 1021; x_wconf 83' lang='lat' dir='ltr'><strong>inquit,</strong></span> <span class='ocrx_word' id='word_1_63' title='bbox 712 951 811 1005; x_wconf 92' lang='lat' dir='ltr'><strong>illa</strong></span> <span class='ocrx_word' id='word_1_64' title='bbox 851 960 929 1006; x_wconf 89' lang='lat' dir='ltr'><strong>est</strong></span> <span class='ocrx_word' id='word_1_65' title='bbox 956 949 1159 1006; x_wconf 79' lang='lat' dir='ltr'><strong>Christi</strong></span> <span class='ocrx_word' id='word_1_66' title='bbox 1196 969 1314 1005; x_wconf 86' lang='lat' dir='ltr'><strong>cum</strong></span> <span class='ocrx_word' id='word_1_67' title='bbox 1361 960 1620 1006; x_wconf 86' lang='lat' dir='ltr'><strong>tentatore</strong></span> <span class='ocrx_word' id='word_1_68' title='bbox 1659 950 1826 1006; x_wconf 87' lang='lat' dir='ltr'><strong>collo-</strong></span> 
     </span>
    </p>
   </div>
   <div class='ocr_carea' id='block_1_11' title="bbox 225 1041 1826 1114">
    <p class='ocr_par' dir='ltr' id='par_1_11' title="bbox 225 1041 1826 1114">
     <span class='ocr_line' id='line_1_11' title="bbox 225 1041 1826 1114; baseline 0.002 -18"><span class='ocrx_word' id='word_1_69' title='bbox 225 1043 376 1096; x_wconf 79' lang='lat' dir='ltr'><strong>catio</strong></span> <span class='ocrx_word' id='word_1_70' title='bbox 402 1059 423 1098; x_wconf 91' lang='lat'><strong><em>:</em></strong></span> <span class='ocrx_word' id='word_1_71' title='bbox 453 1041 782 1114; x_wconf 79' lang='lat' dir='ltr'><strong>Respondeo</strong></span> <span class='ocrx_word' id='word_1_72' title='bbox 813 1043 931 1108; x_wconf 85' lang='lat' dir='ltr'><strong>tibi,</strong></span> <span class='ocrx_word' id='word_1_73' title='bbox 963 1059 997 1099; x_wconf 96' lang='lat' dir='ltr'><strong>o</strong></span> <span class='ocrx_word' id='word_1_74' title='bbox 1029 1043 1330 1114; x_wconf 89' lang='lat' dir='ltr'><strong>versipellis</strong></span> <span class='ocrx_word' id='word_1_75' title='bbox 1358 1053 1412 1100; x_wconf 91' lang='lat' dir='ltr'><strong>et</strong></span> <span class='ocrx_word' id='word_1_76' title='bbox 1441 1059 1700 1114; x_wconf 88' lang='lat' dir='ltr'><strong>nequam,</strong></span> <span class='ocrx_word' id='word_1_77' title='bbox 1732 1043 1826 1114; x_wconf 88' lang='lat' dir='ltr'><strong>qui</strong></span> 
     </span>
    </p>
   </div>
   <div class='ocr_carea' id='block_1_12' title="bbox 224 1136 1825 1202">
    <p class='ocr_par' dir='ltr' id='par_1_12' title="bbox 224 1136 1825 1202">
     <span class='ocr_line' id='line_1_12' title="bbox 224 1136 1825 1202; baseline 0.001 -15"><span class='ocrx_word' id='word_1_78' title='bbox 224 1150 315 1189; x_wconf 89' lang='lat' dir='ltr'><strong>me</strong></span> <span class='ocrx_word' id='word_1_79' title='bbox 353 1143 578 1191; x_wconf 88' lang='lat' dir='ltr'><strong>tentare</strong></span> <span class='ocrx_word' id='word_1_80' title='bbox 628 1151 738 1190; x_wconf 90' lang='lat' dir='ltr'><strong>non</strong></span> <span class='ocrx_word' id='word_1_81' title='bbox 770 1136 992 1202; x_wconf 88' lang='lat' dir='ltr'><strong>metuis,</strong></span> <span class='ocrx_word' id='word_1_82' title='bbox 1038 1144 1350 1191; x_wconf 82' lang='lat' dir='ltr'><strong>et-ctetera.</strong></span> <span class='ocrx_word' id='word_1_83' title='bbox 1401 1136 1609 1191; x_wconf 74' lang='lat' dir='ltr'><strong>Caetera</strong></span> <span class='ocrx_word' id='word_1_84' title='bbox 1643 1145 1825 1189; x_wconf 81' lang='lat' dir='ltr'><strong>autem</strong></span> 
     </span>
    </p>
   </div>
   <div class='ocr_carea' id='block_1_13' title="bbox 223 1228 1824 1299">
    <p class='ocr_par' dir='ltr' id='par_1_13' title="bbox 223 1228 1824 1299">
     <span class='ocr_line' id='line_1_13' title="bbox 223 1228 1824 1299; baseline 0 -18"><span class='ocrx_word' id='word_1_85' title='bbox 223 1228 343 1283; x_wconf 71' lang='lat' dir='ltr'><strong>haec</strong></span> <span class='ocrx_word' id='word_1_86' title='bbox 379 1230 771 1284; x_wconf 85' lang='lat' dir='ltr'><strong>tantummodo</strong></span> <span class='ocrx_word' id='word_1_87' title='bbox 817 1240 966 1294; x_wconf 85' lang='lat' dir='ltr'><strong>sunt,</strong></span> <span class='ocrx_word' id='word_1_88' title='bbox 1011 1229 1153 1284; x_wconf 89' lang='lat' dir='ltr'><strong>alius</strong></span> <span class='ocrx_word' id='word_1_89' title='bbox 1196 1239 1275 1294; x_wconf 84' lang='lat' dir='ltr'><strong>est</strong></span> <span class='ocrx_word' id='word_1_90' title='bbox 1313 1229 1468 1299; x_wconf 89' lang='lat' dir='ltr'><strong>panis</strong></span> <span class='ocrx_word' id='word_1_91' title='bbox 1509 1245 1680 1284; x_wconf 92' lang='lat' dir='ltr'><strong>sermo</strong></span> <span class='ocrx_word' id='word_1_92' title='bbox 1709 1229 1824 1293; x_wconf 86' lang='lat' dir='ltr'><strong>Dei,</strong></span> 
     </span>
    </p>
   </div>
   <div class='ocr_carea' id='block_1_14' title="bbox 218 1315 1826 1390">
    <p class='ocr_par' dir='ltr' id='par_1_14' title="bbox 218 1315 1826 1390">
     <span class='ocr_line' id='line_1_14' title="bbox 218 1315 1826 1390; baseline 0.004 -23"><span class='ocrx_word' id='word_1_93' title='bbox 218 1315 315 1385; x_wconf 87' lang='lat' dir='ltr'><strong>qui</strong></span> <span class='ocrx_word' id='word_1_94' title='bbox 344 1317 584 1385; x_wconf 75' lang='lat' dir='ltr'><strong>viri/ictu</strong></span> <span class='ocrx_word' id='word_1_95' title='bbox 617 1317 909 1375; x_wconf 73' lang='lat' dir='ltr'><strong>hominem.</strong></span> <span class='ocrx_word' id='word_1_96' title='bbox 942 1317 1086 1373; x_wconf 85' lang='lat' dir='ltr'><strong>Proh</strong></span> <span class='ocrx_word' id='word_1_97' title='bbox 1119 1319 1312 1390; x_wconf 91' lang='lat' dir='ltr'><strong>longos</strong></span> <span class='ocrx_word' id='word_1_98' title='bbox 1338 1321 1654 1375; x_wconf 83' lang='lat' dir='ltr'><strong>sermones!</strong></span> <span class='ocrx_word' id='word_1_99' title='bbox 1688 1321 1826 1390; x_wconf 91' lang='lat' dir='ltr'><strong>proh</strong></span> 
     </span>
    </p>
   </div>
   <div class='ocr_carea' id='block_1_15' title="bbox 224 1408 1825 1482">
    <p class='ocr_par' dir='ltr' id='par_1_15' title="bbox 224 1408 1825 1482">
     <span class='ocr_line' id='line_1_15' title="bbox 224 1408 1825 1482; baseline 0.004 -22"><span class='ocrx_word' id='word_1_100' title='bbox 224 1408 513 1477; x_wconf 75' lang='lat' dir='ltr'><strong>prolixam</strong></span> <span class='ocrx_word' id='word_1_101' title='bbox 559 1410 984 1466; x_wconf 89' lang='lat' dir='ltr'><strong>collocutionem</strong></span> <span class='ocrx_word' id='word_1_102' title='bbox 1017 1411 1031 1465; x_wconf 88' lang='lat'><strong>!</strong></span> <span class='ocrx_word' id='word_1_103' title='bbox 1089 1410 1194 1466; x_wconf 88' lang='lat' dir='ltr'><strong>Sed</strong></span> <span class='ocrx_word' id='word_1_104' title='bbox 1223 1411 1491 1481; x_wconf 78' lang='lat' dir='ltr'><strong>prolixior</strong></span> <span class='ocrx_word' id='word_1_105' title='bbox 1525 1411 1698 1482; x_wconf 87' lang='lat' dir='ltr'><strong>angeli</strong></span> <span class='ocrx_word' id='word_1_106' title='bbox 1728 1428 1825 1466; x_wconf 87' lang='lat' dir='ltr'><strong>cu-</strong></span> 
     </span>
    </p>
   </div>
   <div class='ocr_carea' id='block_1_16' title="bbox 223 1503 1824 1575">
    <p class='ocr_par' dir='ltr' id='par_1_16' title="bbox 223 1503 1824 1575">
     <span class='ocr_line' id='line_1_16' title="bbox 223 1503 1824 1575; baseline 0.002 -20"><span class='ocrx_word' id='word_1_107' title='bbox 223 1503 402 1557; x_wconf 83' lang='lat' dir='ltr'><strong>stodis</strong></span> <span class='ocrx_word' id='word_1_108' title='bbox 457 1504 531 1556; x_wconf 87' lang='lat' dir='ltr'><strong>ad</strong></span> <span class='ocrx_word' id='word_1_109' title='bbox 577 1504 870 1573; x_wconf 86' lang='lat' dir='ltr'><strong>principem</strong></span> <span class='ocrx_word' id='word_1_110' title='bbox 911 1505 1159 1575; x_wconf 84' lang='lat' dir='ltr'><strong>angelum</strong></span> <span class='ocrx_word' id='word_1_111' title='bbox 1206 1505 1424 1570; x_wconf 83' lang='lat' dir='ltr'><strong>oratio;</strong></span> <span class='ocrx_word' id='word_1_112' title='bbox 1474 1505 1587 1559; x_wconf 90' lang='lat' dir='ltr'><strong>imo</strong></span> <span class='ocrx_word' id='word_1_113' title='bbox 1636 1503 1824 1559; x_wconf 82' lang='lat' dir='ltr'><strong>infelix</strong></span> 
     </span>
    </p>
   </div>
   <div class='ocr_carea' id='block_1_17' title="bbox 223 1593 1825 1668">
    <p class='ocr_par' dir='ltr' id='par_1_17' title="bbox 223 1593 1825 1668">
     <span class='ocr_line' id='line_1_17' title="bbox 223 1593 1825 1668; baseline 0.002 -20"><span class='ocrx_word' id='word_1_114' title='bbox 223 1593 473 1650; x_wconf 72' lang='lat' dir='ltr'><strong>Dallaaus</strong></span> <span class='ocrx_word' id='word_1_115' title='bbox 503 1596 602 1666; x_wconf 89' lang='lat' dir='ltr'><strong>qui</strong></span> <span class='ocrx_word' id='word_1_116' title='bbox 632 1596 1022 1663; x_wconf 80' lang='lat' dir='ltr'><strong>adversarium,</strong></span> <span class='ocrx_word' id='word_1_117' title='bbox 1075 1612 1106 1650; x_wconf 86' lang='lat' dir='ltr'><strong>a</strong></span> <span class='ocrx_word' id='word_1_118' title='bbox 1149 1597 1398 1668; x_wconf 84' lang='lat' dir='ltr'><strong>principe</strong></span> <span class='ocrx_word' id='word_1_119' title='bbox 1433 1597 1598 1667; x_wconf 83' lang='lat' dir='ltr'><strong>hujus</strong></span> <span class='ocrx_word' id='word_1_120' title='bbox 1636 1597 1825 1654; x_wconf 76' lang='lat' dir='ltr'><strong>szeeuli</strong></span> 
     </span>
    </p>
   </div>
   <div class='ocr_carea' id='block_1_18' title="bbox 229 1687 1822 1759">
    <p class='ocr_par' dir='ltr' id='par_1_18' title="bbox 229 1687 1822 1759">
     <span class='ocr_line' id='line_1_18' title="bbox 229 1687 1822 1759; baseline 0.001 -18"><span class='ocrx_word' id='word_1_121' title='bbox 229 1688 518 1754; x_wconf 90' lang='lat' dir='ltr'><strong>missum,</strong></span> <span class='ocrx_word' id='word_1_122' title='bbox 570 1696 906 1759; x_wconf 73' lang='lat' dir='ltr'><strong>quaerentem</strong></span> <span class='ocrx_word' id='word_1_123' title='bbox 965 1689 1320 1744; x_wconf 86' lang='lat' dir='ltr'><strong>occasionem</strong></span> <span class='ocrx_word' id='word_1_124' title='bbox 1383 1687 1730 1755; x_wconf 88' lang='lat' dir='ltr'><strong>insidiarum,</strong></span> <span class='ocrx_word' id='word_1_125' title='bbox 1774 1687 1822 1742; x_wconf 90' lang='lat' dir='ltr'><strong>si</strong></span> 
     </span>
    </p>
   </div>
   <div class='ocr_carea' id='block_1_19' title="bbox 222 1779 1824 1851">
    <p class='ocr_par' dir='ltr' id='par_1_19' title="bbox 222 1779 1824 1851">
     <span class='ocr_line' id='line_1_19' title="bbox 222 1779 1824 1851; baseline 0 -19"><span class='ocrx_word' id='word_1_126' title='bbox 222 1795 344 1850; x_wconf 84' lang='lat' dir='ltr'><strong>quo</strong></span> <span class='ocrx_word' id='word_1_127' title='bbox 371 1780 542 1834; x_wconf 87' lang='lat' dir='ltr'><strong>modo</strong></span> <span class='ocrx_word' id='word_1_128' title='bbox 570 1794 672 1836; x_wconf 91' lang='lat' dir='ltr'><strong>nos</strong></span> <span class='ocrx_word' id='word_1_129' title='bbox 702 1780 1025 1836; x_wconf 83' lang='lat' dir='ltr'><strong>subvertere</strong></span> <span class='ocrx_word' id='word_1_130' title='bbox 1050 1788 1236 1851; x_wconf 81' lang='lat' dir='ltr'><strong>queat,</strong></span> <span class='ocrx_word' id='word_1_131' title='bbox 1264 1779 1509 1850; x_wconf 84' lang='lat' dir='ltr'><strong>angelum</strong></span> <span class='ocrx_word' id='word_1_132' title='bbox 1553 1781 1824 1834; x_wconf 83' lang='lat' dir='ltr'><strong>custodem</strong></span> 
     </span>
    </p>
   </div>
   <div class='ocr_carea' id='block_1_20' title="bbox 222 1871 1826 1942">
    <p class='ocr_par' dir='ltr' id='par_1_20' title="bbox 222 1871 1826 1942">
     <span class='ocr_line' id='line_1_20' title="bbox 222 1871 1826 1942; baseline 0.001 -17"><span class='ocrx_word' id='word_1_133' title='bbox 222 1871 384 1927; x_wconf 76' lang='lat' dir='ltr'><strong>facit.</strong></span> <span class='ocrx_word' id='word_1_134' title='bbox 429 1871 606 1927; x_wconf 91' lang='lat' dir='ltr'><strong>Totus</strong></span> <span class='ocrx_word' id='word_1_135' title='bbox 637 1872 738 1927; x_wconf 89' lang='lat' dir='ltr'><strong>iste</strong></span> <span class='ocrx_word' id='word_1_136' title='bbox 776 1873 932 1929; x_wconf 89' lang='lat' dir='ltr'><strong>locus</strong></span> <span class='ocrx_word' id='word_1_137' title='bbox 963 1882 1073 1928; x_wconf 90' lang='lat' dir='ltr'><strong>tam</strong></span> <span class='ocrx_word' id='word_1_138' title='bbox 1104 1888 1239 1942; x_wconf 91' lang='lat' dir='ltr'><strong>pure</strong></span> <span class='ocrx_word' id='word_1_139' title='bbox 1273 1882 1359 1928; x_wconf 90' lang='lat' dir='ltr'><strong>est</strong></span> <span class='ocrx_word' id='word_1_140' title='bbox 1383 1871 1730 1942; x_wconf 84' lang='lat' dir='ltr'><strong>Origcnicus,</strong></span> <span class='ocrx_word' id='word_1_141' title='bbox 1763 1880 1826 1927; x_wconf 93' lang='lat' dir='ltr'><strong>ut</strong></span> 
     </span>
    </p>
   </div>
   <div class='ocr_carea' id='block_1_21' title="bbox 223 1963 1824 2036">
    <p class='ocr_par' dir='ltr' id='par_1_21' title="bbox 223 1963 1824 2036">
     <span class='ocr_line' id='line_1_21' title="bbox 223 1963 1824 2036; baseline 0.002 -19"><span class='ocrx_word' id='word_1_142' title='bbox 223 1965 310 2018; x_wconf 86' lang='lat' dir='ltr'><strong>his</strong></span> <span class='ocrx_word' id='word_1_143' title='bbox 341 1980 434 2018; x_wconf 86' lang='lat' dir='ltr'><strong>me</strong></span> <span class='ocrx_word' id='word_1_144' title='bbox 462 1965 748 2020; x_wconf 87' lang='lat' dir='ltr'><strong>immorari</strong></span> <span class='ocrx_word' id='word_1_145' title='bbox 779 1968 998 2036; x_wconf 82' lang='lat' dir='ltr'><strong>pudeat.</strong></span> <span class='ocrx_word' id='word_1_146' title='bbox 1033 1965 1237 2032; x_wconf 91' lang='lat' dir='ltr'><strong>Tertio,</strong></span> <span class='ocrx_word' id='word_1_147' title='bbox 1269 1980 1394 2020; x_wconf 93' lang='lat' dir='ltr'><strong>cum</strong></span> <span class='ocrx_word' id='word_1_148' title='bbox 1419 1963 1679 2035; x_wconf 85' lang='lat' dir='ltr'><strong>Origenes</strong></span> <span class='ocrx_word' id='word_1_149' title='bbox 1708 1966 1824 2034; x_wconf 92' lang='lat' dir='ltr'><strong>ipse</strong></span> 
     </span>
    </p>
   </div>
   <div class='ocr_carea' id='block_1_22' title="bbox 221 2055 1819 2130">
    <p class='ocr_par' dir='ltr' id='par_1_22' title="bbox 221 2055 1819 2130">
     <span class='ocr_line' id='line_1_22' title="bbox 221 2055 1819 2130; baseline -0.001 -18"><span class='ocrx_word' id='word_1_150' title='bbox 221 2058 378 2115; x_wconf 88' lang='lat' dir='ltr'><strong>solos</strong></span> <span class='ocrx_word' id='word_1_151' title='bbox 435 2058 611 2114; x_wconf 89' lang='lat' dir='ltr'><strong>libros</strong></span> <span class='ocrx_word' id='word_1_152' title='bbox 668 2059 807 2130; x_wconf 82' lang='lat' dir='ltr'><strong>legis</strong></span> <span class='ocrx_word' id='word_1_153' title='bbox 858 2057 1150 2113; x_wconf 90' lang='lat' dir='ltr'><strong>admisisse</strong></span> <span class='ocrx_word' id='word_1_154' title='bbox 1212 2055 1544 2112; x_wconf 71' lang='lat' dir='ltr'><strong>Sadducazos</strong></span> <span class='ocrx_word' id='word_1_155' title='bbox 1604 2056 1819 2122; x_wconf 85' lang='lat' dir='ltr'><strong>doceat,</strong></span> 
     </span>
    </p>
   </div>
   <div class='ocr_carea' id='block_1_23' title="bbox 220 2149 1816 2218">
    <p class='ocr_par' dir='ltr' id='par_1_23' title="bbox 220 2149 1816 2218">
     <span class='ocr_line' id='line_1_23' title="bbox 220 2149 1816 2218; baseline -0.002 -13"><span class='ocrx_word' id='word_1_156' title='bbox 220 2150 460 2205; x_wconf 88' lang='lat' dir='ltr'><strong>homilia</strong></span> <span class='ocrx_word' id='word_1_157' title='bbox 485 2150 578 2218; x_wconf 77' lang='lat'><strong>59,</strong></span> <span class='ocrx_word' id='word_1_158' title='bbox 614 2150 733 2205; x_wconf 89' lang='lat' dir='ltr'><strong>loca</strong></span> <span class='ocrx_word' id='word_1_159' title='bbox 773 2167 841 2207; x_wconf 80' lang='lat' dir='ltr'><strong>ex</strong></span> <span class='ocrx_word' id='word_1_160' title='bbox 865 2149 1007 2208; x_wconf 90' lang='lat' dir='ltr'><strong>Isaia</strong></span> <span class='ocrx_word' id='word_1_161' title='bbox 1039 2161 1094 2207; x_wconf 94' lang='lat' dir='ltr'><strong>et</strong></span> <span class='ocrx_word' id='word_1_162' title='bbox 1118 2151 1354 2209; x_wconf 87' lang='lat' dir='ltr'><strong>Psalmis</strong></span> <span class='ocrx_word' id='word_1_163' title='bbox 1392 2151 1593 2217; x_wconf 86' lang='lat' dir='ltr'><strong>citans,</strong></span> <span class='ocrx_word' id='word_1_164' title='bbox 1633 2149 1816 2206; x_wconf 85' lang='lat' dir='ltr'><strong>addit:</strong></span> 
     </span>
    </p>
   </div>
   <div class='ocr_carea' id='block_1_24' title="bbox 222 2242 1820 2316">
    <p class='ocr_par' dir='ltr' id='par_1_24' title="bbox 222 2242 1820 2316">
     <span class='ocr_line' id='line_1_24' title="bbox 222 2242 1820 2316; baseline 0.003 -22"><span class='ocrx_word' id='word_1_165' title='bbox 222 2242 362 2307; x_wconf 65' lang='lat' dir='ltr'><strong>Qua</strong></span> <span class='ocrx_word' id='word_1_166' title='bbox 406 2243 593 2296; x_wconf 85' lang='lat' dir='ltr'><strong>omnia</strong></span> <span class='ocrx_word' id='word_1_167' title='bbox 640 2244 994 2312; x_wconf 82' lang='lat' dir='ltr'><strong>corporaliter</strong></span> <span class='ocrx_word' id='word_1_168' title='bbox 1034 2244 1454 2316; x_wconf 87' lang='lat' dir='ltr'><strong>intelligentibus</strong></span> <span class='ocrx_word' id='word_1_169' title='bbox 1507 2242 1820 2301; x_wconf 76' lang='lat' dir='ltr'><strong>Sadducwis</strong></span> 
     </span>
    </p>
   </div>
   <div class='ocr_carea' id='block_1_25' title="bbox 217 2333 1820 2403">
    <p class='ocr_par' dir='ltr' id='par_1_25' title="bbox 217 2333 1820 2403">
     <span class='ocr_line' id='line_1_25' title="bbox 217 2333 1820 2403; baseline 0.002 -17"><span class='ocrx_word' id='word_1_170' title='bbox 217 2335 310 2403; x_wconf 69' lang='lat' dir='ltr'><strong>qui</strong></span> <span class='ocrx_word' id='word_1_171' title='bbox 339 2344 501 2388; x_wconf 78' lang='lat' dir='ltr'><strong>erant</strong></span> <span class='ocrx_word' id='word_1_172' title='bbox 527 2334 700 2403; x_wconf 88' lang='lat' dir='ltr'><strong>portio</strong></span> <span class='ocrx_word' id='word_1_173' title='bbox 722 2333 1056 2402; x_wconf 81' lang='lat' dir='ltr'><strong>Judtcorum,</strong></span> <span class='ocrx_word' id='word_1_174' title='bbox 1082 2336 1214 2389; x_wconf 86' lang='lat' dir='ltr'><strong>dicit</strong></span> <span class='ocrx_word' id='word_1_175' title='bbox 1238 2334 1489 2390; x_wconf 84' lang='lat' dir='ltr'><strong>Salvator</strong></span> <span class='ocrx_word' id='word_1_176' title='bbox 1510 2351 1529 2388; x_wconf 91' lang='lat'><strong><em>:</em></strong></span> <span class='ocrx_word' id='word_1_177' title='bbox 1557 2333 1820 2392; x_wconf 69' lang='lat' dir='ltr'><strong>(Nescitis</strong></span> 
     </span>
    </p>
   </div>
   <div class='ocr_carea' id='block_1_26' title="bbox 223 2426 1822 2498">
    <p class='ocr_par' dir='ltr' id='par_1_26' title="bbox 223 2426 1822 2498">
     <span class='ocr_line' id='line_1_26' title="bbox 223 2426 1822 2498; baseline 0 -16"><span class='ocrx_word' id='word_1_178' title='bbox 223 2426 573 2497; x_wconf 83' lang='lat' dir='ltr'><strong>Scripturas,</strong></span> <span class='ocrx_word' id='word_1_179' title='bbox 616 2444 794 2498; x_wconf 90' lang='lat' dir='ltr'><strong>neque</strong></span> <span class='ocrx_word' id='word_1_180' title='bbox 838 2430 1094 2484; x_wconf 81' lang='lat' dir='ltr'><strong>virtutem</strong></span> <span class='ocrx_word' id='word_1_181' title='bbox 1133 2429 1230 2485; x_wconf 90' lang='lat' dir='ltr'><strong>Dei</strong></span> <span class='ocrx_word' id='word_1_182' title='bbox 1259 2431 1302 2484; x_wconf 82' lang='grc'><strong>³.</strong></span> <span class='ocrx_word' id='word_1_183' title='bbox 1339 2451 1356 2482; x_wconf 74' lang='grc' dir='ltr'><strong>ι</strong></span> <span class='ocrx_word' id='word_1_184' title='bbox 1415 2429 1520 2485; x_wconf 90' lang='lat' dir='ltr'><strong>Sed</strong></span> <span class='ocrx_word' id='word_1_185' title='bbox 1550 2444 1660 2484; x_wconf 86' lang='lat' dir='ltr'><strong>non</strong></span> <span class='ocrx_word' id='word_1_186' title='bbox 1687 2428 1822 2484; x_wconf 85' lang='lat' dir='ltr'><strong>dicit</strong></span> 
     </span>
    </p>
   </div>
   <div class='ocr_carea' id='block_1_27' title="bbox 227 2521 1818 2593">
    <p class='ocr_par' dir='ltr' id='par_1_27' title="bbox 227 2521 1818 2593">
     <span class='ocr_line' id='line_1_27' title="bbox 227 2521 1818 2593; baseline 0.001 -17"><span class='ocrx_word' id='word_1_187' title='bbox 227 2523 319 2577; x_wconf 87' lang='lat' dir='ltr'><strong>hic</strong></span> <span class='ocrx_word' id='word_1_188' title='bbox 356 2521 629 2593; x_wconf 83' lang='lat' dir='ltr'><strong>Origenes</strong></span> <span class='ocrx_word' id='word_1_189' title='bbox 661 2524 713 2577; x_wconf 89' lang='lat' dir='ltr'><strong>id</strong></span> <span class='ocrx_word' id='word_1_190' title='bbox 738 2523 886 2593; x_wconf 90' lang='lat' dir='ltr'><strong>quod</strong></span> <span class='ocrx_word' id='word_1_191' title='bbox 911 2524 1250 2578; x_wconf 88' lang='lat' dir='ltr'><strong>contrarium</strong></span> <span class='ocrx_word' id='word_1_192' title='bbox 1282 2534 1366 2578; x_wconf 89' lang='lat' dir='ltr'><strong>est</strong></span> <span class='ocrx_word' id='word_1_193' title='bbox 1387 2523 1626 2593; x_wconf 88' lang='lat' dir='ltr'><strong>cuipiam</strong></span> <span class='ocrx_word' id='word_1_194' title='bbox 1670 2523 1818 2593; x_wconf 90' lang='lat' dir='ltr'><strong>quod</strong></span> 
     </span>
    </p>
   </div>
   <div class='ocr_carea' id='block_1_28' title="bbox 219 2611 1820 2684">
    <p class='ocr_par' dir='ltr' id='par_1_28' title="bbox 219 2611 1820 2684">
     <span class='ocr_line' id='line_1_28' title="bbox 219 2611 1820 2684; baseline 0.001 -20"><span class='ocrx_word' id='word_1_195' title='bbox 219 2611 354 2665; x_wconf 84' lang='lat' dir='ltr'><strong>alibi</strong></span> <span class='ocrx_word' id='word_1_196' title='bbox 405 2612 632 2680; x_wconf 90' lang='lat' dir='ltr'><strong>docuit;</strong></span> <span class='ocrx_word' id='word_1_197' title='bbox 687 2628 796 2668; x_wconf 91' lang='lat' dir='ltr'><strong>non</strong></span> <span class='ocrx_word' id='word_1_198' title='bbox 849 2614 994 2668; x_wconf 93' lang='lat' dir='ltr'><strong>enim</strong></span> <span class='ocrx_word' id='word_1_199' title='bbox 1039 2612 1277 2668; x_wconf 84' lang='lat' dir='ltr'><strong>aﬁirmat</strong></span> <span class='ocrx_word' id='word_1_200' title='bbox 1311 2612 1643 2669; x_wconf 72' lang='lat' dir='ltr'><strong>Sadduczeos</strong></span> <span class='ocrx_word' id='word_1_201' title='bbox 1691 2629 1820 2684; x_wconf 87' lang='lat' dir='ltr'><strong>pro-</strong></span> 
     </span>
    </p>
   </div>
   <div class='ocr_carea' id='block_1_29' title="bbox 220 2704 1820 2778">
    <p class='ocr_par' dir='ltr' id='par_1_29' title="bbox 220 2704 1820 2778">
     <span class='ocr_line' id='line_1_29' title="bbox 220 2704 1820 2778; baseline 0.001 -20"><span class='ocrx_word' id='word_1_202' title='bbox 220 2705 417 2774; x_wconf 87' lang='lat' dir='ltr'><strong>phetas</strong></span> <span class='ocrx_word' id='word_1_203' title='bbox 467 2705 526 2759; x_wconf 88' lang='lat' dir='ltr'><strong>in</strong></span> <span class='ocrx_word' id='word_1_204' title='bbox 579 2720 848 2760; x_wconf 90' lang='lat' dir='ltr'><strong>canonem</strong></span> <span class='ocrx_word' id='word_1_205' title='bbox 895 2705 1310 2777; x_wconf 89' lang='lat' dir='ltr'><strong>Scripturarum</strong></span> <span class='ocrx_word' id='word_1_206' title='bbox 1356 2707 1650 2778; x_wconf 88' lang='lat' dir='ltr'><strong>recepisse.</strong></span> <span class='ocrx_word' id='word_1_207' title='bbox 1703 2704 1820 2761; x_wconf 87' lang='lat' dir='ltr'><strong>Hoc</strong></span> 
     </span>
    </p>
   </div>
   <div class='ocr_carea' id='block_1_30' title="bbox 219 2795 1819 2872">
    <p class='ocr_par' dir='ltr' id='par_1_30' title="bbox 219 2795 1819 2872">
     <span class='ocr_line' id='line_1_30' title="bbox 219 2795 1819 2872; baseline 0.002 -20"><span class='ocrx_word' id='word_1_208' title='bbox 219 2807 437 2852; x_wconf 88' lang='lat' dir='ltr'><strong>tantum</strong></span> <span class='ocrx_word' id='word_1_209' title='bbox 464 2797 626 2865; x_wconf 88' lang='lat' dir='ltr'><strong>dicit,</strong></span> <span class='ocrx_word' id='word_1_210' title='bbox 661 2795 994 2855; x_wconf 69' lang='lat' dir='ltr'><strong>Sadducatos</strong></span> <span class='ocrx_word' id='word_1_211' title='bbox 1039 2800 1184 2855; x_wconf 90' lang='lat' dir='ltr'><strong>male</strong></span> <span class='ocrx_word' id='word_1_212' title='bbox 1216 2801 1553 2857; x_wconf 82' lang='lat' dir='ltr'><strong>intellexisse</strong></span> <span class='ocrx_word' id='word_1_213' title='bbox 1581 2799 1819 2872; x_wconf 86' lang='lat' dir='ltr'><strong>prophe—</strong></span> 
     </span>
    </p>
   </div>
   <div class='ocr_carea' id='block_1_31' title="bbox 218 2891 1814 2964">
    <p class='ocr_par' dir='ltr' id='par_1_31' title="bbox 218 2891 1814 2964">
     <span class='ocr_line' id='line_1_31' title="bbox 218 2891 1814 2964; baseline 0.003 -19"><span class='ocrx_word' id='word_1_214' title='bbox 218 2901 331 2959; x_wconf 85' lang='lat' dir='ltr'><strong>tas;</strong></span> <span class='ocrx_word' id='word_1_215' title='bbox 365 2899 673 2962; x_wconf 85' lang='lat' dir='ltr'><strong>potuerunt</strong></span> <span class='ocrx_word' id='word_1_216' title='bbox 715 2901 897 2946; x_wconf 81' lang='lat' dir='ltr'><strong>autem</strong></span> <span class='ocrx_word' id='word_1_217' title='bbox 929 2900 985 2948; x_wconf 88' lang='lat' dir='ltr'><strong>et</strong></span> <span class='ocrx_word' id='word_1_218' title='bbox 1011 2891 1336 2964; x_wconf 79' lang='lat' dir='ltr'><strong>intelligere,</strong></span> <span class='ocrx_word' id='word_1_219' title='bbox 1369 2901 1424 2948; x_wconf 90' lang='lat' dir='ltr'><strong>et</strong></span> <span class='ocrx_word' id='word_1_220' title='bbox 1457 2894 1623 2948; x_wconf 89' lang='lat' dir='ltr'><strong>etiam</strong></span> <span class='ocrx_word' id='word_1_221' title='bbox 1654 2894 1814 2961; x_wconf 86' lang='lat' dir='ltr'><strong>male,</strong></span> 
     </span>
    </p>
   </div>
   <div class='ocr_carea' id='block_1_32' title="bbox 215 2979 1815 3052">
    <p class='ocr_par' dir='ltr' id='par_1_32' title="bbox 215 2979 1815 3052">
     <span class='ocr_line' id='line_1_32' title="bbox 215 2979 1815 3052; baseline 0.003 -18"><span class='ocrx_word' id='word_1_222' title='bbox 215 2995 278 3034; x_wconf 88' lang='lat' dir='ltr'><strong>ea</strong></span> <span class='ocrx_word' id='word_1_223' title='bbox 303 2997 430 3049; x_wconf 65' lang='lat' dir='ltr'><strong>quae</strong></span> <span class='ocrx_word' id='word_1_224' title='bbox 461 2996 563 3050; x_wconf 92' lang='lat' dir='ltr'><strong>pro</strong></span> <span class='ocrx_word' id='word_1_225' title='bbox 592 2981 768 3036; x_wconf 86' lang='lat' dir='ltr'><strong>sacris</strong></span> <span class='ocrx_word' id='word_1_226' title='bbox 793 2979 1098 3052; x_wconf 88' lang='lat' dir='ltr'><strong>Scripturis</strong></span> <span class='ocrx_word' id='word_1_227' title='bbox 1145 2998 1254 3038; x_wconf 93' lang='lat' dir='ltr'><strong>non</strong></span> <span class='ocrx_word' id='word_1_228' title='bbox 1288 2983 1547 3039; x_wconf 90' lang='lat' dir='ltr'><strong>habuere.</strong></span> <span class='ocrx_word' id='word_1_229' title='bbox 1597 2984 1815 3040; x_wconf 59' lang='lat' dir='ltr'><strong>Sadduo</strong></span> 
     </span>
    </p>
   </div>
   <div class='ocr_carea' id='block_1_33' title="bbox 1937 477 3518 556">
    <p class='ocr_par' dir='ltr' id='par_1_33' title="bbox 1937 477 3518 556">
     <span class='ocr_line' id='line_1_33' title="bbox 1937 477 3518 556; baseline -0.003 -18"><span class='ocrx_word' id='word_1_230' title='bbox 1937 484 2136 541; x_wconf 88' lang='lat' dir='ltr'><strong>Eliensi</strong></span> <span class='ocrx_word' id='word_1_231' title='bbox 2185 485 2392 556; x_wconf 83' lang='lat' dir='ltr'><strong>collega</strong></span> <span class='ocrx_word' id='word_1_232' title='bbox 2437 493 2645 547; x_wconf 90' lang='lat' dir='ltr'><strong>noster,</strong></span> <span class='ocrx_word' id='word_1_233' title='bbox 2699 482 2765 539; x_wconf 90' lang='lat' dir='ltr'><strong>ad</strong></span> <span class='ocrx_word' id='word_1_234' title='bbox 2800 481 3157 554; x_wconf 86' lang='lat' dir='ltr'><strong>Evangelium</strong></span> <span class='ocrx_word' id='word_1_235' title='bbox 3204 477 3262 535; x_wconf 93' lang='lat' dir='ltr'><strong>S.</strong></span> <span class='ocrx_word' id='word_1_236' title='bbox 3287 477 3518 534; x_wconf 84' lang='lat' dir='ltr'><strong>Joannis</strong></span> 
     </span>
    </p>
   </div>
   <div class='ocr_carea' id='block_1_34' title="bbox 1932 571 3514 648">
    <p class='ocr_par' dir='ltr' id='par_1_34' title="bbox 1932 571 3514 648">
     <span class='ocr_line' id='line_1_34' title="bbox 1932 571 3514 648; baseline -0.006 -14"><span class='ocrx_word' id='word_1_237' title='bbox 1932 594 2054 648; x_wconf 88' lang='lat' dir='ltr'><strong>cap.</strong></span> <span class='ocrx_word' id='word_1_238' title='bbox 2078 594 2153 644; x_wconf 81' lang='grc' dir='ltr'><strong>ιν,</strong></span> <span class='ocrx_word' id='word_1_239' title='bbox 2196 594 2342 634; x_wconf 84' lang='lat' dir='ltr'><strong>vers.</strong></span> <span class='ocrx_word' id='word_1_240' title='bbox 2370 579 2460 644; x_wconf 81' lang='lat' dir='ltr'><strong>l5,</strong></span> <span class='ocrx_word' id='word_1_241' title='bbox 2507 578 2600 633; x_wconf 89' lang='lat' dir='ltr'><strong>ubi</strong></span> <span class='ocrx_word' id='word_1_242' title='bbox 2651 576 2848 632; x_wconf 90' lang='lat' dir='ltr'><strong>mulier</strong></span> <span class='ocrx_word' id='word_1_243' title='bbox 2877 573 3227 631; x_wconf 87' lang='lat' dir='ltr'><strong>Samaritana</strong></span> <span class='ocrx_word' id='word_1_244' title='bbox 3259 571 3514 628; x_wconf 69' lang='lat' dir='ltr'><strong>Messian]</strong></span> 
     </span>
    </p>
   </div>
   <div class='ocr_carea' id='block_1_35' title="bbox 1933 666 3517 741">
    <p class='ocr_par' dir='ltr' id='par_1_35' title="bbox 1933 666 3517 741">
     <span class='ocr_line' id='line_1_35' title="bbox 1933 666 3517 741; baseline -0.004 -15"><span class='ocrx_word' id='word_1_245' title='bbox 1933 673 2207 730; x_wconf 89' lang='lat' dir='ltr'><strong>nominat.</strong></span> <span class='ocrx_word' id='word_1_246' title='bbox 2241 671 2509 727; x_wconf 66' lang='lat' dir='ltr'><strong>Praeterea</strong></span> <span class='ocrx_word' id='word_1_247' title='bbox 2549 679 2604 727; x_wconf 92' lang='lat' dir='ltr'><strong>et</strong></span> <span class='ocrx_word' id='word_1_248' title='bbox 2635 670 2877 741; x_wconf 85' lang='lat' dir='ltr'><strong>juvenis,</strong></span> <span class='ocrx_word' id='word_1_249' title='bbox 2905 677 2960 725; x_wconf 91' lang='lat' dir='ltr'><strong>et</strong></span> <span class='ocrx_word' id='word_1_250' title='bbox 3001 668 3069 723; x_wconf 92' lang='lat' dir='ltr'><strong>ad</strong></span> <span class='ocrx_word' id='word_1_251' title='bbox 3098 667 3360 738; x_wconf 89' lang='lat' dir='ltr'><strong>populum</strong></span> <span class='ocrx_word' id='word_1_252' title='bbox 3399 666 3517 721; x_wconf 65' lang='lat' dir='ltr'><strong>haec</strong></span> 
     </span>
    </p>
   </div>
   <div class='ocr_carea' id='block_1_36' title="bbox 1932 757 3423 832">
    <p class='ocr_par' dir='ltr' id='par_1_36' title="bbox 1932 757 3423 832">
     <span class='ocr_line' id='line_1_36' title="bbox 1932 757 3423 832; baseline -0.003 -15"><span class='ocrx_word' id='word_1_253' title='bbox 1932 762 2152 832; x_wconf 85' lang='lat' dir='ltr'><strong>scripsit</strong></span> <span class='ocrx_word' id='word_1_254' title='bbox 2191 759 2487 832; x_wconf 85' lang='lat' dir='ltr'><strong>Origenes;</strong></span> <span class='ocrx_word' id='word_1_255' title='bbox 2553 778 2662 816; x_wconf 91' lang='lat' dir='ltr'><strong>non</strong></span> <span class='ocrx_word' id='word_1_256' title='bbox 2699 761 2865 832; x_wconf 77' lang='lat' dir='ltr'><strong>igitur</strong></span> <span class='ocrx_word' id='word_1_257' title='bbox 2905 768 3036 814; x_wconf 88' lang='lat' dir='ltr'><strong>tunc</strong></span> <span class='ocrx_word' id='word_1_258' title='bbox 3079 757 3313 814; x_wconf 79' lang='lat' dir='ltr'><strong>fortasse</strong></span> <span class='ocrx_word' id='word_1_259' title='bbox 3352 772 3423 812; x_wconf 93' lang='lat' dir='ltr'><strong>no</strong></span> 
     </span>
    </p>
   </div>
   <div class='ocr_carea' id='block_1_37' title="bbox 1932 853 3511 924">
    <p class='ocr_par' dir='ltr' id='par_1_37' title="bbox 1932 853 3511 924">
     <span class='ocr_line' id='line_1_37' title="bbox 1932 853 3511 924; baseline -0.003 -14"><span class='ocrx_word' id='word_1_260' title='bbox 1932 863 2119 924; x_wconf 90' lang='lat' dir='ltr'><strong>verat,</strong></span> <span class='ocrx_word' id='word_1_261' title='bbox 2169 863 2264 911; x_wconf 91' lang='lat' dir='ltr'><strong>aut</strong></span> <span class='ocrx_word' id='word_1_262' title='bbox 2307 865 2456 912; x_wconf 92' lang='lat' dir='ltr'><strong>certe</strong></span> <span class='ocrx_word' id='word_1_263' title='bbox 2504 871 2615 910; x_wconf 93' lang='lat' dir='ltr'><strong>non</strong></span> <span class='ocrx_word' id='word_1_264' title='bbox 2663 869 2888 910; x_wconf 88' lang='lat' dir='ltr'><strong>necesse</strong></span> <span class='ocrx_word' id='word_1_265' title='bbox 2935 853 3130 908; x_wconf 90' lang='lat' dir='ltr'><strong>habuit</strong></span> <span class='ocrx_word' id='word_1_266' title='bbox 3184 853 3511 909; x_wconf 90' lang='lat' dir='ltr'><strong>sententiam</strong></span> 
     </span>
    </p>
   </div>
   <div class='ocr_carea' id='block_1_38' title="bbox 1933 945 3512 1018">
    <p class='ocr_par' dir='ltr' id='par_1_38' title="bbox 1933 945 3512 1018">
     <span class='ocr_line' id='line_1_38' title="bbox 1933 945 3512 1018; baseline -0.004 -14"><span class='ocrx_word' id='word_1_267' title='bbox 1933 947 2364 1004; x_wconf 60' lang='lat' dir='ltr'><strong>Sadducmorum</strong></span> <span class='ocrx_word' id='word_1_268' title='bbox 2405 947 2734 1018; x_wconf 87' lang='lat' dir='ltr'><strong>peculiarem</strong></span> <span class='ocrx_word' id='word_1_269' title='bbox 2797 955 3026 1002; x_wconf 89' lang='lat' dir='ltr'><strong>notare:</strong></span> <span class='ocrx_word' id='word_1_270' title='bbox 3058 947 3314 1001; x_wconf 83' lang='lat' dir='ltr'><strong>observat</strong></span> <span class='ocrx_word' id='word_1_271' title='bbox 3365 945 3512 1000; x_wconf 89' lang='lat' dir='ltr'><strong>enim</strong></span> 
     </span>
    </p>
   </div>
   <div class='ocr_carea' id='block_1_39' title="bbox 1933 1036 3510 1110">
    <p class='ocr_par' dir='ltr' id='par_1_39' title="bbox 1933 1036 3510 1110">
     <span class='ocr_line' id='line_1_39' title="bbox 1933 1036 3510 1110; baseline -0.001 -15"><span class='ocrx_word' id='word_1_272' title='bbox 1933 1039 2262 1097; x_wconf 69' lang='lat' dir='ltr'><strong>Sadducatos</strong></span> <span class='ocrx_word' id='word_1_273' title='bbox 2321 1049 2532 1096; x_wconf 87' lang='lat' dir='ltr'><strong>tantum</strong></span> <span class='ocrx_word' id='word_1_274' title='bbox 2597 1041 2893 1110; x_wconf 90' lang='lat' dir='ltr'><strong>portionem</strong></span> <span class='ocrx_word' id='word_1_275' title='bbox 2937 1038 3251 1093; x_wconf 68' lang='lat' dir='ltr'><strong>Iudaeorum</strong></span> <span class='ocrx_word' id='word_1_276' title='bbox 3318 1036 3510 1093; x_wconf 82' lang='lat' dir='ltr'><strong>fuisse.</strong></span> 
     </span>
    </p>
   </div>
   <div class='ocr_carea' id='block_1_40' title="bbox 1931 1129 3515 1207">
    <p class='ocr_par' dir='ltr' id='par_1_40' title="bbox 1931 1129 3515 1207">
     <span class='ocr_line' id='line_1_40' title="bbox 1931 1129 3515 1207; baseline -0.005 -15"><span class='ocrx_word' id='word_1_277' title='bbox 1931 1135 2224 1207; x_wconf 88' lang='lat' dir='ltr'><strong>Utcunque</strong></span> <span class='ocrx_word' id='word_1_278' title='bbox 2259 1144 2407 1190; x_wconf 89' lang='lat' dir='ltr'><strong>totus</strong></span> <span class='ocrx_word' id='word_1_279' title='bbox 2441 1135 2532 1189; x_wconf 92' lang='lat' dir='ltr'><strong>hic</strong></span> <span class='ocrx_word' id='word_1_280' title='bbox 2580 1143 2850 1190; x_wconf 86' lang='lat' dir='ltr'><strong>tractatus</strong></span> <span class='ocrx_word' id='word_1_281' title='bbox 2885 1133 3064 1204; x_wconf 90' lang='lat' dir='ltr'><strong>ipsum</strong></span> <span class='ocrx_word' id='word_1_282' title='bbox 3103 1129 3390 1202; x_wconf 83' lang='lat' dir='ltr'><strong>Origenem</strong></span> <span class='ocrx_word' id='word_1_283' title='bbox 3426 1145 3515 1185; x_wconf 86' lang='lat' dir='ltr'><strong>sa-</strong></span> 
     </span>
    </p>
   </div>
   <div class='ocr_carea' id='block_1_41' title="bbox 1931 1222 3513 1300">
    <p class='ocr_par' dir='ltr' id='par_1_41' title="bbox 1931 1222 3513 1300">
     <span class='ocr_line' id='line_1_41' title="bbox 1931 1222 3513 1300; baseline -0.006 -16"><span class='ocrx_word' id='word_1_284' title='bbox 1931 1230 2035 1300; x_wconf 84' lang='lat' dir='ltr'><strong>pit;</strong></span> <span class='ocrx_word' id='word_1_285' title='bbox 2085 1243 2151 1283; x_wconf 87' lang='lat' dir='ltr'><strong>ac</strong></span> <span class='ocrx_word' id='word_1_286' title='bbox 2182 1229 2453 1299; x_wconf 66' lang='lat' dir='ltr'><strong>prmcipue</strong></span> <span class='ocrx_word' id='word_1_287' title='bbox 2502 1226 2678 1298; x_wconf 88' lang='lat' dir='ltr'><strong>prima</strong></span> <span class='ocrx_word' id='word_1_288' title='bbox 2723 1227 2814 1281; x_wconf 90' lang='lat' dir='ltr'><strong>illa</strong></span> <span class='ocrx_word' id='word_1_289' title='bbox 2857 1225 3126 1282; x_wconf 87' lang='lat' dir='ltr'><strong>sententia</strong></span> <span class='ocrx_word' id='word_1_290' title='bbox 3167 1241 3179 1276; x_wconf 90' lang='lat'><strong>:</strong></span> <span class='ocrx_word' id='word_1_291' title='bbox 3221 1222 3326 1288; x_wconf 86' lang='lat' dir='ltr'><strong>Qui</strong></span> <span class='ocrx_word' id='word_1_292' title='bbox 3360 1231 3513 1276; x_wconf 87' lang='lat' dir='ltr'><strong>erunt</strong></span> 
     </span>
    </p>
   </div>
   <div class='ocr_carea' id='block_1_42' title="bbox 1928 1313 3512 1389">
    <p class='ocr_par' dir='ltr' id='par_1_42' title="bbox 1928 1313 3512 1389">
     <span class='ocr_line' id='line_1_42' title="bbox 1928 1313 3512 1389; baseline -0.006 -14"><span class='ocrx_word' id='word_1_293' title='bbox 1928 1322 2068 1376; x_wconf 88' lang='lat' dir='ltr'><strong>sicut</strong></span> <span class='ocrx_word' id='word_1_294' title='bbox 2114 1318 2327 1389; x_wconf 85' lang='lat' dir='ltr'><strong>angeli,</strong></span> <span class='ocrx_word' id='word_1_295' title='bbox 2380 1319 2560 1388; x_wconf 81' lang='lat' dir='ltr'><strong>utique</strong></span> <span class='ocrx_word' id='word_1_296' title='bbox 2614 1315 2786 1387; x_wconf 89' lang='lat' dir='ltr'><strong>angeli</strong></span> <span class='ocrx_word' id='word_1_297' title='bbox 2833 1324 3008 1369; x_wconf 89' lang='lat' dir='ltr'><strong>erunt.</strong></span> <span class='ocrx_word' id='word_1_298' title='bbox 3073 1313 3186 1368; x_wconf 90' lang='lat' dir='ltr'><strong>lmo</strong></span> <span class='ocrx_word' id='word_1_299' title='bbox 3234 1313 3350 1368; x_wconf 61' lang='lat' dir='ltr'><strong>haec</strong></span> <span class='ocrx_word' id='word_1_300' title='bbox 3393 1313 3512 1383; x_wconf 89' lang='lat' dir='ltr'><strong>ipsa</strong></span> 
     </span>
    </p>
   </div>
   <div class='ocr_carea' id='block_1_43' title="bbox 1928 1404 3513 1481">
    <p class='ocr_par' dir='ltr' id='par_1_43' title="bbox 1928 1404 3513 1481">
     <span class='ocr_line' id='line_1_43' title="bbox 1928 1404 3513 1481; baseline -0.006 -15"><span class='ocrx_word' id='word_1_301' title='bbox 1928 1409 2182 1481; x_wconf 63' lang='lat' dir='ltr'><strong>quaestio,</strong></span> <span class='ocrx_word' id='word_1_302' title='bbox 2238 1423 2404 1478; x_wconf 86' lang='lat' dir='ltr'><strong>quam</strong></span> <span class='ocrx_word' id='word_1_303' title='bbox 2457 1406 2736 1462; x_wconf 87' lang='lat' dir='ltr'><strong>molestam</strong></span> <span class='ocrx_word' id='word_1_304' title='bbox 2788 1415 2947 1461; x_wconf 90' lang='lat' dir='ltr'><strong>vocat</strong></span> <span class='ocrx_word' id='word_1_305' title='bbox 3028 1404 3266 1460; x_wconf 70' lang='lat' dir='ltr'><strong>homilia:</strong></span> <span class='ocrx_word' id='word_1_306' title='bbox 3320 1413 3513 1459; x_wconf 89' lang='lat' dir='ltr'><strong>auctor</strong></span> 
     </span>
    </p>
   </div>
   <div class='ocr_carea' id='block_1_44' title="bbox 1929 1497 3513 1576">
    <p class='ocr_par' dir='ltr' id='par_1_44' title="bbox 1929 1497 3513 1576">
     <span class='ocr_line' id='line_1_44' title="bbox 1929 1497 3513 1576; baseline -0.005 -17"><span class='ocrx_word' id='word_1_307' title='bbox 1929 1503 2181 1576; x_wconf 87' lang='lat' dir='ltr'><strong>(scilicet,</strong></span> <span class='ocrx_word' id='word_1_308' title='bbox 2233 1500 2320 1554; x_wconf 91' lang='lat' dir='ltr'><strong>ubi</strong></span> <span class='ocrx_word' id='word_1_309' title='bbox 2376 1500 2634 1567; x_wconf 88' lang='lat' dir='ltr'><strong>scriptum</strong></span> <span class='ocrx_word' id='word_1_310' title='bbox 2685 1509 2783 1565; x_wconf 89' lang='lat' dir='ltr'><strong>est,</strong></span> <span class='ocrx_word' id='word_1_311' title='bbox 2841 1498 2966 1569; x_wconf 85' lang='lat' dir='ltr'><strong>quia</strong></span> <span class='ocrx_word' id='word_1_312' title='bbox 3022 1515 3041 1548; x_wconf 76' lang='grc' dir='ltr'><strong>ι</strong></span> <span class='ocrx_word' id='word_1_313' title='bbox 3077 1512 3254 1567; x_wconf 90' lang='lat' dir='ltr'><strong>neque</strong></span> <span class='ocrx_word' id='word_1_314' title='bbox 3305 1497 3513 1551; x_wconf 82' lang='lat' dir='ltr'><strong>nubent</strong></span> 
     </span>
    </p>
   </div>
   <div class='ocr_carea' id='block_1_45' title="bbox 1928 1587 3510 1664">
    <p class='ocr_par' dir='ltr' id='par_1_45' title="bbox 1928 1587 3510 1664">
     <span class='ocr_line' id='line_1_45' title="bbox 1928 1587 3510 1664; baseline -0.004 -15"><span class='ocrx_word' id='word_1_315' title='bbox 1928 1608 2105 1664; x_wconf 88' lang='lat' dir='ltr'><strong>neque</strong></span> <span class='ocrx_word' id='word_1_316' title='bbox 2121 1591 2395 1646; x_wconf 89' lang='lat' dir='ltr'><strong>nubentur</strong></span> <span class='ocrx_word' id='word_1_317' title='bbox 2425 1589 2500 1641; x_wconf 73' lang='grc' dir='ltr'><strong>ὀῗ</strong></span> <span class='ocrx_word' id='word_1_318' title='bbox 2527 1589 2601 1661; x_wconf 81' lang='grc' dir='ltr'><strong>ι),</strong></span> <span class='ocrx_word' id='word_1_319' title='bbox 2626 1604 2735 1644; x_wconf 92' lang='lat' dir='ltr'><strong>non</strong></span> <span class='ocrx_word' id='word_1_320' title='bbox 2752 1599 2835 1646; x_wconf 89' lang='lat' dir='ltr'><strong>est</strong></span> <span class='ocrx_word' id='word_1_321' title='bbox 2861 1589 3086 1645; x_wconf 87' lang='lat' dir='ltr'><strong>alterius</strong></span> <span class='ocrx_word' id='word_1_322' title='bbox 3126 1603 3292 1659; x_wconf 89' lang='lat' dir='ltr'><strong>quam</strong></span> <span class='ocrx_word' id='word_1_323' title='bbox 3325 1587 3510 1660; x_wconf 83' lang='lat' dir='ltr'><strong>Orige-</strong></span> 
     </span>
    </p>
   </div>
   <div class='ocr_carea' id='block_1_46' title="bbox 1928 1679 3512 1752">
    <p class='ocr_par' dir='ltr' id='par_1_46' title="bbox 1928 1679 3512 1752">
     <span class='ocr_line' id='line_1_46' title="bbox 1928 1679 3512 1752; baseline -0.004 -13"><span class='ocrx_word' id='word_1_324' title='bbox 1928 1686 2034 1741; x_wconf 90' lang='lat' dir='ltr'><strong>nis.</strong></span> <span class='ocrx_word' id='word_1_325' title='bbox 2078 1683 2339 1738; x_wconf 89' lang='lat' dir='ltr'><strong>Eamdem</strong></span> <span class='ocrx_word' id='word_1_326' title='bbox 2381 1682 2528 1737; x_wconf 89' lang='lat' dir='ltr'><strong>enim</strong></span> <span class='ocrx_word' id='word_1_327' title='bbox 2571 1682 2688 1752; x_wconf 88' lang='lat' dir='ltr'><strong>ipse</strong></span> <span class='ocrx_word' id='word_1_328' title='bbox 2716 1681 2973 1752; x_wconf 86' lang='lat' dir='ltr'><strong>proponit</strong></span> <span class='ocrx_word' id='word_1_329' title='bbox 3016 1681 3069 1735; x_wconf 94' lang='lat' dir='ltr'><strong>in</strong></span> <span class='ocrx_word' id='word_1_330' title='bbox 3102 1679 3512 1736; x_wconf 83' lang='lat' dir='ltr'><strong>commentariis</strong></span> 
     </span>
    </p>
   </div>
   <div class='ocr_carea' id='block_1_47' title="bbox 1855 1755 3514 1847">
    <p class='ocr_par' dir='ltr' id='par_1_47' title="bbox 1855 1755 3514 1847">
     <span class='ocr_line' id='line_1_47' title="bbox 1855 1755 3514 1847; baseline -0.002 -14"><span class='ocrx_word' id='word_1_331' title='bbox 1855 1755 1898 1810; x_wconf 81' lang='grc' dir='ltr'>Β</span> <span class='ocrx_word' id='word_1_332' title='bbox 1929 1778 1995 1833; x_wconf 91' lang='lat' dir='ltr'><strong>ad</strong></span> <span class='ocrx_word' id='word_1_333' title='bbox 2027 1776 2379 1843; x_wconf 68' lang='lat' dir='ltr'><strong>Matthaeum,</strong></span> <span class='ocrx_word' id='word_1_334' title='bbox 2424 1792 2660 1847; x_wconf 88' lang='lat' dir='ltr'><strong>eamque</strong></span> <span class='ocrx_word' id='word_1_335' title='bbox 2704 1791 2936 1847; x_wconf 86' lang='lat' dir='ltr'><strong>operose</strong></span> <span class='ocrx_word' id='word_1_336' title='bbox 2981 1776 3174 1841; x_wconf 90' lang='lat' dir='ltr'><strong>solvit,</strong></span> <span class='ocrx_word' id='word_1_337' title='bbox 3218 1776 3514 1832; x_wconf 84' lang='lat' dir='ltr'><strong>ostendens</strong></span> 
     </span>
    </p>
   </div>
   <div class='ocr_carea' id='block_1_48' title="bbox 1929 1868 3511 1940">
    <p class='ocr_par' dir='ltr' id='par_1_48' title="bbox 1929 1868 3511 1940">
     <span class='ocr_line' id='line_1_48' title="bbox 1929 1868 3511 1940; baseline -0.002 -16"><span class='ocrx_word' id='word_1_338' title='bbox 1929 1871 2072 1925; x_wconf 88' lang='lat' dir='ltr'><strong>hanc</strong></span> <span class='ocrx_word' id='word_1_339' title='bbox 2097 1871 2420 1926; x_wconf 90' lang='lat' dir='ltr'><strong>sententiam</strong></span> <span class='ocrx_word' id='word_1_340' title='bbox 2443 1871 2496 1924; x_wconf 92' lang='lat' dir='ltr'><strong>in</strong></span> <span class='ocrx_word' id='word_1_341' title='bbox 2530 1868 2830 1940; x_wconf 89' lang='lat' dir='ltr'><strong>Scripturis</strong></span> <span class='ocrx_word' id='word_1_342' title='bbox 2850 1885 2958 1924; x_wconf 93' lang='lat' dir='ltr'><strong>non</strong></span> <span class='ocrx_word' id='word_1_343' title='bbox 2976 1869 3195 1940; x_wconf 89' lang='lat' dir='ltr'><strong>quidem</strong></span> <span class='ocrx_word' id='word_1_344' title='bbox 3216 1868 3511 1936; x_wconf 78' lang='grc' dir='ltr'>αὑτολεξεὶ,</span> 
     </span>
    </p>
   </div>
   <div class='ocr_carea' id='block_1_49' title="bbox 1926 1963 3514 2035">
    <p class='ocr_par' dir='ltr' id='par_1_49' title="bbox 1926 1963 3514 2035">
     <span class='ocr_line' id='line_1_49' title="bbox 1926 1963 3514 2035; baseline -0.001 -17"><span class='ocrx_word' id='word_1_345' title='bbox 1926 1964 2053 2032; x_wconf 87' lang='lat' dir='ltr'><strong>ipsis</strong></span> <span class='ocrx_word' id='word_1_346' title='bbox 2091 1963 2281 2029; x_wconf 83' lang='lat' dir='ltr'><strong>verbis,</strong></span> <span class='ocrx_word' id='word_1_347' title='bbox 2327 1964 2423 2020; x_wconf 86' lang='lat' dir='ltr'><strong>sed</strong></span> <span class='ocrx_word' id='word_1_348' title='bbox 2466 1965 2524 2017; x_wconf 82' lang='grc' dir='ltr'><strong>ὲν</strong></span> <span class='ocrx_word' id='word_1_349' title='bbox 2557 1963 2921 2035; x_wconf 79' lang='grc' dir='ltr'>τροπολογῐᾳ,</span> <span class='ocrx_word' id='word_1_350' title='bbox 2974 1963 3296 2034; x_wconf 88' lang='lat' dir='ltr'><strong>tropologice</strong></span> <span class='ocrx_word' id='word_1_351' title='bbox 3337 1963 3514 2018; x_wconf 91' lang='lat' dir='ltr'><strong>conti-</strong></span> 
     </span>
    </p>
   </div>
   <div class='ocr_carea' id='block_1_50' title="bbox 1926 2056 3512 2128">
    <p class='ocr_par' dir='ltr' id='par_1_50' title="bbox 1926 2056 3512 2128">
     <span class='ocr_line' id='line_1_50' title="bbox 1926 2056 3512 2128; baseline -0.002 -16"><span class='ocrx_word' id='word_1_352' title='bbox 1926 2057 2079 2123; x_wconf 89' lang='lat' dir='ltr'><strong>neri,</strong></span> <span class='ocrx_word' id='word_1_353' title='bbox 2136 2068 2302 2128; x_wconf 89' lang='lat' dir='ltr'><strong>atque</strong></span> <span class='ocrx_word' id='word_1_354' title='bbox 2351 2059 2485 2113; x_wconf 87' lang='lat' dir='ltr'><strong>hinc</strong></span> <span class='ocrx_word' id='word_1_355' title='bbox 2532 2059 2672 2112; x_wconf 86' lang='lat' dir='ltr'><strong>mire</strong></span> <span class='ocrx_word' id='word_1_356' title='bbox 2729 2057 3068 2114; x_wconf 88' lang='lat' dir='ltr'><strong>contendens</strong></span> <span class='ocrx_word' id='word_1_357' title='bbox 3117 2056 3512 2127; x_wconf 80' lang='lat' dir='ltr'><strong>tropologicam</strong></span> 
     </span>
    </p>
   </div>
   <div class='ocr_carea' id='block_1_51' title="bbox 1928 2147 3510 2220">
    <p class='ocr_par' dir='ltr' id='par_1_51' title="bbox 1928 2147 3510 2220">
     <span class='ocr_line' id='line_1_51' title="bbox 1928 2147 3510 2220; baseline -0.002 -16"><span class='ocrx_word' id='word_1_358' title='bbox 1928 2147 2225 2220; x_wconf 68' lang='lat' dir='ltr'><strong>Scriptura:</strong></span> <span class='ocrx_word' id='word_1_359' title='bbox 2256 2150 2658 2220; x_wconf 80' lang='lat' dir='ltr'><strong>expositionem</strong></span> <span class='ocrx_word' id='word_1_360' title='bbox 2689 2164 2812 2206; x_wconf 88' lang='lat' dir='ltr'><strong>esse</strong></span> <span class='ocrx_word' id='word_1_361' title='bbox 2847 2165 3070 2219; x_wconf 89' lang='lat' dir='ltr'><strong>prorsus</strong></span> <span class='ocrx_word' id='word_1_362' title='bbox 3116 2149 3510 2216; x_wconf 85' lang='lat' dir='ltr'><strong>necessariam,</strong></span> 
     </span>
    </p>
   </div>
   <div class='ocr_carea' id='block_1_52' title="bbox 1923 2243 3514 2316">
    <p class='ocr_par' dir='ltr' id='par_1_52' title="bbox 1923 2243 3514 2316">
     <span class='ocr_line' id='line_1_52' title="bbox 1923 2243 3514 2316; baseline -0.003 -15"><span class='ocrx_word' id='word_1_363' title='bbox 1923 2247 2072 2316; x_wconf 85' lang='lat' dir='ltr'><strong>quod</strong></span> <span class='ocrx_word' id='word_1_364' title='bbox 2101 2248 2173 2310; x_wconf 90' lang='lat' dir='ltr'><strong>ei,</strong></span> <span class='ocrx_word' id='word_1_365' title='bbox 2202 2247 2298 2316; x_wconf 88' lang='lat' dir='ltr'><strong>qui</strong></span> <span class='ocrx_word' id='word_1_366' title='bbox 2332 2248 2474 2302; x_wconf 91' lang='lat' dir='ltr'><strong>hanc</strong></span> <span class='ocrx_word' id='word_1_367' title='bbox 2516 2261 2630 2302; x_wconf 92' lang='lat' dir='ltr'><strong>non</strong></span> <span class='ocrx_word' id='word_1_368' title='bbox 2671 2246 2936 2311; x_wconf 87' lang='lat' dir='ltr'><strong>admittit,</strong></span> <span class='ocrx_word' id='word_1_369' title='bbox 2964 2243 3049 2301; x_wconf 90' lang='lat' dir='ltr'><strong>vel</strong></span> <span class='ocrx_word' id='word_1_370' title='bbox 3097 2245 3280 2300; x_wconf 92' lang='lat' dir='ltr'><strong>locum</strong></span> <span class='ocrx_word' id='word_1_371' title='bbox 3322 2259 3514 2299; x_wconf 88' lang='lat' dir='ltr'><strong>corru-</strong></span> 
     </span>
    </p>
   </div>
   <div class='ocr_carea' id='block_1_53' title="bbox 1923 2337 3512 2410">
    <p class='ocr_par' dir='ltr' id='par_1_53' title="bbox 1923 2337 3512 2410">
     <span class='ocr_line' id='line_1_53' title="bbox 1923 2337 3512 2410; baseline 0 -18"><span class='ocrx_word' id='word_1_372' title='bbox 1923 2347 2075 2410; x_wconf 87' lang='lat' dir='ltr'><strong>ptum</strong></span> <span class='ocrx_word' id='word_1_373' title='bbox 2120 2339 2516 2409; x_wconf 86' lang='lat' dir='ltr'><strong>pronuntiare,</strong></span> <span class='ocrx_word' id='word_1_374' title='bbox 2558 2339 2644 2394; x_wconf 89' lang='lat' dir='ltr'><strong>vel</strong></span> <span class='ocrx_word' id='word_1_375' title='bbox 2691 2337 2934 2405; x_wconf 89' lang='lat' dir='ltr'><strong>Christo,</strong></span> <span class='ocrx_word' id='word_1_376' title='bbox 2980 2339 3140 2409; x_wconf 90' lang='lat' dir='ltr'><strong>quasi</strong></span> <span class='ocrx_word' id='word_1_377' title='bbox 3175 2353 3367 2394; x_wconf 79' lang='lat' dir='ltr'><strong>verum</strong></span> <span class='ocrx_word' id='word_1_378' title='bbox 3403 2354 3512 2393; x_wconf 92' lang='lat' dir='ltr'><strong>non</strong></span> 
     </span>
    </p>
   </div>
   <div class='ocr_carea' id='block_1_54' title="bbox 1921 2433 3511 2506">
    <p class='ocr_par' dir='ltr' id='par_1_54' title="bbox 1921 2433 3511 2506">
     <span class='ocr_line' id='line_1_54' title="bbox 1921 2433 3511 2506; baseline -0.001 -17"><span class='ocrx_word' id='word_1_379' title='bbox 1921 2435 2155 2501; x_wconf 84' lang='lat' dir='ltr'><strong>dixerit,</strong></span> <span class='ocrx_word' id='word_1_380' title='bbox 2196 2435 2342 2490; x_wconf 90' lang='lat' dir='ltr'><strong>haud</strong></span> <span class='ocrx_word' id='word_1_381' title='bbox 2380 2435 2641 2502; x_wconf 89' lang='lat' dir='ltr'><strong>credere,</strong></span> <span class='ocrx_word' id='word_1_382' title='bbox 2693 2435 2781 2491; x_wconf 90' lang='lat' dir='ltr'><strong>vel</strong></span> <span class='ocrx_word' id='word_1_383' title='bbox 2827 2434 2894 2491; x_wconf 90' lang='lat' dir='ltr'><strong>ad</strong></span> <span class='ocrx_word' id='word_1_384' title='bbox 2941 2435 3114 2491; x_wconf 89' lang='lat' dir='ltr'><strong>libros</strong></span> <span class='ocrx_word' id='word_1_385' title='bbox 3168 2433 3511 2506; x_wconf 87' lang='lat' dir='ltr'><strong>apocryphos</strong></span> 
     </span>
    </p>
   </div>
   <div class='ocr_carea' id='block_1_55' title="bbox 1922 2523 3509 2597">
    <p class='ocr_par' dir='ltr' id='par_1_55' title="bbox 1922 2523 3509 2597">
     <span class='ocr_line' id='line_1_55' title="bbox 1922 2523 3509 2597; baseline -0.003 -15"><span class='ocrx_word' id='word_1_386' title='bbox 1922 2524 2250 2597; x_wconf 82' lang='lat' dir='ltr'><strong>confugere,</strong></span> <span class='ocrx_word' id='word_1_387' title='bbox 2283 2541 2505 2582; x_wconf 89' lang='lat' dir='ltr'><strong>necesse</strong></span> <span class='ocrx_word' id='word_1_388' title='bbox 2536 2526 2628 2581; x_wconf 91' lang='lat' dir='ltr'><strong>sit.</strong></span> <span class='ocrx_word' id='word_1_389' title='bbox 2683 2523 2937 2581; x_wconf 89' lang='lat' dir='ltr'><strong>Ostendit</strong></span> <span class='ocrx_word' id='word_1_390' title='bbox 2976 2525 3118 2580; x_wconf 90' lang='lat' dir='ltr'><strong>hanc</strong></span> <span class='ocrx_word' id='word_1_391' title='bbox 3149 2524 3509 2595; x_wconf 68' lang='lat' dir='ltr'><strong>quaestionem</strong></span> 
     </span>
    </p>
   </div>
   <div class='ocr_carea' id='block_1_56' title="bbox 1921 2616 3510 2688">
    <p class='ocr_par' dir='ltr' id='par_1_56' title="bbox 1921 2616 3510 2688">
     <span class='ocr_line' id='line_1_56' title="bbox 1921 2616 3510 2688; baseline -0.003 -14"><span class='ocrx_word' id='word_1_392' title='bbox 1921 2635 1986 2674; x_wconf 84' lang='lat' dir='ltr'><strong>ex</strong></span> <span class='ocrx_word' id='word_1_393' title='bbox 2014 2619 2197 2674; x_wconf 87' lang='lat' dir='ltr'><strong>verbis</strong></span> <span class='ocrx_word' id='word_1_394' title='bbox 2215 2618 2418 2673; x_wconf 85' lang='lat' dir='ltr'><strong>Christi</strong></span> <span class='ocrx_word' id='word_1_395' title='bbox 2436 2619 2581 2688; x_wconf 90' lang='lat' dir='ltr'><strong>apud</strong></span> <span class='ocrx_word' id='word_1_396' title='bbox 2599 2617 2913 2673; x_wconf 64' lang='lat' dir='ltr'><strong>Matthatum</strong></span> <span class='ocrx_word' id='word_1_397' title='bbox 2933 2627 3097 2687; x_wconf 91' lang='lat' dir='ltr'><strong>atque</strong></span> <span class='ocrx_word' id='word_1_398' title='bbox 3115 2616 3380 2682; x_wconf 83' lang='lat' dir='ltr'><strong>Marcum,</strong></span> <span class='ocrx_word' id='word_1_399' title='bbox 3399 2632 3510 2670; x_wconf 90' lang='lat' dir='ltr'><strong>non</strong></span> 
     </span>
    </p>
   </div>
   <div class='ocr_carea' id='block_1_57' title="bbox 1921 2706 3508 2780">
    <p class='ocr_par' dir='ltr' id='par_1_57' title="bbox 1921 2706 3508 2780">
     <span class='ocr_line' id='line_1_57' title="bbox 1921 2706 3508 2780; baseline -0.003 -15"><span class='ocrx_word' id='word_1_400' title='bbox 1921 2719 2100 2765; x_wconf 88' lang='lat' dir='ltr'><strong>autem</strong></span> <span class='ocrx_word' id='word_1_401' title='bbox 2119 2726 2184 2764; x_wconf 81' lang='lat' dir='ltr'><strong>ex</strong></span> <span class='ocrx_word' id='word_1_402' title='bbox 2202 2710 2309 2764; x_wconf 89' lang='lat' dir='ltr'><strong>illis</strong></span> <span class='ocrx_word' id='word_1_403' title='bbox 2325 2710 2468 2780; x_wconf 89' lang='lat' dir='ltr'><strong>apud</strong></span> <span class='ocrx_word' id='word_1_404' title='bbox 2487 2707 2693 2763; x_wconf 91' lang='lat' dir='ltr'><strong>Lucam</strong></span> <span class='ocrx_word' id='word_1_405' title='bbox 2713 2707 2866 2762; x_wconf 89' lang='lat' dir='ltr'><strong>oriri.</strong></span> <span class='ocrx_word' id='word_1_406' title='bbox 2887 2707 2952 2761; x_wconf 92' lang='lat' dir='ltr'><strong>Et</strong></span> <span class='ocrx_word' id='word_1_407' title='bbox 2969 2706 3190 2777; x_wconf 91' lang='lat' dir='ltr'><strong>quidem</strong></span> <span class='ocrx_word' id='word_1_408' title='bbox 3210 2707 3266 2761; x_wconf 90' lang='lat' dir='ltr'><strong>in</strong></span> <span class='ocrx_word' id='word_1_409' title='bbox 3285 2706 3508 2761; x_wconf 88' lang='lat' dir='ltr'><strong>homilia</strong></span> 
     </span>
    </p>
   </div>
   <div class='ocr_carea' id='block_1_58' title="bbox 1921 2796 3484 2869">
    <p class='ocr_par' dir='ltr' id='par_1_58' title="bbox 1921 2796 3484 2869">
     <span class='ocr_line' id='line_1_58' title="bbox 1921 2796 3484 2869; baseline -0.004 -14"><span class='ocrx_word' id='word_1_410' title='bbox 1921 2801 1974 2854; x_wconf 92' lang='lat' dir='ltr'><strong>in</strong></span> <span class='ocrx_word' id='word_1_411' title='bbox 1993 2799 2223 2869; x_wconf 83' lang='lat' dir='ltr'><strong>Lucam,</strong></span> <span class='ocrx_word' id='word_1_412' title='bbox 2241 2801 2444 2854; x_wconf 88' lang='lat' dir='ltr'><strong>omittit</strong></span> <span class='ocrx_word' id='word_1_413' title='bbox 2462 2798 2630 2853; x_wconf 88' lang='lat' dir='ltr'><strong>verba</strong></span> <span class='ocrx_word' id='word_1_414' title='bbox 2647 2796 2832 2862; x_wconf 85' lang='lat' dir='ltr'><strong>Lucae,</strong></span> <span class='ocrx_word' id='word_1_415' title='bbox 2851 2812 3153 2868; x_wconf 88' lang='lat' dir='ltr'><strong>eorumque</strong></span> <span class='ocrx_word' id='word_1_416' title='bbox 3170 2797 3291 2852; x_wconf 90' lang='lat' dir='ltr'><strong>loco</strong></span> <span class='ocrx_word' id='word_1_417' title='bbox 3307 2797 3484 2851; x_wconf 87' lang='lat' dir='ltr'><strong>substi</strong></span> 
     </span>
    </p>
   </div>
   <div class='ocr_carea' id='block_1_59' title="bbox 1920 2888 3508 2959">
    <p class='ocr_par' dir='ltr' id='par_1_59' title="bbox 1920 2888 3508 2959">
     <span class='ocr_line' id='line_1_59' title="bbox 1920 2888 3508 2959; baseline -0.003 -13"><span class='ocrx_word' id='word_1_418' title='bbox 1920 2893 2025 2949; x_wconf 92' lang='lat' dir='ltr'><strong>tuit</strong></span> <span class='ocrx_word' id='word_1_419' title='bbox 2058 2893 2228 2948; x_wconf 85' lang='lat' dir='ltr'><strong>verba</strong></span> <span class='ocrx_word' id='word_1_420' title='bbox 2255 2890 2516 2955; x_wconf 70' lang='lat' dir='ltr'><strong>Matthazi,</strong></span> <span class='ocrx_word' id='word_1_421' title='bbox 2536 2899 2596 2946; x_wconf 89' lang='lat' dir='ltr'><strong>ut</strong></span> <span class='ocrx_word' id='word_1_422' title='bbox 2628 2891 2773 2945; x_wconf 89' lang='lat' dir='ltr'><strong>hanc</strong></span> <span class='ocrx_word' id='word_1_423' title='bbox 2795 2888 3508 2959; x_wconf 67' lang='lat' dir='ltr'><strong>quaestionemintroducat.</strong></span> 
     </span>
    </p>
   </div>
   <div class='ocr_carea' id='block_1_60' title="bbox 1995 2981 3510 3056">
    <p class='ocr_par' dir='ltr' id='par_1_60' title="bbox 1995 2981 3510 3056">
     <span class='ocr_line' id='line_1_60' title="bbox 1995 2981 3510 3056; baseline -0.003 -15"><span class='ocrx_word' id='word_1_424' title='bbox 1995 2986 2270 3043; x_wconf 88' lang='lat' dir='ltr'><strong>Firmiora</strong></span> <span class='ocrx_word' id='word_1_425' title='bbox 2318 2987 2480 3041; x_wconf 87' lang='lat' dir='ltr'><strong>nobis</strong></span> <span class='ocrx_word' id='word_1_426' title='bbox 2530 2999 2631 3056; x_wconf 92' lang='lat' dir='ltr'><strong>pro</strong></span> <span class='ocrx_word' id='word_1_427' title='bbox 2665 2981 2902 3054; x_wconf 86' lang='lat' dir='ltr'><strong>Origene</strong></span> <span class='ocrx_word' id='word_1_428' title='bbox 2947 2991 3270 3054; x_wconf 86' lang='lat' dir='ltr'><strong>argumenta</strong></span> <span class='ocrx_word' id='word_1_429' title='bbox 3314 2990 3369 3035; x_wconf 90' lang='lat' dir='ltr'><strong>et</strong></span> <span class='ocrx_word' id='word_1_430' title='bbox 3407 2998 3510 3053; x_wconf 90' lang='lat' dir='ltr'><strong>pro</strong></span> 
     </span>
    </p>
   </div>
   <div class='ocr_carea' id='block_1_61' title="bbox 214 3071 3508 3153">
    <p class='ocr_par' dir='ltr' id='par_1_61' title="bbox 214 3071 3508 3153">
     <span class='ocr_line' id='line_1_61' title="bbox 214 3071 3508 3153; baseline 0.002 -27"><span class='ocrx_word' id='word_1_431' title='bbox 214 3073 312 3127; x_wconf 65' lang='lat' dir='ltr'><strong>cati</strong></span> <span class='ocrx_word' id='word_1_432' title='bbox 343 3073 586 3143; x_wconf 85' lang='lat' dir='ltr'><strong>quidem&#39;</strong></span> <span class='ocrx_word' id='word_1_433' title='bbox 610 3071 913 3130; x_wconf 87' lang='lat' dir='ltr'><strong>Samaritas</strong></span> <span class='ocrx_word' id='word_1_434' title='bbox 942 3075 1114 3131; x_wconf 87' lang='lat' dir='ltr'><strong>secuti</strong></span> <span class='ocrx_word' id='word_1_435' title='bbox 1165 3083 1314 3142; x_wconf 90' lang='lat' dir='ltr'><strong>sunt,</strong></span> <span class='ocrx_word' id='word_1_436' title='bbox 1342 3077 1504 3147; x_wconf 84' lang='grc' dir='ltr'>ὃμοια</span> <span class='ocrx_word' id='word_1_437' title='bbox 1537 3077 1811 3150; x_wconf 71' lang='grc' dir='ltr'>Σαμαρείο</span> <span class='ocrx_word' id='word_1_438' title='bbox 1845 3096 1886 3153; x_wconf 73' lang='grc' dir='ltr'><strong>ο</strong></span> <span class='ocrx_word' id='word_1_439' title='bbox 1922 3072 2220 3150; x_wconf 71' lang='lat' dir='ltr'><strong>interprete</strong></span> <span class='ocrx_word' id='word_1_440' title='bbox 2251 3077 2592 3151; x_wconf 86' lang='lat' dir='ltr'><strong>Hieronymo</strong></span> <span class='ocrx_word' id='word_1_441' title='bbox 2625 3077 2894 3134; x_wconf 86' lang='lat' dir='ltr'><strong>adversus</strong></span> <span class='ocrx_word' id='word_1_442' title='bbox 2921 3075 3181 3131; x_wconf 86' lang='lat' dir='ltr'><strong>Latinum</strong></span> <span class='ocrx_word' id='word_1_443' title='bbox 3227 3085 3508 3132; x_wconf 88' lang='lat' dir='ltr'><strong>auctorem</strong></span> 
     </span>
    </p>
   </div>
   <div class='ocr_carea' id='block_1_62' title="bbox 213 3165 1814 3242">
    <p class='ocr_par' dir='ltr' id='par_1_62' title="bbox 213 3165 1814 3242">
     <span class='ocr_line' id='line_1_62' title="bbox 213 3165 1814 3242; baseline 0.004 -24"><span class='ocrx_word' id='word_1_444' title='bbox 213 3183 334 3227; x_wconf 78' lang='grc' dir='ltr'><strong>ταις</strong></span> <span class='ocrx_word' id='word_1_445' title='bbox 370 3165 740 3237; x_wconf 79' lang='grc' dir='ltr'><strong>φρονοῦντες,</strong></span> <span class='ocrx_word' id='word_1_446' title='bbox 775 3176 828 3221; x_wconf 89' lang='lat' dir='ltr'><strong>et</strong></span> <span class='ocrx_word' id='word_1_447' title='bbox 861 3166 930 3220; x_wconf 78' lang='grc' dir='ltr'><strong>τὰ</strong></span> <span class='ocrx_word' id='word_1_448' title='bbox 961 3168 1139 3222; x_wconf 84' lang='grc' dir='ltr'>πάντα</span> <span class='ocrx_word' id='word_1_449' title='bbox 1181 3167 1273 3224; x_wconf 80' lang='grc' dir='ltr'>ἴσα</span> <span class='ocrx_word' id='word_1_450' title='bbox 1305 3170 1673 3242; x_wconf 81' lang='grc' dir='ltr'><strong>Σαμαρείταις</strong></span> <span class='ocrx_word' id='word_1_451' title='bbox 1719 3191 1814 3242; x_wconf 81' lang='grc' dir='ltr'><strong>φυ-</strong></span> 
     </span>
    </p>
   </div>
   <div class='ocr_carea' id='block_1_63' title="bbox 217 3260 1818 3334">
    <p class='ocr_par' dir='ltr' id='par_1_63' title="bbox 217 3260 1818 3334">
     <span class='ocr_line' id='line_1_63' title="bbox 217 3260 1818 3334; baseline 0.006 -22"><span class='ocrx_word' id='word_1_452' title='bbox 217 3260 554 3325; x_wconf 78' lang='grc' dir='ltr'><strong>λάττουσιν,</strong></span> <span class='ocrx_word' id='word_1_453' title='bbox 608 3270 668 3315; x_wconf 91' lang='lat' dir='ltr'><strong>ut</strong></span> <span class='ocrx_word' id='word_1_454' title='bbox 719 3261 966 3331; x_wconf 89' lang='lat' dir='ltr'><strong>loquitur</strong></span> <span class='ocrx_word' id='word_1_455' title='bbox 1016 3260 1380 3332; x_wconf 89' lang='lat' dir='ltr'><strong>Epiphanius.</strong></span> <span class='ocrx_word' id='word_1_456' title='bbox 1438 3263 1506 3318; x_wconf 89' lang='lat' dir='ltr'><strong>Et</strong></span> <span class='ocrx_word' id='word_1_457' title='bbox 1563 3265 1818 3334; x_wconf 82' lang='lat' dir='ltr'><strong>rejccisse</strong></span> 
     </span>
    </p>
   </div>
   <div class='ocr_carea' id='block_1_64' title="bbox 212 3350 1817 3428">
    <p class='ocr_par' dir='ltr' id='par_1_64' title="bbox 212 3350 1817 3428">
     <span class='ocr_line' id='line_1_64' title="bbox 212 3350 1817 3428; baseline 0.008 -29"><span class='ocrx_word' id='word_1_458' title='bbox 212 3351 436 3421; x_wconf 81' lang='lat' dir='ltr'><strong>quidem</strong></span> <span class='ocrx_word' id='word_1_459' title='bbox 485 3367 584 3406; x_wconf 90' lang='lat' dir='ltr'><strong>eos</strong></span> <span class='ocrx_word' id='word_1_460' title='bbox 619 3350 1027 3409; x_wconf 69' lang='lat' dir='ltr'><strong>Pharisaaorum</strong></span> <span class='ocrx_word' id='word_1_461' title='bbox 1077 3354 1442 3426; x_wconf 84' lang='grc' dir='ltr'>δευτερώσεις</span> <span class='ocrx_word' id='word_1_462' title='bbox 1481 3372 1547 3412; x_wconf 83' lang='lat' dir='ltr'><strong>ex</strong></span> <span class='ocrx_word' id='word_1_463' title='bbox 1576 3355 1817 3428; x_wconf 85' lang='lat' dir='ltr'><strong>Josepho</strong></span> 
     </span>
    </p>
   </div>
   <div class='ocr_carea' id='block_1_65' title="bbox 214 3441 1817 3521">
    <p class='ocr_par' dir='ltr' id='par_1_65' title="bbox 214 3441 1817 3521">
     <span class='ocr_line' id='line_1_65' title="bbox 214 3441 1817 3521; baseline 0.004 -25"><span class='ocrx_word' id='word_1_464' title='bbox 214 3452 384 3513; x_wconf 88' lang='lat' dir='ltr'><strong>patet.</strong></span> <span class='ocrx_word' id='word_1_465' title='bbox 421 3441 533 3498; x_wconf 90' lang='lat' dir='ltr'><strong>Sed</strong></span> <span class='ocrx_word' id='word_1_466' title='bbox 562 3453 759 3505; x_wconf 59' lang='lat' dir='ltr'><strong>nisu:</strong></span> <span class='ocrx_word' id='word_1_467' title='bbox 795 3455 850 3502; x_wconf 90' lang='lat' dir='ltr'><strong>et</strong></span> <span class='ocrx_word' id='word_1_468' title='bbox 877 3454 1082 3506; x_wconf 70' lang='lat' dir='ltr'><strong>cum:</strong></span> <span class='ocrx_word' id='word_1_469' title='bbox 1107 3447 1392 3518; x_wconf 77' lang='lat' dir='ltr'><strong>prophetas</strong></span> <span class='ocrx_word' id='word_1_470' title='bbox 1445 3457 1500 3503; x_wconf 90' lang='lat' dir='ltr'><strong>et</strong></span> <span class='ocrx_word' id='word_1_471' title='bbox 1530 3450 1817 3521; x_wconf 87' lang='lat' dir='ltr'><strong>hagiogra-</strong></span> 
     </span>
    </p>
   </div>
   <div class='ocr_carea' id='block_1_66' title="bbox 207 3536 1817 3610">
    <p class='ocr_par' dir='ltr' id='par_1_66' title="bbox 207 3536 1817 3610">
     <span class='ocr_line' id='line_1_66' title="bbox 207 3536 1817 3610; baseline 0.004 -23"><span class='ocrx_word' id='word_1_472' title='bbox 207 3536 340 3602; x_wconf 87' lang='lat' dir='ltr'><strong>phos</strong></span> <span class='ocrx_word' id='word_1_473' title='bbox 391 3536 448 3588; x_wconf 91' lang='lat' dir='ltr'><strong>in</strong></span> <span class='ocrx_word' id='word_1_474' title='bbox 497 3536 824 3592; x_wconf 86' lang='lat' dir='ltr'><strong>traditiones</strong></span> <span class='ocrx_word' id='word_1_475' title='bbox 852 3537 978 3608; x_wconf 90' lang='lat' dir='ltr'><strong>quis</strong></span> <span class='ocrx_word' id='word_1_476' title='bbox 1018 3537 1161 3593; x_wconf 81' lang='lat' dir='ltr'><strong>ferat</strong></span> <span class='ocrx_word' id='word_1_477' title='bbox 1194 3539 1510 3594; x_wconf 88' lang='lat' dir='ltr'><strong>numerari?</strong></span> <span class='ocrx_word' id='word_1_478' title='bbox 1545 3538 1817 3610; x_wconf 86' lang='lat' dir='ltr'><strong>lnterpres</strong></span> 
     </span>
    </p>
   </div>
   <div class='ocr_carea' id='block_1_67' title="bbox 212 3625 1816 3698">
    <p class='ocr_par' dir='ltr' id='par_1_67' title="bbox 212 3625 1816 3698">
     <span class='ocr_line' id='line_1_67' title="bbox 212 3625 1816 3698; baseline 0.002 -16"><span class='ocrx_word' id='word_1_479' title='bbox 212 3629 442 3698; x_wconf 89' lang='lat' dir='ltr'><strong>quidem</strong></span> <span class='ocrx_word' id='word_1_480' title='bbox 501 3625 795 3696; x_wconf 84' lang='lat' dir='ltr'><strong>Origenis,</strong></span> <span class='ocrx_word' id='word_1_481' title='bbox 842 3644 1006 3698; x_wconf 90' lang='lat' dir='ltr'><strong>quem</strong></span> <span class='ocrx_word' id='word_1_482' title='bbox 1063 3629 1220 3685; x_wconf 76' lang='lat' dir='ltr'><strong>aﬁ‘ert</strong></span> <span class='ocrx_word' id='word_1_483' title='bbox 1249 3629 1508 3698; x_wconf 71' lang='lat' dir='ltr'><strong>Dallsaus,</strong></span> <span class='ocrx_word' id='word_1_484' title='bbox 1539 3630 1672 3686; x_wconf 90' lang='lat' dir='ltr'><strong>dicit</strong></span> <span class='ocrx_word' id='word_1_485' title='bbox 1721 3647 1816 3686; x_wconf 89' lang='lat' dir='ltr'><strong>eos</strong></span> 
     </span>
    </p>
   </div>
   <div class='ocr_carea' id='block_1_68' title="bbox 213 3718 1812 3794">
    <p class='ocr_par' dir='ltr' id='par_1_68' title="bbox 213 3718 1812 3794">
     <span class='ocr_line' id='line_1_68' title="bbox 213 3718 1812 3794; baseline 0.001 -20"><span class='ocrx_word' id='word_1_486' title='bbox 213 3736 410 3776; x_wconf 87' lang='lat' dir='ltr'><strong>sacras</strong></span> <span class='ocrx_word' id='word_1_487' title='bbox 441 3718 768 3790; x_wconf 87' lang='lat' dir='ltr'><strong>Scripturas</strong></span> <span class='ocrx_word' id='word_1_488' title='bbox 792 3731 944 3776; x_wconf 82' lang='lat' dir='ltr'><strong>extra</strong></span> <span class='ocrx_word' id='word_1_489' title='bbox 977 3721 1150 3778; x_wconf 88' lang='lat' dir='ltr'><strong>libros</strong></span> <span class='ocrx_word' id='word_1_490' title='bbox 1180 3721 1456 3778; x_wconf 85' lang='lat' dir='ltr'><strong>Mosaicos</strong></span> <span class='ocrx_word' id='word_1_491' title='bbox 1488 3739 1595 3778; x_wconf 89' lang='lat' dir='ltr'><strong>non</strong></span> <span class='ocrx_word' id='word_1_492' title='bbox 1624 3722 1812 3794; x_wconf 85' lang='lat' dir='ltr'><strong>legere,</strong></span> 
     </span>
    </p>
   </div>
   <div class='ocr_carea' id='block_1_69' title="bbox 213 3811 1816 3888">
    <p class='ocr_par' dir='ltr' id='par_1_69' title="bbox 213 3811 1816 3888">
     <span class='ocr_line' id='line_1_69' title="bbox 213 3811 1816 3888; baseline 0.001 -21"><span class='ocrx_word' id='word_1_493' title='bbox 213 3813 308 3867; x_wconf 85' lang='lat' dir='ltr'><strong>sed</strong></span> <span class='ocrx_word' id='word_1_494' title='bbox 339 3811 538 3867; x_wconf 56' lang='lat' dir='ltr'><strong>Graeca</strong></span> <span class='ocrx_word' id='word_1_495' title='bbox 571 3822 772 3884; x_wconf 82' lang='lat' dir='ltr'><strong>negant</strong></span> <span class='ocrx_word' id='word_1_496' title='bbox 802 3823 1016 3872; x_wconf 85' lang='lat' dir='ltr'><strong>tantum</strong></span> <span class='ocrx_word' id='word_1_497' title='bbox 1044 3815 1368 3887; x_wconf 82' lang='grc' dir='ltr'>προσίεσθαι</span> <span class='ocrx_word' id='word_1_498' title='bbox 1398 3817 1484 3872; x_wconf 87' lang='lat' dir='ltr'><strong>vel</strong></span> <span class='ocrx_word' id='word_1_499' title='bbox 1513 3816 1816 3888; x_wconf 83' lang='grc' dir='ltr'>παραδέχε-</span> 
     </span>
    </p>
   </div>
   <div class='ocr_carea' id='block_1_70' title="bbox 215 3903 1816 3968">
    <p class='ocr_par' dir='ltr' id='par_1_70' title="bbox 215 3903 1816 3968">
     <span class='ocr_line' id='line_1_70' title="bbox 215 3903 1816 3968; baseline 0.001 -8"><span class='ocrx_word' id='word_1_500' title='bbox 215 3903 365 3968; x_wconf 79' lang='grc' dir='ltr'><strong>σθαι,</strong></span> <span class='ocrx_word' id='word_1_501' title='bbox 419 3903 664 3968; x_wconf 88' lang='lat' dir='ltr'><strong>scilicet,</strong></span> <span class='ocrx_word' id='word_1_502' title='bbox 708 3905 762 3959; x_wconf 93' lang='lat' dir='ltr'><strong>in</strong></span> <span class='ocrx_word' id='word_1_503' title='bbox 793 3905 1191 3964; x_wconf 91' lang='lat' dir='ltr'><strong>controversiis</strong></span> <span class='ocrx_word' id='word_1_504' title='bbox 1216 3907 1343 3963; x_wconf 90' lang='lat' dir='ltr'><strong>ﬁdei</strong></span> <span class='ocrx_word' id='word_1_505' title='bbox 1381 3907 1816 3963; x_wconf 89' lang='lat' dir='ltr'><strong>determinandis</strong></span> 
     </span>
    </p>
   </div>
   <div class='ocr_carea' id='block_1_71' title="bbox 210 3994 1812 4068">
    <p class='ocr_par' dir='ltr' id='par_1_71' title="bbox 210 3994 1812 4068">
     <span class='ocr_line' id='line_1_71' title="bbox 210 3994 1812 4068; baseline 0.002 -19"><span class='ocrx_word' id='word_1_506' title='bbox 210 3997 526 4050; x_wconf 83' lang='lat' dir='ltr'><strong>admittere.</strong></span> <span class='ocrx_word' id='word_1_507' title='bbox 585 3994 700 4051; x_wconf 85' lang='lat' dir='ltr'><strong>iloc</strong></span> <span class='ocrx_word' id='word_1_508' title='bbox 725 3998 872 4053; x_wconf 89' lang='lat' dir='ltr'><strong>enim</strong></span> <span class='ocrx_word' id='word_1_509' title='bbox 903 3997 1263 4055; x_wconf 81' lang='lat' dir='ltr'><strong>fundamento</strong></span> <span class='ocrx_word' id='word_1_510' title='bbox 1294 4000 1380 4056; x_wconf 91' lang='lat' dir='ltr'><strong>usi</strong></span> <span class='ocrx_word' id='word_1_511' title='bbox 1407 4009 1558 4068; x_wconf 87' lang='lat' dir='ltr'><strong>sunt,</strong></span> <span class='ocrx_word' id='word_1_512' title='bbox 1597 4000 1812 4054; x_wconf 90' lang='lat' dir='ltr'><strong>nullum</strong></span> 
     </span>
    </p>
   </div>
   <div class='ocr_carea' id='block_1_72' title="bbox 211 4087 1815 4159">
    <p class='ocr_par' dir='ltr' id='par_1_72' title="bbox 211 4087 1815 4159">
     <span class='ocr_line' id='line_1_72' title="bbox 211 4087 1815 4159; baseline -0.002 -16"><span class='ocrx_word' id='word_1_513' title='bbox 211 4088 518 4143; x_wconf 81' lang='lat' dir='ltr'><strong>articulum</strong></span> <span class='ocrx_word' id='word_1_514' title='bbox 565 4088 689 4144; x_wconf 89' lang='lat' dir='ltr'><strong>ﬁdei</strong></span> <span class='ocrx_word' id='word_1_515' title='bbox 724 4089 1126 4145; x_wconf 88' lang='lat' dir='ltr'><strong>admittendum</strong></span> <span class='ocrx_word' id='word_1_516' title='bbox 1175 4104 1321 4156; x_wconf 90' lang='lat' dir='ltr'><strong>esse,</strong></span> <span class='ocrx_word' id='word_1_517' title='bbox 1352 4089 1448 4159; x_wconf 91' lang='lat' dir='ltr'><strong>qui</strong></span> <span class='ocrx_word' id='word_1_518' title='bbox 1486 4104 1597 4143; x_wconf 88' lang='lat' dir='ltr'><strong>non</strong></span> <span class='ocrx_word' id='word_1_519' title='bbox 1632 4103 1698 4142; x_wconf 83' lang='lat' dir='ltr'><strong>ex</strong></span> <span class='ocrx_word' id='word_1_520' title='bbox 1748 4087 1815 4140; x_wconf 88' lang='lat' dir='ltr'><strong>li-</strong></span> 
     </span>
    </p>
   </div>
   <div class='ocr_carea' id='block_1_73' title="bbox 211 4179 1812 4253">
    <p class='ocr_par' dir='ltr' id='par_1_73' title="bbox 211 4179 1812 4253">
     <span class='ocr_line' id='line_1_73' title="bbox 211 4179 1812 4253; baseline -0.001 -17"><span class='ocrx_word' id='word_1_521' title='bbox 211 4182 330 4236; x_wconf 83' lang='lat' dir='ltr'><strong>bris</strong></span> <span class='ocrx_word' id='word_1_522' title='bbox 359 4181 624 4237; x_wconf 83' lang='lat' dir='ltr'><strong>Mosaicis</strong></span> <span class='ocrx_word' id='word_1_523' title='bbox 654 4181 873 4252; x_wconf 87' lang='lat' dir='ltr'><strong>probari</strong></span> <span class='ocrx_word' id='word_1_524' title='bbox 905 4192 1112 4252; x_wconf 86' lang='lat' dir='ltr'><strong>posset.</strong></span> <span class='ocrx_word' id='word_1_525' title='bbox 1146 4180 1411 4253; x_wconf 83' lang='lat' dir='ltr'><strong>Reliquos</strong></span> <span class='ocrx_word' id='word_1_526' title='bbox 1442 4191 1624 4237; x_wconf 91' lang='lat' dir='ltr'><strong>autem</strong></span> <span class='ocrx_word' id='word_1_527' title='bbox 1661 4179 1812 4236; x_wconf 88' lang='lat' dir='ltr'><strong>Scri-</strong></span> 
     </span>
    </p>
   </div>
   <div class='ocr_carea' id='block_1_74' title="bbox 211 4275 1810 4346">
    <p class='ocr_par' dir='ltr' id='par_1_74' title="bbox 211 4275 1810 4346">
     <span class='ocr_line' id='line_1_74' title="bbox 211 4275 1810 4346; baseline 0.001 -19"><span class='ocrx_word' id='word_1_528' title='bbox 211 4284 392 4344; x_wconf 74' lang='lat' dir='ltr'><strong>ptura:</strong></span> <span class='ocrx_word' id='word_1_529' title='bbox 424 4275 599 4330; x_wconf 90' lang='lat' dir='ltr'><strong>libros</strong></span> <span class='ocrx_word' id='word_1_530' title='bbox 641 4275 746 4345; x_wconf 91' lang='lat' dir='ltr'><strong>ipsi</strong></span> <span class='ocrx_word' id='word_1_531' title='bbox 777 4275 1050 4345; x_wconf 87' lang='lat' dir='ltr'><strong>legebant,</strong></span> <span class='ocrx_word' id='word_1_532' title='bbox 1086 4283 1143 4330; x_wconf 91' lang='lat' dir='ltr'><strong>et</strong></span> <span class='ocrx_word' id='word_1_533' title='bbox 1172 4276 1250 4330; x_wconf 89' lang='lat' dir='ltr'><strong>ita</strong></span> <span class='ocrx_word' id='word_1_534' title='bbox 1284 4276 1810 4346; x_wconf 81' lang='lat' dir='ltr'><strong>interpretabantur,</strong></span> 
     </span>
    </p>
   </div>
   <div class='ocr_carea' id='block_1_75' title="bbox 212 4365 1809 4425">
    <p class='ocr_par' dir='ltr' id='par_1_75' title="bbox 212 4365 1809 4425">
     <span class='ocr_line' id='line_1_75' title="bbox 212 4365 1809 4425; baseline 0.001 -5"><span class='ocrx_word' id='word_1_535' title='bbox 212 4376 275 4421; x_wconf 92' lang='lat' dir='ltr'><strong>ut</strong></span> <span class='ocrx_word' id='word_1_536' title='bbox 319 4365 687 4422; x_wconf 82' lang='lat' dir='ltr'><strong>fundamento</strong></span> <span class='ocrx_word' id='word_1_537' title='bbox 732 4384 838 4425; x_wconf 89' lang='lat' dir='ltr'><strong>suo</strong></span> <span class='ocrx_word' id='word_1_538' title='bbox 882 4368 1264 4424; x_wconf 87' lang='lat' dir='ltr'><strong>contradicere</strong></span> <span class='ocrx_word' id='word_1_539' title='bbox 1312 4383 1421 4422; x_wconf 89' lang='lat' dir='ltr'><strong>non</strong></span> <span class='ocrx_word' id='word_1_540' title='bbox 1467 4368 1809 4424; x_wconf 87' lang='lat' dir='ltr'><strong>viderentur.</strong></span> 
     </span>
    </p>
   </div>
   <div class='ocr_carea' id='block_1_76' title="bbox 1921 3169 3507 3244">
    <p class='ocr_par' dir='ltr' id='par_1_76' title="bbox 1921 3169 3507 3244">
     <span class='ocr_line' id='line_1_76' title="bbox 1921 3169 3507 3244; baseline -0.002 -14"><span class='ocrx_word' id='word_1_541' title='bbox 1921 3180 2243 3244; x_wconf 90' lang='lat' dir='ltr'><strong>suppetunt.</strong></span> <span class='ocrx_word' id='word_1_542' title='bbox 2289 3170 2348 3226; x_wconf 93' lang='lat' dir='ltr'><strong>S.</strong></span> <span class='ocrx_word' id='word_1_543' title='bbox 2376 3169 2746 3242; x_wconf 82' lang='lat' dir='ltr'><strong>Hieronymus</strong></span> <span class='ocrx_word' id='word_1_544' title='bbox 2784 3169 3124 3239; x_wconf 82' lang='lat' dir='ltr'><strong>inCatalogo</strong></span> <span class='ocrx_word' id='word_1_545' title='bbox 3167 3169 3308 3224; x_wconf 90' lang='lat' dir='ltr'><strong>inter</strong></span> <span class='ocrx_word' id='word_1_546' title='bbox 3342 3184 3507 3241; x_wconf 71' lang='lat' dir='ltr'><strong>opera</strong></span> 
     </span>
    </p>
   </div>
   <div class='ocr_carea' id='block_1_77' title="bbox 1919 3262 3510 3333">
    <p class='ocr_par' dir='ltr' id='par_1_77' title="bbox 1919 3262 3510 3333">
     <span class='ocr_line' id='line_1_77' title="bbox 1919 3262 3510 3333; baseline -0.004 -11"><span class='ocrx_word' id='word_1_547' title='bbox 1919 3281 1951 3321; x_wconf 83' lang='lat' dir='ltr'><strong>a</strong></span> <span class='ocrx_word' id='word_1_548' title='bbox 1994 3281 2054 3322; x_wconf 90' lang='lat' dir='ltr'><strong>se</strong></span> <span class='ocrx_word' id='word_1_549' title='bbox 2097 3265 2264 3332; x_wconf 89' lang='lat' dir='ltr'><strong>edita,</strong></span> <span class='ocrx_word' id='word_1_550' title='bbox 2306 3266 2361 3319; x_wconf 90' lang='lat' dir='ltr'><strong>in</strong></span> <span class='ocrx_word' id='word_1_551' title='bbox 2386 3263 2589 3319; x_wconf 88' lang='lat' dir='ltr'><strong>Lucam</strong></span> <span class='ocrx_word' id='word_1_552' title='bbox 2631 3262 2884 3317; x_wconf 83' lang='lat' dir='ltr'><strong>homilias</strong></span> <span class='ocrx_word' id='word_1_553' title='bbox 2931 3263 3152 3333; x_wconf 85' lang='lat' dir='ltr'><strong>triginta</strong></span> <span class='ocrx_word' id='word_1_554' title='bbox 3193 3278 3376 3316; x_wconf 79' lang='lat' dir='ltr'><strong>novem</strong></span> <span class='ocrx_word' id='word_1_555' title='bbox 3421 3277 3510 3316; x_wconf 89' lang='lat' dir='ltr'><strong>re-</strong></span> 
     </span>
    </p>
   </div>
   <div class='ocr_carea' id='block_1_78' title="bbox 1919 3353 3506 3426">
    <p class='ocr_par' dir='ltr' id='par_1_78' title="bbox 1919 3353 3506 3426">
     <span class='ocr_line' id='line_1_78' title="bbox 1919 3353 3506 3426; baseline -0.004 -12"><span class='ocrx_word' id='word_1_556' title='bbox 1919 3360 2089 3424; x_wconf 83' lang='lat' dir='ltr'><strong>citat;</strong></span> <span class='ocrx_word' id='word_1_557' title='bbox 2137 3358 2396 3414; x_wconf 89' lang='lat' dir='ltr'><strong>homilias</strong></span> <span class='ocrx_word' id='word_1_558' title='bbox 2439 3365 2623 3413; x_wconf 86' lang='lat' dir='ltr'><strong>autem</strong></span> <span class='ocrx_word' id='word_1_559' title='bbox 2661 3355 2778 3426; x_wconf 90' lang='lat' dir='ltr'><strong>ipse</strong></span> <span class='ocrx_word' id='word_1_560' title='bbox 2819 3369 3101 3424; x_wconf 90' lang='lat' dir='ltr'><strong>nunquam</strong></span> <span class='ocrx_word' id='word_1_561' title='bbox 3152 3354 3396 3424; x_wconf 89' lang='lat' dir='ltr'><strong>scripsit.</strong></span> <span class='ocrx_word' id='word_1_562' title='bbox 3447 3353 3506 3408; x_wconf 90' lang='lat' dir='ltr'><strong>ln</strong></span> 
     </span>
    </p>
   </div>
   <div class='ocr_carea' id='block_1_79' title="bbox 1920 3446 3507 3522">
    <p class='ocr_par' dir='ltr' id='par_1_79' title="bbox 1920 3446 3507 3522">
     <span class='ocr_line' id='line_1_79' title="bbox 1920 3446 3507 3522; baseline -0.003 -16"><span class='ocrx_word' id='word_1_563' title='bbox 1920 3451 2144 3522; x_wconf 89' lang='lat' dir='ltr'><strong>prologo</strong></span> <span class='ocrx_word' id='word_1_564' title='bbox 2175 3451 2242 3505; x_wconf 92' lang='lat' dir='ltr'><strong>ad</strong></span> <span class='ocrx_word' id='word_1_565' title='bbox 2269 3449 2498 3506; x_wconf 86' lang='lat' dir='ltr'><strong>Paulam</strong></span> <span class='ocrx_word' id='word_1_566' title='bbox 2542 3458 2597 3504; x_wconf 89' lang='lat' dir='ltr'><strong>et</strong></span> <span class='ocrx_word' id='word_1_567' title='bbox 2623 3447 2988 3503; x_wconf 87' lang='lat' dir='ltr'><strong>Eustochium</strong></span> <span class='ocrx_word' id='word_1_568' title='bbox 3034 3446 3278 3503; x_wconf 89' lang='lat' dir='ltr'><strong>ostendit</strong></span> <span class='ocrx_word' id='word_1_569' title='bbox 3319 3461 3380 3501; x_wconf 91' lang='lat' dir='ltr'><strong>se</strong></span> <span class='ocrx_word' id='word_1_570' title='bbox 3409 3461 3507 3502; x_wconf 86' lang='lat' dir='ltr'><strong>eas</strong></span> 
     </span>
    </p>
   </div>
   <div class='ocr_carea' id='block_1_80' title="bbox 1917 3538 3505 3610">
    <p class='ocr_par' dir='ltr' id='par_1_80' title="bbox 1917 3538 3505 3610">
     <span class='ocr_line' id='line_1_80' title="bbox 1917 3538 3505 3610; baseline -0.004 -13"><span class='ocrx_word' id='word_1_571' title='bbox 1917 3555 1986 3598; x_wconf 81' lang='lat' dir='ltr'><strong>ex</strong></span> <span class='ocrx_word' id='word_1_572' title='bbox 2044 3538 2271 3610; x_wconf 89' lang='lat' dir='ltr'><strong>Origene</strong></span> <span class='ocrx_word' id='word_1_573' title='bbox 2320 3541 2672 3597; x_wconf 86' lang='lat' dir='ltr'><strong>transtulisse</strong></span> <span class='ocrx_word' id='word_1_574' title='bbox 2720 3540 2809 3594; x_wconf 90' lang='lat' dir='ltr'><strong>his</strong></span> <span class='ocrx_word' id='word_1_575' title='bbox 2860 3539 3100 3593; x_wconf 79' lang='lat' dir='ltr'><strong>verbis:</strong></span> <span class='ocrx_word' id='word_1_576' title='bbox 3148 3538 3505 3604; x_wconf 79' lang='lat' dir='ltr'><strong>Quamobrem</strong></span> 
     </span>
    </p>
   </div>
   <div class='ocr_carea' id='block_1_81' title="bbox 1917 3629 3508 3704">
    <p class='ocr_par' dir='ltr' id='par_1_81' title="bbox 1917 3629 3508 3704">
     <span class='ocr_line' id='line_1_81' title="bbox 1917 3629 3508 3704; baseline -0.003 -16"><span class='ocrx_word' id='word_1_577' title='bbox 1917 3633 2148 3704; x_wconf 83' lang='lat' dir='ltr'><strong>petistis,</strong></span> <span class='ocrx_word' id='word_1_578' title='bbox 2173 3642 2254 3695; x_wconf 92' lang='lat' dir='ltr'><strong>ut,</strong></span> <span class='ocrx_word' id='word_1_579' title='bbox 2287 3633 2600 3701; x_wconf 82' lang='lat' dir='ltr'><strong>contemptis</strong></span> <span class='ocrx_word' id='word_1_580' title='bbox 2631 3630 2942 3685; x_wconf 87' lang='lat' dir='ltr'><strong>istiusmodi</strong></span> <span class='ocrx_word' id='word_1_581' title='bbox 2973 3629 3149 3700; x_wconf 87' lang='lat' dir='ltr'><strong>nugis,</strong></span> <span class='ocrx_word' id='word_1_582' title='bbox 3186 3629 3377 3684; x_wconf 90' lang='lat' dir='ltr'><strong>saltem</strong></span> <span class='ocrx_word' id='word_1_583' title='bbox 3406 3631 3508 3684; x_wconf 90' lang='lat' dir='ltr'><strong>tri-</strong></span> 
     </span>
    </p>
   </div>
   <div class='ocr_carea' id='block_1_82' title="bbox 1917 3719 3502 3795">
    <p class='ocr_par' dir='ltr' id='par_1_82' title="bbox 1917 3719 3502 3795">
     <span class='ocr_line' id='line_1_82' title="bbox 1917 3719 3502 3795; baseline -0.001 -17"><span class='ocrx_word' id='word_1_584' title='bbox 1917 3725 2065 3795; x_wconf 88' lang='lat' dir='ltr'><strong>ginta</strong></span> <span class='ocrx_word' id='word_1_585' title='bbox 2092 3732 2142 3778; x_wconf 91' lang='lat' dir='ltr'><strong>et</strong></span> <span class='ocrx_word' id='word_1_586' title='bbox 2172 3739 2354 3777; x_wconf 87' lang='lat' dir='ltr'><strong>novem</strong></span> <span class='ocrx_word' id='word_1_587' title='bbox 2374 3721 2690 3776; x_wconf 85' lang='lat' dir='ltr'><strong>Adamantii</strong></span> <span class='ocrx_word' id='word_1_588' title='bbox 2719 3721 2891 3776; x_wconf 85' lang='lat' dir='ltr'><strong>nostri</strong></span> <span class='ocrx_word' id='word_1_589' title='bbox 2926 3721 2983 3774; x_wconf 87' lang='lat' dir='ltr'><strong>in</strong></span> <span class='ocrx_word' id='word_1_590' title='bbox 3005 3719 3208 3774; x_wconf 87' lang='lat' dir='ltr'><strong>Lucam</strong></span> <span class='ocrx_word' id='word_1_591' title='bbox 3228 3721 3502 3786; x_wconf 81' lang='lat' dir='ltr'><strong>homilias,</strong></span> 
     </span>
    </p>
   </div>
   <div class='ocr_carea' id='block_1_83' title="bbox 1916 3814 3506 3884">
    <p class='ocr_par' dir='ltr' id='par_1_83' title="bbox 1916 3814 3506 3884">
     <span class='ocr_line' id='line_1_83' title="bbox 1916 3814 3506 3884; baseline -0.001 -14"><span class='ocrx_word' id='word_1_592' title='bbox 1916 3817 2055 3871; x_wconf 86' lang='lat' dir='ltr'><strong>sicut</strong></span> <span class='ocrx_word' id='word_1_593' title='bbox 2087 3816 2142 3870; x_wconf 90' lang='lat' dir='ltr'><strong>in</strong></span> <span class='ocrx_word' id='word_1_594' title='bbox 2169 3815 2354 3872; x_wconf 74' lang='lat' dir='ltr'><strong>Grazco</strong></span> <span class='ocrx_word' id='word_1_595' title='bbox 2385 3815 2668 3881; x_wconf 86' lang='lat' dir='ltr'><strong>habentur,</strong></span> <span class='ocrx_word' id='word_1_596' title='bbox 2705 3815 3037 3884; x_wconf 82' lang='lat' dir='ltr'><strong>interpreter.</strong></span> <span class='ocrx_word' id='word_1_597' title='bbox 3077 3814 3366 3871; x_wconf 78' lang='lat' dir='ltr'><strong>Molestum</strong></span> <span class='ocrx_word' id='word_1_598' title='bbox 3396 3830 3506 3870; x_wconf 87' lang='lat' dir='ltr'><strong>rem</strong></span> 
     </span>
    </p>
   </div>
   <div class='ocr_carea' id='block_1_84' title="bbox 1915 3909 3502 3978">
    <p class='ocr_par' dir='ltr' id='par_1_84' title="bbox 1915 3909 3502 3978">
     <span class='ocr_line' id='line_1_84' title="bbox 1915 3909 3502 3978; baseline 0 -12"><span class='ocrx_word' id='word_1_599' title='bbox 1915 3921 1965 3966; x_wconf 89' lang='lat' dir='ltr'><strong>et</strong></span> <span class='ocrx_word' id='word_1_600' title='bbox 1990 3919 2246 3966; x_wconf 90' lang='lat' dir='ltr'><strong>tormento</strong></span> <span class='ocrx_word' id='word_1_601' title='bbox 2269 3910 2520 3976; x_wconf 85' lang='lat' dir='ltr'><strong>similem,</strong></span> <span class='ocrx_word' id='word_1_602' title='bbox 2545 3909 2740 3976; x_wconf 88' lang='lat' dir='ltr'><strong>alieno,</strong></span> <span class='ocrx_word' id='word_1_603' title='bbox 2765 3918 2824 3963; x_wconf 92' lang='lat' dir='ltr'><strong>ut</strong></span> <span class='ocrx_word' id='word_1_604' title='bbox 2848 3910 2925 3962; x_wconf 94' lang='lat' dir='ltr'><strong>ait</strong></span> <span class='ocrx_word' id='word_1_605' title='bbox 2953 3909 3183 3978; x_wconf 85' lang='lat' dir='ltr'><strong>Tullius,</strong></span> <span class='ocrx_word' id='word_1_606' title='bbox 3209 3911 3502 3976; x_wconf 82' lang='lat' dir='ltr'><strong>stomacho,</strong></span> 
     </span>
    </p>
   </div>
   <div class='ocr_carea' id='block_1_85' title="bbox 1915 4003 3504 4075">
    <p class='ocr_par' dir='ltr' id='par_1_85' title="bbox 1915 4003 3504 4075">
     <span class='ocr_line' id='line_1_85' title="bbox 1915 4003 3504 4075; baseline 0.001 -17"><span class='ocrx_word' id='word_1_607' title='bbox 1915 4013 1965 4058; x_wconf 89' lang='lat' dir='ltr'><strong>et</strong></span> <span class='ocrx_word' id='word_1_608' title='bbox 1993 4019 2099 4057; x_wconf 89' lang='lat' dir='ltr'><strong>non</strong></span> <span class='ocrx_word' id='word_1_609' title='bbox 2125 4019 2222 4058; x_wconf 89' lang='lat' dir='ltr'><strong>suo</strong></span> <span class='ocrx_word' id='word_1_610' title='bbox 2265 4003 2494 4058; x_wconf 86' lang='lat' dir='ltr'><strong>scribere</strong></span> <span class='ocrx_word' id='word_1_611' title='bbox 2532 4017 2550 4056; x_wconf 92' lang='lat'><strong><em>:</em></strong></span> <span class='ocrx_word' id='word_1_612' title='bbox 2590 4019 2749 4073; x_wconf 88' lang='lat' dir='ltr'><strong>quam</strong></span> <span class='ocrx_word' id='word_1_613' title='bbox 2788 4012 2964 4058; x_wconf 85' lang='lat' dir='ltr'><strong>tamen</strong></span> <span class='ocrx_word' id='word_1_614' title='bbox 2999 4005 3201 4060; x_wconf 88' lang='lat' dir='ltr'><strong>idcirco</strong></span> <span class='ocrx_word' id='word_1_615' title='bbox 3241 4021 3380 4060; x_wconf 85' lang='lat' dir='ltr'><strong>nunc</strong></span> <span class='ocrx_word' id='word_1_616' title='bbox 3415 4006 3504 4075; x_wconf 80' lang='lat' dir='ltr'><strong>fa—</strong></span> 
     </span>
    </p>
   </div>
   <div class='ocr_carea' id='block_1_86' title="bbox 1916 4095 3503 4169">
    <p class='ocr_par' dir='ltr' id='par_1_86' title="bbox 1916 4095 3503 4169">
     <span class='ocr_line' id='line_1_86' title="bbox 1916 4095 3503 4169; baseline 0.002 -21"><span class='ocrx_word' id='word_1_617' title='bbox 1916 4096 2078 4169; x_wconf 84' lang='lat' dir='ltr'><strong>ciam,</strong></span> <span class='ocrx_word' id='word_1_618' title='bbox 2121 4096 2253 4166; x_wconf 87' lang='lat' dir='ltr'><strong>quia</strong></span> <span class='ocrx_word' id='word_1_619' title='bbox 2303 4095 2623 4149; x_wconf 87' lang='lat' dir='ltr'><strong>sublimiora</strong></span> <span class='ocrx_word' id='word_1_620' title='bbox 2665 4112 2770 4150; x_wconf 89' lang='lat' dir='ltr'><strong>non</strong></span> <span class='ocrx_word' id='word_1_621' title='bbox 2822 4098 3066 4165; x_wconf 88' lang='lat' dir='ltr'><strong>poscitis.</strong></span> <span class='ocrx_word' id='word_1_622' title='bbox 3113 4095 3271 4153; x_wconf 84' lang='lat' dir='ltr'><strong>Hunc</strong></span> <span class='ocrx_word' id='word_1_623' title='bbox 3321 4107 3503 4152; x_wconf 89' lang='lat' dir='ltr'><strong>autem</strong></span> 
     </span>
    </p>
   </div>
   <div class='ocr_carea' id='block_1_87' title="bbox 1917 4186 3500 4259">
    <p class='ocr_par' dir='ltr' id='par_1_87' title="bbox 1917 4186 3500 4259">
     <span class='ocr_line' id='line_1_87' title="bbox 1917 4186 3500 4259; baseline -0.001 -16"><span class='ocrx_word' id='word_1_624' title='bbox 1917 4188 2091 4258; x_wconf 88' lang='lat' dir='ltr'><strong>ipsius</strong></span> <span class='ocrx_word' id='word_1_625' title='bbox 2125 4186 2447 4259; x_wconf 84' lang='lat' dir='ltr'><strong>Hieronymi</strong></span> <span class='ocrx_word' id='word_1_626' title='bbox 2479 4187 2772 4258; x_wconf 83' lang='lat' dir='ltr'><strong>prologum</strong></span> <span class='ocrx_word' id='word_1_627' title='bbox 2799 4187 2971 4242; x_wconf 82' lang='lat' dir='ltr'><strong>fuisse</strong></span> <span class='ocrx_word' id='word_1_628' title='bbox 3001 4197 3213 4242; x_wconf 88' lang='lat' dir='ltr'><strong>certum</strong></span> <span class='ocrx_word' id='word_1_629' title='bbox 3245 4197 3350 4253; x_wconf 88' lang='lat' dir='ltr'><strong>est,</strong></span> <span class='ocrx_word' id='word_1_630' title='bbox 3373 4187 3500 4257; x_wconf 85' lang='lat' dir='ltr'><strong>quia</strong></span> 
     </span>
    </p>
   </div>
   <div class='ocr_carea' id='block_1_88' title="bbox 1915 4280 3500 4352">
    <p class='ocr_par' dir='ltr' id='par_1_88' title="bbox 1915 4280 3500 4352">
     <span class='ocr_line' id='line_1_88' title="bbox 1915 4280 3500 4352; baseline -0.001 -15"><span class='ocrx_word' id='word_1_631' title='bbox 1915 4292 2094 4337; x_wconf 91' lang='lat' dir='ltr'><strong>totum</strong></span> <span class='ocrx_word' id='word_1_632' title='bbox 2145 4283 2201 4336; x_wconf 91' lang='lat' dir='ltr'><strong>in</strong></span> <span class='ocrx_word' id='word_1_633' title='bbox 2255 4297 2412 4338; x_wconf 85' lang='lat' dir='ltr'><strong>suam</strong></span> <span class='ocrx_word' id='word_1_634' title='bbox 2466 4282 2798 4336; x_wconf 88' lang='lat' dir='ltr'><strong>invectivam</strong></span> <span class='ocrx_word' id='word_1_635' title='bbox 2853 4280 3500 4352; x_wconf 70' lang='lat' dir='ltr'><strong>transeripsitﬁuﬁinus,</strong></span> 
     </span>
    </p>
   </div>
   <div class='ocr_carea' id='block_1_89' title="bbox 1915 4371 3502 4443">
    <p class='ocr_par' dir='ltr' id='par_1_89' title="bbox 1915 4371 3502 4443">
     <span class='ocr_line' id='line_1_89' title="bbox 1915 4371 3502 4443; baseline 0 -15"><span class='ocrx_word' id='word_1_636' title='bbox 1915 4383 1970 4428; x_wconf 90' lang='lat' dir='ltr'><strong>et</strong></span> <span class='ocrx_word' id='word_1_637' title='bbox 1993 4373 2130 4429; x_wconf 90' lang='lat' dir='ltr'><strong>satis</strong></span> <span class='ocrx_word' id='word_1_638' title='bbox 2162 4388 2354 4428; x_wconf 90' lang='lat' dir='ltr'><strong>severe</strong></span> <span class='ocrx_word' id='word_1_639' title='bbox 2381 4373 2704 4442; x_wconf 80' lang='lat' dir='ltr'><strong>exagitavit.</strong></span> <span class='ocrx_word' id='word_1_640' title='bbox 2736 4371 2873 4440; x_wconf 89' lang='lat' dir='ltr'><strong>lmo,</strong></span> <span class='ocrx_word' id='word_1_641' title='bbox 2900 4375 3048 4443; x_wconf 88' lang='lat' dir='ltr'><strong>quod</strong></span> <span class='ocrx_word' id='word_1_642' title='bbox 3079 4375 3208 4429; x_wconf 89' lang='lat' dir='ltr'><strong>huic</strong></span> <span class='ocrx_word' id='word_1_643' title='bbox 3231 4374 3310 4428; x_wconf 91' lang='lat' dir='ltr'><strong>liti</strong></span> <span class='ocrx_word' id='word_1_644' title='bbox 3339 4375 3502 4429; x_wconf 85' lang='lat' dir='ltr'><strong>linem</strong></span> 
     </span>
    </p>
   </div>
   <div class='ocr_carea' id='block_1_90' title="bbox 210 4441 3497 4535">
    <p class='ocr_par' dir='ltr' id='par_1_90' title="bbox 210 4441 3497 4535">
     <span class='ocr_line' id='line_1_90' title="bbox 210 4441 3497 4535; baseline 0.001 -23"><span class='ocrx_word' id='word_1_645' title='bbox 210 4457 402 4513; x_wconf 75' lang='lat' dir='ltr'><strong>Multa:</strong></span> <span class='ocrx_word' id='word_1_646' title='bbox 433 4473 626 4513; x_wconf 89' lang='lat' dir='ltr'><strong>eorum</strong></span> <span class='ocrx_word' id='word_1_647' title='bbox 665 4459 1148 4529; x_wconf 87' lang='lat' dir='ltr'><strong>interpretationes</strong></span> <span class='ocrx_word' id='word_1_648' title='bbox 1197 4475 1227 4513; x_wconf 92' lang='lat' dir='ltr'><strong>a</strong></span> <span class='ocrx_word' id='word_1_649' title='bbox 1253 4459 1521 4514; x_wconf 80' lang='lat' dir='ltr'><strong>Rabbinis</strong></span> <span class='ocrx_word' id='word_1_650' title='bbox 1567 4459 1808 4514; x_wconf 84' lang='lat' dir='ltr'><strong>aﬁ&#39;erun-</strong></span> <span class='ocrx_word' id='word_1_651' title='bbox 1841 4441 1887 4497; x_wconf 79' lang='grc' dir='ltr'>Ῑ)</span> <span class='ocrx_word' id='word_1_652' title='bbox 1917 4464 2201 4535; x_wconf 89' lang='lat' dir='ltr'><strong>imponere</strong></span> <span class='ocrx_word' id='word_1_653' title='bbox 2229 4463 2413 4529; x_wconf 87' lang='lat' dir='ltr'><strong>debet,</strong></span> <span class='ocrx_word' id='word_1_654' title='bbox 2449 4441 2552 4517; x_wconf 81' lang='lat' dir='ltr'><strong>nec</strong></span> <span class='ocrx_word' id='word_1_655' title='bbox 2589 4462 2699 4517; x_wconf 89' lang='lat' dir='ltr'><strong>ulla</strong></span> <span class='ocrx_word' id='word_1_656' title='bbox 2733 4441 2935 4532; x_wconf 85' lang='lat' dir='ltr'><strong>ingenii</strong></span> <span class='ocrx_word' id='word_1_657' title='bbox 2977 4463 3028 4517; x_wconf 89' lang='lat' dir='ltr'><strong>vi</strong></span> <span class='ocrx_word' id='word_1_658' title='bbox 3057 4461 3253 4517; x_wconf 91' lang='lat' dir='ltr'><strong>evitari</strong></span> <span class='ocrx_word' id='word_1_659' title='bbox 3295 4471 3497 4532; x_wconf 89' lang='lat' dir='ltr'><strong>potest,</strong></span> 
     </span>
    </p>
   </div>
   <div class='ocr_carea' id='block_1_91' title="bbox 209 4550 1809 4640">
    <p class='ocr_par' dir='ltr' id='par_1_91' title="bbox 209 4550 1809 4640">
     <span class='ocr_line' id='line_1_91' title="bbox 209 4550 1809 4640; baseline 0.004 -35"><span class='ocrx_word' id='word_1_660' title='bbox 209 4561 325 4606; x_wconf 90' lang='lat' dir='ltr'><strong>tur.</strong></span> <span class='ocrx_word' id='word_1_661' title='bbox 355 4550 427 4606; x_wconf 88' lang='lat' dir='ltr'><strong>Ut</strong></span> <span class='ocrx_word' id='word_1_662' title='bbox 454 4552 738 4607; x_wconf 81' lang='lat' dir='ltr'><strong>Abenezra</strong></span> <span class='ocrx_word' id='word_1_663' title='bbox 775 4553 844 4606; x_wconf 86' lang='lat' dir='ltr'><strong>ad</strong></span> <span class='ocrx_word' id='word_1_664' title='bbox 875 4562 1040 4622; x_wconf 87' lang='lat' dir='ltr'><strong>caput</strong></span> <span class='ocrx_word' id='word_1_665' title='bbox 1066 4552 1306 4607; x_wconf 89' lang='lat' dir='ltr'><strong>Danielis</strong></span> <span class='ocrx_word' id='word_1_666' title='bbox 1353 4569 1450 4619; x_wconf 80' lang='lat' dir='ltr'><strong>xu,</strong></span> <span class='ocrx_word' id='word_1_667' title='bbox 1484 4553 1576 4614; x_wconf 76' lang='grc'><strong>51,</strong></span> <span class='ocrx_word' id='word_1_668' title='bbox 1627 4561 1809 4640; x_wconf 61' lang='lat' dir='ltr'><strong>Dlp&#39;t-Y</strong></span> 
     </span>
    </p>
   </div>
   <div class='ocr_carea' id='block_1_92' title="bbox 206 4644 1808 4716">
    <p class='ocr_par' dir='ltr' id='par_1_92' title="bbox 206 4644 1808 4716">
     <span class='ocr_line' id='line_1_92' title="bbox 206 4644 1808 4716; baseline 0.002 -18"><span class='ocrx_word' id='word_1_669' title='bbox 206 4653 360 4705; x_wconf 56' lang='lat' dir='ltr'><strong>tum</strong></span> <span class='ocrx_word' id='word_1_670' title='bbox 413 4647 679 4714; x_wconf 82' lang='lat' dir='ltr'><strong>sapientes</strong></span> <span class='ocrx_word' id='word_1_671' title='bbox 730 4663 758 4700; x_wconf 90' lang='lat' dir='ltr'><strong>e</strong></span> <span class='ocrx_word' id='word_1_672' title='bbox 805 4644 1122 4701; x_wconf 77' lang='lat' dir='ltr'><strong>Saddacteis</strong></span> <span class='ocrx_word' id='word_1_673' title='bbox 1185 4661 1360 4701; x_wconf 62' lang='lat' dir='ltr'><strong>caecos</strong></span> <span class='ocrx_word' id='word_1_674' title='bbox 1409 4655 1608 4710; x_wconf 88' lang='lat' dir='ltr'><strong>vocat,</strong></span> <span class='ocrx_word' id='word_1_675' title='bbox 1659 4647 1808 4716; x_wconf 87' lang='lat' dir='ltr'><strong>quod</strong></span> 
     </span>
    </p>
   </div>
   <div class='ocr_carea' id='block_1_93' title="bbox 205 4737 1806 4826">
    <p class='ocr_par' dir='ltr' id='par_1_93' title="bbox 205 4737 1806 4826">
     <span class='ocr_line' id='line_1_93' title="bbox 205 4737 1806 4826; baseline -0.004 -27"><span class='ocrx_word' id='word_1_676' title='bbox 205 4748 432 4826; x_wconf 67' lang='grc' dir='ltr'>στΡῠἿ</span> <span class='ocrx_word' id='word_1_677' title='bbox 483 4739 798 4808; x_wconf 87' lang='lat' dir='ltr'><strong>acciperent</strong></span> <span class='ocrx_word' id='word_1_678' title='bbox 832 4739 900 4793; x_wconf 90' lang='lat' dir='ltr'><strong>de</strong></span> <span class='ocrx_word' id='word_1_679' title='bbox 924 4737 1127 4794; x_wconf 82' lang='lat' dir='ltr'><strong>Mecca.</strong></span> <span class='ocrx_word' id='word_1_680' title='bbox 1163 4737 1395 4794; x_wconf 86' lang='lat' dir='ltr'><strong>Eosdem</strong></span> <span class='ocrx_word' id='word_1_681' title='bbox 1427 4740 1633 4809; x_wconf 91' lang='lat' dir='ltr'><strong>pariter</strong></span> <span class='ocrx_word' id='word_1_682' title='bbox 1661 4740 1806 4795; x_wconf 87' lang='lat' dir='ltr'><strong>deri-</strong></span> 
     </span>
    </p>
   </div>
   <div class='ocr_carea' id='block_1_94' title="bbox 205 4828 1805 4901">
    <p class='ocr_par' dir='ltr' id='par_1_94' title="bbox 205 4828 1805 4901">
     <span class='ocr_line' id='line_1_94' title="bbox 205 4828 1805 4901; baseline 0.001 -18"><span class='ocrx_word' id='word_1_683' title='bbox 205 4831 333 4895; x_wconf 88' lang='lat' dir='ltr'><strong>det,</strong></span> <span class='ocrx_word' id='word_1_684' title='bbox 369 4828 527 4898; x_wconf 77' lang='lat' dir='ltr'><strong>quod.</strong></span> <span class='ocrx_word' id='word_1_685' title='bbox 567 4829 749 4884; x_wconf 89' lang='lat' dir='ltr'><strong>locum</strong></span> <span class='ocrx_word' id='word_1_686' title='bbox 785 4829 1008 4884; x_wconf 85' lang='lat' dir='ltr'><strong>Levitici</strong></span> <span class='ocrx_word' id='word_1_687' title='bbox 1052 4831 1195 4886; x_wconf 89' lang='lat' dir='ltr'><strong>male</strong></span> <span class='ocrx_word' id='word_1_688' title='bbox 1239 4840 1617 4901; x_wconf 84' lang='lat' dir='ltr'><strong>exponerent,</strong></span> <span class='ocrx_word' id='word_1_689' title='bbox 1660 4843 1805 4896; x_wconf 61' lang='lat' dir='ltr'><strong>smn:</strong></span> 
     </span>
    </p>
   </div>
   <div class='ocr_carea' id='block_1_95' title="bbox 202 4921 1800 4994">
    <p class='ocr_par' dir='ltr' id='par_1_95' title="bbox 202 4921 1800 4994">
     <span class='ocr_line' id='line_1_95' title="bbox 202 4921 1800 4994; baseline 0.003 -19"><span class='ocrx_word' id='word_1_690' title='bbox 202 4931 383 4982; x_wconf 59' lang='grc' dir='ltr'><strong>πει</strong></span> <span class='ocrx_word' id='word_1_691' title='bbox 412 4938 480 4976; x_wconf 73' lang='lat' dir='ltr'><strong>ex</strong></span> <span class='ocrx_word' id='word_1_692' title='bbox 514 4922 653 4977; x_wconf 86' lang='lat' dir='ltr'><strong>libro</strong></span> <span class='ocrx_word' id='word_1_693' title='bbox 679 4921 856 4978; x_wconf 73' lang='lat' dir='ltr'><strong>Ezraz.</strong></span> <span class='ocrx_word' id='word_1_694' title='bbox 905 4921 1051 4978; x_wconf 90' lang='lat' dir='ltr'><strong>Idem</strong></span> <span class='ocrx_word' id='word_1_695' title='bbox 1093 4925 1444 4993; x_wconf 87' lang='lat' dir='ltr'><strong>reprehendit</strong></span> <span class='ocrx_word' id='word_1_696' title='bbox 1469 4923 1800 4994; x_wconf 84' lang='lat' dir='ltr'><strong>Japhethum</strong></span> 
     </span>
    </p>
   </div>
   <div class='ocr_carea' id='block_1_96' title="bbox 204 5012 1801 5086">
    <p class='ocr_par' dir='ltr' id='par_1_96' title="bbox 204 5012 1801 5086">
     <span class='ocr_line' id='line_1_96' title="bbox 204 5012 1801 5086; baseline 0.003 -19"><span class='ocrx_word' id='word_1_697' title='bbox 204 5013 322 5067; x_wconf 59' lang='lat' dir='ltr'><strong>Ben</strong></span> <span class='ocrx_word' id='word_1_698' title='bbox 363 5014 442 5067; x_wconf 69' lang='lat' dir='ltr'><strong>liii</strong></span> <span class='ocrx_word' id='word_1_699' title='bbox 476 5012 864 5081; x_wconf 68' lang='lat' dir='ltr'><strong>Sallducmum,</strong></span> <span class='ocrx_word' id='word_1_700' title='bbox 907 5025 966 5068; x_wconf 88' lang='lat' dir='ltr'><strong>ut</strong></span> <span class='ocrx_word' id='word_1_701' title='bbox 1001 5015 1240 5082; x_wconf 90' lang='lat' dir='ltr'><strong>videtur,</strong></span> <span class='ocrx_word' id='word_1_702' title='bbox 1284 5017 1431 5086; x_wconf 87' lang='lat' dir='ltr'><strong>quod</strong></span> <span class='ocrx_word' id='word_1_703' title='bbox 1473 5018 1663 5071; x_wconf 87' lang='lat' dir='ltr'><strong>ultima</strong></span> <span class='ocrx_word' id='word_1_704' title='bbox 1697 5017 1801 5072; x_wconf 89' lang='lat' dir='ltr'><strong>Da-</strong></span> 
     </span>
    </p>
   </div>
   <div class='ocr_carea' id='block_1_97' title="bbox 204 5087 1802 5194">
    <p class='ocr_par' dir='ltr' id='par_1_97' title="bbox 204 5087 1802 5194">
     <span class='ocr_line' id='line_1_97' title="bbox 204 5087 1802 5194; baseline 0.004 -33"><span class='ocrx_word' id='word_1_705' title='bbox 204 5109 374 5162; x_wconf 88' lang='lat' dir='ltr'><strong>nielis</strong></span> <span class='ocrx_word' id='word_1_706' title='bbox 415 5108 584 5163; x_wconf 83' lang='lat' dir='ltr'><strong>verba</strong></span> <span class='ocrx_word' id='word_1_707' title='bbox 627 5117 811 5167; x_wconf 43' lang='lat' dir='ltr'><strong>tamin</strong></span> <span class='ocrx_word' id='word_1_708' title='bbox 848 5087 967 5194; x_wconf 55' lang='grc' dir='ltr'><strong>γρθ</strong></span> <span class='ocrx_word' id='word_1_709' title='bbox 1008 5092 1182 5190; x_wconf 56' lang='grc' dir='ltr'><strong>ἰθ-ὼ</strong></span> <span class='ocrx_word' id='word_1_710' title='bbox 1214 5121 1422 5176; x_wconf 61' lang='grc' dir='ltr'><strong>ὮὩΠΊ,</strong></span> <span class='ocrx_word' id='word_1_711' title='bbox 1463 5121 1513 5165; x_wconf 91' lang='lat' dir='ltr'><strong>et</strong></span> <span class='ocrx_word' id='word_1_712' title='bbox 1563 5129 1802 5184; x_wconf 90' lang='lat' dir='ltr'><strong>resurges</strong></span> 
     </span>
    </p>
   </div>
   <div class='ocr_carea' id='block_1_98' title="bbox 199 5201 1802 5275">
    <p class='ocr_par' dir='ltr' id='par_1_98' title="bbox 199 5201 1802 5275">
     <span class='ocr_line' id='line_1_98' title="bbox 199 5201 1802 5275; baseline 0.005 -21"><span class='ocrx_word' id='word_1_713' title='bbox 199 5201 257 5254; x_wconf 81' lang='lat' dir='ltr'><strong>in</strong></span> <span class='ocrx_word' id='word_1_714' title='bbox 285 5210 434 5253; x_wconf 78' lang='lat' dir='ltr'><strong>sorte</strong></span> <span class='ocrx_word' id='word_1_715' title='bbox 483 5209 572 5254; x_wconf 91' lang='lat' dir='ltr'><strong>tua</strong></span> <span class='ocrx_word' id='word_1_716' title='bbox 614 5203 668 5254; x_wconf 90' lang='lat' dir='ltr'><strong>in</strong></span> <span class='ocrx_word' id='word_1_717' title='bbox 701 5203 808 5271; x_wconf 78' lang='lat' dir='ltr'><strong>ﬁne</strong></span> <span class='ocrx_word' id='word_1_718' title='bbox 855 5204 1065 5256; x_wconf 89' lang='lat' dir='ltr'><strong>dierum</strong></span> <span class='ocrx_word' id='word_1_719' title='bbox 1084 5203 1128 5268; x_wconf 82' lang='lat'><strong>&#39;,</strong></span> <span class='ocrx_word' id='word_1_720' title='bbox 1185 5203 1425 5258; x_wconf 88' lang='lat' dir='ltr'><strong>absurda</strong></span> <span class='ocrx_word' id='word_1_721' title='bbox 1479 5205 1802 5275; x_wconf 87' lang='lat' dir='ltr'><strong>interpreta-</strong></span> 
     </span>
    </p>
   </div>
   <div class='ocr_carea' id='block_1_99' title="bbox 199 5293 1796 5367">
    <p class='ocr_par' dir='ltr' id='par_1_99' title="bbox 199 5293 1796 5367">
     <span class='ocr_line' id='line_1_99' title="bbox 199 5293 1796 5367; baseline 0.003 -18"><span class='ocrx_word' id='word_1_722' title='bbox 199 5295 361 5349; x_wconf 79' lang='lat' dir='ltr'><strong>tione</strong></span> <span class='ocrx_word' id='word_1_723' title='bbox 395 5293 626 5349; x_wconf 87' lang='lat' dir='ltr'><strong>illudere</strong></span> <span class='ocrx_word' id='word_1_724' title='bbox 671 5306 986 5362; x_wconf 84' lang='lat' dir='ltr'><strong>conaretur,</strong></span> <span class='ocrx_word' id='word_1_725' title='bbox 1033 5310 1256 5367; x_wconf 86' lang='lat' dir='ltr'><strong>nempe,</strong></span> <span class='ocrx_word' id='word_1_726' title='bbox 1301 5298 1349 5353; x_wconf 91' lang='lat' dir='ltr'><strong>si</strong></span> <span class='ocrx_word' id='word_1_727' title='bbox 1395 5297 1536 5354; x_wconf 83' lang='lat' dir='ltr'><strong>forte</strong></span> <span class='ocrx_word' id='word_1_728' title='bbox 1581 5309 1711 5357; x_wconf 90' lang='lat' dir='ltr'><strong>tunc</strong></span> <span class='ocrx_word' id='word_1_729' title='bbox 1742 5301 1796 5355; x_wconf 92' lang='lat' dir='ltr'><strong>in</strong></span> 
     </span>
    </p>
   </div>
   <div class='ocr_carea' id='block_1_100' title="bbox 199 5388 1799 5466">
    <p class='ocr_par' dir='ltr' id='par_1_100' title="bbox 199 5388 1799 5466">
     <span class='ocr_line' id='line_1_100' title="bbox 199 5388 1799 5466; baseline 0.003 -22"><span class='ocrx_word' id='word_1_730' title='bbox 199 5390 353 5444; x_wconf 74' lang='lat' dir='ltr'><strong>vivis</strong></span> <span class='ocrx_word' id='word_1_731' title='bbox 413 5388 606 5444; x_wconf 86' lang='lat' dir='ltr'><strong>fueris.</strong></span> <span class='ocrx_word' id='word_1_732' title='bbox 663 5389 729 5445; x_wconf 87' lang='lat' dir='ltr'><strong>Et</strong></span> <span class='ocrx_word' id='word_1_733' title='bbox 781 5390 1139 5448; x_wconf 82' lang='lat' dir='ltr'><strong>Talmudistae</strong></span> <span class='ocrx_word' id='word_1_734' title='bbox 1189 5394 1589 5464; x_wconf 90' lang='lat' dir='ltr'><strong>disputationes</strong></span> <span class='ocrx_word' id='word_1_735' title='bbox 1656 5410 1799 5466; x_wconf 71' lang='lat' dir='ltr'><strong>saepe</strong></span> 
     </span>
    </p>
   </div>
   <div class='ocr_carea' id='block_1_101' title="bbox 201 5481 1798 5557">
    <p class='ocr_par' dir='ltr' id='par_1_101' title="bbox 201 5481 1798 5557">
     <span class='ocr_line' id='line_1_101' title="bbox 201 5481 1798 5557; baseline 0.005 -22"><span class='ocrx_word' id='word_1_736' title='bbox 201 5481 482 5545; x_wconf 73' lang='lat' dir='ltr'><strong>referunt,</strong></span> <span class='ocrx_word' id='word_1_737' title='bbox 518 5482 573 5535; x_wconf 92' lang='lat' dir='ltr'><strong>in</strong></span> <span class='ocrx_word' id='word_1_738' title='bbox 607 5484 808 5553; x_wconf 84' lang='lat' dir='ltr'><strong>quibus</strong></span> <span class='ocrx_word' id='word_1_739' title='bbox 834 5482 1122 5541; x_wconf 71' lang='lat' dir='ltr'><strong>Sadduczei</strong></span> <span class='ocrx_word' id='word_1_740' title='bbox 1157 5497 1212 5541; x_wconf 93' lang='lat' dir='ltr'><strong>et</strong></span> <span class='ocrx_word' id='word_1_741' title='bbox 1239 5485 1527 5542; x_wconf 66' lang='lat' dir='ltr'><strong>Samaritae</strong></span> <span class='ocrx_word' id='word_1_742' title='bbox 1568 5503 1798 5557; x_wconf 88' lang='lat' dir='ltr'><strong>respon-</strong></span> 
     </span>
    </p>
   </div>
   <div class='ocr_carea' id='block_1_102' title="bbox 201 5573 1795 5650">
    <p class='ocr_par' dir='ltr' id='par_1_102' title="bbox 201 5573 1795 5650">
     <span class='ocr_line' id='line_1_102' title="bbox 201 5573 1795 5650; baseline 0.006 -23"><span class='ocrx_word' id='word_1_743' title='bbox 201 5573 339 5628; x_wconf 78' lang='lat' dir='ltr'><strong>dent</strong></span> <span class='ocrx_word' id='word_1_744' title='bbox 371 5573 444 5628; x_wconf 89' lang='lat' dir='ltr'><strong>ad</strong></span> <span class='ocrx_word' id='word_1_745' title='bbox 475 5573 590 5627; x_wconf 79' lang='lat' dir='ltr'><strong>loca</strong></span> <span class='ocrx_word' id='word_1_746' title='bbox 621 5590 681 5628; x_wconf 79' lang='lat' dir='ltr'><strong>ex</strong></span> <span class='ocrx_word' id='word_1_747' title='bbox 703 5576 986 5645; x_wconf 88' lang='lat' dir='ltr'><strong>prophetis</strong></span> <span class='ocrx_word' id='word_1_748' title='bbox 1019 5586 1072 5631; x_wconf 91' lang='lat' dir='ltr'><strong>et</strong></span> <span class='ocrx_word' id='word_1_749' title='bbox 1111 5577 1502 5650; x_wconf 82' lang='lat' dir='ltr'><strong>hagiographis</strong></span> <span class='ocrx_word' id='word_1_750' title='bbox 1537 5580 1795 5647; x_wconf 89' lang='lat' dir='ltr'><strong>adducta,</strong></span> 
     </span>
    </p>
   </div>
   <div class='ocr_carea' id='block_1_103' title="bbox 203 5668 1796 5741">
    <p class='ocr_par' dir='ltr' id='par_1_103' title="bbox 203 5668 1796 5741">
     <span class='ocr_line' id='line_1_103' title="bbox 203 5668 1796 5741; baseline 0.003 -20"><span class='ocrx_word' id='word_1_751' title='bbox 203 5677 260 5721; x_wconf 74' lang='lat' dir='ltr'><strong>et</strong></span> <span class='ocrx_word' id='word_1_752' title='bbox 301 5682 481 5741; x_wconf 75' lang='lat' dir='ltr'><strong>nuper</strong></span> <span class='ocrx_word' id='word_1_753' title='bbox 524 5668 809 5722; x_wconf 84' lang='lat' dir='ltr'><strong>adnotavit</strong></span> <span class='ocrx_word' id='word_1_754' title='bbox 854 5670 936 5723; x_wconf 87' lang='lat' dir='ltr'><strong>vir</strong></span> <span class='ocrx_word' id='word_1_755' title='bbox 975 5686 1158 5725; x_wconf 90' lang='lat' dir='ltr'><strong>rerum</strong></span> <span class='ocrx_word' id='word_1_756' title='bbox 1193 5670 1640 5728; x_wconf 87' lang='lat' dir='ltr'><strong>Talmudicarum</strong></span> <span class='ocrx_word' id='word_1_757' title='bbox 1687 5675 1796 5728; x_wconf 82' lang='lat' dir='ltr'><strong>cal-</strong></span> 
     </span>
    </p>
   </div>
   <div class='ocr_carea' id='block_1_104' title="bbox 276 5762 1350 5836">
    <p class='ocr_par' dir='ltr' id='par_1_104' title="bbox 276 5762 1350 5836">
     <span class='ocr_line' id='line_1_104' title="bbox 276 5762 1350 5836; baseline 0.006 -18"><span class='ocrx_word' id='word_1_758' title='bbox 276 5765 297 5796; x_wconf 80' lang='lat'>‘</span> <span class='ocrx_word' id='word_1_759' title='bbox 329 5762 526 5820; x_wconf 76' lang='lat' dir='ltr'><strong>Matth.</strong></span> <span class='ocrx_word' id='word_1_760' title='bbox 562 5781 701 5835; x_wconf 75' lang='lat' dir='ltr'><strong>xm,</strong></span> <span class='ocrx_word' id='word_1_761' title='bbox 741 5764 828 5820; x_wconf 69' lang='lat'><strong>29.</strong></span> <span class='ocrx_word' id='word_1_762' title='bbox 908 5767 928 5798; x_wconf 78' lang='grc'><strong>⁹</strong></span> <span class='ocrx_word' id='word_1_763' title='bbox 961 5765 1096 5822; x_wconf 90' lang='lat' dir='ltr'><strong>Dan.</strong></span> <span class='ocrx_word' id='word_1_764' title='bbox 1130 5783 1230 5836; x_wconf 81' lang='lat' dir='ltr'><strong>xu,</strong></span> <span class='ocrx_word' id='word_1_765' title='bbox 1265 5767 1350 5825; x_wconf 77' lang='grc'><strong>15.</strong></span> 
     </span>
    </p>
   </div>
   <div class='ocr_carea' id='block_1_105' title="bbox 1432 5768 1953 5839">
    <p class='ocr_par' dir='ltr' id='par_1_105' title="bbox 1432 5768 1953 5839">
     <span class='ocr_line' id='line_1_105' title="bbox 1432 5768 1953 5839; baseline -0.006 -15"><span class='ocrx_word' id='word_1_766' title='bbox 1432 5769 1473 5800; x_wconf 90' lang='grc'><strong>¹⁰</strong></span> <span class='ocrx_word' id='word_1_767' title='bbox 1506 5768 1696 5826; x_wconf 86' lang='lat' dir='ltr'><strong>Matth.</strong></span> <span class='ocrx_word' id='word_1_768' title='bbox 1732 5787 1831 5839; x_wconf 73' lang='lat' dir='ltr'><strong>xu,</strong></span> <span class='ocrx_word' id='word_1_769' title='bbox 1863 5769 1953 5825; x_wconf 78' lang='lat'><strong>‘25.</strong></span> 
     </span>
    </p>
   </div>
   <div class='ocr_carea' id='block_1_106' title="bbox 1916 4553 3497 4627">
    <p class='ocr_par' dir='ltr' id='par_1_106' title="bbox 1916 4553 3497 4627">
     <span class='ocr_line' id='line_1_106' title="bbox 1916 4553 3497 4627; baseline -0.003 -15"><span class='ocrx_word' id='word_1_770' title='bbox 1916 4557 2060 4612; x_wconf 86' lang='lat' dir='ltr'><strong>idem</strong></span> <span class='ocrx_word' id='word_1_771' title='bbox 2089 4554 2377 4622; x_wconf 78' lang='lat' dir='ltr'><strong>Bullinus,</strong></span> <span class='ocrx_word' id='word_1_772' title='bbox 2429 4555 2647 4610; x_wconf 90' lang='lat' dir='ltr'><strong>vivente</strong></span> <span class='ocrx_word' id='word_1_773' title='bbox 2695 4555 2875 4611; x_wconf 89' lang='lat' dir='ltr'><strong>adhuc</strong></span> <span class='ocrx_word' id='word_1_774' title='bbox 2899 4553 3232 4627; x_wconf 82' lang='lat' dir='ltr'><strong>Hieronymo</strong></span> <span class='ocrx_word' id='word_1_775' title='bbox 3279 4570 3343 4608; x_wconf 90' lang='lat' dir='ltr'><strong>ac</strong></span> <span class='ocrx_word' id='word_1_776' title='bbox 3406 4569 3497 4608; x_wconf 91' lang='lat' dir='ltr'><strong>re-</strong></span> 
     </span>
    </p>
   </div>
   <div class='ocr_carea' id='block_1_107' title="bbox 1914 4645 3500 4719">
    <p class='ocr_par' dir='ltr' id='par_1_107' title="bbox 1914 4645 3500 4719">
     <span class='ocr_line' id='line_1_107' title="bbox 1914 4645 3500 4719; baseline -0.003 -15"><span class='ocrx_word' id='word_1_777' title='bbox 1914 4663 2120 4719; x_wconf 89' lang='lat' dir='ltr'><strong>sponsa</strong></span> <span class='ocrx_word' id='word_1_778' title='bbox 2147 4648 2467 4712; x_wconf 86' lang='lat' dir='ltr'><strong>meditante,</strong></span> <span class='ocrx_word' id='word_1_779' title='bbox 2523 4647 2654 4718; x_wconf 91' lang='lat' dir='ltr'><strong>quid</strong></span> <span class='ocrx_word' id='word_1_780' title='bbox 2709 4648 2765 4703; x_wconf 91' lang='lat' dir='ltr'><strong>in</strong></span> <span class='ocrx_word' id='word_1_781' title='bbox 2813 4647 2919 4702; x_wconf 88' lang='lat' dir='ltr'><strong>hoc</strong></span> <span class='ocrx_word' id='word_1_782' title='bbox 2964 4647 3085 4716; x_wconf 90' lang='lat' dir='ltr'><strong>ipso</strong></span> <span class='ocrx_word' id='word_1_783' title='bbox 3127 4660 3292 4716; x_wconf 88' lang='lat' dir='ltr'><strong>opere</strong></span> <span class='ocrx_word' id='word_1_784' title='bbox 3333 4645 3500 4702; x_wconf 87' lang='lat' dir='ltr'><strong>inﬁde</strong></span> 
     </span>
    </p>
   </div>
   <div class='ocr_carea' id='block_1_108' title="bbox 1911 4737 3492 4808">
    <p class='ocr_par' dir='ltr' id='par_1_108' title="bbox 1911 4737 3492 4808">
     <span class='ocr_line' id='line_1_108' title="bbox 1911 4737 3492 4808; baseline -0.004 -13"><span class='ocrx_word' id='word_1_785' title='bbox 1911 4740 2257 4796; x_wconf 87' lang='lat' dir='ltr'><strong>transtulerit</strong></span> <span class='ocrx_word' id='word_1_786' title='bbox 2301 4738 2542 4794; x_wconf 87' lang='lat' dir='ltr'><strong>ostendit</strong></span> <span class='ocrx_word' id='word_1_787' title='bbox 2585 4747 2682 4794; x_wconf 89' lang='lat' dir='ltr'><strong>aut</strong></span> <span class='ocrx_word' id='word_1_788' title='bbox 2727 4739 2924 4794; x_wconf 92' lang='lat' dir='ltr'><strong>innuit.</strong></span> <span class='ocrx_word' id='word_1_789' title='bbox 2960 4737 3137 4794; x_wconf 84' lang='lat' dir='ltr'><strong>Verba</strong></span> <span class='ocrx_word' id='word_1_790' title='bbox 3170 4737 3290 4808; x_wconf 88' lang='lat' dir='ltr'><strong>ejus</strong></span> <span class='ocrx_word' id='word_1_791' title='bbox 3321 4745 3450 4792; x_wconf 92' lang='lat' dir='ltr'><strong>sunt</strong></span> <span class='ocrx_word' id='word_1_792' title='bbox 3479 4753 3492 4788; x_wconf 85' lang='lat'><strong>:</strong></span> 
     </span>
    </p>
   </div>
   <div class='ocr_carea' id='block_1_109' title="bbox 1914 4827 3492 4902">
    <p class='ocr_par' dir='ltr' id='par_1_109' title="bbox 1914 4827 3492 4902">
     <span class='ocr_line' id='line_1_109' title="bbox 1914 4827 3492 4902; baseline -0.007 -13"><span class='ocrx_word' id='word_1_793' title='bbox 1914 4832 2139 4889; x_wconf 85' lang='lat' dir='ltr'><strong>Secutus</strong></span> <span class='ocrx_word' id='word_1_794' title='bbox 2168 4848 2286 4886; x_wconf 90' lang='lat' dir='ltr'><strong>sum</strong></span> <span class='ocrx_word' id='word_1_795' title='bbox 2315 4832 2453 4902; x_wconf 88' lang='lat' dir='ltr'><strong>quod</strong></span> <span class='ocrx_word' id='word_1_796' title='bbox 2488 4839 2537 4885; x_wconf 90' lang='lat' dir='ltr'><strong>te</strong></span> <span class='ocrx_word' id='word_1_797' title='bbox 2575 4830 2814 4885; x_wconf 78' lang='lat' dir='ltr'><strong>videram</strong></span> <span class='ocrx_word' id='word_1_798' title='bbox 2849 4831 2907 4883; x_wconf 88' lang='lat' dir='ltr'><strong>in</strong></span> <span class='ocrx_word' id='word_1_799' title='bbox 2941 4829 3176 4884; x_wconf 79' lang='lat' dir='ltr'><strong>ltonziliis</strong></span> <span class='ocrx_word' id='word_1_800' title='bbox 3205 4827 3492 4882; x_wconf 80' lang='lat' dir='ltr'><strong>secundum</strong></span> 
     </span>
    </p>
   </div>
   <div class='ocr_carea' id='block_1_110' title="bbox 1913 4920 3496 4994">
    <p class='ocr_par' dir='ltr' id='par_1_110' title="bbox 1913 4920 3496 4994">
     <span class='ocr_line' id='line_1_110' title="bbox 1913 4920 3496 4994; baseline -0.005 -13"><span class='ocrx_word' id='word_1_801' title='bbox 1913 4925 2073 4981; x_wconf 73' lang='lat' dir='ltr'><strong>Luca:</strong></span> <span class='ocrx_word' id='word_1_802' title='bbox 2095 4923 2446 4994; x_wconf 82' lang='lat' dir='ltr'><strong>Evangelium</strong></span> <span class='ocrx_word' id='word_1_803' title='bbox 2475 4923 2686 4993; x_wconf 77' lang='lat' dir='ltr'><strong>fecisse,</strong></span> <span class='ocrx_word' id='word_1_804' title='bbox 2722 4923 2814 4976; x_wconf 93' lang='lat' dir='ltr'><strong>ubi</strong></span> <span class='ocrx_word' id='word_1_805' title='bbox 2843 4923 2904 4976; x_wconf 87' lang='lat' dir='ltr'><strong>de</strong></span> <span class='ocrx_word' id='word_1_806' title='bbox 2934 4921 3077 4976; x_wconf 85' lang='lat' dir='ltr'><strong>Filio</strong></span> <span class='ocrx_word' id='word_1_807' title='bbox 3107 4921 3199 4976; x_wconf 84' lang='lat' dir='ltr'><strong>Dei</strong></span> <span class='ocrx_word' id='word_1_808' title='bbox 3238 4923 3293 4975; x_wconf 87' lang='lat' dir='ltr'><strong>in</strong></span> <span class='ocrx_word' id='word_1_809' title='bbox 3312 4920 3496 4975; x_wconf 68' lang='lat' dir='ltr'><strong>Greece</strong></span> 
     </span>
    </p>
   </div>
   <div class='ocr_carea' id='block_1_111' title="bbox 1912 5015 3494 5086">
    <p class='ocr_par' dir='ltr' id='par_1_111' title="bbox 1912 5015 3494 5086">
     <span class='ocr_line' id='line_1_111' title="bbox 1912 5015 3494 5086; baseline -0.004 -12"><span class='ocrx_word' id='word_1_810' title='bbox 1912 5037 2016 5074; x_wconf 82' lang='lat' dir='ltr'><strong>non</strong></span> <span class='ocrx_word' id='word_1_811' title='bbox 2034 5028 2169 5075; x_wconf 89' lang='lat' dir='ltr'><strong>recte</strong></span> <span class='ocrx_word' id='word_1_812' title='bbox 2193 5020 2466 5072; x_wconf 88' lang='lat' dir='ltr'><strong>inveneras</strong></span> <span class='ocrx_word' id='word_1_813' title='bbox 2496 5018 2841 5086; x_wconf 78' lang='lat' dir='ltr'><strong>prceterieris,</strong></span> <span class='ocrx_word' id='word_1_814' title='bbox 2867 5016 2925 5069; x_wconf 89' lang='lat' dir='ltr'><strong>in</strong></span> <span class='ocrx_word' id='word_1_815' title='bbox 2956 5016 3050 5069; x_wconf 87' lang='lat' dir='ltr'><strong>illo</strong></span> <span class='ocrx_word' id='word_1_816' title='bbox 3075 5016 3190 5069; x_wconf 90' lang='lat' dir='ltr'><strong>loco</strong></span> <span class='ocrx_word' id='word_1_817' title='bbox 3212 5015 3299 5070; x_wconf 91' lang='lat' dir='ltr'><strong>ubi</strong></span> <span class='ocrx_word' id='word_1_818' title='bbox 3329 5015 3494 5068; x_wconf 86' lang='lat' dir='ltr'><strong>dicit:</strong></span> 
     </span>
    </p>
   </div>
   <div class='ocr_carea' id='block_1_112' title="bbox 1916 5104 3495 5181">
    <p class='ocr_par' dir='ltr' id='par_1_112' title="bbox 1916 5104 3495 5181">
     <span class='ocr_line' id='line_1_112' title="bbox 1916 5104 3495 5181; baseline -0.001 -20"><span class='ocrx_word' id='word_1_819' title='bbox 1916 5129 1936 5161; x_wconf 85' lang='grc'><em>‹</em></span> <span class='ocrx_word' id='word_1_820' title='bbox 1961 5108 2272 5181; x_wconf 85' lang='lat' dir='ltr'><strong>Magniﬁcat</strong></span> <span class='ocrx_word' id='word_1_821' title='bbox 2301 5107 2489 5162; x_wconf 91' lang='lat' dir='ltr'><strong>anima</strong></span> <span class='ocrx_word' id='word_1_822' title='bbox 2521 5121 2640 5160; x_wconf 86' lang='lat' dir='ltr'><strong>mea</strong></span> <span class='ocrx_word' id='word_1_823' title='bbox 2681 5104 3001 5172; x_wconf 90' lang='lat' dir='ltr'><strong>Dominum,</strong></span> <span class='ocrx_word' id='word_1_824' title='bbox 3052 5106 3352 5161; x_wconf 84' lang='lat' dir='ltr'><strong>exsultavit</strong></span> <span class='ocrx_word' id='word_1_825' title='bbox 3381 5107 3495 5176; x_wconf 89' lang='lat' dir='ltr'><strong>spi-</strong></span> 
     </span>
    </p>
   </div>
   <div class='ocr_carea' id='block_1_113' title="bbox 1909 5197 3495 5268">
    <p class='ocr_par' dir='ltr' id='par_1_113' title="bbox 1909 5197 3495 5268">
     <span class='ocr_line' id='line_1_113' title="bbox 1909 5197 3495 5268; baseline -0.002 -12"><span class='ocrx_word' id='word_1_826' title='bbox 1909 5203 2052 5256; x_wconf 90' lang='lat' dir='ltr'><strong>ritus</strong></span> <span class='ocrx_word' id='word_1_827' title='bbox 2081 5215 2238 5255; x_wconf 88' lang='lat' dir='ltr'><strong>meus</strong></span> <span class='ocrx_word' id='word_1_828' title='bbox 2273 5199 2328 5253; x_wconf 91' lang='lat' dir='ltr'><strong>in</strong></span> <span class='ocrx_word' id='word_1_829' title='bbox 2359 5197 2471 5252; x_wconf 93' lang='lat' dir='ltr'><strong>Deo</strong></span> <span class='ocrx_word' id='word_1_830' title='bbox 2503 5197 2734 5252; x_wconf 86' lang='lat' dir='ltr'><strong>salutari</strong></span> <span class='ocrx_word' id='word_1_831' title='bbox 2774 5212 2899 5252; x_wconf 90' lang='lat' dir='ltr'><strong>meo</strong></span> <span class='ocrx_word' id='word_1_832' title='bbox 2929 5198 2994 5263; x_wconf 84' lang='grc'><strong>¹¹,</strong></span> <span class='ocrx_word' id='word_1_833' title='bbox 3031 5217 3050 5250; x_wconf 74' lang='lat' dir='ltr'><strong>s</strong></span> <span class='ocrx_word' id='word_1_834' title='bbox 3101 5200 3241 5252; x_wconf 85' lang='lat' dir='ltr'><strong>nosti</strong></span> <span class='ocrx_word' id='word_1_835' title='bbox 3273 5199 3400 5268; x_wconf 88' lang='lat' dir='ltr'><strong>quia</strong></span> <span class='ocrx_word' id='word_1_836' title='bbox 3430 5198 3495 5253; x_wconf 85' lang='lat' dir='ltr'><strong>de</strong></span> 
     </span>
    </p>
   </div>
   <div class='ocr_carea' id='block_1_114' title="bbox 1908 5279 3491 5360">
    <p class='ocr_par' dir='ltr' id='par_1_114' title="bbox 1908 5279 3491 5360">
     <span class='ocr_line' id='line_1_114' title="bbox 1908 5279 3491 5360; baseline -0.004 -12"><span class='ocrx_word' id='word_1_837' title='bbox 1908 5295 2122 5360; x_wconf 85' lang='lat' dir='ltr'><strong>anima,</strong></span> <span class='ocrx_word' id='word_1_838' title='bbox 2159 5279 2333 5346; x_wconf 77' lang='lat' dir='ltr'><strong>sicubi</strong></span> <span class='ocrx_word' id='word_1_839' title='bbox 2373 5290 2472 5344; x_wconf 87' lang='lat' dir='ltr'><strong>illa</strong></span> <span class='ocrx_word' id='word_1_840' title='bbox 2506 5305 2625 5358; x_wconf 75' lang='lat' dir='ltr'><strong>qua:</strong></span> <span class='ocrx_word' id='word_1_841' title='bbox 2661 5289 2830 5342; x_wconf 87' lang='lat' dir='ltr'><strong>solent</strong></span> <span class='ocrx_word' id='word_1_842' title='bbox 2860 5290 2969 5342; x_wconf 84' lang='lat' dir='ltr'><strong>dici</strong></span> <span class='ocrx_word' id='word_1_843' title='bbox 3006 5306 3112 5342; x_wconf 87' lang='lat' dir='ltr'><strong>non</strong></span> <span class='ocrx_word' id='word_1_844' title='bbox 3135 5290 3491 5357; x_wconf 71' lang='lat' dir='ltr'><strong>praeterieris;</strong></span> 
     </span>
    </p>
   </div>
   <div class='ocr_carea' id='block_1_115' title="bbox 1904 5377 3492 5439">
    <p class='ocr_par' dir='ltr' id='par_1_115' title="bbox 1904 5377 3492 5439">
     <span class='ocr_line' id='line_1_115' title="bbox 1904 5377 3492 5439; baseline -0.006 0"><span class='ocrx_word' id='word_1_845' title='bbox 1904 5386 1994 5439; x_wconf 86' lang='lat' dir='ltr'><strong>sed</strong></span> <span class='ocrx_word' id='word_1_846' title='bbox 2018 5401 2080 5439; x_wconf 89' lang='lat' dir='ltr'><strong>ea</strong></span> <span class='ocrx_word' id='word_1_847' title='bbox 2107 5384 2281 5437; x_wconf 84' lang='lat' dir='ltr'><strong>adhuc</strong></span> <span class='ocrx_word' id='word_1_848' title='bbox 2310 5382 2474 5438; x_wconf 90' lang='lat' dir='ltr'><strong>etiam</strong></span> <span class='ocrx_word' id='word_1_849' title='bbox 2506 5395 2570 5434; x_wconf 76' lang='lat' dir='ltr'><strong>ea:</strong></span> <span class='ocrx_word' id='word_1_850' title='bbox 2595 5388 2642 5432; x_wconf 90' lang='lat' dir='ltr'><strong>te</strong></span> <span class='ocrx_word' id='word_1_851' title='bbox 2664 5379 2869 5433; x_wconf 81' lang='lat' dir='ltr'><strong>additis</strong></span> <span class='ocrx_word' id='word_1_852' title='bbox 2907 5379 3068 5433; x_wconf 89' lang='lat' dir='ltr'><strong>etiam</strong></span> <span class='ocrx_word' id='word_1_853' title='bbox 3107 5377 3492 5432; x_wconf 83' lang='lat' dir='ltr'><strong>assertionibus</strong></span> 
     </span>
    </p>
   </div>
   <div class='ocr_carea' id='block_1_116' title="bbox 1905 5471 3490 5547">
    <p class='ocr_par' dir='ltr' id='par_1_116' title="bbox 1905 5471 3490 5547">
     <span class='ocr_line' id='line_1_116' title="bbox 1905 5471 3490 5547; baseline -0.007 -12"><span class='ocrx_word' id='word_1_854' title='bbox 1905 5480 2137 5535; x_wconf 87' lang='lat' dir='ltr'><strong>lucidius</strong></span> <span class='ocrx_word' id='word_1_855' title='bbox 2167 5478 2468 5547; x_wconf 86' lang='lat' dir='ltr'><strong>scripseris,</strong></span> <span class='ocrx_word' id='word_1_856' title='bbox 2511 5484 2568 5529; x_wconf 91' lang='lat' dir='ltr'><strong>ut</strong></span> <span class='ocrx_word' id='word_1_857' title='bbox 2607 5475 2662 5528; x_wconf 85' lang='lat' dir='ltr'><strong>in</strong></span> <span class='ocrx_word' id='word_1_858' title='bbox 2691 5472 2786 5526; x_wconf 86' lang='lat' dir='ltr'><strong>illo</strong></span> <span class='ocrx_word' id='word_1_859' title='bbox 2828 5472 2986 5529; x_wconf 87' lang='lat' dir='ltr'><strong>loco:</strong></span> <span class='ocrx_word' id='word_1_860' title='bbox 3040 5491 3059 5524; x_wconf 75' lang='grc' dir='ltr'><strong>ι</strong></span> <span class='ocrx_word' id='word_1_861' title='bbox 3085 5471 3230 5527; x_wconf 89' lang='lat' dir='ltr'><strong>Ecce</strong></span> <span class='ocrx_word' id='word_1_862' title='bbox 3259 5481 3319 5525; x_wconf 94' lang='lat' dir='ltr'><strong>ut</strong></span> <span class='ocrx_word' id='word_1_863' title='bbox 3347 5471 3490 5526; x_wconf 80' lang='lat' dir='ltr'><strong>facta</strong></span> 
     </span>
    </p>
   </div>
   <div class='ocr_carea' id='block_1_117' title="bbox 1904 5564 3490 5634">
    <p class='ocr_par' dir='ltr' id='par_1_117' title="bbox 1904 5564 3490 5634">
     <span class='ocr_line' id='line_1_117' title="bbox 1904 5564 3490 5634; baseline -0.009 -4"><span class='ocrx_word' id='word_1_864' title='bbox 1904 5584 1988 5630; x_wconf 91' lang='lat' dir='ltr'><strong>est</strong></span> <span class='ocrx_word' id='word_1_865' title='bbox 2009 5590 2115 5628; x_wconf 82' lang='lat' dir='ltr'><strong>vox</strong></span> <span class='ocrx_word' id='word_1_866' title='bbox 2148 5569 2496 5628; x_wconf 88' lang='lat' dir='ltr'><strong>salutationis</strong></span> <span class='ocrx_word' id='word_1_867' title='bbox 2522 5577 2631 5622; x_wconf 72' lang='lat' dir='ltr'><strong>tuae</strong></span> <span class='ocrx_word' id='word_1_868' title='bbox 2661 5567 2715 5620; x_wconf 90' lang='lat' dir='ltr'><strong>in</strong></span> <span class='ocrx_word' id='word_1_869' title='bbox 2746 5568 2977 5622; x_wconf 89' lang='lat' dir='ltr'><strong>auribus</strong></span> <span class='ocrx_word' id='word_1_870' title='bbox 3005 5567 3164 5634; x_wconf 89' lang='lat' dir='ltr'><strong>meis,</strong></span> <span class='ocrx_word' id='word_1_871' title='bbox 3191 5564 3490 5622; x_wconf 83' lang='lat' dir='ltr'><strong>exsultavit</strong></span> 
     </span>
    </p>
   </div>
   <div class='ocr_carea' id='block_1_118' title="bbox 1905 5659 3489 5730">
    <p class='ocr_par' dir='ltr' id='par_1_118' title="bbox 1905 5659 3489 5730">
     <span class='ocr_line' id='line_1_118' title="bbox 1905 5659 3489 5730; baseline -0.01 -4"><span class='ocrx_word' id='word_1_872' title='bbox 1905 5670 2087 5726; x_wconf 81' lang='lat' dir='ltr'><strong>infans</strong></span> <span class='ocrx_word' id='word_1_873' title='bbox 2135 5667 2188 5720; x_wconf 90' lang='lat' dir='ltr'><strong>in</strong></span> <span class='ocrx_word' id='word_1_874' title='bbox 2236 5674 2394 5719; x_wconf 88' lang='lat' dir='ltr'><strong>utero</strong></span> <span class='ocrx_word' id='word_1_875' title='bbox 2444 5678 2565 5717; x_wconf 88' lang='lat' dir='ltr'><strong>meo</strong></span> <span class='ocrx_word' id='word_1_876' title='bbox 2590 5663 2656 5728; x_wconf 83' lang='grc'><strong>¹²,</strong></span> <span class='ocrx_word' id='word_1_877' title='bbox 2688 5680 2708 5712; x_wconf 79' lang='grc' dir='ltr'><strong>ι</strong></span> <span class='ocrx_word' id='word_1_878' title='bbox 2753 5661 2842 5714; x_wconf 91' lang='lat' dir='ltr'><strong>ubi</strong></span> <span class='ocrx_word' id='word_1_879' title='bbox 2879 5661 3014 5716; x_wconf 83' lang='lat' dir='ltr'><strong>dicis</strong></span> <span class='ocrx_word' id='word_1_880' title='bbox 3043 5659 3183 5730; x_wconf 84' lang='lat' dir='ltr'><strong>quod</strong></span> <span class='ocrx_word' id='word_1_881' title='bbox 3219 5674 3332 5717; x_wconf 87' lang='lat' dir='ltr'><strong>non</strong></span> <span class='ocrx_word' id='word_1_882' title='bbox 3371 5662 3489 5713; x_wconf 80' lang='lat' dir='ltr'><strong>erat</strong></span> 
     </span>
    </p>
   </div>
   <div class='ocr_carea' id='block_1_119' title="bbox 2037 5756 2914 5828">
    <p class='ocr_par' dir='ltr' id='par_1_119' title="bbox 2037 5756 2914 5828">
     <span class='ocr_line' id='line_1_119' title="bbox 2037 5756 2914 5828; baseline -0.003 -9"><span class='ocrx_word' id='word_1_883' title='bbox 2037 5767 2076 5796; x_wconf 82' lang='lat'>“</span> <span class='ocrx_word' id='word_1_884' title='bbox 2114 5762 2246 5818; x_wconf 86' lang='lat' dir='ltr'><strong>Luc.</strong></span> <span class='ocrx_word' id='word_1_885' title='bbox 2278 5778 2316 5828; x_wconf 89' lang='grc' dir='ltr'><strong>ι,</strong></span> <span class='ocrx_word' id='word_1_886' title='bbox 2350 5760 2437 5816; x_wconf 77' lang='grc'><strong>46.</strong></span> <span class='ocrx_word' id='word_1_887' title='bbox 2521 5760 2561 5790; x_wconf 84' lang='grc'>¹²</span> <span class='ocrx_word' id='word_1_888' title='bbox 2591 5757 2724 5815; x_wconf 89' lang='lat' dir='ltr'><strong>Luc.</strong></span> <span class='ocrx_word' id='word_1_889' title='bbox 2763 5773 2800 5825; x_wconf 88' lang='grc' dir='ltr'><strong>ι,</strong></span> <span class='ocrx_word' id='word_1_890' title='bbox 2827 5756 2914 5816; x_wconf 62' lang='lat' dir='ltr'><strong>Li.</strong></span> 
     </span>
    </p>
   </div>
  </div>
