3864 6204
435 289 539 343 183

1450 295 1508 351 S.
1554 293 1901 353 IGNATIUS.
1942 328 2012 338 --
2041 293 2571 352 PBOLEGOMENA.

3594 295 3694 350 εει

434 414 536 462 hoc
571 407 900 479 principium
944 411 1274 468 substantia:
1318 416 1472 484 ejus,
1510 415 1573 469 de
1609 426 1698 470 tuo
1734 417 2016 485 addidisti,
2049 428 2094 486 Α
2189 417 2328 471 Cum
2386 418 2501 470 haec
2549 426 2663 470 tum
2709 414 2778 470 de
2824 423 3072 477 auctore,
3128 421 3246 469 tum
3297 413 3696 483 de'interprete

433 510 596 570 atque
624 511 852 559 natura.
877 503 1009 561 Παῖς
1029 517 1080 561 et
1109 507 1258 562 mille
1279 509 1390 563 alia
1413 510 1494 564 his
1525 511 1728 563 similia
1758 511 1814 564 in
1845 512 2014 565 inter-

431 597 814 660 pretationibus
845 600 982 665 tuis,
1016 604 1124 655 sive
1153 602 1207 655 in
1237 602 1318 656 his
1355 603 1487 671 ipsis
1520 603 1777 666 ltomiliis,
1818 604 1928 657 sive
1955 604 2013 656 in

429 685 669 743 Jeremia
691 731 706 756 ,
738 691 816 745 vel
840 692 899 746 in
929 690 1113 762 Isaia,
1161 696 1400 749 maxima
1447 705 1624 750 autem
1661 697 1719 749 in
1741 695 2013 751 Ezechiele

431 781 770 836 subtraxisti.

517 871 781 938 Queritur
830 875 997 944 igitur
1042 876 1292 934 Bullinus
1340 879 1394 934 in
1444 879 1532 936 his
1580 879 1718 950 ipsis
1768 881 2010 937 homiliis

429 965 677 1032 quaedam
707 982 830 1037 qua:
873 969 928 1022 in
953 969 1160 1026 Graecis
1189 979 1348 1025 erant
1391 969 1671 1042 Origenis,
1719 973 1788 1028 ab
1816 971 2013 1028 Hiero-

428 1070 593 1126 nymo
648 1055 820 1112 luisse
863 1059 1169 1122 subtracta.
1197 1061 1448 1131 quaedam
1484 1071 1717 1130 mutata,
1754 1064 2008 1133 quaedam

426 1163 548 1216 quae
609 1148 663 1202 in
715 1149 921 1206 Graecis
980 1168 1087 1207 non
1162 1162 1321 1208 erant
1379 1154 1561 1209 addita
1611 1174 1625 1209 :
1711 1157 1830 1211 loca
1891 1157 2009 1226 ipsa

428 1241 637 1296 notavit
680 1251 766 1309 ut,
801 1259 926 1298 cum
958 1245 1147 1300 Graeca
1191 1257 1493 1315 exstarent,
1545 1249 1703 1305 facile
1733 1253 2002 1320 perspiceo

426 1342 615 1388 rentur
654 1350 670 1388 :
715 1351 888 1390 unum
931 1338 1096 1392 etiam
1147 1339 1401 1395 recitavit
1451 1356 1518 1394 ex
1563 1341 1681 1410 ipsa
1729 1344 2006 1406 versione,

423 1427 515 1494 qui
563 1425 872 1482 etiamnum
919 1429 1144 1484 homilia
1199 1440 1396 1500 quarta
1444 1441 1644 1500 exstat,
1681 1435 1775 1489 ubi
1826 1435 2007 1491 adhuc

424 1521 699 1590 legimus:
746 1522 887 1580 Ecce
929 1526 1091 1589 enim,
1114 1525 1192 1580 ait
1227 1525 1529 1596 Elisabetlt,
1579 1544 1608 1582 ἰ
1644 1541 1706 1586 ιιι
1745 1531 1888 1589 facta
1921 1544 2006 1590 est

421 1614 682 1670 salutatio
723 1625 816 1671 tua
863 1617 918 1671 in
963 1634 1126 1676 aures
1169 1636 1342 1685 meas.
1377 1616 1674 1679 exsultavit
1719 1626 1775 1680 in
1806 1627 2009 1696 gaudio

422 1705 604 1764 infans
643 1709 696 1762 in
729 1719 886 1766 utero
911 1727 1055 1767 meo.
1091 1732 1109 1764 ι
1178 1715 1364 1769 Adhuc
1391 1717 1444 1770 in
1470 1719 1657 1772 matris
1691 1727 1840 1773 utero
1867 1731 2004 1787 erat,

2079 527 2082 532 “
2119 509 2257 562 adeo
2288 509 2576 578 perspicua
2609 511 2740 575 sint,
2781 506 3097 562 Blondellus
3125 513 3307 560 tamen
3347 522 3453 560 non
3485 505 3699 565 veritus

2113 609 2217 666 est,
2245 601 2439 654 harum
2471 601 2524 654 in
2558 599 2763 656 Lucam
2799 601 3150 656 homiliarum
3181 602 3533 669 interpretem
3558 594 3702 650 Bul-

2074 705 2079 713 '
2115 693 2284 747 linum
2316 693 2530 758 dicere;
2568 701 2623 746 et
2656 693 2711 746 in
2741 693 3035 748 levissimis
3070 692 3215 747 uotis
3246 691 3365 748 suis
3390 690 3459 745 ad
3487 688 3697 758 episto-

2114 784 2221 839 lam
2260 784 2554 839 clarissimi
2591 782 2768 839 Vossii
2799 785 3002 840 asserit
3025 784 3140 855 ejus
3178 800 3289 839 esse
3311 781 3556 852 probare,
3598 779 3698 832 lto-

2112 876 2319 932 miliam
2367 885 2593 942 sextam,
2637 891 2705 931 ex
2750 892 2863 948 qua
2898 887 3152 933 nostrum
3188 876 3392 946 petitur
3440 874 3698 929 testimo-

2077 994 2080 996 ν
2113 970 2288 1035 nium,
2321 987 2424 1024 non
2463 970 2675 1040 Rugini,
2703 971 2911 1024 somnia
2953 987 3052 1025 sua
3101 970 3319 1041 Origeni
3347 967 3699 1039 afﬁngentis,

2075 1091 2078 1096 -
2112 1068 2204 1120 sed
2233 1064 2476 1136 Origenis
2498 1065 2667 1134 ipsius
2705 1081 2835 1119 esse.
2869 1065 2938 1119 At
2962 1079 3066 1121 nos
3093 1065 3200 1119 hoc
3224 1065 3406 1135 ipsum
3435 1062 3698 1117 cumula-

2111 1159 2323 1213 tissime
2351 1158 2726 1229 probavimus,
2751 1167 2812 1212 ut
2837 1167 3101 1228 appareat
3127 1159 3242 1213 haec
3263 1172 3387 1212 esse
3415 1171 3526 1210 non
3553 1153 3699 1208 Buf-

2113 1251 2204 1304 lini
2239 1251 2478 1318 somnia,
2527 1250 2621 1305 sed
2663 1250 2950 1305 Blondelli.
2982 1249 3124 1317 Quid
3159 1250 3340 1305 enim?
3369 1250 3452 1302 An
3486 1247 3696 1302 Bullini

2111 1344 2489 1413 interpretatio
2535 1359 2658 1400 esse
2705 1353 2902 1414 potest,
2929 1359 3094 1414 quam
3141 1342 3201 1398 S.
3236 1341 3605 1413 Hieronymus
3659 1357 3695 1395 a

2111 1437 2403 1506 semetipso
2435 1435 2632 1491 factam
2667 1451 2775 1490 non
2825 1436 2993 1491 semel
3024 1444 3277 1500 testatur,
3309 1444 3363 1489 et
3392 1450 3560 1505 quam
3590 1433 3692 1488 diu

2109 1528 2301 1593 edidit,
2345 1538 2637 1598 antequam
2671 1527 2915 1584 Bullinus
2953 1529 3038 1583 vel
3079 1544 3249 1582 unum
3281 1527 3566 1582 vcrbulum
3617 1541 3689 1580 ex

2073 1619 2342 1688 'Origeue
2388 1621 2441 1674 in
2489 1635 2800 1676 sermonem
2852 1621 3104 1675 Latinum
3155 1621 3557 1676 transtulerat?
3599 1620 3693 1674 An

2113 1711 2308 1767 Bullini
2343 1729 2465 1768 esse
2502 1724 2707 1784 potest,
2737 1731 2901 1784 quam
2930 1714 3180 1769 Bullinus
3208 1716 3325 1785 ipse
3352 1704 3695 1786 Hieronymo

421 1809 470 1852 et
503 1801 624 1869 jam
667 1800 932 1873 Spiritum
965 1802 1024 1860 S.
1045 1815 1337 1874 acceperat.
1374 1804 1498 1861 Non
1526 1809 1664 1862 enim
1693 1809 1830 1864 illud
1855 1812 2004 1880 prin-
2037 1799 2077 1853 Β
2107 1806 2330 1871 tribuit,
2384 1815 2438 1862 et
2487 1807 2540 1860 in
2590 1805 2859 1860 Invectiva
2913 1822 3011 1861 sua
3060 1807 3196 1861 adeo
3247 1807 3524 1877 exagitat?
3578 1805 3693 1861 Fa-

420 1892 622 1960 cipium
677 1903 794 1947 erat
844 1894 1161 1950 substantia
1209 1897 1324 1966 ejus
1379 1909 1535 1971 atque
1579 1910 1810 1959 naturas.
1875 1902 2002 1959 Haec

421 1985 584 2039 verba
643 1999 710 2039 ex
757 1984 1184 2058 Hieronymiana
1221 1989 1474 2062 Origenis
1504 1995 1757 2050 versione
1787 1991 2002 2052 recitat

418 2075 716 2147 σύγχρονος
767 2077 1035 2146 Bullinus,
1090 2097 1213 2151 qua:
1268 2098 1337 2138 ex
1397 2083 1996 2154 Origene‘transtulit,

418 2183 539 2236 quae
578 2185 607 2222 a
635 2170 815 2240 seipso
843 2172 1050 2228 addidit
1092 2173 1392 2246 interpres,
1431 2187 1610 2244 notat,
1647 2181 1873 2247 scilicet,
1905 2169 1998 2238 illa

418 2261 604 2326 verba,
637 2271 796 2332 atque
836 2274 1066 2321 natura.
1105 2264 1216 2323 Nos
1243 2277 1297 2325 et
1327 2285 1450 2340 qua:
1480 2270 1734 2341 Origenis
1761 2283 1911 2338 sunt,
1945 2285 2000 2330 et

415 2368 539 2422 quae
582 2354 896 2424 interpretis
943 2358 1247 2414 etiamnum
1280 2361 1568 2420 habemus.
1613 2365 1997 2422 Certissimum

417 2445 586 2514 igitur
632 2456 718 2501 est
749 2447 849 2505 has
881 2449 1136 2508 homilias
1163 2469 1287 2509 esse
1326 2453 1602 2527 Origenis,
1633 2468 1686 2513 et
1711 2460 1782 2514 ab
1803 2458 1999 2516 Hiero-

415 2554 580 2608 nymo
603 2555 828 2604 versas;
871 2558 970 2598 nec
1001 2552 1180 2612 potest
1227 2562 1351 2603 esse
1379 2551 1683 2621 quidquam
1733 2554 1787 2607 in
1831 2556 1996 2612 rebtis

416 2629 732 2699 hujusmodi
766 2634 871 2689 hoc
905 2648 1232 2706 argumento
1257 2640 1556 2699 ellicacius.

483 2722 565 2776 Ad
595 2725 861 2794 majorem
892 2737 1075 2782 tamen
1106 2731 1584 2788 conﬁrmationem
1616 2736 1730 2792 haec
1763 2736 1994 2793 ulterius

415 2820 538 2875 addi
566 2833 817 2891 possunt,
851 2823 1241 2897 Hieronymum
1302 2829 1449 2884 ultra
1479 2830 1546 2885 70
1579 2832 1784 2887 libellos
1808 2832 1996 2905 Orige-

411 2914 515 2972 nis.
545 2930 673 2983 quos
704 2915 1028 2972 homiliticos
1059 2919 1369 2989 appellavit,
1399 2924 1738 2980 transtulisse
1765 2927 1820 2980 in
1848 2926 1997 2982 Lati-

412 3021 558 3065 num.
614 3015 672 3060 ut
725 3005 894 3061 refert
937 3007 1206 3066 Bullinus
1245 3012 1300 3066 in
1348 3015 1670 3083 prazlatione
1714 3017 1780 3071 ad
1823 3018 1992 3075 libros

405 3093 544 3162 Περὶ
563 3093 782 3164 ἀρχῶν.
812 3099 1037 3158 Fatetur
1067 3105 1172 3160 hoc
1204 3103 1568 3178 Hieronymus
1601 3110 1716 3179 ipse
1744 3112 1992 3183 apologia

410 3189 608 3256 prima.
645 3189 997 3264 Septuaginta
1038 3195 1202 3250 libros
1232 3199 1369 3267 ejus,
1399 3209 1456 3254 ut
1488 3217 1633 3255 meus
1665 3205 1992 3258 necessarius

409 3282 745 3350 criminatur,
770 3287 823 3340 in
843 3285 1097 3343 Latinum
1135 3301 1417 3356 verteram,
1448 3301 1497 3346 et
1531 3293 1700 3348 multa
1726 3293 1790 3349 de
1813 3297 1990 3350 tomis.

410 3372 696 3445 Nunquam
719 3377 784 3431 de
805 3395 955 3448 opere
980 3397 1092 3433 meo
1121 3383 1222 3452 fuit
1248 3385 1504 3454 quazstio;
1533 3402 1802 3456 nunquam
1824 3385 1995 3442 Roma

409 3477 675 3522 commota
700 3479 795 3524 est.
839 3469 1004 3527 Notat
1034 3471 1284 3530 Bullinus
1327 3477 1381 3530 in
1420 3478 1690 3532 invectiva
1737 3479 1993 3534 homilias

409 3559 463 3612 lu
495 3559 723 3628 Lucam,
764 3564 817 3618 in
853 3564 1072 3633 lsaiam,
1101 3567 1395 3625 Jercmiam
1428 3581 1593 3642 atque
1625 3571 1989 3629 Ezechielem.

407 3651 778 3726 Hieronymus
825 3659 941 3728 ipse
979 3669 1210 3716 testatur
1240 3663 1308 3717 14
1348 3671 1562 3718 tantum
1607 3665 1660 3718 in
1695 3663 1991 3721 Jeremiam

407 3754 460 3800 et
501 3748 728 3802 totidem
778 3751 831 3804 in
879 3749 1223 3808 Ezechielem
1277 3771 1337 3810 se
1389 3757 1754 3812 transtulisse.
1813 3756 1992 3813 Verba

407 3839 529 3908 ejus
575 3850 705 3895 sunt
746 3843 800 3896 in
849 3846 1080 3915 prologo
1115 3848 1182 3902 ad
1217 3846 1556 3904 Ezechielem
1588 3867 1601 3903 :
1637 3839 1830 3922 Itaque
1873 3861 1992 3920 post

405 3934 807 4000 quatuordecim
851 3935 1098 3993 homilias
1148 3941 1204 3994 in
1233 3939 1542 4009 Jeremiam,
1584 3959 1714 4012 quas
1761 3943 1992 4013 jampri-

405 4020 523 4072 dem
569 4023 791 4090 confuso
823 4026 1006 4080 ordine
1034 4028 1417 4098 interpretatus
1461 4050 1600 4099 sum,
1639 4043 1690 4087 et
1733 4034 1830 4088 lias
1855 4051 1989 4105 qua-

405 4113 698 4166 tuordecim
727 4115 780 4167 in
808 4115 1128 4172 Ezechiele":
1162 4137 1254 4190 per
1280 4124 1562 4178 intervalla
1590 4126 1822 4189 dictavi;
1853 4135 1906 4180 et
1932 4127 1986 4181 in

390 4203 688 4273 Catalogo:
723 4203 790 4257 In
811 4205 1100 4262 Jeremiam
1154 4221 1204 4264 et
1249 4213 1304 4265 in
1346 4213 1675 4268 Ezechielem
1736 4217 1985 4270 homilias

407 4292 651 4362 Origenis
710 4297 902 4366 viginti
953 4309 1088 4366 octo,
1141 4319 1273 4372 quas
1321 4303 1384 4358 de
1413 4302 1596 4359 Graeco
1655 4307 1708 4358 in
1732 4304 1987 4360 Latinum

403 4387 556 4441 verti.
599 4386 851 4443 Homilia:
883 4402 1072 4446 autem
1126 4395 1182 4447 in
1217 4393 1414 4450 lsaiam
1467 4398 1850 4452 tantummodo
1883 4414 1984 4454 no-

2108 1904 2224 1949 teor
2251 1897 2506 1966 equidem
2539 1896 2814 1952 Bullinum
2859 1898 2928 1952 ad
2956 1899 3118 1952 linem
3144 1915 3281 1968 pene
3303 1898 3432 1954 vita:
3461 1914 3578 1954 sua:
3603 1899 3695 1953 in—

2104 1988 2526 2056 terpretationes
2555 2004 2686 2045 suas
2713 1989 2816 2044 sub
2840 1987 3155 2060 Hieronymi
3180 1991 3402 2044 nomine
3423 1987 3692 2044 edidisse.

2106 2081 2210 2136 Sed
2244 2082 2347 2137 hoc
2393 2081 2463 2138 de
2498 2082 2742 2138 homiliis
2785 2083 2840 2136 in
2895 2081 3100 2138 Lucam
3146 2083 3251 2138 dici
3299 2098 3408 2138 non
3461 2091 3643 2154 potest
3673 2124 3691 2150 ,

2103 2175 2230 2243 quia
2268 2184 2321 2230 et
2375 2175 2493 2244 ipse
2527 2174 2896 2248 Hieronymus
2925 2191 3024 2232 eos
3050 2177 3321 2248 agnoscit,
3366 2185 3422 2231 et
3447 2177 3554 2232 sub
3585 2193 3696 2232 nu-

2104 2281 2258 2322 mero
2289 2267 2640 2336 septuaginta
2669 2267 3020 2322 homiliarum
3051 2282 3081 2320 a
3110 2283 3170 2321 se
3199 2283 3484 2322 versarum
3508 2269 3693 2338 ponit,

2100 2366 2155 2412 et
2180 2358 2438 2430 prologus
2464 2357 2780 2430 Hieronymi
2805 2358 3086 2413 Invectivar
3109 2359 3306 2414 Bullini
3345 2359 3590 2414 insertus
3609 2360 3695 2414 le-

2100 2453 2276 2522 gitur,
2300 2468 2464 2520 quam
2493 2452 2739 2508 Bullinus
2765 2462 2878 2507 tum
2903 2453 3145 2523 scripsit,
3171 2468 3295 2507 cum
3321 2453 3526 2506 nullam
3560 2451 3694 2507 Ori-

2101 2546 2256 2614 genis
2289 2545 2571 2600 homiliam
2617 2547 2921 2616 attigisset,
2953 2562 3077 2602 cum
3115 2543 3465 2612 librumﬂepl
3488 2542 3704 2612 ἀρχῶν

2103 2639 2486 2694 tantummodo
2513 2639 2902 2706 transtulisset,
2937 2640 3055 2708 ipso
3084 2637 3287 2693 latente
3325 2637 3690 2709 Hieronymo.

2099 2729 2176 2784 Ita
2201 2731 2348 2786 enim
2375 2731 2466 2786 ille
2491 2731 2742 2801 apologia
2767 2732 2943 2800 prima
2975 2748 2987 2783 :
3024 2728 3137 2799 Ego
3160 2745 3253 2798 per
3281 2738 3355 2781 tot
3379 2745 3543 2781 annos
3572 2739 3696 2781 tam

2098 2822 2270 2875 multa
2313 2832 2615 2877 convertens
2647 2838 2918 2892 nunquam
2949 2822 3201 2876 seandalo
3232 2821 3313 2890 [ui
3343 2835 3361 2873 :
3386 2831 3441 2874 tu
3468 2822 3538 2873 ad
3570 2822 3697 2890 pri-

2099 2931 2243 2967 mum
2278 2924 2326 2968 et
2360 2915 2531 2969 solum
2557 2931 2707 2986 opus,
2739 2917 2951 2986 ignotus
2975 2915 3146 2984 prius,
3191 2915 3483 2968 temeritate
3504 2913 3692 2982 [actus

2097 3024 2150 3061 es
2185 3007 2398 3062 nobilis.
2435 3007 2497 3062 Et
2517 3023 2710 3063 rursus
2736 3010 2975 3063 secunda
3007 3025 3020 3062 :
3059 3006 3147 3062 Vis
3178 3008 3457 3078 Origenem
3482 3012 3538 3062 in
3577 3008 3694 3062 La-

2097 3101 2267 3153 tinum
2293 3109 2486 3154 vertere
2503 3101 2528 3154 ?
2544 3101 2702 3154 habes
2727 3101 2921 3156 multas
2949 3100 3198 3154 homilias
3220 3101 3335 3170 ejus
3357 3112 3404 3154 et
3431 3110 3601 3156 tomos
3629 3104 3691 3156 in

2096 3196 2284 3264 quibus
2314 3197 2532 3250 moralis
2556 3205 2823 3250 tractatur
2844 3197 3012 3263 locus,
3041 3206 3092 3250 et
3115 3195 3519 3266 Scripturarum
3545 3211 3694 3265 pan-

2097 3289 2297 3342 duntur
2337 3291 2602 3345 obscura:
2644 3291 2754 3344 luec
2796 3291 3169 3360 interpretare,
3217 3295 3328 3344 lucc
3370 3290 3690 3360 rogantibus

2097 3381 2290 3435 tribue.
2325 3383 2467 3446 Quid
2496 3381 2700 3451 pr'imus
2738 3382 2892 3436 labor
2933 3391 3056 3436 tuus
3093 3383 3284 3451 incipit
3309 3382 3374 3435 ab
3407 3382 3638 3450 infamia
3663 3384 3694 3436 2’

2095 3475 2404 3544 Antequam
2458 3476 2624 3546 igitur
2668 3475 2972 3545 quidquam
3015 3476 3332 3545 scripsisset
3384 3474 3639 3530 Bullinus
3667 3519 3690 3542 ,

2096 3568 2257 3623 editae
2288 3578 2417 3624 sunt
2465 3569 2705 3623 bomilia:
2737 3567 2992 3639 Origenis
3022 3570 3076 3623 in
3126 3569 3330 3623 Lucam
3385 3571 3690 3640 interprete

2095 3655 2462 3730 Hieronymo;
2506 3661 2709 3714 eaedem
2763 3661 2819 3716 in
2865 3659 3133 3716 lnvectiua
3179 3659 3378 3716 Bullini
3411 3662 3689 3732 sugillata:

2095 3761 2244 3820 sunt,
2270 3763 2566 3823 antequam
2594 3752 2841 3810 Bullinus
2865 3755 3168 3825 quidquam
3199 3753 3454 3827 Origenis
3484 3767 3692 3828 praeter

2093 3841 2295 3898 librum
2319 3842 2458 3910 Περὶ
2484 3842 2753 3912 ἀρχῶν-ἰῇ
2787 3843 3044 3899 Latinum
3071 3849 3460 3903 transtulisset.

2165 3931 2232 3987 Et
2257 3943 2438 3988 tamen
2462 3932 2698 3989 Dallwus
2729 3935 2796 3989 ad
2823 3937 2928 3990 hoc
2951 3934 3215 3991 Blondelli
3243 3938 3520 3993 somnium
3543 3927 3690 3994 con-

2093 4023 2283 4094 fugere
2319 4025 2540 4080 tandem
2568 4038 2795 4080 coactus
2826 4036 2930 4082 est.
2955 4027 3093 4082 Nam
3123 4045 3246 4084 cum
3282 4029 3480 4100 liquere
3503 4032 3688 4087 dixis-

2093 4124 2177 4170 set
2228 4116 2418 4168 harum
2449 4117 2792 4170 homiliarum
2823 4118 2992 4170 alium
3029 4118 3196 4187 fuisse
3217 4130 3486 4174 auctorem
3513 4138 3684 4191 quam

2095 4205 2400 4276 Origenem,
2428 4207 2482 4261 id
2507 4216 2690 4261 tamen
2723 4208 2856 4263 viris
2886 4209 3116 4264 eruditis
3150 4211 3465 4280 persuaderi
3509 4213 3686 4267 mini-

2089 4314 2178 4354 me
2209 4299 2454 4369 potuisse
2484 4309 2726 4368 putaret,
2761 4301 2942 4354 statim
2989 4301 3217 4368 addidit,
3272 4319 3336 4356 ne
3377 4303 3513 4356 hunc
3533 4303 3682 4358 illud

2089 4391 2334 4460 afferam,
2359 4391 2501 4462 quod
2531 4393 2664 4445 satis
2686 4401 2892 4446 constat
2927 4392 3172 4463 Origenis
3201 4411 3320 4465 qua:
3345 4393 3536 4448 Latine
3554 4405 3684 4449 tau-

403 4492 524 4531 vem
555 4487 713 4544 sunt;
747 4481 952 4548 quibus
983 4483 1026 4536 si
1061 4483 1231 4538 addas
1259 4484 1396 4540 duas
1447 4485 1502 4539 in
1531 4484 1846 4548 Canticum,
1880 4488 1978 4541 ad-
2018 4502 2060 4556 ι)
2092 4493 2204 4537 tum
2233 4493 2466 4550 exstant,
2490 4501 2522 4538 a
2546 4485 2750 4555 Ru/ﬁno
2780 4495 2830 4539 et
2857 4486 2984 4539 aliis
3009 4487 3379 4557 interpretibus
3403 4489 3481 4541 ita
3508 4489 3686 4557 fuisse

405 4570 511 4625 huc
543 4580 756 4626 tantum
787 4582 916 4628 sunt
944 4575 1167 4646 triginta
1196 4593 1411 4632 novem.
1449 4577 1604 4632 Ultra
1640 4579 1807 4650 igitur
1832 4579 1986 4635 libel-

402 4662 481 4715 los
505 4660 574 4716 70
603 4663 672 4717 ab
697 4662 1034 4737 Hieronymo
1059 4683 1252 4724 versos
1289 4669 1538 4724 invenire
1577 4687 1862 4741 nunquam
1887 4688 1987 4743 po—

401 4754 553 4816 teris,
592 4755 700 4808 nisi
745 4756 854 4813 illis
885 4759 1108 4828 triginta
1153 4776 1347 4815 novem
1391 4761 1648 4818 homilias
1693 4763 1746 4818 in
1778 4763 1982 4819 Lucam

403 4841 620 4898 Bullino
658 4860 996 4904 memoratas
1036 4850 1392 4915 adnumeres,
1424 4861 1484 4907 ut
1511 4863 1566 4908 et
1600 4855 1690 4909 ille
1725 4872 1984 4912 numera-

396 4935 495 4988 vit.
514 4933 695 5002 Quare
718 4936 1007 4994 Erasmum
1034 4958 1195 4996 suum
1225 4946 1366 4999 male
1389 4946 1479 5000 hic
1500 4947 1704 5001 deserit
1726 4947 1980 5017 Dallmus,

397 5025 490 5094 qui
531 5026 585 5080 in
617 5026 796 5082 indice
815 5034 1054 5098 Operum
1082 5031 1399 5106 Hieronymi
1445 5036 1544 5089 has
1595 5038 1746 5107 ipsas
1801 5041 1981 5095 homi-

395 5118 498 5174 lias
537 5120 680 5177 inter
713 5139 933 5195 γνησια,
973 5127 1028 5180 id
1063 5141 1140 5180 est
1173 5145 1270 5195 ea,
1319 5145 1435 5198 quae
1478 5145 1593 5183 uere
1629 5140 1752 5184 sunt
1787 5131 1983 5187 Hiero-

395 5210 560 5278 nymi,
599 5227 734 5279 seu,
787 5215 853 5267 de
895 5217 1085 5285 quibus
1135 5217 1286 5271 nulla
1331 5219 1601 5273 dubitatio
1637 5223 1729 5288 sit,
1756 5224 1884 5292 quin
1913 5224 1979 5278 ab

402 5301 724 5373 Hieronymo
754 5307 864 5361 sint
888 5309 1055 5376 edita,
1085 5319 1362 5378 numerat,
1400 5313 1485 5368 his
1529 5315 1746 5371 verbis:
1780 5315 1977 5371 Homi-

392 5397 479 5450 [ἔω
532 5397 589 5450 in
613 5397 817 5452 Lucam
865 5402 1085 5471 triginta
1128 5421 1310 5458 novem
1345 5408 1410 5460 ab
1438 5405 1763 5480 Hieronymo
1803 5421 1978 5467 trans-

392 5489 535 5543 latae.
569 5489 638 5543 In
662 5494 979 5561 prte[atione
1009 5513 1257 5553 numerus
1287 5509 1367 5555 est
1394 5503 1644 5560 omissus.
1673 5504 1764 5560 Sic
1797 5515 1975 5562 autem

395 5579 622 5646 refertur
653 5579 738 5634 hic
769 5582 917 5638 locus
962 5604 995 5640 a
1022 5587 1227 5659 Βυῷηο
1271 5593 1538 5648 invectiva:
1565 5611 1676 5650 sure
1711 5597 1848 5651 libro
1892 5615 1974 5652 se—

392 5670 588 5734 cundo,
627 5674 822 5728 saltem
868 5679 1090 5748 triginta
1134 5697 1329 5739 novem
1363 5685 1673 5743 Adamantii
1707 5690 1882 5745 nostri
1915 5691 1969 5744 in

392 5759 592 5815 Lucam
607 5759 880 5823 homilias.
899 5770 1037 5826 sicut
1050 5774 1103 5826 in
1119 5771 1306 5830 Gtazco
1323 5777 1966 5849 habentur,iutcrprctor.

2089 4573 2435 4644 interpolata,
2475 4587 2533 4628 ut
2580 4592 2646 4629 ea:
2677 4578 2745 4629 iis
2777 4577 2864 4629 via:
2909 4586 3052 4630 certo
3092 4579 3260 4642 possit
3283 4579 3513 4650 intelligi
3544 4581 3690 4650 quid

2087 4683 2202 4720 vere
2224 4669 2294 4720 sit
2319 4667 2678 4738 Origenicum.
2711 4669 2850 4724 Cum
2879 4679 3087 4725 certum
3112 4671 3184 4726 sit
3237 4687 3346 4726 non
3374 4671 3679 4741 Bullinum,

2087 4760 2182 4815 sed
2215 4759 2607 4831 Hieronymum
2644 4761 2837 4814 harum
2874 4762 3226 4817 homiliarum
3250 4779 3373 4819 esse
3401 4765 3680 4835 interpre-

2085 4863 2232 4918 tem;
2263 4851 2311 4907 si
2337 4867 2470 4907 vero
2501 4852 2894 4924 Hieronymum
2921 4855 3063 4909 inter
3093 4857 3227 4910 alios
3251 4857 3555 4927 interpretes
3575 4876 3683 4930 po—

2085 4951 2198 5005 nat,
2231 4944 2326 5013 qui
2357 4943 2650 5014 Origcnem
2684 4955 2794 4999 tam
2829 4944 2974 5001 laede
3014 4947 3437 5017 interpolarunt,
3486 4953 3676 5005 mani-

2085 5035 2222 5088 festa
2256 5045 2342 5090 est
2367 5036 2666 5091 calumnia.
2695 5036 2974 5093 Habemus
3003 5041 3380 5095 uovemdecim
3411 5041 3677 5100 homilias

2083 5129 2338 5199 Origenis
2361 5129 2416 5183 iu
2442 5127 2742 5185 Jeremiam
2765 5130 2992 5199 Graece;
3020 5134 3289 5189 habemus
3317 5150 3508 5190 earum
3537 5137 3677 5191 duo-

2081 5223 2257 5278 decim
2305 5237 2374 5276 ex
2417 5222 2868 5292 interpretatione
2915 5224 3235 5298 Hieronymi
3282 5227 3504 5295 Latine;
3553 5229 3675 5287 hac

2081 5325 2266 5370 autem
2305 5317 2687 5388 interpretatio
2719 5327 2831 5373 tam
2867 5319 3006 5374 bene
3033 5319 3240 5376 Grzecis
3263 5322 3582 5391 respondet,
3609 5330 3675 5378 ut

2079 5410 2244 5464 aliam
2299 5410 2501 5465 addere
2558 5410 2790 5466 Huetius
2840 5414 3214 5468 necessarium
3263 5431 3369 5469 non
3418 5417 3671 5486 putarit,

2078 5505 2324 5574 adeoque
2353 5521 2446 5559 eas
2477 5505 2729 5568 ediderit,
2763 5507 3061 5575 interprete
3101 5505 3458 5579 Hieronymo.
3498 5509 3666 5575 Quae-

2080 5613 2204 5652 nam
2239 5607 2420 5652 autem
2465 5614 2530 5653 ex
2561 5599 2630 5652 iis
2663 5599 2737 5653 ita
2772 5599 3114 5670 interpolata!
3161 5611 3308 5666 sunt,
3360 5607 3552 5676 utquid
3593 5605 3666 5657 sit

2079 5691 2417 5760 Origenicum
2440 5691 2666 5762 intelligi
2696 5708 2798 5745 non
2814 5693 3011 5762 possit?
3031 5693 3180 5747 Idem
3211 5694 3439 5748 omnino
3466 5694 3532 5748 de
3556 5693 3664 5749 lio-

2078 5784 2244 5840 miliis
2281 5785 2332 5838 iu
2368 5782 2571 5840 Lucam
2611 5785 2977 5850 sentiendum,
3010 5784 3064 5838 in
3103 5785 3307 5856 quibus
3337 5784 3473 5840 nihil
3505 5785 3660 5840 addiv
