3864 6204
179 297 278 353 185

917 298 966 354 J.
1007 299 1374 355 PEARSONII
1416 298 1737 359 VINDICLE
1777 304 2200 362 IGNATIANE.
2243 338 2311 348 -—
2343 304 2525 361 PARS
2563 303 2615 360 l.’

3355 302 3455 358 186

176 431 287 499 tum
321 422 640 480 observavit
668 421 918 476 Bullinus
949 413 1148 491 praeter
1188 423 1294 476 ista
1342 433 1500 492 atque
1534 434 1764 478 natura.
1798 435 1843 490 Α
1874 424 2208 490 desumitur,
2252 440 2374 480 esse
2423 422 2834 494 apocryphum;
2889 420 3234 492 apocryphns
3271 429 3454 476 autem

174 513 400 570 Sartum
455 519 630 588 igitur
663 524 864 571 tectum
915 524 1001 571 est
1047 516 1180 570 illud
1213 533 1282 570 ex
1332 517 1556 572 bomilia
1608 528 1762 574 sexta

173 610 556 664 testimonium
592 626 691 680 pro
717 609 948 680 lgnatio.

239 700 789 757 Commentariorum
820 703 875 756 in
910 701 1193 758 Canticum
1244 705 1585 760 canticorum
1622 705 1762 760 fate-

170 806 295 843 mur
352 793 721 862 interpretem
782 793 955 848 l'uisse
1003 792 1310 860 Bullinum;
1347 795 1546 865 neque
1579 805 1762 851 tamen

170 886 223 938 in
252 885 366 941 illis
389 887 900 958 concedimus-quid
931 887 1002 941 sit
1029 887 1370 958 Origenicum
1408 889 1637 960 intelligi
1659 905 1765 942 non

168 992 343 1044 posse.
377 975 567 1047 Ipsius
610 979 758 1032 enim
791 977 980 1033 Dallaei
1009 980 1199 1049 regula
1247 989 1332 1036 est
1361 981 1556 1037 ultimo
1583 983 1765 1052 capite

156 1069 471 1139 explicata,
515 1069 617 1124 illa
658 1071 715 1125 in
747 1070 1044 1141 Origenicis
1090 1089 1125 1126 a
1151 1069 1356 1142 Ruﬁino
1397 1073 1762 1144 interpretatis

168 1170 417 1228 suspecta
444 1176 562 1216 esse
589 1162 792 1230 debere,
827 1180 946 1234 qua:
972 1181 1005 1218 α
1025 1165 1165 1219 notis
1198 1165 1277 1220 uel
1303 1167 1536 1220 auctoris
1569 1167 1759 1236 ipsius,

167 1253 247 1306 uel
268 1253 389 1321 ejus
420 1269 528 1323 quo
560 1255 690 1308 vixit
711 1255 896 1308 διεσαιὶ
921 1255 1136 1324 placitis
1166 1266 1324 1327 atque
1345 1257 1580 1311 moribus
1606 1257 1764 1312 ablu-

167 1344 342 1408 dunt;
375 1355 430 1398 et
474 1345 524 1398 si
557 1362 674 1414 qua:
709 1348 778 1400 iis
828 1365 1116 1418 congruere
1165 1349 1384 1402 aliunde
1428 1351 1666 1412 constet},
1699 1365 1764 1403 ea

165 1449 287 1486 vero
322 1435 409 1502 fas
440 1451 554 1488 esse
586 1452 684 1504 pro
711 1439 948 1490 auctoris
989 1439 1230 1507 genuinis
1262 1455 1565 1508 agnoscere.
1598 1437 1665 1492 Et
1693 1454 1761 1493 ex

169 1527 276 1582 bac
307 1529 431 1598 ipsa
464 1530 650 1600 regula
689 1547 755 1584 ea
789 1547 912 1600 qua:
939 1531 1202 1600 Origenes
1245 1531 1400 1586 allert
1431 1547 1532 1601 pro
1558 1548 1758 1595 amore,

168 1619 224 1672 in
273 1623 696 1678 commentariis
749 1623 805 1677 in
849 1622 1076 1679 Cantica
1129 1638 1230 1693 pro
1281 1623 1455 1692 ipsius
1509 1623 1762 1692 genuinis

167 1714 555 1784 agnoscimus,
587 1717 718 1786 quia
748 1718 818 1771 ab
852 1717 1027 1787 ipsius
1059 1716 1278 1786 placitis
1305 1731 1419 1770 non
1453 1716 1718 1770 abludunt
1743 1734 1762 1771 ε,

1865 530 1992 572 cum
2027 516 2118 582 sit,
2161 530 2268 569 non
2304 523 2390 570 est
2434 516 2503 569 ab
2533 513 2775 567 Eusebio
2818 514 3192 584 conscriptus,
3224 512 3341 580 sed,
3374 514 3453 566 uti

1864 608 2148 679 disputare
2193 607 2368 673 solet,
2416 608 2662 676 spurius,
2716 613 2772 659 et
2813 606 2890 659 ab
2924 606 3110 675 aliquo
3156 605 3454 674 impostore

1866 701 2167 756 emilictus.‘
2203 698 2296 754 Sic
2323 700 2469 753 enim
2514 698 2769 753 Gelasius
2801 698 3101 767 episcopus
3135 696 3454 763 Rmnanus,

1865 793 1922 848 in
1954 792 2208 857 concilio,
2235 791 2466 857 scilicet,
2502 790 2746 844 Historia
2773 790 2997 844 Eusebii
3027 789 3293 858 Pamphili
3328 805 3455 857 apo-

1857 885 2082 955 crypha.
2116 884 2224 940 Sed
2256 899 2423 954 quam
2459 883 2753 937 ridiculum
2790 883 2904 944 hoc
2937 891 3321 954 argumentum
3366 880 3456 934 hic

1865 975 2082 1044 fuisset,
2111 978 2246 1032 vidit
2271 977 2408 1048 ipse,
2437 988 2492 1032 et
2521 977 2816 1033 abstinuit-
2845 977 3144 1032 Videamus
3169 975 3356 1045 igitur,
3381 989 3454 1028 an

1866 1071 1974 1134 hoc
2005 1072 2154 1140 quod
2184 1082 2342 1141 urget
2371 1071 2438 1126 de
2467 1070 2691 1127 Eusebii
2723 1070 3182 1148 hallucinatione,
3207 1085 3272 1122 eo
3303 1066 3451 1138 quod

1856 1163 2054 1218 omisit
2102 1164 2178 1220 de.
2202 1165 2605 1235 suppositione,
2651 1173 2754 1218 aut
2800 1163 3014 1218 felicius
3047 1171 3140 1216 aut
3182 1160 3454 1216 verisimi-

1864 1255 1973 1308 lius
2003 1255 2094 1310 sit.

1937 1347 2079 1413 Quid
2121 1349 2174 1402 in
2199 1347 2645 1424 historiographis
2669 1349 2908 1416 inveniri
2943 1347 3171 1402 Eusebio
3206 1343 3452 1399 laudabi-

1864 1439 1969 1494 lius
2000 1442 2217 1510 potest?
2262 1441 2444 1495 aiebat
2494 1441 2626 1494 olim
2662 1427 2925 1512 Pelagius
2974 1439 3248 1496 secundus
3292 1455 3447 1508 papa.

1863 1531 1958 1588 llle
1974 1532 2192 1588 Gelasio
2208 1532 2480 1603 Cyziceno
2499 1531 2989 1605 φιλαληθέστατος,
3015 1533 3252 1586 veritatis
3267 1546 3423 1584 aman
3436 1559 3453 1568 -

1865 1626 2124 1690 tissimus,
2156 1635 2209 1679 et
2235 1625 2708 1691 ἀξιοπιστότατος,
2744 1626 2848 1694 ﬁde
2883 1626 3250 1696 dignissimus,
3278 1622 3449 1676 audit.

1864 1716 1960 1772 llle
2003 1732 2201 1788 magno
2240 1716 2450 1772 Basilio
2478 1716 2690 1790 dicitur
2716 1717 3026 1783 ἀξιόπιστος
3064 1715 3151 1767 διὰ
3193 1713 3452 1767 πολυπει-

164 1814 221 1858 et
265 1807 650 1861 testimonium
697 1799 892 1877 lgnatii
937 1809 1144 1878 pariter
1176 1808 1477 1876 genuinum
1515 1822 1761 1876 pronun-
1793 1797 1836 1855 Β
1866 1813 2008 1884 ρίαν,
2039 1812 2160 1867 ideo
2195 1813 2438 1866 maxime
2466 1811 2594 1878 βάν·
2610 1814 2825 1882 dignus,
2854 1812 2980 1880 quia
3011 1809 3269 1863 diuturna
3301 1823 3455 1879 expe-

167 1897 403 1960 tiamus,
439 1897 569 1966 quia
597 1913 665 1952 ex
697 1899 926 1953 homilia
979 1900 1035 1953 in
1079 1898 1287 1954 Lucam
1329 1913 1459 1953 eum
1505 1897 1758 1968 ejusdem

164 1989 435 2058 martyris
466 1991 845 2046 testimonium
875 1991 1194 2046 adhibuisse
1225 1992 1504 2046 novimus.

234 2077 307 2133 Et
339 2079 447 2134 fuit
476 2081 696 2151 quidem
729 2082 863 2136 olim
896 2098 1022 2138 cum
1061 2081 1296 2137 Dallaeus
1326 2083 1442 2152 ipse
1482 2083 1597 2137 hac
1636 2079 1762 2136 Oni-

162 2173 324 2241 genis
360 2174 682 2228 testimonia
732 2190 835 2244 pro
865 2173 1074 2244 lgnatio
1121 2174 1382 2244 reciperet
1432 2183 1598 2244 atque
1643 2189 1762 2229 am-

168 2265 533 2334 plecteretur,
577 2282 704 2320 cum
754 2270 873 2322 suis
914 2265 1218 2322 Catonibus
1261 2274 1554 2322 contentus
1579 2273 1758 2332 esset,

172 2371 276 2410 nec
304 2356 497 2413 adhuc
525 2357 580 2410 in
611 2358 744 2412 illud
771 2358 1072 2423 somnium,
1091 2358 1239 2428 quod
1264 2373 1438 2427 nuper
1463 2358 1758 2427 evulgavit,

165 2448 480 2505 incidisset.
507 2449 644 2505 Nam
667 2451 744 2504 De
758 2450 985 2520 jejuniis
1002 2460 1066 2504 et
1093 2449 1532 2518 Quadragesima,
1560 2449 1652 2502 lib.
1673 2463 1756 2515 tn,

164 2557 287 2612 cap.
322 2544 360 2598 4
387 2561 403 2596 :
434 2542 524 2597 Ex
560 2543 764 2615 Ignatii
785 2544 1048 2614 epistolis,
1079 2543 1280 2614 inquit,
1307 2541 1567 2596 nonnulla
1590 2542 1759 2596 citant

163 2646 364 2692 veteres
405 2638 555 2692 tertii
585 2639 870 2706 quartique
900 2637 1086 2692 διεσαιὶ
1129 2638 1435 2706 scriptores,
1469 2634 1718 2705 Origenes
1739 2675 1755 2700 ,

167 2727 436 2782 Eusebius
459 2767 476 2789 ,
526 2729 884 2792 Athanasius,
930 2727 1323 2798 Hieronymus,
1363 2726 1755 2792 Theodoretus,

165 2820 426 2875 Gelasius
458 2820 753 2875 Romanus.
786 2820 842 2875 Si
872 2820 1133 2891 Origenes
1156 2820 1302 2876 tertii
1325 2819 1534 2885 saeculi,
1560 2826 1615 2872 et
1635 2819 1761 2888 qui-

163 2911 286 2966 dem
338 2912 595 2968 nonlum
638 2912 812 2967 adulti
861 2913 1114 2982 scriptor,
1159 2911 1420 2966 nonnulla
1452 2925 1520 2964 ex
1564 2909 1758 2979 lgnatii

162 3003 419 3072 epistolis
434 3004 882 3070 citavit,-fatente
910 3004 1132 3069 Dallaeo,
1155 3019 1320 3073 quam
1348 3002 1618 3071 iniquum,
1647 3001 1757 3057 imo

161 3110 328 3163 quam
360 3095 665 3148 ridiculum
695 3103 812 3160 est,
852 3095 1214 3164 impostorem
1252 3107 1526 3162 quarere,
1555 3094 1647 3157 qui
1687 3095 1754 3148 ad

165 3186 329 3240 ﬁnem
361 3184 515 3239 tertii
549 3195 645 3240 aut
670 3184 890 3239 initium
917 3184 1101 3256 quarti
1129 3198 1224 3239 eas
1265 3183 1504 3254 primum
1541 3183 1758 3240 ﬁnxerit

164 3287 257 3331 aut
279 3277 675 3347 publicaverit.

766 3387 996 3444 CAPUT
1036 3387 1175 3443 VIII.

164 3480 390 3536 Eusebii
441 3483 743 3536 auctoritas
791 3482 1115 3552 defenditur.
1159 3481 1448 3547 Impostori
1478 3480 1756 3536 Dallazano

236 3569 343 3605 non
377 3554 758 3606 obstetricatus
801 3563 900 3606 est.
944 3553 1101 3608 Recte
1145 3552 1430 3622 Polycarpi
1460 3561 1510 3616 et
1561 3552 1756 3607 lrenwi

237 3624 559 3678 testimonia
612 3623 921 3692 applicavit.
983 3622 1229 3692 Origenis
1287 3623 1590 3676 testimonia
1651 3640 1754 3676 non

229 3696 526 3764 ignorarit.
560 3692 979 3764 S._Athanasius
1005 3695 1068 3746 ab
1101 3693 1332 3746 Eusebio
1367 3710 1473 3764 non
1500 3703 1578 3746 est
1607 3693 1758 3746 delu-

235 3761 351 3819 sus.
405 3763 592 3831 Neque
621 3762 893 3833 lgnatium
921 3781 980 3817 eo
1023 3764 1198 3828 modo,
1224 3779 1327 3833 quo
1367 3761 1668 3816 Salmasius
1705 3771 1757 3817 et

231 3834 576 3898 Blondellus,
608 3836 813 3890 citavit.
849 3833 1218 3888 Hammondus
1254 3834 1459 3903 frustra
1493 3843 1543 3888 et
1573 3835 1758 3888 inunc-

235 3907 342 3958 rito
371 3905 718 3974 suggillatur.

241 4018 528 4075 Hactenus
551 4034 582 4073 a
614 4019 772 4073 nobis
798 4018 962 4072 allata
988 4017 1304 4073 testimonia
1327 4018 1414 4073 vel
1439 4017 1650 4088 spuria,
1671 4017 1757 4072 vel

160 4115 358 4170 minus
388 4121 538 4168 recte
568 4112 865 4176 intellecta,
899 4119 954 4164 et
973 4109 1042 4164 ad
1065 4109 1326 4179 epistolas
1345 4110 1756 4165 contirmandas

159 4211 391 4262 detorta
439 4205 692 4274 queritur
733 4205 819 4258 vir
849 4203 1208 4259 doctissimus
1247 4223 1260 4259 :
1311 4204 1461 4275 quod
1507 4206 1757 4274 sequitur

162 4299 418 4365 Eusebii,
454 4299 556 4353 has
583 4299 968 4368 responsiones
997 4314 1107 4352 non
1150 4297 1374 4368 patitur.
1411 4297 1551 4353 Sunt
1581 4299 1650 4354 ab
1689 4315 1757 4358 eo

161 4392 311 4447 dicta
352 4391 500 4445 adeo
529 4390 675 4444 clara
709 4399 873 4460 atque
900 4391 1212 4460 perspicua,
1240 4392 1376 4446 adeo
1405 4391 1473 4445 ab
1495 4391 1755 4446 omnibus

1855 1904 2055 1958 .rientia
2085 1904 2140 1957 in
2168 1902 2405 1973 negotiis
2434 1902 2702 1958 Ecclesia
2727 1901 3220 1970 vetustissimisque
3255 1915 3454 1954 monu-

1861 1993 2063 2047 mentis
2091 1994 2516 2052 versatissimus
2547 1993 2669 2048 fuit.

1933 2083 2080 2140 Inter
2133 2086 2239 2140 alia
2295 2101 2421 2155 qua:
2452 2069 2534 2140 lin
2592 2086 2834 2140 Historia
2888 2085 3250 2140 ecclesiastica
3299 2071 3456 2139 com--

1861 2177 2055 2246 plexus
2087 2184 2187 2241 est,
2218 2179 2435 2246 proposi
2455 2185 2569 2232 lum
2600 2179 2648 2232 ei
2685 2177 2807 2242 fuit,
2844 2177 2937 2246 qui
2967 2175 3087 2230 libri
3120 2176 3189 2230 ab
3213 2174 3458 2243 antiquis

1861 2268 2047 2338 scripti
2074 2266 2292 2322 fuerant
2317 2283 2419 2322 ena
2445 2285 2611 2337 rrare,
2633 2270 2770 2333 ὅσοι,
2797 2277 2855 2323 ιιι
2879 2269 2994 2338 ipse
3020 2267 3289 2338 loquitur,
3314 2265 3458 2320 κατὰ

1859 2359 2051 2428 γενεὰν
2092 2360 2330 2430 ἑκάστην
2362 2361 2465 2435 δι).
2498 2360 2948 2434 συγγραμμάτων
2990 2360 3082 2415 τὸν
3115 2358 3257 2412 θεῖον
3291 2351 3457 2429 Eripe?

1862 2450 2095 2504 σὸευσαν
2139 2450 2317 2520 λόγον,
2365 2463 2712 2524 quotcunque
2763 2469 2966 2522 quoque
3006 2450 3201 2506 sceculo
3242 2449 3456 2518 scriptis

1859 2542 1971 2596 suis
2023 2541 2341 2612 theologiam
2383 2523 2762 2598 (incoluerant.
2810 2544 3116 2613 Antequam
3169 2543 3276 2596 hoc
3320 2557 3460 2610 opus

1860 2633 2246 2702 aggrederetur
2289 2625 2425 2690 era';
2455 2636 2522 2690 ad
2571 2636 2726 2690 illum
2775 2633 3162 2704 perliciendum
3219 2633 3458 2687 maxime

1861 2725 2092 2780 idoneus
2123 2726 2376 2795 paratissi
2401 2742 2658 2796 musque.
2698 2727 2937 2782 Plurima
2986 2727 3100 2797 jam
3134 2734 3262 2780 ante
3306 2724 3459 2779 volu-

1861 2817 2011 2870 mina
2045 2819 2485 2898 perscripsciuit,
2531 2820 2732 2888 quibus
2761 2820 2998 2874 ostendit
3031 2819 3238 2872 variam
3271 2817 3458 2872 lectio-

1860 2926 2011 2975 nem,
2041 2919 2097 2964 et
2126 2912 2180 2964 in
2223 2913 2394 2968 omnii
2425 2913 2612 2966 Graeca
2652 2914 2959 2966 litteratura
2991 2914 3287 2966 maximam
3319 2911 3434 2980 peri

1861 3003 2015 3067 tiam,
2057 3012 2119 3057 ut
2145 3004 2238 3074 qui
2267 3004 2401 3074 jam-
2433 3015 2596 3072 esset,
2629 3015 2765 3060 teste
2793 3006 3120 3070 Sozomeno,
3147 3003 3458 3074 πολυμαθέ-

1863 3114 2056 3161 στατος
2100 3097 2304 3169 ἵστωρ,
2338 3091 2504 3152 tanta
2558 3114 2742 3152 rerum
2792 3099 3039 3151 omnium
3092 3098 3320 3152 scientia
3376 3099 3457 3151 in-

1861 3197 2107 3244 structus
2151 3187 2220 3243 ad
2256 3189 2396 3243 histe
2421 3188 2560 3243 riam
2596 3187 3048 3242 conscribendam
3087 3188 3329 3240 animum
3361 3203 3457 3257 ap-

1857 3281 2017 3350 pulit.
2073 3280 2175 3334 Diu
2219 3282 2470 3352 anteh.ic
2516 3297 2640 3335 eum
2692 3279 2981 3349 Pamphilo
3024 3279 3458 3334 familiarissime

1856 3374 2090 3438 vixerat,
2143 3372 2237 3443 qui
2275 3363 2612 3443 praeclaram
2661 3371 3164 3428 ecclesiastieorum
3217 3372 3454 3440 scripto-

1858 3480 1980 3519 rum
2019 3465 2430 3521 bibliothecami
2460 3465 2797 3518 instruxerat
2824 3482 2837 3516 :
2866 3463 2992 3516 huic
3016 3462 3261 3532 quotidie
3289 3461 3459 3516 inter--

1859 3556 1984 3623 fuit,
2015 3558 2159 3611 hanc
2183 3539 2704 3630 assidueiversavit,
2729 3556 2896 3624 hujus
2917 3555 3182 3608 librorum
3208 3552 3457 3608 on'mium

1858 3649 2160 3704 iudiculum
2190 3648 2380 3702 confec
2407 3657 2462 3722 tt.
2496 3647 2642 3703 Usus
2677 3647 2942 3701 estctiam
2975 3645 3302 3700 biblimbera
3327 3644 3458 3700 Hie-

1857 3738 2273 3812 rosolymitana,
2289 3755 2387 3809 qur
2403 3756 2473 3817 nn
2498 3740 2646 3794 illius
2670 3739 2823 3794 urbis
2846 3738 3139 3808 episcopus
3155 3737 3459 3792 Alexander

1856 3833 2064 3888 exstrui
2096 3839 2434 3899 curaverat.;
2464 3831 2518 3885 in
2544 3848 2653 3902 qua
2684 3841 2879 3902 praeter
2897 3831 3310 3900 reliqua.etiam
3336 3831 3457 3900 epi-

1858 3926 2034 3992 stolzn,
2069 3940 2208 3995 quas
2241 3923 2338 3977 viri
2391 3924 2746 3981 ecclesiastici
2777 3924 2831 3977 in
2862 3924 3164 3978 tractandis
3200 3922 3458 4002 Ecclesia:

1860 4021 2098 4091 negotiis
2134 4019 2203 4074 ad
2254 4033 2313 4072 se
2348 4018 2600 4078 i.nvicem
2634 4019 2920 4084 dederant,
2963 4021 3452 4075 conservabantur.

1857 4111 1933 4168 lta
1967 4113 2205 4182 denique
2232 4111 2411 4168 libr'is
2443 4111 2663 4181 scriptis
2689 4112 2904 4166 deditus
2936 4121 3074 4174 erat,
3102 4111 3350 4181 adeoque
3375 4113 3456 4167 le-

1855 4205 2032 4260 liciter
2077 4205 2131 4258 in
2184 4203 2252 4257 iis
2285 4213 2574 4269 vrsrsatus,
2627 4212 2687 4258 ut
2718 4203 3011 4272 imperator
3058 4203 3454 4262 Constantinus

1856 4297 2349 4366 Constantinopoli
2384 4298 2689 4352 Caesaream
2743 4297 3028 4361 scriberet,
3066 4296 3226 4366 eique
3278 4297 3455 4366 potis-

1857 4391 2059 4444 simum
2093 4390 2148 4443 in
2174 4404 2282 4443 mal
2303 4390 2474 4449 idatis
2491 4390 2668 4452 daret,
2703 4398 2761 4442 ut
2785 4389 3180 4459 quinquaginta
3213 4387 3270 4443 S.
3301 4388 3454 4444 Scri-

162 4491 425 4553 recepta;
467 4481 717 4550 epistolae
761 4497 902 4550 quas
941 4497 1045 4536 nos
1097 4484 1386 4548 habemus,
1432 4493 1541 4537 tam
1586 4482 1752 4538 certis
1783 4490 1828 4544 1)
1858 4488 2031 4549 pturae
2059 4477 2284 4534 codices
2323 4479 2380 4533 in
2417 4479 2753 4534 membranis
2797 4479 3247 4534 artiticiosissime
3285 4479 3453 4558 scribi

163 4575 395 4631 indiciis
426 4583 696 4645 apparent
734 4575 936 4629 eaedem
970 4576 1199 4630 omnino
1239 4591 1361 4631 esse
1389 4591 1527 4645 quas
1565 4575 1756 4629 habuit

161 4666 466 4731 Eusebius,
521 4676 582 4721 ut
633 4667 755 4736 ejus
803 4666 1178 4722 testimonium
1221 4667 1401 4737 (quod
1450 4668 1520 4720 ad
1570 4667 1753 4737 priora

162 4761 274 4815 duo
303 4759 598 4831 Polycarpi
629 4768 794 4829 atque
824 4757 1011 4815 Irenaei
1061 4761 1228 4815 etiam
1269 4759 1618 4826 extenditur)
1655 4775 1756 4815 nec

163 4869 263 4921 pro
296 4851 520 4922 spurio,
564 4866 667 4906 nec
714 4867 814 4920 pro
847 4853 991 4907 male
1021 4853 1293 4922 applicato
1339 4853 1530 4907 haberi
1560 4852 1750 4922 possit.

163 4946 287 5013 Quo
340 4946 514 5016 igitur
559 4960 709 5001 nunc
742 4960 804 5000 se
852 4946 1014 5000 vertit
1045 4945 1317 5002 Dallteus?
1361 4947 1429 5001 ad
1479 4947 1558 5010 id,
1606 4947 1755 5016 quod

164 5056 343 5095 unum
384 5039 652 5109 restabat,
685 5039 936 5110 confugit
971 5059 990 5093 ς
1029 5040 1264 5104 scilicet,
1312 5039 1608 5096 Eusebium
1659 5040 1756 5095 de-

162 5145 392 5203 ceptum
441 5129 649 5199 fuisse;
693 5133 841 5187 bono
887 5131 1011 5188 viro
1057 5133 1126 5187 ab
1171 5132 1474 5202 impostore
1529 5134 1752 5188 illusum

163 5238 323 5289 esse;
389 5238 610 5278 errasse
650 5224 930 5278 hominem
982 5233 1177 5279 cretera
1238 5225 1752 5295 diligentissimum,

163 5314 312 5383 quod
350 5314 656 5369 humanum
689 5325 793 5380 est,
820 5323 876 5372 et
912 5316 966 5370 in
998 5317 1252 5372 eumdem
1284 5333 1526 5372 errorem
1559 5330 1752 5372 aucto-

166 5407 332 5462 ritate
357 5420 665 5476 sua,quam
694 5406 884 5461 habuit
914 5407 972 5461 in
998 5407 1196 5462 litteris
1227 5408 1550 5474 maximam,
1575 5407 1754 5477 primo

166 5493 557 5559 Athanasium,
584 5494 710 5548 dein
739 5502 915 5549 totum
946 5497 1129 5550 orbem
1162 5496 1464 5552 induxisse.

233 5585 409 5639 Miror
430 5583 684 5652 equidem
710 5585 759 5638 ei
783 5584 839 5639 in
877 5596 1112 5640 mentem
1154 5603 1261 5648 non
1293 5589 1544 5654 venisse,
1587 5590 1751 5645 etiam

169 5679 221 5732 in
249 5679 359 5734 hoc
387 5677 612 5746 negotio
634 5693 702 5732 eo
728 5691 1054 5748 argumento
1079 5682 1182 5749 uti,
1210 5681 1300 5736 cui
1334 5697 1477 5752 saepe
1506 5684 1634 5738 alibi
1664 5684 1750 5738 in-

173 5771 339 5827 beret
387 5784 400 5819 z
437 5783 636 5840 nempe
667 5771 870 5828 librum
915 5771 1160 5840 Eusebii,
1199 5775 1342 5830 unde
1372 5776 1750 5834 testimonium

1857 4577 2097 4637 curaret,
2128 4576 2183 4624 et
2210 4570 2280 4625 ad
2325 4568 2527 4624 Urbem
2563 4571 2767 4642 regiam
2798 4571 2923 4625 inde
2951 4572 3210 4626 mitteret.

1927 4658 2047 4714 Jam
2075 4675 2206 4715 vero
2253 4675 2342 4716 az]
2380 4661 2677 4716 verisimile
2708 4670 2793 4716 est
2826 4671 3147 4716 veteranum
3185 4661 3457 4719 librorum

1856 4753 2191 4820 belluonem,
2223 4753 2303 4806 int
2327 4767 2381 4810 er
2414 4753 2761 4808 membranas
2788 4753 3113 4822 chartasque
3141 4762 3352 4809 veteres
3372 4739 3454 4809 vi-

1855 4854 1966 4899 tam
2017 4853 2304 4911 terentem,
2358 4853 2442 4899 tot
2492 4845 2842 4913 antiquorum
2888 4844 3169 4900 volumina
3208 4846 3459 4915 quotidie

1856 4946 1952 4992 aut
1979 4937 2422 5003 describentem,
2455 4945 2550 4991 aut
2589 4936 2966 5001 deflorantem,
2999 4947 3110 4992 tam
3142 4936 3302 4992 facile
3345 4939 3452 4992 im-

1855 5033 2094 5103 postoris
2139 5034 2244 5088 arti
2277 5033 2609 5103 expositum
2662 5031 2852 5098 fuisse,
2898 5042 2953 5088 et
2981 5033 3291 5090 adulterino
3321 5034 3454 5089 fetui

1856 5127 2273 5182 obstetricatum
2304 5128 2478 5184 μεεεῖ
2523 5127 2605 5180 An
2639 5136 2852 5182 tantum
2887 5127 3065 5181 virum
3101 5137 3292 5195 putare
3330 5143 3457 5197 pos-

1856 5236 2052 5275 sumus
2088 5220 2315 5292 ἕρμαιον
2351 5220 2474 5273 ,τῶν
2503 5219 2572 5274 τὰ
2597 5220 2821 5274 τοιαῦτα
2860 5218 3298 5289 ἐπιψευδομένων
3341 5221 3458 5283 τοῖς

1857 5313 2101 5385 βιϐλίοις,
2137 5315 2230 5368 καὶ
2258 5313 2323 5384 θη
2351 5313 2552 5386 σαυρὸν
2577 5314 2792 5384 ἕτοιμον
2823 5315 2936 5376 τοῖς
2961 5312 3226 5382 καπήλοις
3251 5309 3454 5374 αὐτῶν,

1860 5408 2071 5460 lucrum
2113 5422 2295 5460 eorum
2351 5407 2443 5478 qui
2487 5405 2652 5476 falsos
2685 5405 2868 5460 titulos
2905 5404 3056 5459 libris
3079 5403 3367 5472 imponere,
3400 5411 3454 5459 α

1857 5500 2162 5553 thesaurum
2197 5497 2310 5552 illis
2381 5507 2743 5567 pra’paratnm
2790 5498 2880 5568 qui
2915 5495 3125 5551 eosdem
3154 5496 3454 5550 venundare

1854 5590 2103 5654 solerent,
2137 5599 2196 5644 ut
2235 5589 2303 5645 de
2355 5589 2579 5646 indocto
2609 5603 2712 5644 suo
2748 5589 2992 5658 loquitur
3021 5588 3333 5642 Lucianus?
3361 5585 3454 5640 Ni-

1856 5685 2002 5738 hilne
2025 5685 2080 5738 in
2112 5685 2312 5739 membr
2350 5683 2492 5749 auis,
2525 5683 2660 5736 nihil
2691 5682 2744 5735 in
2777 5682 3092 5751 scriptione,
3121 5681 3265 5750 quod
3293 5680 3452 5733 novi-

1856 5786 2017 5832 tatem
2050 5776 2233 5846 operis
2268 5777 2318 5831 dt
2353 5783 2586 5846 tegeret,
2623 5775 2858 5844 reperire
2889 5775 3067 5845 potuit
3098 5773 3178 5828 vir
3205 5773 3257 5827 in
3287 5773 3451 5830 rebus
