3878 6210
465 236 570 296 ιω

1477 243 1536 298 S.
1581 241 1931 303 IGNATIbS.
1971 271 2041 285 --
2089 243 2634 304 PROLEGOMENA.

3660 245 3755 300 138

464 361 786 433 hujusmodi
804 364 1309 422 exercitatissimus
1333 367 1875 438 sagacissimusque?
1896 367 2063 436 Quid—
2090 375 2140 432 Α
2169 369 2331 425 verit.
2364 368 2514 424 Libri
2541 367 2636 439 qui
2670 382 2818 424 nunc
2849 369 2905 423 in
2936 366 3165 425 dubium
3189 377 3478 437 vocantur,
3510 376 3610 424 aut
3630 369 3753 425 olim

460 454 515 508 ni
552 454 794 525 aliquam
821 456 1202 528 antiquitatem
1249 459 1610 528 epistolarum
1645 475 1712 514 ex
1750 459 1872 529 ipso
1919 460 2067 517 libro

457 548 916 618 deprehenderit,
959 552 1050 607 vel
1081 567 1148 607 eo
1193 552 1361 610 modo
1391 569 1504 624 quo
1533 553 1934 624 imperitissimi
1977 570 2071 610 so-

457 639 592 703 lent,
625 639 702 711 τῷ
721 641 1134 715 διαϐεϐρῶσθαι
1165 643 1261 698 καὶ
1281 643 1640 715 διακεκόφθαι
1670 646 1814 699 αὐτὰ
1833 663 2068 718 τεκμαι-

459 729 710 800 ρόμενος,
747 733 844 786 καὶ
884 734 1230 806 συμϐούλους
1255 736 1386 800 τοὺς
1419 735 1550 800 σέας
1582 737 1712 810 περὶ
1737 737 1838 809 τὴν
1879 737 2067 803 ἐξέτα-

457 839 543 875 σιν
589 823 1039 896 παραλαμϐάνων
1061 867 1076 892 ,
1115 827 1384 908 indicium.
1415 845 1625 883 sumens
1666 831 1805 900 quod
1842 847 2066 889 comesse

452 929 502 974 et
535 921 778 975 contrita:
807 931 1053 989 essent,et
1085 922 1259 979 tineas
1288 923 1358 976 ad
1389 939 1506 978 eam
1532 940 1644 978 rem
1675 927 2061 996 explorandam

453 1014 508 1068 in
537 1014 824 1069 consilium
856 1014 1137 1070 adhibens.
1186 1013 1450 1071 Ducentis
1479 1025 1605 1087 post
1647 1017 1916 1088 lgnatium
1961 1035 2063 1075 an-

453 1105 541 1161 nis
573 1107 837 1177 epistolas
869 1109 1169 1196 prodiisse,
1223 1108 1338 1162 imo
1367 1125 1494 1163 cum
1535 1110 1652 1180 jam
1678 1111 1746 1166 de
1784 1112 2058 1168 Constan-

454 1197 557 1252 tini
601 1198 686 1252 vel
723 1199 898 1269 patris
927 1199 1050 1270 ejus
1081 1199 1522 1256 Cbristianismo
1553 1201 1699 1257 fama
1745 1219 1937 1274 sparsa
1969 1220 2058 1260 cs-

449 1304 555 1364 set,
594 1296 830 1365 scriptas
858 1297 1098 1365 primum
1134 1295 1313 1352 fuisse
1344 1297 1464 1352 vult
1496 1296 1754 1354 Dallmus.
1793 1296 1926 1351 Erat
1955 1313 2056 1352 au-

2176 460 2356 514 vocati
2388 466 2540 527 sunt,
2575 459 2958 515 testimonium
2981 461 3101 531 ejus
3130 475 3241 515 non
3263 460 3486 516 habent.
3526 458 3756 517 Ostende

2175 553 2311 608 mihi
2335 553 2553 624 lapsum
2584 552 2810 610 Eusebii
2837 554 2894 609 in
2922 553 3108 625 aliquo
3139 553 3247 609 alio
3275 569 3458 624 opere,
3483 562 3546 609 ut
3570 554 3638 610 de
3658 554 3754 609 hoc

2172 644 2394 701 credam
2416 650 2431 700 l

2229 736 2581 808 Diligentiam
2598 745 2781 793 autem
2801 746 2856 792 et
2874 737 3216 792 attentionem
3234 735 3452 794 Eusebii
3469 738 3754 809 requirunt

2165 831 2469 888 adversarii
2501 831 2557 886 in
2589 830 2910 886 testimonio
2933 827 3116 885 Irenazi
3146 829 3458 898 ali'erendo;
3485 846 3590 902 ego
3624 847 3752 887 vero

2167 938 2290 978 eam
2321 923 2649 979 laudandam
2677 932 2831 992 puto,
2862 922 3008 992 quod
3044 937 3267 976 auream
3311 923 3658 991 sententiam,
3695 923 3748 978 in

2163 1013 2358 1087 lgnatii
2385 1016 2621 1087 epistola
2645 1023 2976 1084 exstantem,
2998 1016 3142 1086 apud
3168 1015 3432 1072 Irenaeum
3455 1018 3744 1083 invenerit,

2161 1107 2576 1173 observaverit,
2611 1107 2912 1174 notaverit,
2958 1108 3337 1178 applicaverit.
3389 1109 3494 1167 Sed
3535 1129 3671 1166 vana
3697 1123 3746 1167 et

2160 1199 2316 1253 inani
2345 1202 2519 1270 specie
2561 1200 2778 1255 delusus
2809 1200 3060 1270 epistolas
3111 1200 3381 1256 Irenaeum
3421 1219 3626 1274 quoque
3666 1207 3744 1258 vi-

2157 1290 2318 1356 disse,
2352 1301 2401 1345 et
2431 1292 2643 1361 quidem
2672 1292 2834 1346 etiam
2861 1291 3023 1364 (quod
3054 1311 3182 1348 sane
3233 1296 3465 1350 crassius
3495 1306 3572 1351 est
3599 1309 3646 1352 et
3669 1299 3744 1352 in-

449 1397 556 1442 tem
609 1397 740 1442 tunc
793 1390 1055 1458 temporis
1099 1389 1290 1460 plures
1343 1405 1510 1460 quam
1551 1389 1623 1444 40
1664 1405 1839 1445 annos
1889 1399 2052 1445 natus
2153 1384 2556 1454 cxcusabilius)
2587 1401 2906 1439 memorasse
2955 1386 3280 1457 imaginatus
3310 1399 3408 1443 est.
3440 1387 3596 1445 Unde
3638 1407 3739 1445 au-

448 1479 743 1536 Euscbius.
774 1478 968 1536 Nonne
994 1481 1278 1536 credimus
1301 1496 1451 1548 eum,
1475 1496 1602 1536 eum
1636 1480 1778 1536 forte
1805 1480 1859 1534 in
1883 1481 2048 1535 talem
2152 1487 2261 1533 tem
2290 1479 2396 1534 hoc
2445 1486 2671 1548 apparet
2701 1487 2902 1534 caetera
2927 1479 3410 1549 diligentissimum
3438 1484 3740 1540 oculatissi-

444 1573 800 1644 epistolarum
849 1574 1095 1629 codicem
1129 1571 1423 1637 incideret,
1477 1573 1546 1628 ad
1579 1573 1823 1644 primum
1851 1589 2044 1628 earum
2149 1585 2415 1640 mumque
2444 1570 2520 1626 ita
2554 1570 2732 1628 fuisse
2763 1572 3060 1628 delusum?
3095 1570 3243 1626 Vidit
3271 1573 3543 1630 Eusebius
3571 1576 3738 1630 multa

445 1668 731 1735 intuitum,
764 1669 1144 1733 cohorruisse,
1174 1681 1319 1738 quas
1351 1682 1453 1722 nec
1476 1666 1534 1723 in
1567 1666 1838 1737 Pamphili
1867 1665 2046 1721 Caesa-

442 1774 573 1825 reae,
603 1776 703 1817 nec
731 1760 1029 1816 Alexandri
1057 1741 1464 1832 Hierosolymis
1495 1759 1834 1815 bibliotheca
1870 1758 2042 1814 vidis-

441 1864 547 1921 set,
575 1865 629 1910 et
656 1855 724 1910 de
747 1854 952 1925 quibus
980 1869 1050 1909 ne
1080 1852 1246 1908 fando
1271 1853 1500 1924 quidem
1535 1861 1662 1908 ante
1691 1853 1798 1908 hoc
1827 1861 2041 1923 tempus

440 1947 614 2003 fuisse
650 1963 745 2003 eas
775 1948 830 2002 in
863 1947 1097 2002 aliorum
1133 1946 1392 2003 manibus
1433 1944 1779 2003 audivisset?
1819 1943 2040 2015 Optime

438 2051 585 2098 certe
631 2040 720 2096 ille
765 2042 881 2110 jam
934 2039 1419 2112 quadragenarius
1479 2039 1655 2106 novit,
1700 2055 1867 2109 quam
1913 2038 2038 2093 libri

437 2134 626 2204 scripti
660 2143 876 2189 :rtatem
923 2131 1158 2198 ferrent;
1195 2141 1334 2204 quot
1363 2131 1550 2186 modis
1593 2133 1810 2186 novitas
1837 2131 2036 2200 prode-

435 2235 613 2293 retur,
647 2242 757 2280 non
790 2226 1084 2297 ignoravit.
1133 2223 1296 2279 Nullo
1327 2224 1502 2295 igitur
1543 2223 1708 2278 modo
1737 2223 2036 2278 verisimile

429 2331 539 2388 est,
571 2318 807 2374 Eusebio
837 2317 1082 2390 vigilanti
1114 2327 1227 2372 tam
1265 2317 1430 2372 facile
1474 2317 1640 2371 simul
1668 2325 1723 2370 et
1754 2324 1864 2370 tam
1891 2315 2035 2371 foede

437 2411 759 2480 impositum
811 2408 1008 2466 fuisse.
1038 2409 1197 2477 Quod
1232 2411 1278 2464 si
1312 2408 1498 2479 prima
1547 2405 1688 2462 facie
1730 2407 2034 2478 impostura

433 2503 483 2559 ei
511 2521 618 2560 non
649 2504 1009 2570 suboluisset,
1056 2512 1242 2559 tamen
1289 2519 1416 2560 cum
1451 2511 1565 2559 tam
1599 2503 1891 2575 diligenter
1915 2505 2034 2574 epi-

431 2603 603 2652 stolas
635 2597 923 2664 evolverit,
955 2613 1082 2653 cum
1129 2596 1343 2669 singula
1375 2595 1770 2668 episcoporum
1803 2595 2031 2654 nomina

432 2688 827 2755 numeraverit,
880 2705 1006 2744 cum
1062 2689 1334 2744 notaverit
1386 2688 1579 2743 omnia
1642 2689 1859 2746 itineris
1910 2705 2029 2746 mo—

431 2792 638 2847 menta,
673 2797 799 2837 cum
833 2781 1188 2836 traditionem
1243 2780 1570 2851 apostolicae
1619 2781 1887 2838 doctrinm
1930 2783 2029 2838 οδε

429 2875 758 2942 servaverit,
787 2890 912 2930 cum
959 2876 1198 2932 hereses
1228 2875 1506 2933 refutatas
1540 2876 2024 2945 animadverterit,

426 2981 551 3020 cum
586 2974 665 3020 tot
690 2981 754 3020 ex
780 2965 888 3020 illis
911 2968 1210 3021 sententias
1233 2966 1614 3037 exscripserit,
1647 2984 1772 3024 cum
1799 2971 1851 3024 in
1874 2971 2026 3026 nullo

2147 1662 2338 1718 lrenaei
2370 1664 2596 1735 scripta,
2619 1680 2744 1736 quae
2763 1666 2877 1736 jam
2902 1667 3202 1737 perierunt,
3231 1683 3352 1737 quae
3372 1679 3426 1722 et
3450 1669 3567 1738 ipse
3589 1684 3738 1724 com-

2146 1764 2417 1810 memorat
2436 1756 2532 1810 lib.
2562 1772 2616 1818 v,
2653 1772 2774 1827 cap.
2801 1757 2894 1824 26,
2923 1767 2980 1812 et
3009 1757 3195 1812 καὶτὰ
3227 1758 3328 1829 μὲν
3350 1761 3429 1822 εἰς
3459 1760 3738 1832 ἡμετέραν

2145 1845 2374 1901 ἐλθόντα
2400 1847 2608 1916 γνῶσιν
2635 1848 2730 1902 τοῦ
2781 1849 3070 1920 Εἰρηναίου
3122 1849 3382 1915 τοσαῦτα,
3425 1863 3584 1922 atque
3626 1853 3738 1907 hac

2142 1948 2267 1990 sunt
2314 1953 2432 2008 qua:
2479 1953 2544 1992 ea:
2595 1937 2790 1993 Irenazi
2835 1940 3050 2008 scriptis
3086 1939 3155 1992 ad
3202 1950 3442 1993 nostram
3488 1943 3733 1995 notitiam

2141 2040 2509 2099 peruenerunt,
2547 2030 2750 2100 inquit.
2787 2029 2864 2084 Ex
2902 2031 2986 2086 his
3013 2031 3217 2087 vidisse
3243 2048 3366 2086 eum
3397 2031 3588 2104 lgnatii
3616 2035 3704 2104 epi
3730 2064 3736 2073 ι

2141 2121 2315 2177 stolas
2351 2121 2555 2178 certior
2571 2122 2689 2176 ﬁeri
2719 2122 2930 2191 potuit;
2966 2123 3079 2176 imo
3095 2138 3162 2176 ex
3179 2123 3269 2178 illa
3298 2122 3415 2193 ipsa
3438 2125 3734 2188 sententia,

2139 2229 2308 2285 quam
2353 2214 2604 2280 adduxit,
2634 2213 2840 2271 vidisse
2869 2214 3042 2281 novit,
3066 2215 3196 2284 quia
3224 2229 3345 2269 eam
3373 2230 3442 2269 ex
3465 2215 3586 2286 ejus
3613 2215 3732 2286 epi-

2139 2309 2282 2363 stola
2327 2308 2756 2378 transcripserat
2784 2306 3044 2364 lrenzeus.
3073 2305 3211 2362 Nam
3249 2308 3398 2378 quod
3423 2309 3569 2379 apud
3603 2326 3734 2366 eum

2137 2399 2343 2454 dixisse
2371 2408 2588 2454 tantum
2618 2408 2940 2472 martyrem,
2969 2416 3082 2454 non
3112 2408 3298 2455 autem
3343 2401 3624 2471 scripsisse
3661 2403 3736 2458 le-

2136 2505 2354 2560 gamus,
2377 2490 2542 2561 plane
2570 2491 2728 2546 nihili
2755 2499 2841 2546 est
2870 2510 2883 2546 :
2923 2507 3026 2547 nos
3047 2491 3194 2547 enim
3223 2499 3352 2547 ante
3383 2493 3736 2550 ostendimus

2134 2599 2417 2655 numquam
2451 2585 2608 2640 aliter
2647 2584 2914 2640 Irenaeum
2947 2584 3017 2640 de
3065 2585 3352 2640 sententiis
3395 2585 3615 2654 scriptis
3651 2586 3735 2642 loc

2133 2686 2322 2732 cutum
2350 2693 2494 2733 esse.
2533 2679 2604 2734 At
2633 2679 2826 2735 habuit
2854 2693 2919 2733 ea:
2960 2679 3108 2732 Actis
3140 2676 3414 2749 Ignatiani
3443 2681 3730 2749 martyris.

2131 2771 2209 2826 lta
2240 2780 2388 2828 certe
2409 2771 2684 2828 Parkerus
2709 2791 2724 2828 :
2753 2771 3052 2843 Collegerat
3080 2772 3199 2842 quis
3224 2772 3363 2842 forte
3388 2772 3535 2826 dicta
3559 2771 3733 2844 Igna-

2131 2864 2194 2918 tii
2233 2873 2355 2918 ante
2385 2873 2590 2935 tempus
2633 2863 2872 2933 Eusebii,
2905 2881 3069 2936 eaque
3109 2865 3165 2919 in
3196 2865 3433 2936 formam
3467 2867 3731 2937 epistola-

2129 2975 2249 3014 rum
2272 2961 2489 3031 redegit.
2518 2961 2624 3017 Sed
2651 2962 3044 3033 antiquissima
3071 2961 3206 3017 Acta
3237 2979 3362 3034 qua:
3389 2972 3524 3020 tunc
3549 2969 3728 3022 exsti-

426 3072 674 3126 unqnam
727 3067 954 3113 auctore
1003 3057 1375 3113 examinanda
1431 3073 1624 3130 parem
1691 3061 2025 3132 diligentiam
2056 3080 2102 3141 ϐ
2135 3061 2343 3119 terunt,
2369 3068 2472 3108 nec
2493 3069 2614 3108 eam
2641 3069 2826 3124 neque
2852 3054 3091 3111 similem
3117 3055 3358 3124 aliquam
3390 3057 3728 3112 sententiam

426 3148 774 3216 adhibuerit;
817 3164 888 3204 an
929 3149 1045 3204 ﬁeri
1083 3165 1247 3219 posse
1288 3160 1414 3221 puta
1433 3167 1574 3219 mus,
1602 3159 1680 3220 ut,
1719 3153 1766 3208 si
1797 3163 1878 3209 tot
1912 3155 2025 3211 sint

425 3242 480 3297 in
514 3241 584 3298 iis
618 3242 823 3312 scripta
856 3258 982 3312 qum
1015 3241 1177 3297 ﬁdem
1209 3251 1526 3313 temporum
1571 3245 1863 3302 manifeste
1891 3263 2023 3303 con—

425 3335 652 3402 vellunt,
684 3351 808 3405 quae
835 3351 866 3390 a
897 3351 1154 3390 sermone
1183 3337 1493 3405 apostolico
1525 3346 1579 3392 et
1612 3337 1858 3394 virorum
1889 3356 2022 3410 apo-

423 3428 744 3484 stolicorum
777 3428 952 3498 plane
983 3428 1342 3495 dissentiunt,
1373 3444 1503 3500 quae
1534 3446 1564 3484 a
1596 3431 1886 3498 modestia,
1923 3433 2021 3488 do-

420 3522 621 3588 ctrina,
655 3522 972 3586 veracitate,
1004 3523 1295 3593 prudentia
1328 3527 1593 3595 martyris
1621 3524 1782 3596 longe
1811 3527 2018 3581 abhor-

423 3621 565 3678 rent,
597 3629 720 3682 qute
763 3630 861 3684 per
901 3630 960 3670 se
1001 3617 1264 3683 absurda,
1301 3616 1583 3685 affectata,
1628 3618 1812 3689 inepta
1841 3629 1894 3675 et
1918 3637 2020 3691 pu-

423 3705 536 3760 tida
566 3705 698 3772 sint,
727 3707 843 3762 haec
871 3708 1057 3762 omnia
1089 3707 1362 3766 Eusebius
1392 3713 1585 3766 statim
1615 3723 2014 3783 concoqueret,

419 3811 522 3866 pro
572 3812 699 3853 vere
739 3797 1038 3869 lgnatianis
1077 3801 1367 3872 arriperet,
1408 3811 1468 3858 et
1496 3803 1788 3861 aiternitati
1821 3821 2018 3863 conse-

418 3890 635 3945 craret?

848 3962 1219 4036 _Credat
1241 3963 1472 4036 (indatur
1503 3965 1712 4036 Apella.

949 4033 1211 4105 (Housm,
1245 4035 1363 4091 Sat.
1403 4053 1443 4105 ι,
1481 4033 1721 4112 ν,“105.)

489 4143 595 4201 Sed
619 4147 703 4202 vir
729 4147 1089 4206 doctissimus
1113 4151 1369 4206 observat
1390 4152 1506 4207 alia
1536 4155 1681 4225 apud
1707 4153 2009 4213 Eusebium

414 4239 717 4309 sphalmala
743 4258 880 4309 esse,
910 4243 1008 4298 hoc
1045 4260 1378 4315 nequaquam
1397 4243 1620 4315 leviora,
1647 4264 1887 4318 quorum
1929 4263 2010 4307 ta-

414 4347 539 4386 men
581 4334 900 4391 meminisse
951 4337 1127 4404 nolit;
1171 4345 1234 4392 ut
1263 4337 1412 4405 hinc,
1447 4339 1682 4407 scilicet,
1714 4342 2007 4400 credamus

2133 3146 2394 3217 martyris
2424 3146 2704 3202 exhibent.
2741 3145 3055 3202 Posteriora
3092 3147 3277 3202 omnia
3321 3147 3414 3218 diu
3440 3155 3568 3218 post
3611 3148 3729 3204 ire-

2127 3253 2330 3305 naaum,
2357 3239 2452 3294 diu
2483 3248 2611 3310 post
2639 3237 2937 3295 Eusebium
2971 3239 3284 3310 conscripta
3329 3247 3500 3295 sunt:
3537 3249 3595 3296 et
3626 3256 3729 3297 eo-

2126 3349 2249 3388 rum
2281 3333 2704 3405 interpolatores
2735 3335 3037 3391 sententias
3062 3340 3198 3406 quas
3245 3335 3472 3402 habent,
3508 3351 3577 3391 ex
3603 3337 3731 3406 epi-

2124 3427 2284 3483 Stolis
2312 3428 2802 3498 transcripserunt,
2830 3436 2891 3482 ut
2916 3443 3017 3483 nos
3044 3437 3174 3483 ante
3194 3428 3558 3486 ostendimus.
3591 3428 3730 3488 [huc

2122 3518 2294 3590 igitur
2318 3519 2519 3588 saepius
2543 3519 2739 3573 iterata
2765 3519 2900 3573 nihil
2933 3518 3249 3588 proﬁciunt.

2193 3610 2450 3666 Secundo
2475 3608 2738 3677 obiicitur
2763 3611 2959 3666 similis
2987 3611 3106 3682 ejus
3137 3613 3191 3666 in
3223 3611 3531 3684 Polycarpo
3559 3615 3722 3670 osci-

2123 3704 2330 3770 tantia,
2369 3704 2518 3773 quod
2549 3720 2655 3758 non
2695 3705 2984 3758 attenderit
3034 3704 3140 3758 duo
3183 3705 3304 3773 illa,
3344 3721 3462 3776 qua:
3495 3721 3563 3760 ea:
3596 3708 3724 3776 ejus

2117 3795 2346 3865 epistola
2373 3797 2616 3851 recitavit
2641 3836 2658 3858 ,
2695 3795 2812 3854 loca
2837 3806 3016 3866 aperte
3061 3798 3199 3851 inter
3219 3814 3275 3852 se
3299 3814 3558 3869 pugnare.
3577 3798 3725 3854 Pro-

2117 3887 2262 3943 fecto
2292 3888 2338 3942 si
2375 3888 2493 3943 hare
2519 3903 2648 3943 vera
2678 3898 2884 3955 essent,
2920 3889 2967 3943 si
3009 3887 3282 3945 Eusebius
3307 3891 3572 3946 recitaret
3595 3891 3720 3947 duo

2115 3981 2237 4037 loca
2267 3989 2454 4050 aperte
2497 3981 2641 4036 inter
2671 3995 2731 4036 se
2769 3982 3090 4052 pugnantia,
3121 3998 3357 4052 eamque
3389 3999 3717 4054 repugnan-

2115 4075 2273 4141 tiam,
2305 4090 2430 4146 quae
2485 4083 2594 4130 tam
2646 4086 2834 4145 aperta
2865 4084 3033 4139 esset,
3078 4075 3306 4130 minime
3352 4076 3720 4133 animadver-

2113 4175 2273 4235 teret,
2295 4168 2578 4238 quomodo
2599 4169 2856 4223 excusari
2881 4177 3068 4238 posset
3090 4184 3199 4223 non
3229 4168 3406 4225 video.
3434 4167 3504 4224 Et
3523 4179 3716 4226 tamen

2110 4261 2272 4316 venia
2296 4261 2608 4332 digniorem
2644 4262 2786 4316 hanc
2813 4262 2868 4316 in
2903 4261 3203 4333 Polycarpo
3227 4262 3581 4318 oscitantiam
3616 4264 3713 4319 illa

2111 4369 2232 4423 qum
2259 4352 2312 4408 in
2339 4352 2544 4409 lrenaeo
2572 4353 2694 4420 fuit,
2724 4354 2923 4408 fatetur
2949 4353 3201 4409 Dallaeus.
3235 4353 3436 4423 Quare,
3468 4355 3715 4411 amabo?

411 4423 616 4479 bonum
653 4424 807 4480 Illum
842 4426 1022 4481 virum
1059 4435 1168 4482 tam
1201 4425 1362 4482 facile
1402 4443 1469 4484 ac
1499 4439 1615 4484 tam
1644 4431 1878 4500 turpiter
1903 4431 2001 4488 de—
2029 4453 2081 4513 ι)
2110 4460 2304 4515 nempe
2332 4447 2463 4521 qnia
2493 4446 2642 4500 novit
2680 4460 2744 4500 ea
2784 4461 2908 4516 quae
2951 4445 3159 4515 Objecit
3193 4461 3314 4501 esse
3356 4445 3661 4502 lalsissima
3691 4468 3707 4503 :

407 4517 516 4587 cipi
546 4532 611 4572 ac
644 4516 751 4572 labi
781 4518 1044 4586 potuisse.
1080 4517 1284 4574 Verum
1314 4522 1583 4591 prudens,
1619 4523 1820 4593 opinor
1845 4565 1860 4590 ,
1886 4525 2006 4581 haec

406 4608 710 4679 sphalmata
741 4611 961 4668 silentio
989 4612 1318 4681 suppressit,
1344 4614 1496 4684 quod
1522 4614 1594 4669 ad
1624 4631 1741 4670 rem
1773 4619 2004 4673 omnino

404 4718 513 4756 non
547 4700 811 4758 lacerent.
843 4702 900 4757 Si
926 4713 1207 4760 auctorem
1241 4707 1414 4762 ullum
1441 4715 1688 4764 veterem
1715 4711 2004 4766 nominare

405 4804 606 4863 posset,
640 4811 805 4866 queat
849 4794 1125 4854 Eusebius
1158 4799 1402 4871 agnovit,
1450 4813 1508 4857 et
1551 4801 1713 4872 cujus
1758 4805 2003 4858 auctori-

406 4897 571 4941 tatem
621 4884 953 4944 testimoniis
1002 4889 1240 4946 aliorum
1289 4894 1684 4949 confirmatum
1730 4894 1851 4961 ivit,
1905 4897 2000 4966 qui

404 4988 594 5051 postea
627 4979 787 5036 ﬁctor
815 4981 1065 5039 detectus
1093 4992 1198 5052 est,
1227 4993 1324 5041 aut
1368 4985 1453 5042 vel
1486 4987 1544 5042 in
1571 4985 1805 5043 dubium
1834 5003 1999 5046 voca-

401 5086 490 5128 tus
519 5093 532 5128 :
566 5075 774 5146 aliquid
797 5077 1019 5148 quidem
1049 5078 1278 5146 diceret,
1312 5078 1466 5150 quod
1497 5095 1625 5134 eum
1657 5098 1691 5135 a
1721 5084 1997 5137 temerita-

399 5170 466 5223 tis
489 5178 541 5224 et
567 5169 951 5226 inverecundiaa
971 5173 1215 5235 crimine,
1243 5181 1305 5227 ut
1344 5173 1467 5244 ipse
1493 5173 1763 5243 loquitur,
1797 5175 1996 5231 libera-

398 5273 498 5318 ret.
542 5261 659 5333 Ego
691 5280 825 5319 vero
866 5263 1166 5320 Eusebium
1211 5274 1364 5321 tanta
1406 5266 1695 5339 diligentia
1731 5277 1995 5339 tantoque

391 5355 608 5424 judicio
660 5357 716 5411 in
768 5358 1156 5417 examinandis
1214 5361 1664 5418 Christianorum
1720 5361 1994 5433 primaevae

395 5445 746 5516 antiquitatis
793 5448 1035 5518 scriptis,
1067 5450 1348 5520 inquibus
1381 5454 1731 5510 traditionem
1766 5463 1992 5523 apostoo

397 5537 556 5590 licam
605 5537 879 5592 contineri
933 5540 1235 5596 arbitratus
1285 5551 1392 5610 est,
1430 5559 1598 5600 nsum
1638 5542 1811 5598 fuisse
1851 5559 1986 5599 con-

397 5630 581 5697 tendo,
627 5639 688 5682 ut
725 5644 886 5685 nemo
915 5647 1161 5701 unquam
1204 5634 1270 5689 de
1311 5635 1434 5705 ejus
1466 5635 1574 5691 ﬁde
1605 5644 1702 5690 aut
1743 5637 1811 5692 dc
1846 5636 1985 5691 scri—

365 5716 367 5719 ’
393 5725 522 5795 μίδ,
553 5739 676 5799 qua:
713 5724 800 5780 ille
824 5739 923 5798 pro
951 5725 1273 5787 indubitatis
1305 5730 1524 5830 habuit,
1550 5741 1740 5804 postea
1773 5732 1987 5788 dubita-

2113 4553 2291 4609 neque
2342 4537 2665 4605 Eusebium,
2700 4538 2797 4594 sed
2851 4554 2953 4595 nos
2997 4539 3238 4597 oscitare
3285 4541 3523 4610 putavit,
3570 4559 3709 4599 cum

2111 4631 2211 4685 ista
2256 4628 2543 4685 scriberet.
2596 4627 2866 4699 Quisquis
2900 4629 2993 4684 illa
3034 4629 3188 4696 loca,
3219 4647 3343 4700 qua:
3369 4646 3437 4686 ex
3464 4632 3707 4702 epistola

2106 4717 2394 4791 Polycarpi
2443 4721 2694 4775 recitavit
2741 4719 3049 4786 Eusebius,
3101 4721 3424 4793 pel-legerit,
3482 4725 3704 4780 nullam

2107 4813 2249 4866 inter
2280 4828 2342 4870 ea
2386 4829 2646 4884 pugnam,
2692 4815 2901 4868 nullam
2949 4815 3034 4869 vel
3087 4815 3547 4872 coutradictionis
3573 4834 3706 4872 um-

2103 4905 2255 4960 bram
2304 4920 2429 4961 esse
2482 4907 2854 4962 conﬁtebitur.
2906 4908 3013 4963 Sed
3052 4909 3122 4961 ad
3151 4909 3346 4964 calcem
3373 4910 3480 4964 loci
3511 4921 3704 4980 poste-

2103 4998 2283 5063 rioris,
2315 4997 2514 5066 inquit,
2541 4997 2751 5067 aliquid
2783 4998 2892 5052 tale
2911 4999 3205 5069 reperitur.
3236 4998 3439 5054 Verum
3478 5016 3543 5056 ea
3569 5018 3705 5072 quae

2101 5099 2232 5144 sunt
2265 5091 2334 5143 ad
2364 5091 2559 5144 calcem
2586 5105 2695 5145 non
2730 5091 2981 5147 recitavit
3008 5091 3314 5156 Eusebius:
3347 5091 3492 5147 falso
3520 5094 3702 5163 igitur

2101 5183 2389 5248 asseritur,
2419 5183 2538 5238 loca
2586 5197 2710 5252 quae
2738 5184 2995 5239 recitavit
3035 5185 3178 5239 inter
3211 5200 3270 5238 se
3301 5200 3549 5255 pugnare
3593 5206 3608 5240 :
3641 5198 3706 5243 ct

2099 5276 2146 5330 si
2177 5275 2285 5330 ulla
2333 5291 2514 5346 pugna
2562 5285 2730 5342 esset,
2761 5285 3034 5347 pugnaret
3066 5277 3222 5332 locus
3244 5293 3408 5347 quem
3435 5279 3703 5352 recitavit

2097 5383 2224 5422 cum
2251 5382 2318 5426 eo
2348 5383 2512 5436 quem
2544 5383 2652 5422 non
2684 5368 2959 5434 recitavit,
2990 5377 3045 5424 et
3081 5368 3243 5438 cujus
3269 5369 3423 5424 solus
3453 5368 3700 5427 Photius

2097 5457 2369 5524 meminit,
2403 5457 2656 5527 pluribus
2685 5475 2851 5529 quam
2882 5458 3198 5529 quingentis
3228 5470 3351 5528 post
3381 5458 3695 5516 Eusebium

2095 5550 2290 5604 annis:
2325 5564 2502 5620 neque
2546 5558 2730 5604 tamen
2780 5551 2889 5605 ulla
2942 5552 3088 5604 inter
3115 5550 3423 5606 Eusebiana
3452 5563 3508 5607 et
3538 5552 3704 5606 Pho-

2096 5642 2242 5695 tiana
2273 5656 2454 5711 pugna
2493 5652 2596 5707 est,
2623 5652 2684 5697 ut
2734 5658 2835 5698 nos
2888 5642 3011 5697 fuse
3035 5643 3413 5712 probavimus.
3441 5643 3608 5700 Certe
3639 5662 3692 5700 ss

2098 5734 2187 5790 hic
2221 5733 2540 5791 oscitavcrit
2578 5733 2872 5806 Eusebius,
2912 5736 3167 5794 oscitavit
3195 5743 3249 5794 et
3280 5744 3394 5793 tota
3433 5737 3690 5796 Ecclesia
