3864 6204
165 312 270 368 189

923 309 972 366 .l.
1023 306 1389 368 pmusoun
1439 263 1770 365 virtutem
1802 307 2227 367 lGNATlANE.
2265 344 2335 354 —
2372 311 2553 370 rans
2593 314 2636 372 ι.

3346 322 3450 377 190

160 433 432 498 Asiatica,
461 445 588 502 quae
617 439 787 485 totam
819 430 1109 500 epistolam
1156 446 1322 500 quam
1363 430 1552 486 citavit
1589 428 1758 485 Euse-
1787 433 1836 492 Α
1934 428 2101 486 Levia
2130 430 2246 486 haec
2273 441 2404 487 sunt
2426 449 2539 502 prae
2574 433 2644 488 iis
2672 449 2796 504 quae
2817 443 3144 505 sequuntur.
3178 436 3277 492 llic
3298 441 3446 493 enim

168 524 321 602 bius,
351 539 450 593 per
475 532 556 578 tot
583 525 782 580 saecula
816 523 1033 594 publice
1062 522 1296 592 legebat.

230 616 459 686 Optime
489 619 659 689 igitur
687 619 841 672 novit
867 615 1160 680 Eusebius,
1189 615 1307 670 loca
1334 615 1448 669 haec
1471 612 1759 686 Polycarpi

157 719 213 764 et
248 709 444 763 Irenzei
495 709 868 765 indubitatum
901 706 1198 779 lgnatianis
1236 706 1484 775 epistolis
1514 706 1758 762 testimo-

160 803 318 857 nium
367 804 656 874 praebere:
700 816 878 872 neque
921 801 1027 855 alia
1075 801 1334 855 adhibere
1378 799 1578 865 voluit,
1633 799 1761 854 licet

160 895 284 949 sine
313 897 469 948 omni
513 893 684 949 dubio
710 893 867 963 plura
897 892 1191 962 potuisset.
1222 889 1358 946 Post
1385 891 1534 946 enim
1573 891 1759 945 animo

157 989 492 1051 conceptam
525 982 669 1036 banc
695 981 1011 1050 opinionem
1035 1021 1052 1047 ,
1083 996 1350 1051 quorsum
1397 981 1538 1036 alios
1571 991 1758 1052 poste-

159 1071 342 1126 riores
379 1071 732 1126 nominaret?
760 1087 860 1126 cur
888 1079 1081 1141 praeter
1110 1072 1336 1127 solitum
1367 1087 1579 1127 morem
1613 1073 1669 1127 in
1699 1089 1760 1130 re

157 1164 395 1218 minime
416 1173 772 1219 controversa
801 1172 968 1220 testes
991 1173 1316 1234 congereret
1340 1172 1504 1234 atque
1527 1165 1760 1220 conden-

159 1256 354 1311 saret?
402 1255 686 1310 lnlirmum
736 1256 904 1326 igitur
955 1264 1344 1326 argumentum
1373 1267 1460 1311 est
1485 1257 1631 1328 quod
1670 1257 1759 1313 hic

157 1351 433 1405 adversus
484 1349 740 1422 Origenis
787 1351 1102 1405 testimonia
1154 1351 1324 1405 nectit
1373 1348 1630 1406 Dallaeus.
1681 1350 1759 1406 De

160 1442 394 1514 Origene
439 1444 649 1497 nullum
690 1442 904 1497 verbum
955 1443 1106 1512 fecit.
1165 1442 1442 1508 Quorsum
1495 1443 1642 1498 enim
1689 1443 1758 1498 de

155 1535 401 1606 Origene
457 1537 623 1590 verba
678 1535 915 1600 faceret,
973 1550 1097 1589 cum
1157 1535 1582 1604 antiquissimos
1635 1533 1758 1590 illos

152 1627 530 1701 Potycarpum
578 1639 633 1683 et
668 1627 935 1683 Irenaeum
982 1627 1363 1682 nominasset?
1412 1626 1516 1681 Sed
1555 1628 1757 1697 siquid

153 1722 248 1774 ille
295 1721 369 1774 ad
426 1721 523 1774 hoc
571 1721 712 1790 quod
770 1721 880 1790 agit
925 1719 1059 1774 utile
1105 1719 1354 1784 dixisset,
1387 1718 1474 1771 hic
1511 1735 1617 1772 non
1644 1729 1755 1772 erat

153 1814 496 1878 emissurus,
538 1829 642 1882 quo
693 1828 842 1865 nemo
894 1797 1127 1882 unquam
1173 1810 1468 1865 studiosius
1511 1809 1754 1881 Origcnis

153 1905 328 1960 libros
356 1906 504 1976 legit.
532 1905 689 1976 Legit
715 1904 936 1975 quidem
960 1913 1015 1958 et
1039 1917 1305 1973 perquam
1337 1903 1584 1958 studiose
1611 1919 1627 1970 ;
1656 1919 1752 1958 sex

150 1999 323 2053 etiam
381 2000 555 2055 libros
613 1999 982 2070 apologoticos
1036 1997 1227 2056 edidit.
1282 2011 1536 2067 magnam
1587 1998 1757 2052 etiam

155 2101 374 2162 partem
432 2092 558 2146 libri
616 2091 756 2147 sexti
817 2088 1077 2144 Historia
1117 2089 1492 2143 ecclesiastica
1524 2089 1580 2142 in
1610 2089 1760 2144 illius

151 2182 326 2236 rebus
368 2183 700 2238 enarrandis
738 2181 1122 2251 consumpsit:
1155 2179 1277 2246 ejus
1318 2180 1489 2236 libros
1515 2195 1660 2250 saepe
1689 2181 1758 2235 ad

156 2275 453 2330 historiam
506 2275 684 2344 ipsius
732 2274 1119 2329 illustrandam
1161 2272 1414 2339 advocat,
1447 2282 1504 2327 et
1529 2273 1662 2343 quid
1691 2273 1761 2329 de

155 2368 314 2424 libris
375 2365 436 2423 S.
470 2366 770 2437 Scriptura:
828 2365 1082 2429 senserit,
1140 2378 1309 2433 quam
1360 2365 1430 2419 de
1466 2365 1758 2435 _apostolis

157 2459 516 2514 traditionem
569 2466 860 2528 acceperat
906 2468 1175 2514 enarrat.
1215 2475 1342 2516 eum
1396 2468 1580 2514 tamen
1616 2473 1760 2512 nun-

158 2568 327 2622 quam
382 2560 582 2606 testem
611 2551 865 2605 adhibuit
898 2551 964 2605 ad
997 2551 1170 2606 ullum
1210 2551 1640 2620 apostolicorum
1672 2547 1758 2602 vi.

162 2659 355 2698 rorum
409 2643 679 2714 scriptum
727 2643 1190 2698 conﬁrmandum.
1223 2642 1407 2710 Quare
1435 2651 1618 2697 autem
1649 2655 1757 2694 non

160 2734 217 2788 in
270 2733 491 2805 lgnatio
542 2750 668 2788 eum
723 2734 1024 2802 omitteret,
1056 2751 1219 2805 quem
1261 2735 1317 2788 in
1349 2733 1610 2789 omnibus
1636 2732 1760 2786 aliis

165 2826 378 2881 omisit.
415 2824 590 2895 Leges
634 2841 776 2896 quas
825 2826 941 2896 ipse
983 2827 1051 2881 ad
1106 2825 1500 2882 discernendos
1550 2824 1758 2894 dijudi-

160 2918 487 2987 candosque
520 2926 769 2973 veterum
822 2919 995 2974 libros
1041 2920 1258 2986 ﬁxerat,
1294 2919 1385 2974 hic
1413 2919 1576 2988 plane
1601 2916 1759 2987 peni-

160 3019 366 3079 tusque
393 3009 740 3076 observavit;
777 3011 1062 3082 ἀρχαίους,
1098 3012 1330 3078 scilicet,
1359 3011 1756 3082 κεχρημένους,

162 3100 531 3172 Polyt-arpum
581 3111 636 3156 et
667 3101 933 3157 Irenaeum
991 3105 1316 3159 nominavit.
1371 3104 1532 3158 Sarta
1574 3104 1758 3173 itaque

159 3206 304 3250 tecta
355 3204 439 3250 est
488 3193 709 3248 Eusebii
743 3194 1049 3264 diligentia,
1078 3196 1228 3250 salva
1260 3194 1552 3265 prudentia
1591 3204 1758 3266 atque

158 3287 475 3356 judicium:
511 3285 697 3340 nullus
746 3286 837 3340 hic
881 3302 1062 3354 error,
1091 3287 1242 3342 nulla
1284 3288 1564 3357 oscitatio,
1607 3290 1759 3344 nulla

163 3379 553 3443 balluciuatio,
604 3394 746 3447 quas
799 3377 1036 3434 Dallzeus
1083 3379 1203 3434 sine
1242 3381 1356 3435 ullo
1397 3380 1758 3437 fundamento

157 3477 272 3524 tam
306 3471 611 3524 liberaliter
657 3469 920 3524 Historia:
964 3470 1342 3526 ecclesiasticae
1365 3471 1516 3527 Patri
1543 3473 1756 3528 tribuit.

157 3561 322 3617 Nullo
347 3563 585 3632 denique
612 3563 778 3616 modo
829 3563 1161 3619 testimoniis
1192 3581 1258 3619 ex
1289 3563 1526 3636 Origene
1552 3568 1760 3638 produ-

155 3656 262 3710 etis
313 3654 639 3724 praeiudicat
688 3653 909 3709 Eusebii
955 3656 1254 3712 silentium.
1311 3659 1550 3714 Aliunde
1603 3661 1754 3716 enim

160 3750 301 3803 satis
331 3757 489 3803 certo
548 3748 808 3803 novimus
837 3758 1133 3818 utrumque
1177 3751 1283 3805 hoc
1317 3767 1456 3821 opus
1481 3768 1605 3808 esse
1629 3769 1758 3809 vere

159 3835 544 3908 Origenicusn.
565 3837 1006 3894 Commentarios
1033 3841 1084 3893 in
1106 3839 1393 3896 Canticum
1413 3845 1757 3899 canticorum

156 3929 460 3997 scripsisse
486 3936 716 3982 testatur
749 3927 807 3982 S.
842 3928 1142 3999 Gregorius
1182 3930 1465 4003 Nyssenus
1498 3935 1551 3988 in
1589 3952 1758 4003 prom-

155 4020 265 4071 τιἱο
295 4033 316 4070 :
353 4018 419 4071 Ei
454 4017 531 4079 δὲ,
568 4018 660 4070 τοῦ
707 4019 1019 4090 Ὠριγένους
1065 4022 1370 4092 φιλοπόνως
1403 4025 1532 4096 περὶ
1583 4025 1642 4079 τὸ
1677 4027 1758 4097 βι-

154 4109 308 4162 ϐλίον
343 4108 506 4162 τοῦτο
541 4111 964 4176 σπουδάσαντος,
1001 4113 1096 4165 καὶ
1141 4115 1305 4184 ἡμεῖς
1337 4118 1524 4186 γραφῇ
1579 4133 1758 4188 παρα-

155 4201 345 4255 δοῦναι
378 4202 475 4254 τὸν
523 4203 686 4256 πόνον
717 4206 749 4273 ἡ
761 4203 876 4274 μῶν
909 4205 1372 4277 προεθυμήθημεν
1394 4247 1409 4272 ,
1458 4208 1758 4276 ὲγκαλείτω

159 4295 375 4366 μηδείς.
417 4293 574 4359 Quod
602 4295 648 4348 si
677 4311 798 4348 cum
838 4294 1092 4366 Origenes
1141 4297 1430 4365 plurimum
1467 4297 1666 4352 laboris
1705 4308 1757 4353 et

156 4388 332 4440 studii
391 4389 452 4440 in
491 4388 630 4440 hunc
656 4388 893 4440 libellum
916 4389 1221 4454 contulerit,
1253 4407 1347 4444 nos
1378 4406 1582 4461 quoque
1615 4393 1757 4463 quod

1862 536 2020 577 error
2050 522 2216 578 unius
2243 521 2466 578 Eusebii
2514 534 2681 580 totam
2710 525 3012 582 Ectzlcsiam
3044 529 3251 586 Christi
3282 547 3427 587 occu

1862 615 2032 684 pavit,
2069 613 2292 670 infecit!
2347 614 2532 671 Primo
2582 617 2921 676 Athanasius
2958 637 3082 675 eum
3117 622 3320 690 hausit,
3353 626 3446 694 qui

1860 709 2126 778 egregium
2149 711 2428 778 quemdam
2459 710 2654 777 locum,
2685 723 2737 766 et
2763 729 2874 767 sua:
2895 731 3074 769 causa;
3096 716 3448 770 utilissimum

1861 798 1915 852 in
1945 799 2181 869 epistolis
2221 814 2408 856 nactus
2455 801 2656 874 lgnatii
2681 845 2698 869 ,
2748 821 2869 859 eum
2917 807 3126 862 nomine
3168 808 3442 874 laudavit,

1862 893 1958 948 sed
2005 893 2096 949 ille
2143 895 2388 964 deceptus
2429 907 2543 962 est;
2575 897 2712 951 nihil
2743 899 2964 968 quidem
3017 903 3251 969 peccavit
3296 902 3446 966 (hoc

1861 985 2094 1055 largitur
2123 987 2209 1042 vir
2233 987 2653 1061 doctissimus),
2685 991 2780 1045 sed
2811 991 2877 1044 ab
2909 991 3140 1046 Eusebio
3179 1000 3442 1048 ostentata

1861 1082 2181 1136 auctoritate
2208 1081 2424 1138 delusus
2454 1091 2552 1138 est.
2579 1082 2717 1138 Tum
2744 1099 2874 1140 vero
2899 1084 3022 1140 hinc
3049 1087 3114 1140 ab
3126 1087 3442 1148 Athanasio,

1861 1175 2014 1230 illine
2035 1177 2101 1230 ab
2129 1176 2358 1230 Eusebio
2407 1176 2616 1233 factum
2651 1187 2738 1234 est
2767 1187 2826 1234 ut
2856 1182 3016 1249 pauci
3057 1182 3296 1250 deinceps
3323 1184 3426 1250 {ue-

1860 1270 1968 1323 rint
1998 1271 2089 1340 qui
2123 1287 2186 1324 ea
2217 1270 2358 1340 falsa
2385 1287 2498 1326 esse
2537 1273 2928 1327 existimarent.
2977 1272 3114 1329 Tota
3165 1276 3280 1330 haec
3314 1291 3431 1329 con-

1855 1361 2218 1432 jecturarum,
2235 1362 2728 1433 suspicionumque
2752 1364 3039 1434 congeries
3057 1366 3206 1418 nullo
3227 1367 3441 1434 negouo

1859 1452 2134 1509 dililatur.
2157 1453 2276 1520 Qua
2301 1455 2448 1509 enim
2493 1455 2693 1510 liducia
2738 1456 3078 1512 Athanasius
3107 1457 3174 1510 ab
3208 1455 3447 1512 Eusebio

1859 1545 2088 1602 delusus
2130 1546 2304 1603 fuisse
2337 1547 2564 1615 dicitur,
2589 1550 2684 1617 qui
2714 1547 3074 1621 Polycarpum
3101 1558 3156 1601 et
3183 1549 3442 1603 Irenaeum

1859 1653 1967 1692 non
2001 1638 2185 1693 minus
2215 1653 2380 1708 quam
2407 1637 2677 1695 Eusebius
2711 1641 2950 1710 legerat?
2984 1641 3096 1695 Cur
3137 1640 3442 1694 Athanasio

1864 1745 1974 1783 non
1999 1729 2184 1786 minus
2204 1744 2370 1800 quam
2402 1729 2664 1796 Eusebio,
2695 1733 2978 1802 imponere
3009 1740 3308 1802 potuerunt
3337 1730 3436 1785 Po-

1861 1821 2116 1893 lycarpus
2158 1831 2214 1878 et
2266 1821 2528 1892 lrenaaus,
2580 1825 2629 1879 si
2681 1825 2816 1880 illud
2862 1841 3054 1879 revera
3102 1826 3283 1881 testati
3336 1841 3442 1878 non

1858 1910 1971 1966 sint
2005 1910 2153 1975 quod
2203 1913 2378 1967 nostri
2422 1928 2520 1969 eos
2570 1922 2799 1970 testatos
2826 1930 2949 1970 esse
2979 1915 3211 1970 dicunt?
3239 1913 3319 1968 An
3353 1914 3442 1970 ille

1860 2001 2100 2058 Eusebio
2128 2003 2442 2069 diligentior
2473 2013 2568 2059 aut
2597 2006 2653 2060 in
2687 2007 2852 2062 rebus
2879 2006 3200 2076 hujusmodi
3229 2006 3442 2075 perspi-

1857 2093 2045 2152 cacior
2093 2091 2228 2148 fuit?
2277 2091 2394 2149 lmo
2441 2096 2719 2164 quomodo
2750 2095 3022 2150 Eusebius
3064 2093 3346 2166 lgnatiana
3376 2111 3440 2149 ex

1863 2185 2108 2240 tenebris
2143 2185 2199 2239 in
2231 2184 2408 2240 lucem
2442 2185 2746 2240 Athanasio
2773 2185 3084 2252 induxerat,
3117 2185 3212 2255 qui
3249 2184 3442 2238 eadem

1859 2276 1915 2331 in
1959 2275 2194 2348 Origene
2243 2286 2374 2332 ante
2427 2277 2668 2344 legerat?
2719 2277 3001 2332 Asseritur
3048 2276 3117 2331 ab
3161 2275 3445 2330 Albertino

1860 2379 2026 2438 atque
2069 2369 2236 2423 etiam
2287 2368 2522 2436 Dallaeo,
2565 2367 3122 2441 pseudo-Dionysium
3155 2367 3436 2438 lgnatiana

1863 2476 1964 2518 sua
2013 2461 2083 2515 ab
2128 2458 2363 2530 Origene
2408 2461 2692 2528 hausisse;
2724 2475 2824 2515 cur
2858 2476 2966 2516 non
2995 2461 3066 2516 ab
3099 2461 3292 2515 eodem
3322 2461 3442 2530 epi-

1861 2551 2034 2608 stolas
2091 2550 2192 2604 has
2248 2551 2319 2605 ab
2365 2549 2574 2621 lgnatio
2641 2553 2876 2620 scriptas
2941 2551 3116 2608 fuisse
3177 2552 3445 2607 didicerat

1861 2640 2235 2696 Athanasius?
2263 2656 2366 2695 cur
2390 2655 2503 2694 non
2529 2641 2600 2696 ab
2632 2641 2726 2696 illo
2753 2651 2933 2697 vetere
2961 2644 3252 2714 scriptore,
3278 2659 3308 2696 a
3331 2659 3442 2714 quo

1863 2746 1964 2786 sua
2000 2729 2282 2802 lgnatiana
2331 2739 2644 2799 sumpserat
2682 2729 2935 2799 Basilius,
2977 2732 3277 2786 Athanasio
3307 2747 3406 2802 syn

1861 2824 2141 2879 chronus?
2170 2823 2296 2879 Haec
2319 2823 2503 2879 omnia
2531 2824 2732 2894 legisse
2753 2824 3119 2880 Athanasium
3147 2841 3310 2879 nemo
3341 2825 3442 2880 du-

1861 2915 2035 2970 bitat:
2064 2915 2310 2971 ‘Eusebii
2351 2925 2534 2970 autem
2569 2915 2868 2971 Historiam
2896 2917 3314 2971 ecclesiasticam
3349 2927 3445 2972 aut

1861 3007 2150 3078 diligenter
2178 3007 2471 3075 evolvisse,
2506 3016 2602 3062 aut
2634 3010 2884 3071 omnino,
2916 3023 3040 3063 cum
3086 3008 3191 3064 ista
3239 3009 3445 3064 scribe-

1862 3109 1966 3166 ret,
1999 3100 2204 3156 vidisse
2234 3115 2344 3156 non
2373 3110 2612 3157 constat.
2651 3101 2923 3171 Scriptam
2959 3116 3079 3156 eam
3123 3101 3294 3156 fuisse
3336 3117 3446 3171 po-

1864 3194 2084 3249 stremis
2108 3193 2329 3249 Eusebii
2363 3195 2706 3264 temporibus
2727 3235 2743 3261 ,
2777 3193 2922 3248 circa
2963 3209 3168 3248 annum
3195 3193 3301 3247 550
3328 3193 3446 3247 vult

1861 3285 2119 3340 Dallmus.
2167 3284 2306 3340 Ante
2353 3301 2480 3340 eum
2525 3301 2732 3339 annum
2783 3301 2814 3340 a
2862 3285 3164 3339 Meletianis
3191 3284 3443 3339 ctEuse-

1859 3380 2041 3435 bianis
2070 3379 2213 3449 apud
2235 3379 2661 3434 Constantinum
2691 3378 3094 3445 vexatus,etab
3114 3376 3442 3432 Alexandria

1859 3473 2374 3542 ConstantinOpoliu
2389 3481 2650 3526 evocatus
2677 3480 2778 3526 est.
2798 3470 2928 3527 Post
2948 3487 3072 3525 eum
3101 3485 3305 3524 annum
3331 3477 3444 3524 sta-

1862 3564 1958 3618 tim
2006 3562 2075 3618 de
2120 3563 2291 3617 calice
2336 3561 2510 3617 fracto
2540 3571 2594 3616 et
2616 3561 2848 3616 Arsenio
2883 3561 3068 3616 occiso
3109 3569 3440 3613 accusatur:

1860 3655 2138 3726 proximo,
2173 3653 2463 3720 Dalmatio,
2501 3653 2595 3723 qui
2643 3652 2692 3706 ei
2724 3651 3030 3706 Antiochia:
3068 3649 3236 3720 judex
3280 3649 3444 3704 datus

1859 3759 1962 3813 est,
1991 3762 2218 3804 causam
2268 3762 2426 3802 suam
2475 3747 2710 3816 probare
2741 3755 2986 3810 coactus,
3017 3744 3070 3798 in
3103 3743 3443 3813 exquirendo

1859 3839 2098 3895 Arsenio
2133 3849 2437 3909 occupatus
2486 3847 2590 3894 est.
2647 3837 2788 3892 Tum
2832 3852 2966 3891 vero
2999 3835 3294 3891 concilium
3322 3832 3443 3888 Cre-

1858 3947 2031 3988 sarea:
2084 3931 2394 3997 indictum,
2450 3945 2560 4000 quo
2623 3929 2906 4000 pervenire
2960 3929 3084 3984 ideo
3141 3927 3440 3993 recusavit,

1859 4024 1989 4094 quia
2036 4025 2181 4078 idem
2226 4023 2523 4090 Eusebius,
2553 4023 2648 4093 qui
2698 4037 2808 4077 non
2840 4021 2934 4076 diu
2964 4030 3091 4076 ante
3138 4019 3442 4074 Historiam

1858 4115 2128 4183 ediderat,
2174 4117 2295 4186 ejus
2343 4117 2449 4172 loci
2500 4118 2794 4186 episcopus
2837 4124 3015 4170 esset:
3059 4129 3188 4168 mox
3215 4111 3342 4184 Tyri
3383 4112 3440 4166 in

1858 4206 2094 4263 concilio
2115 4206 2308 4264 adesse
2328 4217 2574 4274 coactus,
2599 4208 2701 4262 sub
2727 4206 2912 4278 judice
2940 4206 3082 4260 inter
3113 4205 3251 4259 alios
3273 4203 3437 4258 etiam

1858 4297 2098 4358 Eusebio
2129 4308 2340 4368 nostro,
2375 4301 2692 4371 ibidemque
2723 4301 3145 4365 condemnatus,
3175 4298 3301 4352 inde
3327 4297 3440 4351 ela-

1858 4405 2017 4459 psus,
2047 4391 2294 4461 confugit
2309 4391 2868 4462 Constantinopolim,
2887 4391 2980 4445 ubi
3000 4390 3184 4444 statim
3218 4399 3437 4443 senten-

155 4496 186 4530 ιι
210 4480 367 4532 nobis
400 4488 479 4532 est
508 4478 843 4532 elaboratum
865 4479 1061 4534 litteris
1086 4482 1342 4536 mandare
1375 4483 1613 4537 lubenter
1637 4493 1752 4538 sta-
1783 4485 1828 4541 D
1857 4481 1988 4536 tiam
2019 4482 2365 4553 relegationis
2403 4484 2634 4552 accepit,
2664 4491 2718 4536 et
2749 4481 2804 4535 in
2825 4480 3030 4536 Gallias
3051 4480 3204 4535 exsul
3233 4479 3438 4534 missus

155 4573 442 4637 tuerimus,
481 4587 633 4624 nemo
673 4588 765 4624 nos
799 4582 1028 4626 accuset.
1075 4571 1192 4628 Hoc
1220 4590 1361 4643 opus
1391 4575 1540 4643 quod
1578 4576 1750 4633 habe-

157 4681 305 4730 Inus,
340 4680 538 4720 COI'UIII
584 4674 795 4734 partem
826 4681 950 4721 esse
983 4677 1136 4721 extra
1176 4683 1397 4722 omnem
1428 4677 1750 4724 controver-

157 4755 297 4808 siam
333 4762 572 4823 ponunt,
597 4761 652 4806 et
695 4751 925 4825 Nysseni
981 4756 1254 4825 expositio
1278 4772 1544 4824 consona,
1575 4767 1632 4812 et
1663 4774 1750 4814 res

157 4845 298 4914 ipsa,
335 4855 394 4901 et
445 4844 814 4914 fragmentum
855 4844 1043 4900 Grazce
1073 4847 1127 4900 in
1175 4845 1480 4900 Philocalia
1525 4862 1751 4902 conser-

157 4945 369 5000 vatum,
423 4946 480 4990 et
525 4934 844 4990 Cassiodori
880 4937 948 4990 de
999 4936 1213 4992 Rullino
1252 4939 1556 5008 interprete
1591 4939 1750 4994 testi-

158 5029 431 5083 monium.
467 5028 684 5084 Pariter
731 5030 988 5086 homilias
1028 5030 1083 5084 in
1119 5030 1178 5085 S.
1212 5031 1420 5086 Lucam
1451 5033 1744 5102 scripsisse

155 5116 452 5188 Origenem
509 5131 719 5174 certum
774 5128 893 5182 est,
947 5121 1093 5190 quod
1148 5130 1203 5176 et
1248 5138 1343 5178 eas
1393 5123 1513 5192 ipse
1564 5124 1750 5178 laudet

157 5213 322 5267 tomis
351 5217 407 5269 in
447 5213 766 5271 Matt/uram
805 5225 855 5270 et
889 5211 1179 5274 Joannem.
1214 5224 1269 5269 et
1301 5224 1530 5271 testetur
1557 5213 1748 5270 lliet‘o-

157 5320 352 5377 nymus
384 5306 456 5360 ad
481 5305 713 5360 Paulum
737 5317 790 5362 et
817 5306 1198 5363 Eustochium.
1235 5307 1588 5373 Quamobrem
1620 5309 1749 5378 peti-

154 5402 270 5465 stis,
299 5417 382 5466 ut,
420 5402 736 5462 contemptis
771 5402 1078 5456 istiusmodi
1107 5403 1284 5471 nugis,
1307 5402 1500 5456 saltem
1522 5403 1746 5473 triginta

157 5502 202 5544 et
228 5508 412 5545 novem
439 5491 754 5544 Adamantii
779 5492 951 5545 nostri
982 5494 1038 5546 in
1066 5491 1269 5547 Lucam
1296 5493 1571 5561 lzomilias,
1606 5495 1746 5547 sicut

160 5581 206 5632 in
231 5581 419 5636 (ἔταξεο
437 5582 1070 5651 habentur,interpreter.
1095 5583 1211 5654 Ipse
1244 5597 1427 5639 autem
1448 5586 1554 5640 hoc
1587 5603 1645 5641 se
1665 5585 1746 5641 le-

161 5672 290 5728 cisse
306 5674 546 5738 asserit;
595 5674 863 5729 habemus
896 5673 1149 5745 Origeuis
1175 5677 1432 5732 botnilias
1467 5694 1534 5732 ex
1569 5679 1739 5733 inter-

162 5766 459 5834 pretatione
493 5764 835 5837 liieronymi,
860 5768 1002 5824 sicut
1041 5768 1095 5823 in
1133 5767 1325 5826 Graeco
1370 5770 1734 5828 habebantur.

1853 4581 1958 4629 est.
2012 4571 2322 4629 Restitutus
2374 4575 2596 4644 quidem
2642 4573 3031 4628 Alexandriam
3086 4571 3283 4642 pergit,
3342 4569 3436 4625 ubi

1855 4671 2038 4720 tamen
2063 4665 2154 4720 diu
2179 4681 2410 4721 securus
2439 4665 2704 4731 nonfuit;
2731 4665 2826 4720 sed
2865 4664 3252 4720 haereticorum
3284 4662 3437 4718 domi

1852 4765 1988 4812 testu
2019 4758 2256 4828 agitatus
2283 4759 2596 4828 pontiticem
2627 4757 2938 4812 Romanum
2964 4757 3222 4827 appellat,
3249 4765 3304 4810 et
3334 4770 3430 4808 no-

1851 4849 1935 4904 vis
1983 4849 2462 4906 criminationibus
2497 4861 2731 4905 onustus
2762 4849 2990 4903 Romam
3038 4848 3430 4918 proliciscitur.

1851 4940 1974 4995 Mor
2028 4941 2082 4995 in
2140 4941 2351 5013 synodo
2402 4941 2744 4995 Antiochena
2794 4940 3080 5008 depositus
3126 4949 3230 5004 est,
3275 4938 3436 5007 eique

1852 5033 2113 5090 sull‘ectus
2142 5033 2465 5106 Gregorius.
2512 5032 2571 5087 ln
2631 5031 2924 5086 Occidente
2960 5031 3128 5102 igitur
3158 5045 3254 5099 per
3283 5044 3435 5083 com-

1849 5125 2036 5195 plures
2064 5141 2239 5182 annos
2270 5126 2548 5190 subsistit,
2582 5125 2674 5178 ubi
2704 5122 3140 5177 Euseliianorum
3171 5129 3266 5174 aut
3287 5118 3434 5173 fama

1850 5225 1945 5270 aut
1961 5232 2092 5271 cura
2111 5216 2280 5271 nulla.
2301 5214 2608 5270 Serdiccnsi
2633 5213 2839 5284 synodo
2855 5210 3122 5278 interfuit,
3137 5226 3168 5264 a
3191 5225 3299 5280 qua
3321 5225 3435 5264 suae

1850 5309 1965 5364 sedi
2017 5309 2342 5372 restitutus,
2400 5307 2792 5362 Alexandriam
2847 5313 3032 5357 tamen
3090 5297 3293 5356 reverti
3342 5301 3430 5356 vis

1847 5400 1938 5456 diu
1972 5411 2159 5471 postea
2197 5415 2369 5455 ausus
2405 5407 2520 5453 est:
2566 5399 2747 5468 primo
2779 5394 3058 5461 Naissum,
3090 5395 3216 5449 dein
3255 5392 3430 5462 Aqui-

1847 5491 2042 5560 leiam,
2071 5509 2291 5548 rursum
2345 5491 2570 5558 Gallias,
2597 5499 2784 5560 postea
2817 5487 3166 5542 Antiochiam
3214 5486 3428 5555 petivit.

1845 5581 2148 5654 Postquam
2197 5584 2328 5638 illuc
2375 5591 2720 5653 pervenerat,
2754 5580 3052 5650 omniaque
3093 5579 3146 5632 in
3181 5576 3427 5632 Ecclesia

1845 5677 2110 5748 praeclare
2139 5677 2509 5748 disposuerat,
2541 5677 2786 5735 edictum
2807 5689 2907 5744 pro
2929 5671 3282 5727 damnatione
3307 5670 3426 5738 ejus

1845 5787 1876 5829 a
1907 5769 2230 5829 Constantio
2273 5768 2442 5827 exiit:
2492 5779 2545 5826 et
2587 5784 2712 5824 mox
2756 5765 2974 5839 Syriaai
3025 5763 3265 5821 exercitu
3296 5761 3394 5817 Alc
