3864 6204
475 258 572 313 191

1499 263 1559 322 ὃ.
1602 263 1950 321 IGNATIUS.
1984 297 2052 306 —
2093 265 2624 324 PROLEGOMENA.

3651 254 3765 334 tan1

473 375 718 432 xandrtae
766 393 1064 449 oppressus
1122 378 1254 452 fuga
1294 381 1516 453 elapsus
1545 394 1649 444 est.
1669 392 1726 439 et
1753 384 2069 440 introducto
2095 390 2144 447 Α
2173 399 2310 441 recte
2359 388 2654 457 scripsisse,
2719 397 2834 442 tum
2890 390 3055 444 etiam
3086 398 3141 445 et
3171 391 3330 458 alios,
3357 392 3451 463 qui
3481 394 3587 464 ipsi
3618 378 3769 449 θωπί

472 469 731 540 Georgio,
764 470 820 524 in
845 486 1092 527 eremum
1123 477 1381 531 secessit:
1408 476 1500 530 ubi
1522 477 1614 531 diu
1635 487 1884 533 versatus
1911 488 1965 533 et
1997 479 2067 534 ab

471 559 715 616 hostium
752 563 928 618 oculis
973 566 1192 634 penitus
1233 577 1486 637 ereptus,
1516 569 1687 623 multa
1717 571 2064 641 conscripsit,

471 651 564 707 illa
589 656 914 722 praisertim,
948 657 1000 710 in
1026 658 1228 726 quibus
1256 659 1311 714 S.
1343 658 1609 731 lgnatium
1638 662 1895 718 laudavit.
1931 663 2064 731 Quis

473 742 585 813 iam
626 745 902 802 dubitabit
941 747 1307 806 Athanasium
1338 761 1435 807 aut
1477 753 1529 808 in
1563 751 1812 808 Historia
1838 753 2063 810 Eusebii

472 838 704 892 multum
739 838 935 908 fuisse,
961 852 1263 911 versatum,
1296 855 1591 916 antequam
1637 849 1741 904 ista
1774 849 2060 916 scriberet,

467 939 564 983 aut
582 947 646 985 es
677 931 825 988 illius
855 935 1182 990 auctoritate
1209 937 1424 994 dilectis
1447 939 1564 994 suis
1605 937 1870 996 fratribus
1905 938 2062 1012 lgna-

468 1021 605 1076 tium
642 1027 1027 1081 commendare
1071 1029 1355 1086 voluisse?
1400 1031 1517 1104 Ego
1550 1033 1773 1104 quidem
1813 1053 1918 1090 non
1956 1037 2060 1092 du-

469 1109 600 1176 bito,
625 1114 778 1182 quin,
807 1131 934 1171 eum
973 1117 1031 1174 S.
1066 1119 1332 1190 Ignatium
1362 1123 1575 1191 citavit,
1611 1143 1722 1180 non
1758 1142 1823 1182 ex
1863 1138 2058 1184 aucto-

463 1206 624 1262 ritate
653 1208 898 1276 Eusebii,
931 1229 1054 1283 quae
1105 1216 1284 1270 sentio
1333 1233 1500 1287 quam
1548 1218 1715 1274 fuerit
1745 1223 1886 1291 apud
1927 1238 2053 1277 eum

463 1306 680 1376 exigua,
741 1309 837 1364 sed
874 1326 970 1378 pro
1000 1327 1098 1364 sua
1150 1312 1412 1383 singulari
1469 1315 1771 1384 sapientia,
1821 1318 1877 1371 id
1929 1335 2056 1387 pro-

463 1402 810 1467 nuntiaverit,
846 1403 986 1471 quod
1037 1403 1155 1472 ipsa
1201 1415 1326 1460 tunc
1374 1407 1715 1476 apertissima
1751 1424 1831 1462 res
1878 1410 2054 1480 reique

463 1495 603 1546 ratio
635 1495 718 1548 illi
743 1498 1034 1563 persuasit.

535 1585 775 1642 Tandem
826 1604 956 1644 vero
1009 1591 1389 1660 persentisco,
1421 1607 1596 1663 quare
1651 1609 1756 1647 non
1810 1610 2051 1663 peccasse

461 1677 826 1734 Athanasium
858 1680 1126 1752 largiatur
1157 1682 1427 1740 Dallaaus:
1459 1694 1713 1741 autumat
1741 1687 1889 1741 enim
1920 1701 2045 1740 eum

461 1772 847 1828 tantummodo
896 1751 1083 1829 nomen
1123 1777 1262 1846 quod
1306 1776 1545 1846 epistola:
1593 1777 1949 1846 pra'ferebant
1996 1788 2048 1834 et
2078 1751 2123 1806 Β

459 1861 602 1929 apud
631 1863 964 1918 adversarios
1010 1877 1275 1935 receptant
1303 1876 1443 1933 erat,
1475 1868 1797 1924 retinuisse:
1826 1885 1894 1925 eo
1936 1871 2045 1926 scio

461 1951 588 2007 licet
642 1955 807 2009 modo
830 1996 844 2021 ,
890 1971 1002 2026 quo
1059 1956 1380 2028 Salmasius
1415 1968 1470 2014 et
1508 1959 1822 2016 Blondellus
1853 1961 2044 2032 lgnatii

467 2045 691 2101 nomine
720 2048 805 2101 usi
835 2057 984 2115 sunt,
1021 2057 1072 2104 et
1102 2049 1362 2120 epistolas
1397 2051 1666 2117 citarunt;
1696 2069 1837 2122 quas
1865 2063 2043 2110 tamen

457 2134 634 2199 ﬁctas,
679 2137 920 2205 spurias,
967 2140 1344 2209 supposititias
1391 2149 1447 2195 et
1494 2142 1712 2212 ineptas
1748 2146 2043 2213 putabant:

455 2226 684 2305 proinde
732 2227 942 2300 lgnatio
995 2240 1188 2288 nostro
1237 2234 1510 2305 clypeum
1543 2252 1654 2291 non
1704 2238 2042 2308 obtendisse,

457 2319 664 2374 nullam
708 2322 958 2390 epistolis
996 2323 1118 2394 ejus
1160 2327 1542 2383 auctoritatem
1575 2329 1872 2386 tribuisse.
1909 2331 2044 2387 Mira

454 2411 677 2481 quidem
726 2414 844 2468 haec
893 2425 1044 2483 sunt,
1089 2426 1145 2472 et
1196 2435 1319 2488 qua:
1365 2434 1397 2475 a
1437 2421 1677 2488 nemine,
1716 2432 1776 2477 ut
1825 2424 2041 2494 opinor,

455 2503 751 2575 lgnatianis
775 2509 853 2562 vel
884 2508 1293 2577 infensissimo,
1319 2511 1453 2567 ferri
1480 2523 1736 2584 possunt.
1764 2515 2045 2587 Quidquid

456 2598 545 2652 ille
587 2600 655 2654 de
701 2597 802 2656 SS.
835 2601 1088 2660 Patribus
1129 2607 1384 2672 senserit,
1426 2623 1534 2662 non
1579 2617 1724 2663 certe
1767 2611 1820 2664 in
1854 2611 1956 2666 hac
1985 2627 2045 2667 re

456 2691 516 2748 S.
550 2694 885 2750 Athanasius
933 2697 1000 2751 ad
1039 2713 1165 2752 eum
1217 2699 1474 2768 modum,
1505 2715 1616 2770 quo
1651 2701 1960 2759 Salmasius
1990 2713 2046 2758 et

455 2784 793 2854 Blondcllus,
829 2788 1095 2859 loquitur.
1128 2789 1305 2846 Verba
1358 2809 1426 2848 ex
1473 2797 1708 2864 epistola
1740 2797 1862 2866 ejus
1910 2813 2043 2868 pro-

451 2878 720 2935 ducturus
746 2919 761 2944 ,
792 2881 866 2935 ita
913 2881 1202 2951 prrefatur:
1249 2885 1510 2954 Ἰγνάτιος
1544 2883 1636 2941 οὖν
1669 2888 1699 2940 ὁ
1733 2889 1876 2943 κατά
1918 2890 2044 2952 τοὺς

450 2971 782 3036 ἀποστόλους
841 2976 899 3027 ἐν
975 2976 1276 3048 Ἀντιοχείᾳ
1329 2980 1690 3044 κατασταθεὶς
1724 2982 2041 3048 ἐπίσκοπος,

2166 479 2334 534 traria
2389 480 2649 535 statuisse
2694 481 3022 538 vei-botellus
3071 484 3391 552 videantur,
3457 487 3650 556 quidni
3700 498 3743 542 et

2165 569 2443 626 Nicaznam
2497 572 2789 643 synodum,
2821 583 2876 628 et
2928 573 3076 629 illam
3109 592 3233 646 quae
3270 575 3498 632 Paulum
3544 579 3742 634 conde-

2149 664 2396 726 mnavit,
2444 665 2844 720 admittamus?
2894 664 2961 721 Ut
3007 667 3084 722 illi
3133 669 3292 723 aliter
3321 670 3640 742 ἀγέννητον,
3675 672 3738 725 ita

2165 756 2249 812 hae
2295 757 2454 812 aliter
2479 757 2762 828 ὁμοούσιον
2794 771 3145 828 acceperunt.
3177 759 3322 814 Nihil
3367 779 3609 832 unquam
3637 765 3737 818 dici

2163 849 2343 918 potuit
2390 858 2488 903 aut
2518 849 2586 904 de
2623 865 2753 905 vero
2785 859 2839 904 et
2873 850 3180 907 indubitate
3231 861 3456 909 auctore
3497 855 3742 924 epistolae

2161 940 2528 996 conﬁdentius
2549 983 2564 1008 ,
2597 950 2692 996 aut
2724 942 2792 996 de
2826 943 2947 1012 ipso
2997 941 3209 1014 lgnatio
3254 947 3736 1004 honoriﬁcentius:

2159 1031 2295 1086 nihil
2333 1032 2482 1102 quod
2513 1043 2812 1106 susceptam
2861 1053 2924 1104 ac
2976 1037 3246 1108 defensam
3274 1055 3306 1093 a
3334 1041 3535 1096 nostris
3578 1039 3741 1112 Igna-

2160 1125 2428 1178 tianorum
2459 1135 2645 1180 contra
2691 1128 3056 1196 dissentientes
3097 1132 3471 1186 auctoritatem
3525 1133 3739 1189 ﬁrmius

2158 1217 2406 1274 stabilire
2435 1217 2643 1287 possit;
2677 1221 2816 1290 quod
2844 1221 2942 1274 illa
2971 1221 3271 1276 doctissimi
3301 1222 3648 1290 ﬂammandi,
3683 1237 3740 1280 ut

2157 1308 2361 1363 Dallazo
2388 1309 2627 1376 videtur,
2668 1328 2797 1366 sane
2827 1314 3133 1383 magniﬁca,
3165 1323 3222 1367 ut
3260 1315 3413 1379 mihi,
3447 1325 3501 1370 et
3533 1333 3663 1371 vera
3689 1330 3740 1372 et

2156 1403 2427 1467 modesta,
2459 1402 2618 1473 plane
2665 1404 2996 1474 signiﬁcant.
3032 1407 3162 1462 Post
3194 1406 3503 1470 Eusebium,
3534 1409 3734 1480 inquit,

2153 1495 2479 1548 Athanasius
2512 1493 2740 1565 Magnus
2776 1513 2933 1550 suum
2971 1499 3134 1574 etiam
3169 1497 3380 1568 Ignatio
3411 1513 3594 1555 nostro
3627 1504 3736 1574 cly-

2153 1602 2306 1656 peum
2335 1584 2596 1638 obtendit.
2647 1583 2762 1655 Ego
2801 1586 2940 1639 nihil
2973 1587 3027 1640 in
3065 1587 3151 1642 his
3183 1589 3363 1643 verbis
3391 1591 3736 1658 magniﬁcum

2154 1675 2386 1746 reperio,
2424 1675 2531 1730 nisi
2575 1673 2715 1730 forte
2754 1677 2903 1746 quod
2937 1677 3296 1733 Athanasium
3331 1688 3523 1734 testem
3557 1682 3735 1737 citans

2151 1783 2278 1824 eum
2330 1767 2586 1839 Magnum
2623 1775 2805 1835 vocat,
2839 1769 2932 1840 qui
2973 1771 3163 1825 titulus
3195 1771 3270 1824 illi
3302 1788 3516 1842 semper
3563 1775 3735 1829 ascri-

2152 1867 2278 1929 ptus
2332 1873 2481 1913 nunc
2530 1858 2698 1914 nimis
2755 1860 3094 1916 honoriﬁcus
3147 1861 3393 1929 videtur;
3444 1873 3540 1918 aut
3588 1867 3732 1936 quod

2149 1952 2418 2023 lgnatium
2469 1962 2712 2006 nostrum
2741 1955 3010 2023 appellat,
3039 1971 3203 2024 quem
3252 1965 3432 2011 tamen
3463 1958 3537 2012 illi
3570 1975 3732 2014 suum

2149 2060 2272 2101 esse
2302 2045 2516 2101 nolunt.
2552 2044 2689 2100 Nam
2720 2046 2869 2116 quod
2910 2047 3281 2114 Athanasius,
3316 2049 3362 2102 si
3394 2065 3583 2104 revera
3613 2067 3734 2105 ηιξ-ν

2149 2154 2290 2210 gnus
2323 2139 2415 2205 sit,
2447 2137 2660 2216 lgnatio
2691 2147 2901 2206 nostro,
2937 2139 2983 2194 si
3014 2148 3196 2195 noster
3229 2141 3336 2194 diei
3367 2143 3538 2212 possit
3567 2158 3734 2213 quem

2149 2248 2250 2289 nos
2277 2231 2648 2301 defendimus,
2680 2232 3057 2288 testimonium
3085 2249 3248 2288 suum
3283 2234 3474 2290 oderat
3496 2242 3550 2290 et
3572 2239 3734 2307 quasi

2125 2326 2387 2396 clypeum
2412 2324 2665 2380 obtendat
2687 2325 2952 2380 adversus
2980 2326 3273 2381 hodiernos
3300 2325 3488 2396 lgnatii
3521 2328 3733 2394 hostes,

2147 2420 2336 2492 negari
2389 2435 2500 2474 non
2531 2428 2757 2495 potest.
2787 2418 3042 2490 Clypeum
3070 2436 3227 2474 suum
3271 2421 3588 2476 obtendisse
3617 2423 3735 2478 vult

2145 2513 2311 2568 etiam
2359 2513 2446 2569 vir
2486 2513 2866 2580 doctissimus,
2910 2513 3006 2568 sed
3057 2513 3293 2581 veritati,
3332 2529 3440 2568 non
3483 2514 3733 2584 lgnatio;

2147 2609 2242 2664 sed
2269 2618 2462 2666 contra
2491 2609 2815 2664 Arianorum
2843 2609 2970 2672 tela,
3003 2623 3115 2663 non
3140 2617 3328 2664 contra
3363 2609 3546 2664 hostes
3573 2609 3737 2680 lgna-

2146 2703 2228 2758 tii.
2278 2702 2350 2757 At
2399 2702 2678 2773 quomodo
2717 2702 2937 2757 veritati
2963 2711 3095 2757 tunc
3123 2701 3422 2757 obtendere
3445 2702 3650 2770 potuit,
3685 2702 3733 2783 lsi

2146 2808 2295 2848 nunc
2325 2793 2644 2863 lgnatianis,
2678 2791 2900 2860 quando
2941 2791 2996 2844 in
3035 2791 3262 2845 dubium
3299 2798 3587 2854 vocantur,
3621 2805 3731 2843 non

2145 2886 2440 2942 ohtendat?
2466 2883 2682 2940 Veritas
2712 2884 2920 2939 Christi
2963 2885 3333 2954 impostorum
3367 2897 3470 2952 ope
3500 2898 3613 2936 non
3645 2883 3731 2936 in.

2143 2977 2340 3048 diget:
2392 2992 2572 3047 neque
2614 2975 2939 3047 epistolicus
2992 2976 3242 3044 lgnatius
3285 2980 3334 3030 el
3384 2991 3484 3046 pro
3539 2975 3730 3045 clypeo

451 3063 542 3115 καὶ
594 3065 805 3134 μάρτυς
855 3067 948 3120 τοῦ
995 3068 1234 3139 Χριστοῦ
1268 3071 1560 3141 γενόμενος
1585 3113 1600 3137 ,
1652 3072 1880 3144 γράφων
1914 3075 2042 3146 περὶ

2148 3085 2269 3126 esse
2297 3070 2498 3140 potuit,
2521 3069 2628 3123 nisi
2657 3077 2713 3122 et
2749 3068 2838 3123 ille
2865 3084 3030 3124 verus
3059 3078 3227 3132 esset,
3251 3067 3588 3137 apostolicus
3621 3068 3730 3122 sei-

449 3156 542 3208 τοῦ
577 3157 784 3229 Κυρίου
818 3159 1060 3231 εἴρηκεν.
1106 3159 1351 3233 Ignatius
1394 3165 1560 3234 igitur
1599 3176 1714 3236 post
1767 3168 2035 3236 apostolos

451 3250 748 3305 Antiochiae
794 3254 1116 3308 constitutus
1169 3257 1464 3326 episcopus,
1495 3267 1545 3311 et
1595 3268 1800 3328 martyr
1830 3257 2039 3314 Christi

449 3339 644 3410 factus,
678 3345 910 3398 scribens
937 3342 1002 3400 de
1036 3346 1261 3400 Domino
1294 3349 1455 3402 dixit.

502 3436 715 3491 Asserit
742 3437 906 3508 igitur
925 3454 1050 3494 eum
1079 3442 1241 3510 cujus
1272 3442 1596 3496 sententiam
1614 3442 1874 3499 fratribus
1893 3459 2038 3499 com-

449 3529 830 3585 municaturus
856 3540 1024 3598 esset,
1057 3549 1164 3587 non
1195 3533 1548 3602 impostorem
1568 3575 1583 3600 ,
1619 3550 1727 3589 non
1755 3536 2034 3604 vulgarem

448 3620 706 3690 aliquem,
737 3631 831 3677 aut
861 3639 890 3677 e
915 3623 1075 3678 trivio
1098 3625 1448 3695 scriptorem,
1476 3625 1572 3681 sed
1601 3626 1785 3682 virum
1815 3639 2038 3698 aposto-

450 3714 637 3780 licum,
667 3727 722 3770 et
753 3717 896 3782 quod
924 3717 1106 3786 majus
1133 3718 1338 3789 aliquid
1365 3728 1450 3775 est
1469 3762 1484 3786 ,
1516 3719 1896 3787 Antiochense,
1933 3721 2038 3775 hoc

448 3816 551 3874 est,
590 3809 944 3879 amplissima:
977 3809 1235 3867 Ecclesia:
1260 3814 1612 3883 episcopum,
1647 3823 1706 3868 et
1737 3813 1888 3882 quod
1918 3829 2036 3868 ma-

451 3899 657 3954 ximum
705 3910 807 3967 est,
837 3911 1133 3974 martyrem
1175 3903 1381 3960 Christi
1410 3905 1602 3960 fuisse.
1652 3903 1710 3959 In
1744 3906 1835 3960 illa
1867 3922 2033 3976 quam

447 4006 517 4045 ex
566 3991 775 4062 lgnatio
830 3994 1055 4048 adducit
1121 3998 1437 4061 sententia,
1498 3996 1758 4052 Christus
1827 3998 2034 4053 dicitur
2083 4031 2090 4037 -

448 4083 764 4156 ἀγέννητος,
796 4087 890 4140 sed
943 4087 1084 4143 alios
1132 4098 1254 4157 post
1304 4088 1573 4160 lgnatium
1625 4091 1785 4146 aliter
1812 4091 2032 4148 locutos

447 4192 571 4232 esse
609 4179 867 4244 ostendit,
917 4179 975 4233 ἓν
1007 4180 1066 4234 τὸ
1102 4182 1401 4253 ἀγέννητον
1433 4185 1462 4236 ὁ
1495 4185 1707 4255 Πατήρ.
1735 4183 1874 4238 Tum
1904 4200 2035 4239 vero
2085 4217 2087 4222 ·

448 4277 668 4339 quantae
693 4271 1040 4327 auctoritatis
1069 4271 1314 4342 lgnatius
1339 4275 1480 4342 apud
1507 4291 1565 4329 se
1600 4275 1788 4340 fuerit,
1815 4285 2036 4346 quantae

448 4360 590 4430 apud
620 4360 818 4417 fratres
847 4377 979 4417 suos
1015 4373 1070 4417 et
1108 4363 1338 4418 dilectos
1364 4379 1487 4419 esse
1527 4364 1779 4420 debuerit
1803 4367 2034 4436 apertis-

2144 3165 2296 3230 lieet,
2337 3172 2393 3217 et
2439 3163 2752 3232 episcopus,
2795 3170 2849 3216 et
2886 3170 3114 3232 martyr,
3141 3169 3202 3214 ut
3238 3176 3362 3215 eum
3393 3160 3730 3216 Athanasius

2139 3257 2423 3314 describit.
2443 3255 2602 3323 Quod
2631 3265 2814 3310 autem
2841 3256 3032 3326 clypeo
3058 3257 3162 3309 hoc
3197 3270 3357 3310 usum
3394 3258 3513 3309 vult
3538 3264 3730 3310 contra

2137 3351 2465 3404 Arianorum
2502 3349 2628 3414 tela,
2663 3348 2822 3416 plane
2846 3345 3045 3400 falsum
3075 3355 3181 3401 est.
3219 3345 3428 3415 Smpius
3461 3345 3733 3401 adversus

2139 3441 2378 3496 Arianos
2415 3441 2659 3511 disputat
2682 3440 2750 3494 de
2789 3453 2924 3492 voce
2956 3438 3276 3510 ἁγὲννητος,
3305 3454 3591 3508 nunquam
3626 3454 3730 3492 au-

2139 3543 2249 3590 tem
2295 3534 2348 3588 in
2392 3549 2456 3588 ea
2490 3549 2548 3588 re
2579 3532 2902 3587 testimonio
2927 3531 3123 3601 lgnatii
3163 3531 3355 3584 utitur.
3385 3529 3452 3584 Et
3480 3531 3736 3586 oratione

2138 3633 2328 3678 contra
2357 3623 2595 3677 Arianos
2634 3623 2900 3684 secunda,
2936 3621 3094 3675 docet
3125 3635 3223 3674 eos
3255 3635 3378 3675 eam
3432 3635 3626 3675 vocem
3664 3622 3735 3676 ab

2137 3715 2374 3770 ethnicis
2422 3714 2700 3778 hausisse,
2741 3723 2796 3768 et
2828 3713 3059 3784 opponit
3091 3712 3201 3767 illis
3229 3712 3504 3767 Asterium
3545 3726 3735 3779 suum,

2142 3805 2368 3860 Arianae
2393 3805 2668 3860 haereseos
2691 3805 3037 3859 defensorem
3067 3803 3199 3872 (non
3223 3811 3408 3856 autem
3435 3801 3736 3872 lgnatium;

2139 3898 2239 3968 qui
2287 3897 2479 3966 σοφίαν
2519 3895 2612 3949 τοῦ
2667 3894 2805 3948 Θεοῦ
2859 3894 3154 3967 ἀγέννητον
3182 3894 3438 3961 dixerat,
3477 3895 3740 3963 quamvis

2142 3989 2285 4044 idem
2312 3990 2478 4044 etiam
2509 3988 2567 4041 ἓν
2602 3983 2745 4041 εἶναι
2780 3986 2840 4039 τὸ
2877 3986 3172 4056 ἀγέννητον
3203 3985 3548 4040 asseruisset.
3584 3984 3650 4039 Et
3680 3986 3740 4040 in

2140 4082 2370 4152 epistola
2393 4081 2461 4136 de
2491 4080 2684 4150 synodi
2725 4077 2957 4154 Nicaeum
2991 4079 3236 4145 decreto,
3266 4087 3454 4133 contra
3484 4077 3594 4130 alia
3616 4078 3739 4131 Arii

2138 4174 2394 4245 dogmata
2431 4171 2746 4243 Origenem,
2779 4179 3074 4239 utrumque
3105 4168 3427 4240 Dionysium
3456 4177 3511 4222 et
3541 4167 3738 4223 Theo-

2139 4273 2397 4335 gncstum
2448 4264 2616 4329 citat;
2649 4259 2920 4331 lgnalium
2969 4275 3150 4328 neque
3178 4260 3442 4314 adversus
3475 4259 3606 4325 ista,
3636 4276 3746 4315 ne-

2137 4373 2245 4428 que
2272 4357 2328 4410 in
2357 4355 2731 4425 disputatione
2759 4354 2826 4407 de
2856 4367 2990 4407 voce
3021 4351 3343 4422 ἁγέννητος,
3374 4352 3440 4406 de
3467 4368 3580 4421 qua
3612 4351 3748 4408 fuse

449 4452 586 4507 sime
617 4453 975 4508 demonstrat.
1011 4455 1072 4506 Ei
1110 4455 1208 4524 μὲν
1241 4450 1354 4517 οὖν,
1391 4455 1586 4524 inquit,
1617 4456 1709 4509 καὶ
1744 4456 1881 4526 πρὸς
1901 4456 2027 4510 τού-

2148 4450 2270 4519 igit,
2291 4447 2517 4502 omnino
2540 4448 2806 4503 nominat.
2835 4445 2916 4502 Ad
2948 4445 3146 4500 fratres
3171 4454 3382 4499 tantum
3401 4454 3455 4498 et
3475 4445 3743 4514 dilectos,

448 4563 574 4609 τους
607 4545 867 4610 ἐναντίως
899 4545 1242 4616 διακείμεθα,
1280 4546 1422 4600 ἔστω
1453 4548 1572 4600 καὶ·
1594 4547 1733 4619 πρὸς
1787 4547 2038 4611 συνόδους
2087 4583 2092 4586 -

448 4639 580 4708 ἡμῖν
626 4638 659 4707 ἡ
698 4639 867 4709 μάχη.
907 4637 967 4692 Si
997 4639 1163 4708 igitur
1196 4648 1245 4692 et
1287 4639 1367 4692 his
1393 4639 1760 4703 adversentur,
1790 4640 1860 4692 sit
1892 4639 2038 4695 nobis
2083 4674 2088 4679 -

447 4732 608 4784 etiam
639 4731 889 4786 adversus
929 4731 1156 4800 synodos
1189 4747 1386 4800 pugna.
1420 4730 1476 4784 Si
1511 4732 1704 4784 horum
1735 4730 2037 4785 sententias

451 4839 559 4877 non
600 4823 952 4894 recipiamus,
991 4824 1037 4879 si
1081 4824 1149 4878 de
1189 4839 1378 4878 earum
1404 4823 1732 4877 auctoritate
1763 4832 1859 4877 aut
1891 4822 2038 4876 veri-

451 4926 564 4970 tate
600 4914 966 4980 dubitemus,
1023 4916 1069 4970 si
1131 4917 1298 4971 tantis
1352 4916 1604 4970 l’atribus
1656 4907 2045 4985 refl-agentur,

447 5005 715 5063 adversus
754 5007 919 5062 etiam
967 5009 1212 5078 synodos
1242 5023 1395 5062 arma
1433 5023 1741 5073 sumamus,
1775 5009 1857 5061 vel
1886 5007 2037 5061 illam

448 5116 572 5170 quae
605 5098 839 5154 Paulum
891 5100 1344 5165 Samosatenum,
1375 5100 1456 5152 vel
1509 5100 1652 5152 hanc
1693 5098 1884 5163 etiam,
1913 5113 2039 5166 qua:

449 5192 640 5246 Arium
711 5191 1138 5257 condemnavit,
1195 5204 1562 5259 respuamus,
1619 5189 2034 5243 eoneulcemus.

452 5283 604 5339 Haud
635 5285 780 5339 enim
813 5301 1020 5339 renuo:
1055 5300 1233 5355 neque
1261 5284 1438 5354 major
1466 5283 1600 5337 mihi
1627 5291 1730 5348 est,
1763 5291 1860 5336 aut
1883 5281 2038 5336 vobis
2073 5313 2080 5318 -

450 5391 572 5430 esse
595 5374 778 5442 debet,
806 5377 1004 5431 harum
1032 5377 1367 5449 synodorum
1392 5391 1557 5445 quam
1583 5391 1776 5430 eorum
1809 5375 2036 5429 Patrum

449 5471 770 5524 auctoritas.
820 5471 884 5524 Et
930 5471 986 5524 δὲ
1033 5472 1132 5542 τὴν
1167 5473 1227 5524 ὲν
1258 5469 1482 5541 Χριστῷ
1517 5469 1704 5524 πίστιν
1737 5468 1917 5522 αὐτῶν
1948 5485 2038 5536 γι-

451 5559 748 5624 νώσκοντες
771 5563 1115 5633 πεπείσμεθα
1156 5563 1239 5616 ὅτι
1283 5563 1379 5617 καὶ
1411 5565 1441 5615 ὁ
1466 5562 1734 5634 μακάριος
1782 5562 2039 5630 Ἰγνάτιος

450 5650 627 5722 ὀρθῶς
678 5653 903 5724 ἔγραψε.
943 5654 1001 5709 Si
1030 5667 1208 5711 autem
1230 5672 1412 5710 eorum
1437 5655 1494 5709 in
1521 5655 1734 5709 Christo
1762 5655 1922 5720 ﬁdem
1944 5671 2035 5708 co-

454 5753 779 5813 gnoscentes,
796 5762 1104 5817 persuasum
1131 5747 1378 5803 habemus
1404 5756 1515 5802 tum
1538 5748 1743 5803 beatum
1765 5745 2036 5817 lgnalium

2141 4550 2196 4596 et
2223 4541 2402 4595 eidem
2437 4555 2565 4594 eum
2594 4540 2714 4609 ipso
2739 4540 3004 4594 doctrina:
3028 4538 3095 4592 de
3133 4547 3335 4591 natura
3358 4536 3565 4591 Christi
3597 4553 3747 4592 con-

2143 4635 2466 4699 sentientes,
2496 4633 2823 4688 auctoritate
2870 4631 3064 4702 lgnatii
3115 4631 3330 4684 utitur:
3385 4645 3564 4700 neque
3612 4639 3751 4685 tan-

2141 4743 2308 4798 quam
2355 4727 2632 4795 scriptoris
2674 4725 2879 4792 alioqui
2925 4723 3096 4785 dubii,
3123 4723 3218 4777 sed
3253 4731 3309 4777 et
3346 4723 3490 4790 apud
3514 4737 3635 4789 eos,
3670 4725 3750 4778 ad

2140 4836 2283 4891 quos
2326 4819 2643 4889 scripserat,
2681 4817 2906 4886 recepti,
2947 4825 2999 4870 et
3031 4815 3100 4869 ab
3131 4815 3248 4884 ipso
3275 4814 3451 4868 modis
3474 4816 3752 4871 omnibus

2141 4912 2347 4975 ornati,
2379 4926 2557 4981 neque
2605 4924 2732 4964 cum
2784 4909 2889 4964 ista
2942 4908 3230 4972 scriberet,
3280 4923 3309 4961 a
3361 4906 3625 4976 quopiam
3686 4911 3749 4963 in

2142 5005 2372 5060 dubium
2402 5003 2606 5058 vocati.
2644 5001 2921 5067 Quorsum
2955 5000 3120 5071 igitur
3170 4999 3262 5053 hic
3299 4997 3640 5052 Salmasium
3690 5011 3751 5056 et

2143 5098 2485 5152 Blondellum
2537 5098 2806 5159 advocat,
2845 5097 3006 5166 quasi
3061 5083 3180 5165 pari
3238 5094 3403 5149 modo
3462 5094 3750 5163 Ignatium

2140 5190 2488 5260 epistolicum
2529 5189 2819 5253 eitassent,
2851 5204 3014 5258 quem
3059 5187 3311 5256 spurium
3337 5195 3391 5240 et
3427 5187 3751 5254 suppositi-

2144 5282 2279 5336 tium
2325 5280 2713 5335 crediderunt?
2763 5277 2873 5333 lmo
2921 5295 3094 5349 quare
3147 5278 3314 5333 etiam
3366 5277 3532 5332 simul
3567 5275 3754 5331 llam-

2142 5375 2429 5441 mondum,
2461 5383 2721 5444 tanquam
2769 5375 2980 5427 tristem
3028 5381 3078 5426 et
3127 5388 3386 5434 severum,
3417 5380 3465 5423 et
3499 5370 3752 5435 ioculari

2143 5465 2620 5531 animadversione,
2651 5465 2762 5518 imo
2783 5464 2910 5534 joco
2944 5473 3053 5516 tam
3076 5462 3251 5516 diluto
3284 5473 3438 5530 atque
3465 5459 3623 5529 longe
3647 5477 3756 5529 pe-

2143 5559 2242 5611 tito
2269 5566 2508 5612 utentem
2524 5556 2970 5626 suggillatiQuid
2987 5570 3115 5610 vero
3141 5552 3396 5622 estquod
3425 5549 3754 5605 Hammon-

2143 5648 2298 5714 dum,
2324 5649 2501 5701 virum
2551 5663 2684 5702 sane
2740 5648 3010 5716 optimum
3060 5645 3579 5712 doetissimumque,
3623 5654 3750 5698 tam

2147 5744 2353 5797 tristem
2384 5750 2433 5795 ct
2473 5757 2705 5798 severum
2749 5738 2919 5796 fuisse
2941 5739 3158 5810 arguit?
3205 5735 3329 5808 quis
3370 5735 3480 5804 ille,
3505 5739 3749 5805 amabo,
