  <div class='ocr_page' id='page_1' title='image "/cluster/home/n/w/nwhite01/storage/ocr_20150623/5/nnc1.0046978607/104.png"; bbox 0 0 3864 6204; ppageno 0'>
   <div class='ocr_carea' id='block_1_1' title="bbox 158 353 254 406">
    <p class='ocr_par' dir='ltr' id='par_1_1' title="bbox 158 353 254 406">
     <span class='ocr_line' id='line_1_1' title="bbox 158 353 254 406; baseline 0.021 -2"><span class='ocrx_word' id='word_1_1' title='bbox 158 353 254 406; x_wconf 69' lang='grc'><strong>195</strong></span> 
     </span>
    </p>
   </div>
   <div class='ocr_carea' id='block_1_2' title="bbox 909 340 2593 400">
    <p class='ocr_par' dir='ltr' id='par_1_2' title="bbox 909 340 2593 400">
     <span class='ocr_line' id='line_1_2' title="bbox 909 340 2593 400; baseline 0.001 -1"><span class='ocrx_word' id='word_1_2' title='bbox 909 344 957 399; x_wconf 79' lang='grc' dir='ltr'><strong>ι.</strong></span> <span class='ocrx_word' id='word_1_3' title='bbox 1000 341 1365 399; x_wconf 81' lang='lat' dir='ltr'><strong>PEARSONII</strong></span> <span class='ocrx_word' id='word_1_4' title='bbox 1404 340 1728 397; x_wconf 58' lang='lat' dir='ltr'><strong>VlNDlCIIE</strong></span> <span class='ocrx_word' id='word_1_5' title='bbox 1767 341 2192 398; x_wconf 61' lang='grc' dir='ltr'><strong>ΙΕΝΑΤΙΛΝίΕ.</strong></span> <span class='ocrx_word' id='word_1_6' title='bbox 2231 374 2299 384; x_wconf 88' lang='grc'><strong>-</strong></span> <span class='ocrx_word' id='word_1_7' title='bbox 2334 342 2520 398; x_wconf 79' lang='lat' dir='ltr'><strong>PARS</strong></span> <span class='ocrx_word' id='word_1_8' title='bbox 2555 347 2593 400; x_wconf 91' lang='grc' dir='ltr'><strong>ι.</strong></span> 
     </span>
    </p>
   </div>
   <div class='ocr_carea' id='block_1_3' title="bbox 3340 349 3436 404">
    <p class='ocr_par' dir='ltr' id='par_1_3' title="bbox 3340 349 3436 404">
     <span class='ocr_line' id='line_1_3' title="bbox 3340 349 3436 404; baseline 0.021 -2"><span class='ocrx_word' id='word_1_9' title='bbox 3340 349 3436 404; x_wconf 67' lang='lat' dir='ltr'><strong>illi</strong></span> 
     </span>
    </p>
   </div>
   <div class='ocr_carea' id='block_1_4' title="bbox 141 457 3440 542">
    <p class='ocr_par' dir='ltr' id='par_1_4' title="bbox 141 457 3440 542">
     <span class='ocr_line' id='line_1_4' title="bbox 141 457 3440 542; baseline -0.001 -24"><span class='ocrx_word' id='word_1_10' title='bbox 141 473 300 542; x_wconf 78' lang='lat' dir='ltr'><strong>jocns</strong></span> <span class='ocrx_word' id='word_1_11' title='bbox 365 474 477 517; x_wconf 89' lang='lat' dir='ltr'><strong>tam</strong></span> <span class='ocrx_word' id='word_1_12' title='bbox 527 463 731 516; x_wconf 84' lang='lat' dir='ltr'><strong>dilutus</strong></span> <span class='ocrx_word' id='word_1_13' title='bbox 783 470 1006 530; x_wconf 83' lang='lat' dir='ltr'><strong>tamque</strong></span> <span class='ocrx_word' id='word_1_14' title='bbox 1070 458 1222 529; x_wconf 89' lang='lat' dir='ltr'><strong>longe</strong></span> <span class='ocrx_word' id='word_1_15' title='bbox 1260 460 1499 529; x_wconf 79' lang='lat' dir='ltr'><strong>petitus?</strong></span> <span class='ocrx_word' id='word_1_16' title='bbox 1539 457 1746 528; x_wconf 82' lang='lat' dir='ltr'><strong>Nempe</strong></span> <span class='ocrx_word' id='word_1_17' title='bbox 1775 478 1820 538; x_wconf 66' lang='grc' dir='ltr'><strong>Α</strong></span> <span class='ocrx_word' id='word_1_18' title='bbox 1852 460 2126 532; x_wconf 84' lang='grc' dir='ltr'>ἁμαρτίαν</span> <span class='ocrx_word' id='word_1_19' title='bbox 2156 459 2360 530; x_wconf 62' lang='lat' dir='ltr'><strong>quue:</strong></span> <span class='ocrx_word' id='word_1_20' title='bbox 2402 458 2496 512; x_wconf 84' lang='lat' dir='ltr'><strong>Vir</strong></span> <span class='ocrx_word' id='word_1_21' title='bbox 2523 459 2741 529; x_wconf 89' lang='lat' dir='ltr'><strong>quidam</strong></span> <span class='ocrx_word' id='word_1_22' title='bbox 2768 471 2981 516; x_wconf 84' lang='lat' dir='ltr'><strong>sanctus</strong></span> <span class='ocrx_word' id='word_1_23' title='bbox 3009 463 3066 517; x_wconf 87' lang='lat' dir='ltr'><strong>id</strong></span> <span class='ocrx_word' id='word_1_24' title='bbox 3101 462 3261 532; x_wconf 74' lang='lat' dir='ltr'><strong>dixit,</strong></span> <span class='ocrx_word' id='word_1_25' title='bbox 3290 467 3440 536; x_wconf 82' lang='lat' dir='ltr'><strong>quod</strong></span> 
     </span>
    </p>
   </div>
   <div class='ocr_carea' id='block_1_5' title="bbox 153 550 1747 626">
    <p class='ocr_par' dir='ltr' id='par_1_5' title="bbox 153 550 1747 626">
     <span class='ocr_line' id='line_1_5' title="bbox 153 550 1747 626; baseline -0.004 -17"><span class='ocrx_word' id='word_1_26' title='bbox 153 558 368 626; x_wconf 88' lang='lat' dir='ltr'><strong>putavit</strong></span> <span class='ocrx_word' id='word_1_27' title='bbox 396 557 757 618; x_wconf 85' lang='lat' dir='ltr'><strong>Salmasium,</strong></span> <span class='ocrx_word' id='word_1_28' title='bbox 797 553 892 622; x_wconf 88' lang='lat' dir='ltr'><strong>qui</strong></span> <span class='ocrx_word' id='word_1_29' title='bbox 933 562 1044 606; x_wconf 86' lang='lat' dir='ltr'><strong>tam</strong></span> <span class='ocrx_word' id='word_1_30' title='bbox 1078 552 1228 606; x_wconf 84' lang='lat' dir='ltr'><strong>varie</strong></span> <span class='ocrx_word' id='word_1_31' title='bbox 1253 552 1320 606; x_wconf 91' lang='lat' dir='ltr'><strong>de</strong></span> <span class='ocrx_word' id='word_1_32' title='bbox 1351 550 1559 619; x_wconf 80' lang='lat' dir='ltr'><strong>lgnatio</strong></span> <span class='ocrx_word' id='word_1_33' title='bbox 1590 551 1747 603; x_wconf 86' lang='lat' dir='ltr'><strong>locu--</strong></span> 
     </span>
    </p>
   </div>
   <div class='ocr_carea' id='block_1_6' title="bbox 152 642 1746 715">
    <p class='ocr_par' dir='ltr' id='par_1_6' title="bbox 152 642 1746 715">
     <span class='ocr_line' id='line_1_6' title="bbox 152 642 1746 715; baseline -0.005 -13"><span class='ocrx_word' id='word_1_34' title='bbox 152 662 241 705; x_wconf 88' lang='lat' dir='ltr'><strong>tus</strong></span> <span class='ocrx_word' id='word_1_35' title='bbox 295 661 406 715; x_wconf 82' lang='lat' dir='ltr'><strong>est,</strong></span> <span class='ocrx_word' id='word_1_36' title='bbox 459 659 702 703; x_wconf 83' lang='lat' dir='ltr'><strong>mentem</strong></span> <span class='ocrx_word' id='word_1_37' title='bbox 756 656 1032 710; x_wconf 88' lang='lat' dir='ltr'><strong>mutasse;</strong></span> <span class='ocrx_word' id='word_1_38' title='bbox 1068 644 1213 712; x_wconf 87' lang='lat' dir='ltr'><strong>quod</strong></span> <span class='ocrx_word' id='word_1_39' title='bbox 1265 645 1359 714; x_wconf 89' lang='lat' dir='ltr'><strong>qui</strong></span> <span class='ocrx_word' id='word_1_40' title='bbox 1413 642 1746 697; x_wconf 89' lang='lat' dir='ltr'><strong>Salmasium</strong></span> 
     </span>
    </p>
   </div>
   <div class='ocr_carea' id='block_1_7' title="bbox 151 735 1746 812">
    <p class='ocr_par' dir='ltr' id='par_1_7' title="bbox 151 735 1746 812">
     <span class='ocr_line' id='line_1_7' title="bbox 151 735 1746 812; baseline -0.004 -16"><span class='ocrx_word' id='word_1_41' title='bbox 151 745 296 797; x_wconf 69' lang='lat' dir='ltr'><strong>novit</strong></span> <span class='ocrx_word' id='word_1_42' title='bbox 321 760 429 798; x_wconf 85' lang='lat' dir='ltr'><strong>non</strong></span> <span class='ocrx_word' id='word_1_43' title='bbox 464 741 624 812; x_wconf 76' lang='lat' dir='ltr'><strong>facile</strong></span> <span class='ocrx_word' id='word_1_44' title='bbox 647 741 842 794; x_wconf 79' lang='lat' dir='ltr'><strong>credet.</strong></span> <span class='ocrx_word' id='word_1_45' title='bbox 867 738 1008 804; x_wconf 89' lang='lat' dir='ltr'><strong>Quid</strong></span> <span class='ocrx_word' id='word_1_46' title='bbox 1042 735 1247 807; x_wconf 77' lang='lat' dir='ltr'><strong>igitur?</strong></span> <span class='ocrx_word' id='word_1_47' title='bbox 1272 751 1455 790; x_wconf 89' lang='lat' dir='ltr'><strong>annon</strong></span> <span class='ocrx_word' id='word_1_48' title='bbox 1479 735 1746 790; x_wconf 89' lang='lat' dir='ltr'><strong>Claudius</strong></span> 
     </span>
    </p>
   </div>
   <div class='ocr_carea' id='block_1_8' title="bbox 151 826 1749 898">
    <p class='ocr_par' dir='ltr' id='par_1_8' title="bbox 151 826 1749 898">
     <span class='ocr_line' id='line_1_8' title="bbox 151 826 1749 898; baseline -0.006 -7"><span class='ocrx_word' id='word_1_49' title='bbox 151 835 450 891; x_wconf 77' lang='lat' dir='ltr'><strong>Sari-avius</strong></span> <span class='ocrx_word' id='word_1_50' title='bbox 487 844 710 890; x_wconf 89' lang='lat' dir='ltr'><strong>senator</strong></span> <span class='ocrx_word' id='word_1_51' title='bbox 754 831 1103 898; x_wconf 85' lang='lat' dir='ltr'><strong>Parisiensis,</strong></span> <span class='ocrx_word' id='word_1_52' title='bbox 1156 830 1311 885; x_wconf 87' lang='lat' dir='ltr'><strong>novit</strong></span> <span class='ocrx_word' id='word_1_53' title='bbox 1370 826 1749 883; x_wconf 74' lang='lat' dir='ltr'><strong>Salmasium?</strong></span> 
     </span>
    </p>
   </div>
   <div class='ocr_carea' id='block_1_9' title="bbox 150 920 1746 998">
    <p class='ocr_par' dir='ltr' id='par_1_9' title="bbox 150 920 1746 998">
     <span class='ocr_line' id='line_1_9' title="bbox 150 920 1746 998; baseline -0.004 -15"><span class='ocrx_word' id='word_1_54' title='bbox 150 945 336 983; x_wconf 88' lang='lat' dir='ltr'><strong>nonne</strong></span> <span class='ocrx_word' id='word_1_55' title='bbox 360 927 482 998; x_wconf 88' lang='lat' dir='ltr'><strong>ejus</strong></span> <span class='ocrx_word' id='word_1_56' title='bbox 512 927 699 980; x_wconf 85' lang='lat' dir='ltr'><strong>omnia</strong></span> <span class='ocrx_word' id='word_1_57' title='bbox 737 925 1043 980; x_wconf 93' lang='lat' dir='ltr'><strong>admiratus</strong></span> <span class='ocrx_word' id='word_1_58' title='bbox 1089 933 1193 989; x_wconf 87' lang='lat' dir='ltr'><strong>est,</strong></span> <span class='ocrx_word' id='word_1_59' title='bbox 1219 932 1277 978; x_wconf 90' lang='lat' dir='ltr'><strong>et</strong></span> <span class='ocrx_word' id='word_1_60' title='bbox 1307 923 1583 993; x_wconf 71' lang='lat' dir='ltr'><strong>praecipue</strong></span> <span class='ocrx_word' id='word_1_61' title='bbox 1610 920 1746 976; x_wconf 88' lang='lat' dir='ltr'><strong>illud</strong></span> 
     </span>
    </p>
   </div>
   <div class='ocr_carea' id='block_1_10' title="bbox 152 1012 1742 1086">
    <p class='ocr_par' dir='ltr' id='par_1_10' title="bbox 152 1012 1742 1086">
     <span class='ocr_line' id='line_1_10' title="bbox 152 1012 1742 1086; baseline -0.003 -16"><span class='ocrx_word' id='word_1_62' title='bbox 152 1034 295 1086; x_wconf 88' lang='lat' dir='ltr'><strong>opus</strong></span> <span class='ocrx_word' id='word_1_63' title='bbox 330 1017 400 1070; x_wconf 91' lang='lat' dir='ltr'><strong>de</strong></span> <span class='ocrx_word' id='word_1_64' title='bbox 424 1016 663 1085; x_wconf 76' lang='lat' dir='ltr'><strong>primatu</strong></span> <span class='ocrx_word' id='word_1_65' title='bbox 697 1029 873 1084; x_wconf 64' lang='lat' dir='ltr'><strong>papae,</strong></span> <span class='ocrx_word' id='word_1_66' title='bbox 906 1014 994 1067; x_wconf 92' lang='lat' dir='ltr'><strong>cui</strong></span> <span class='ocrx_word' id='word_1_67' title='bbox 1025 1013 1129 1067; x_wconf 87' lang='lat' dir='ltr'><strong>hoc</strong></span> <span class='ocrx_word' id='word_1_68' title='bbox 1157 1013 1396 1084; x_wconf 83' lang='lat' dir='ltr'><strong>elogium</strong></span> <span class='ocrx_word' id='word_1_69' title='bbox 1426 1012 1742 1082; x_wconf 87' lang='lat' dir='ltr'><strong>inscripsit:</strong></span> 
     </span>
    </p>
   </div>
   <div class='ocr_carea' id='block_1_11' title="bbox 150 1105 1746 1179">
    <p class='ocr_par' dir='ltr' id='par_1_11' title="bbox 150 1105 1746 1179">
     <span class='ocr_line' id='line_1_11' title="bbox 150 1105 1746 1179; baseline -0.005 -13"><span class='ocrx_word' id='word_1_70' title='bbox 150 1111 216 1166; x_wconf 88' lang='lat' dir='ltr'><strong>Si</strong></span> <span class='ocrx_word' id='word_1_71' title='bbox 264 1125 460 1179; x_wconf 85' lang='lat' dir='ltr'><strong>pergas</strong></span> <span class='ocrx_word' id='word_1_72' title='bbox 516 1108 632 1162; x_wconf 85' lang='lat' dir='ltr'><strong>istis</strong></span> <span class='ocrx_word' id='word_1_73' title='bbox 700 1106 962 1160; x_wconf 77' lang='lat' dir='ltr'><strong>machinis</strong></span> <span class='ocrx_word' id='word_1_74' title='bbox 1026 1105 1215 1160; x_wconf 83' lang='lat' dir='ltr'><strong>Urbem</strong></span> <span class='ocrx_word' id='word_1_75' title='bbox 1267 1115 1564 1172; x_wconf 80' lang='lat' dir='ltr'><strong>concutere,</strong></span> <span class='ocrx_word' id='word_1_76' title='bbox 1606 1105 1746 1158; x_wconf 87' lang='lat' dir='ltr'><strong>brevi</strong></span> 
     </span>
    </p>
   </div>
   <div class='ocr_carea' id='block_1_12' title="bbox 150 1196 1747 1257">
    <p class='ocr_par' dir='ltr' id='par_1_12' title="bbox 150 1196 1747 1257">
     <span class='ocr_line' id='line_1_12' title="bbox 150 1196 1747 1257; baseline -0.003 -1"><span class='ocrx_word' id='word_1_77' title='bbox 150 1219 296 1257; x_wconf 71' lang='lat' dir='ltr'><strong>acer</strong></span> <span class='ocrx_word' id='word_1_78' title='bbox 327 1217 470 1255; x_wconf 66' lang='lat' dir='ltr'><strong>suo</strong></span> <span class='ocrx_word' id='word_1_79' title='bbox 497 1217 528 1253; x_wconf 71' lang='grc' dir='ltr'><strong>Α</strong></span> <span class='ocrx_word' id='word_1_80' title='bbox 557 1215 789 1253; x_wconf 61' lang='grc' dir='ltr'><strong>(ῖυωιικε</strong></span> <span class='ocrx_word' id='word_1_81' title='bbox 821 1198 1004 1253; x_wconf 69' lang='lat' dir='ltr'><strong>unus?</strong></span> <span class='ocrx_word' id='word_1_82' title='bbox 1052 1196 1117 1252; x_wconf 89' lang='lat' dir='ltr'><strong>Et</strong></span> <span class='ocrx_word' id='word_1_83' title='bbox 1150 1208 1332 1251; x_wconf 90' lang='lat' dir='ltr'><strong>tamen</strong></span> <span class='ocrx_word' id='word_1_84' title='bbox 1370 1213 1621 1252; x_wconf 90' lang='lat' dir='ltr'><strong>summus</strong></span> <span class='ocrx_word' id='word_1_85' title='bbox 1659 1197 1747 1251; x_wconf 89' lang='lat' dir='ltr'><strong>hic</strong></span> 
     </span>
    </p>
   </div>
   <div class='ocr_carea' id='block_1_13' title="bbox 146 1290 1745 1360">
    <p class='ocr_par' dir='ltr' id='par_1_13' title="bbox 146 1290 1745 1360">
     <span class='ocr_line' id='line_1_13' title="bbox 146 1290 1745 1360; baseline -0.004 -12"><span class='ocrx_word' id='word_1_86' title='bbox 146 1294 412 1349; x_wconf 78' lang='lat' dir='ltr'><strong>Salmasii</strong></span> <span class='ocrx_word' id='word_1_87' title='bbox 437 1293 650 1347; x_wconf 84' lang='lat' dir='ltr'><strong>amicus</strong></span> <span class='ocrx_word' id='word_1_88' title='bbox 678 1300 843 1360; x_wconf 82' lang='lat' dir='ltr'><strong>atque</strong></span> <span class='ocrx_word' id='word_1_89' title='bbox 875 1290 1081 1356; x_wconf 83' lang='lat' dir='ltr'><strong>fautor,</strong></span> <span class='ocrx_word' id='word_1_90' title='bbox 1109 1306 1216 1344; x_wconf 89' lang='lat' dir='ltr'><strong>non</strong></span> <span class='ocrx_word' id='word_1_91' title='bbox 1246 1290 1458 1344; x_wconf 90' lang='lat' dir='ltr'><strong>veritus</strong></span> <span class='ocrx_word' id='word_1_92' title='bbox 1483 1299 1566 1344; x_wconf 91' lang='lat' dir='ltr'><strong>est</strong></span> <span class='ocrx_word' id='word_1_93' title='bbox 1589 1290 1745 1342; x_wconf 82' lang='lat' dir='ltr'><strong>istius</strong></span> 
     </span>
    </p>
   </div>
   <div class='ocr_carea' id='block_1_14' title="bbox 159 1381 1744 1455">
    <p class='ocr_par' dir='ltr' id='par_1_14' title="bbox 159 1381 1744 1455">
     <span class='ocr_line' id='line_1_14' title="bbox 159 1381 1744 1455; baseline -0.004 -15"><span class='ocrx_word' id='word_1_94' title='bbox 159 1387 381 1442; x_wconf 81' lang='lat' dir='ltr'><strong>Veneris</strong></span> <span class='ocrx_word' id='word_1_95' title='bbox 409 1402 627 1455; x_wconf 84' lang='lat' dir='ltr'><strong>carpere</strong></span> <span class='ocrx_word' id='word_1_96' title='bbox 650 1385 977 1437; x_wconf 86' lang='lat' dir='ltr'><strong>sandalium.</strong></span> <span class='ocrx_word' id='word_1_97' title='bbox 1011 1382 1134 1436; x_wconf 83' lang='lat' dir='ltr'><strong>Non</strong></span> <span class='ocrx_word' id='word_1_98' title='bbox 1164 1383 1357 1452; x_wconf 82' lang='lat' dir='ltr'><strong>placet,</strong></span> <span class='ocrx_word' id='word_1_99' title='bbox 1377 1381 1576 1451; x_wconf 85' lang='lat' dir='ltr'><strong>inquit.</strong></span> <span class='ocrx_word' id='word_1_100' title='bbox 1604 1382 1744 1452; x_wconf 91' lang='lat' dir='ltr'><strong>quod</strong></span> 
     </span>
    </p>
   </div>
   <div class='ocr_carea' id='block_1_15' title="bbox 141 1473 1745 1547">
    <p class='ocr_par' dir='ltr' id='par_1_15' title="bbox 141 1473 1745 1547">
     <span class='ocr_line' id='line_1_15' title="bbox 141 1473 1745 1547; baseline -0.002 -16"><span class='ocrx_word' id='word_1_101' title='bbox 141 1496 204 1531; x_wconf 86' lang='lat' dir='ltr'><strong>ea</strong></span> <span class='ocrx_word' id='word_1_102' title='bbox 236 1479 294 1530; x_wconf 89' lang='lat' dir='ltr'><strong>in</strong></span> <span class='ocrx_word' id='word_1_103' title='bbox 321 1488 591 1547; x_wconf 87' lang='lat' dir='ltr'><strong>apparatu</strong></span> <span class='ocrx_word' id='word_1_104' title='bbox 622 1478 823 1546; x_wconf 89' lang='lat' dir='ltr'><strong>culpes,</strong></span> <span class='ocrx_word' id='word_1_105' title='bbox 854 1493 972 1546; x_wconf 69' lang='lat' dir='ltr'><strong>quae</strong></span> <span class='ocrx_word' id='word_1_106' title='bbox 1002 1476 1057 1529; x_wconf 89' lang='lat' dir='ltr'><strong>in</strong></span> <span class='ocrx_word' id='word_1_107' title='bbox 1088 1476 1203 1544; x_wconf 84' lang='lat' dir='ltr'><strong>ipso</strong></span> <span class='ocrx_word' id='word_1_108' title='bbox 1234 1491 1384 1545; x_wconf 87' lang='lat' dir='ltr'><strong>opere</strong></span> <span class='ocrx_word' id='word_1_109' title='bbox 1417 1473 1629 1528; x_wconf 91' lang='lat' dir='ltr'><strong>laudas.</strong></span> <span class='ocrx_word' id='word_1_110' title='bbox 1669 1473 1745 1527; x_wconf 91' lang='lat' dir='ltr'><strong>De</strong></span> 
     </span>
    </p>
   </div>
   <div class='ocr_carea' id='block_1_16' title="bbox 144 1567 1745 1638">
    <p class='ocr_par' dir='ltr' id='par_1_16' title="bbox 144 1567 1745 1638">
     <span class='ocr_line' id='line_1_16' title="bbox 144 1567 1745 1638; baseline -0.001 -17"><span class='ocrx_word' id='word_1_111' title='bbox 144 1567 461 1638; x_wconf 79' lang='lat' dir='ltr'><strong>lgnatianis</strong></span> <span class='ocrx_word' id='word_1_112' title='bbox 501 1569 739 1637; x_wconf 85' lang='lat' dir='ltr'><strong>epistolis</strong></span> <span class='ocrx_word' id='word_1_113' title='bbox 773 1567 1010 1637; x_wconf 82' lang='lat' dir='ltr'><strong>intelligo</strong></span> <span class='ocrx_word' id='word_1_114' title='bbox 1031 1609 1046 1633; x_wconf 93' lang='lat'><strong>,</strong></span> <span class='ocrx_word' id='word_1_115' title='bbox 1073 1584 1206 1637; x_wconf 88' lang='lat' dir='ltr'><strong>quas</strong></span> <span class='ocrx_word' id='word_1_116' title='bbox 1245 1567 1299 1619; x_wconf 86' lang='lat' dir='ltr'><strong>in</strong></span> <span class='ocrx_word' id='word_1_117' title='bbox 1329 1577 1623 1636; x_wconf 88' lang='lat' dir='ltr'><strong>apparatu,</strong></span> <span class='ocrx_word' id='word_1_118' title='bbox 1654 1567 1745 1637; x_wconf 88' lang='lat' dir='ltr'><strong>qui</strong></span> 
     </span>
    </p>
   </div>
   <div class='ocr_carea' id='block_1_17' title="bbox 139 1659 1742 1732">
    <p class='ocr_par' dir='ltr' id='par_1_17' title="bbox 139 1659 1742 1732">
     <span class='ocr_line' id='line_1_17' title="bbox 139 1659 1742 1732; baseline 0.001 -21"><span class='ocrx_word' id='word_1_119' title='bbox 139 1663 293 1729; x_wconf 85' lang='lat' dir='ltr'><strong>prior</strong></span> <span class='ocrx_word' id='word_1_120' title='bbox 325 1661 547 1732; x_wconf 86' lang='lat' dir='ltr'><strong>legitur,</strong></span> <span class='ocrx_word' id='word_1_121' title='bbox 594 1662 782 1714; x_wconf 88' lang='lat' dir='ltr'><strong>merito</strong></span> <span class='ocrx_word' id='word_1_122' title='bbox 827 1661 924 1732; x_wconf 83' lang='grc' dir='ltr'><strong>τῆς</strong></span> <span class='ocrx_word' id='word_1_123' title='bbox 957 1659 1171 1724; x_wconf 80' lang='grc' dir='ltr'>νοθείας</span> <span class='ocrx_word' id='word_1_124' title='bbox 1202 1659 1446 1727; x_wconf 86' lang='lat' dir='ltr'><strong>revincis,</strong></span> <span class='ocrx_word' id='word_1_125' title='bbox 1476 1670 1524 1714; x_wconf 89' lang='lat' dir='ltr'><strong>et</strong></span> <span class='ocrx_word' id='word_1_126' title='bbox 1567 1670 1742 1714; x_wconf 85' lang='lat' dir='ltr'><strong>tamen</strong></span> 
     </span>
    </p>
   </div>
   <div class='ocr_carea' id='block_1_18' title="bbox 136 1753 1742 1823">
    <p class='ocr_par' dir='ltr' id='par_1_18' title="bbox 136 1753 1742 1823">
     <span class='ocr_line' id='line_1_18' title="bbox 136 1753 1742 1823; baseline 0.002 -19"><span class='ocrx_word' id='word_1_127' title='bbox 136 1769 333 1805; x_wconf 83' lang='lat' dir='ltr'><strong>earum</strong></span> <span class='ocrx_word' id='word_1_128' title='bbox 369 1753 694 1806; x_wconf 83' lang='lat' dir='ltr'><strong>auctoritate</strong></span> <span class='ocrx_word' id='word_1_129' title='bbox 725 1753 1044 1821; x_wconf 78' lang='lat' dir='ltr'><strong>swpiuscule</strong></span> <span class='ocrx_word' id='word_1_130' title='bbox 1063 1753 1251 1816; x_wconf 86' lang='lat' dir='ltr'><strong>uteris,</strong></span> <span class='ocrx_word' id='word_1_131' title='bbox 1286 1753 1440 1823; x_wconf 90' lang='lat' dir='ltr'><strong>quasi</strong></span> <span class='ocrx_word' id='word_1_132' title='bbox 1465 1767 1632 1806; x_wconf 86' lang='lat' dir='ltr'><strong>essent</strong></span> <span class='ocrx_word' id='word_1_133' title='bbox 1665 1754 1742 1807; x_wconf 91' lang='lat' dir='ltr'><strong>le-</strong></span> 
     </span>
    </p>
   </div>
   <div class='ocr_carea' id='block_1_19' title="bbox 140 1842 1741 1914">
    <p class='ocr_par' dir='ltr' id='par_1_19' title="bbox 140 1842 1741 1914">
     <span class='ocr_line' id='line_1_19' title="bbox 140 1842 1741 1914; baseline 0.002 -18"><span class='ocrx_word' id='word_1_134' title='bbox 140 1845 390 1914; x_wconf 64' lang='lat' dir='ltr'><strong>gitimas,</strong></span> <span class='ocrx_word' id='word_1_135' title='bbox 431 1861 525 1897; x_wconf 88' lang='lat' dir='ltr'><strong>nec</strong></span> <span class='ocrx_word' id='word_1_136' title='bbox 558 1843 748 1897; x_wconf 83' lang='lat' dir='ltr'><strong>titulus</strong></span> <span class='ocrx_word' id='word_1_137' title='bbox 783 1853 1052 1896; x_wconf 83' lang='lat' dir='ltr'><strong>auctorem</strong></span> <span class='ocrx_word' id='word_1_138' title='bbox 1083 1845 1412 1898; x_wconf 84' lang='lat' dir='ltr'><strong>mentiretur.</strong></span> <span class='ocrx_word' id='word_1_139' title='bbox 1445 1842 1648 1898; x_wconf 87' lang='lat' dir='ltr'><strong>Saltem</strong></span> <span class='ocrx_word' id='word_1_140' title='bbox 1679 1846 1741 1900; x_wconf 86' lang='lat' dir='ltr'><strong>de</strong></span> 
     </span>
    </p>
   </div>
   <div class='ocr_carea' id='block_1_20' title="bbox 139 1935 1736 2006">
    <p class='ocr_par' dir='ltr' id='par_1_20' title="bbox 139 1935 1736 2006">
     <span class='ocr_line' id='line_1_20' title="bbox 139 1935 1736 2006; baseline 0.001 -16"><span class='ocrx_word' id='word_1_141' title='bbox 139 1940 248 1990; x_wconf 86' lang='lat' dir='ltr'><strong>ista</strong></span> <span class='ocrx_word' id='word_1_142' title='bbox 299 1949 398 1991; x_wconf 89' lang='lat' dir='ltr'><strong>tua</strong></span> <span class='ocrx_word' id='word_1_143' title='bbox 441 1937 717 1990; x_wconf 76' lang='lat' dir='ltr'><strong>sententia:</strong></span> <span class='ocrx_word' id='word_1_144' title='bbox 765 1938 1060 1988; x_wconf 88' lang='lat' dir='ltr'><strong>mutatione</strong></span> <span class='ocrx_word' id='word_1_145' title='bbox 1112 1935 1320 2004; x_wconf 90' lang='lat' dir='ltr'><strong>aliquid</strong></span> <span class='ocrx_word' id='word_1_146' title='bbox 1353 1936 1736 2006; x_wconf 84' lang='lat' dir='ltr'><strong>signi/icasses.</strong></span> 
     </span>
    </p>
   </div>
   <div class='ocr_carea' id='block_1_21' title="bbox 133 2026 1742 2099">
    <p class='ocr_par' dir='ltr' id='par_1_21' title="bbox 133 2026 1742 2099">
     <span class='ocr_line' id='line_1_21' title="bbox 133 2026 1742 2099; baseline 0.001 -16"><span class='ocrx_word' id='word_1_147' title='bbox 133 2029 407 2085; x_wconf 84' lang='lat' dir='ltr'><strong>Judicent</strong></span> <span class='ocrx_word' id='word_1_148' title='bbox 431 2030 545 2099; x_wconf 91' lang='lat' dir='ltr'><strong>jam</strong></span> <span class='ocrx_word' id='word_1_149' title='bbox 578 2028 780 2083; x_wconf 85' lang='lat' dir='ltr'><strong>eruditi</strong></span> <span class='ocrx_word' id='word_1_150' title='bbox 815 2044 884 2081; x_wconf 90' lang='lat' dir='ltr'><strong>an</strong></span> <span class='ocrx_word' id='word_1_151' title='bbox 919 2026 1317 2092; x_wconf 88' lang='lat' dir='ltr'><strong>llammondus,</strong></span> <span class='ocrx_word' id='word_1_152' title='bbox 1349 2043 1417 2082; x_wconf 92' lang='lat' dir='ltr'><strong>an</strong></span> <span class='ocrx_word' id='word_1_153' title='bbox 1451 2028 1742 2084; x_wconf 88' lang='lat' dir='ltr'><strong>Sarravius</strong></span> 
     </span>
    </p>
   </div>
   <div class='ocr_carea' id='block_1_22' title="bbox 140 2115 1742 2188">
    <p class='ocr_par' dir='ltr' id='par_1_22' title="bbox 140 2115 1742 2188">
     <span class='ocr_line' id='line_1_22' title="bbox 140 2115 1742 2188; baseline 0 -14"><span class='ocrx_word' id='word_1_154' title='bbox 140 2121 372 2175; x_wconf 90' lang='lat' dir='ltr'><strong>mollius</strong></span> <span class='ocrx_word' id='word_1_155' title='bbox 417 2120 690 2188; x_wconf 83' lang='lat' dir='ltr'><strong>earpserit</strong></span> <span class='ocrx_word' id='word_1_156' title='bbox 732 2118 894 2173; x_wconf 89' lang='lat' dir='ltr'><strong>istius</strong></span> <span class='ocrx_word' id='word_1_157' title='bbox 921 2115 1151 2171; x_wconf 76' lang='lat' dir='ltr'><strong>Veneris</strong></span> <span class='ocrx_word' id='word_1_158' title='bbox 1201 2119 1552 2174; x_wconf 90' lang='lat' dir='ltr'><strong>sandalium:</strong></span> <span class='ocrx_word' id='word_1_159' title='bbox 1597 2121 1742 2174; x_wconf 85' lang='lat' dir='ltr'><strong>inte-</strong></span> 
     </span>
    </p>
   </div>
   <div class='ocr_carea' id='block_1_23' title="bbox 140 2209 1741 2266">
    <p class='ocr_par' dir='ltr' id='par_1_23' title="bbox 140 2209 1741 2266">
     <span class='ocr_line' id='line_1_23' title="bbox 140 2209 1741 2266; baseline 0 -1"><span class='ocrx_word' id='word_1_160' title='bbox 140 2214 242 2266; x_wconf 87' lang='lat' dir='ltr'><strong>rim</strong></span> <span class='ocrx_word' id='word_1_161' title='bbox 285 2209 706 2265; x_wconf 87' lang='lat' dir='ltr'><strong>llammondum</strong></span> <span class='ocrx_word' id='word_1_162' title='bbox 759 2211 1051 2266; x_wconf 90' lang='lat' dir='ltr'><strong>absolvunt</strong></span> <span class='ocrx_word' id='word_1_163' title='bbox 1099 2211 1438 2266; x_wconf 81' lang='lat' dir='ltr'><strong>Athanasius</strong></span> <span class='ocrx_word' id='word_1_164' title='bbox 1464 2221 1517 2266; x_wconf 91' lang='lat' dir='ltr'><strong>et</strong></span> <span class='ocrx_word' id='word_1_165' title='bbox 1548 2210 1741 2265; x_wconf 83' lang='lat' dir='ltr'><strong>Sarra-</strong></span> 
     </span>
    </p>
   </div>
   <div class='ocr_carea' id='block_1_24' title="bbox 137 2301 1741 2372">
    <p class='ocr_par' dir='ltr' id='par_1_24' title="bbox 137 2301 1741 2372">
     <span class='ocr_line' id='line_1_24' title="bbox 137 2301 1741 2372; baseline 0.002 -18"><span class='ocrx_word' id='word_1_166' title='bbox 137 2305 282 2358; x_wconf 77' lang='lat' dir='ltr'><strong>vius.</strong></span> <span class='ocrx_word' id='word_1_167' title='bbox 306 2301 511 2359; x_wconf 88' lang='lat' dir='ltr'><strong>Nullus</strong></span> <span class='ocrx_word' id='word_1_168' title='bbox 543 2303 816 2372; x_wconf 89' lang='lat' dir='ltr'><strong>impostor</strong></span> <span class='ocrx_word' id='word_1_169' title='bbox 837 2301 1138 2358; x_wconf 89' lang='lat' dir='ltr'><strong>Eusebium</strong></span> <span class='ocrx_word' id='word_1_170' title='bbox 1165 2301 1391 2370; x_wconf 87' lang='lat' dir='ltr'><strong>delusit,</strong></span> <span class='ocrx_word' id='word_1_171' title='bbox 1421 2303 1605 2357; x_wconf 85' lang='lat' dir='ltr'><strong>nullus</strong></span> <span class='ocrx_word' id='word_1_172' title='bbox 1632 2301 1741 2358; x_wconf 82' lang='lat' dir='ltr'><strong>Eu-</strong></span> 
     </span>
    </p>
   </div>
   <div class='ocr_carea' id='block_1_25' title="bbox 140 2397 758 2452">
    <p class='ocr_par' dir='ltr' id='par_1_25' title="bbox 140 2397 758 2452">
     <span class='ocr_line' id='line_1_25' title="bbox 140 2397 758 2452; baseline -0.002 -1"><span class='ocrx_word' id='word_1_173' title='bbox 140 2397 332 2452; x_wconf 71' lang='lat' dir='ltr'><strong>srbius</strong></span> <span class='ocrx_word' id='word_1_174' title='bbox 362 2397 758 2452; x_wconf 77' lang='lat' dir='ltr'><strong>Athanasium.</strong></span> 
     </span>
    </p>
   </div>
   <div class='ocr_carea' id='block_1_26' title="bbox 766 2529 1130 2586">
    <p class='ocr_par' dir='ltr' id='par_1_26' title="bbox 766 2529 1130 2586">
     <span class='ocr_line' id='line_1_26' title="bbox 766 2529 1130 2586; baseline -0.005 0"><span class='ocrx_word' id='word_1_175' title='bbox 766 2529 997 2586; x_wconf 72' lang='lat' dir='ltr'><strong>CAPUT</strong></span> <span class='ocrx_word' id='word_1_176' title='bbox 1037 2530 1130 2585; x_wconf 78' lang='lat' dir='ltr'><strong>1X.</strong></span> 
     </span>
    </p>
   </div>
   <div class='ocr_carea' id='block_1_27' title="bbox 145 2642 1741 2714">
    <p class='ocr_par' dir='ltr' id='par_1_27' title="bbox 145 2642 1741 2714">
     <span class='ocr_line' id='line_1_27' title="bbox 145 2642 1741 2714; baseline 0.001 -17"><span class='ocrx_word' id='word_1_177' title='bbox 145 2642 480 2698; x_wconf 72' lang='lat' dir='ltr'><strong>Testimonia</strong></span> <span class='ocrx_word' id='word_1_178' title='bbox 505 2642 563 2697; x_wconf 93' lang='lat' dir='ltr'><strong>S.</strong></span> <span class='ocrx_word' id='word_1_179' title='bbox 593 2642 956 2712; x_wconf 84' lang='lat' dir='ltr'><strong>Chrysostomi</strong></span> <span class='ocrx_word' id='word_1_180' title='bbox 983 2647 1048 2697; x_wconf 93' lang='lat' dir='ltr'><strong>ab</strong></span> <span class='ocrx_word' id='word_1_181' title='bbox 1073 2644 1452 2714; x_wconf 86' lang='lat' dir='ltr'><strong>objectionibus</strong></span> <span class='ocrx_word' id='word_1_182' title='bbox 1473 2645 1741 2699; x_wconf 79' lang='lat' dir='ltr'><strong>vindican-</strong></span> 
     </span>
    </p>
   </div>
   <div class='ocr_carea' id='block_1_28' title="bbox 217 2715 1741 2784">
    <p class='ocr_par' dir='ltr' id='par_1_28' title="bbox 217 2715 1741 2784">
     <span class='ocr_line' id='line_1_28' title="bbox 217 2715 1741 2784; baseline 0.001 -17"><span class='ocrx_word' id='word_1_183' title='bbox 217 2726 327 2768; x_wconf 89' lang='lat' dir='ltr'><strong>tur.</strong></span> <span class='ocrx_word' id='word_1_184' title='bbox 378 2717 623 2767; x_wconf 87' lang='lat' dir='ltr'><strong>Primum</strong></span> <span class='ocrx_word' id='word_1_185' title='bbox 657 2716 712 2766; x_wconf 90' lang='lat' dir='ltr'><strong>in</strong></span> <span class='ocrx_word' id='word_1_186' title='bbox 744 2718 1060 2784; x_wconf 80' lang='lat' dir='ltr'><strong>panegyrico</strong></span> <span class='ocrx_word' id='word_1_187' title='bbox 1090 2731 1155 2768; x_wconf 78' lang='lat' dir='ltr'><strong>ea:</strong></span> <span class='ocrx_word' id='word_1_188' title='bbox 1187 2715 1414 2784; x_wconf 88' lang='lat' dir='ltr'><strong>epistola</strong></span> <span class='ocrx_word' id='word_1_189' title='bbox 1449 2717 1518 2768; x_wconf 89' lang='lat' dir='ltr'><strong>ad</strong></span> <span class='ocrx_word' id='word_1_190' title='bbox 1542 2715 1741 2769; x_wconf 80' lang='lat' dir='ltr'><strong>Roma-</strong></span> 
     </span>
    </p>
   </div>
   <div class='ocr_carea' id='block_1_29' title="bbox 213 2784 1734 2856">
    <p class='ocr_par' dir='ltr' id='par_1_29' title="bbox 213 2784 1734 2856">
     <span class='ocr_line' id='line_1_29' title="bbox 213 2784 1734 2856; baseline 0.001 -19"><span class='ocrx_word' id='word_1_191' title='bbox 213 2802 334 2838; x_wconf 76' lang='lat' dir='ltr'><strong>nos.</strong></span> <span class='ocrx_word' id='word_1_192' title='bbox 362 2784 775 2856; x_wconf 79' lang='lat' dir='ltr'><strong>Chrysostomus</strong></span> <span class='ocrx_word' id='word_1_193' title='bbox 801 2785 1053 2851; x_wconf 83' lang='lat' dir='ltr'><strong>epistolas</strong></span> <span class='ocrx_word' id='word_1_194' title='bbox 1087 2784 1290 2855; x_wconf 84' lang='lat' dir='ltr'><strong>Ignatii</strong></span> <span class='ocrx_word' id='word_1_195' title='bbox 1325 2803 1418 2839; x_wconf 89' lang='lat' dir='ltr'><strong>nec</strong></span> <span class='ocrx_word' id='word_1_196' title='bbox 1446 2787 1734 2856; x_wconf 84' lang='lat' dir='ltr'><strong>ignoravit,</strong></span> 
     </span>
    </p>
   </div>
   <div class='ocr_carea' id='block_1_30' title="bbox 217 2855 1740 2924">
    <p class='ocr_par' dir='ltr' id='par_1_30' title="bbox 217 2855 1740 2924">
     <span class='ocr_line' id='line_1_30' title="bbox 217 2855 1740 2924; baseline 0.002 -17"><span class='ocrx_word' id='word_1_197' title='bbox 217 2872 310 2907; x_wconf 85' lang='lat' dir='ltr'><strong>nec</strong></span> <span class='ocrx_word' id='word_1_198' title='bbox 342 2857 679 2924; x_wconf 86' lang='lat' dir='ltr'><strong>contempsit.</strong></span> <span class='ocrx_word' id='word_1_199' title='bbox 726 2855 1054 2907; x_wconf 86' lang='lat' dir='ltr'><strong>Sententiam</strong></span> <span class='ocrx_word' id='word_1_200' title='bbox 1095 2873 1197 2908; x_wconf 86' lang='lat' dir='ltr'><strong>non</strong></span> <span class='ocrx_word' id='word_1_201' title='bbox 1238 2873 1304 2909; x_wconf 77' lang='lat' dir='ltr'><strong>ea:</strong></span> <span class='ocrx_word' id='word_1_202' title='bbox 1331 2861 1500 2919; x_wconf 79' lang='lat' dir='ltr'><strong>Actis,</strong></span> <span class='ocrx_word' id='word_1_203' title='bbox 1552 2858 1643 2912; x_wconf 89' lang='lat' dir='ltr'><strong>sed</strong></span> <span class='ocrx_word' id='word_1_204' title='bbox 1673 2873 1740 2911; x_wconf 78' lang='lat' dir='ltr'><strong>ea:</strong></span> 
     </span>
    </p>
   </div>
   <div class='ocr_carea' id='block_1_31' title="bbox 213 2923 1740 2995">
    <p class='ocr_par' dir='ltr' id='par_1_31' title="bbox 213 2923 1740 2995">
     <span class='ocr_line' id='line_1_31' title="bbox 213 2923 1740 2995; baseline 0.005 -20"><span class='ocrx_word' id='word_1_205' title='bbox 213 2926 444 2995; x_wconf 85' lang='lat' dir='ltr'><strong>epistola</strong></span> <span class='ocrx_word' id='word_1_206' title='bbox 472 2923 752 2994; x_wconf 69' lang='lat' dir='ltr'><strong>excerpsit.</strong></span> <span class='ocrx_word' id='word_1_207' title='bbox 775 2924 1074 2994; x_wconf 83' lang='lat' dir='ltr'><strong>Cyprianus</strong></span> <span class='ocrx_word' id='word_1_208' title='bbox 1101 2944 1133 2979; x_wconf 87' lang='grc' dir='ltr'><em>α</em></span> <span class='ocrx_word' id='word_1_209' title='bbox 1159 2927 1740 2995; x_wconf 82' lang='lat' dir='ltr'><strong>Chrysostomolauda-</strong></span> 
     </span>
    </p>
   </div>
   <div class='ocr_carea' id='block_1_32' title="bbox 215 2994 1735 3066">
    <p class='ocr_par' dir='ltr' id='par_1_32' title="bbox 215 2994 1735 3066">
     <span class='ocr_line' id='line_1_32' title="bbox 215 2994 1735 3066; baseline 0.004 -20"><span class='ocrx_word' id='word_1_210' title='bbox 215 3004 321 3047; x_wconf 89' lang='lat' dir='ltr'><strong>tus.</strong></span> <span class='ocrx_word' id='word_1_211' title='bbox 355 2994 748 3066; x_wconf 20' lang='lat' dir='ltr'><strong>Secundumiex</strong></span> <span class='ocrx_word' id='word_1_212' title='bbox 767 2995 989 3066; x_wconf 74' lang='lat' dir='ltr'><strong>epistola</strong></span> <span class='ocrx_word' id='word_1_213' title='bbox 1020 2997 1089 3049; x_wconf 89' lang='lat' dir='ltr'><strong>ad</strong></span> <span class='ocrx_word' id='word_1_214' title='bbox 1120 2994 1498 3066; x_wconf 80' lang='lat' dir='ltr'><strong>Polycarpum.</strong></span> <span class='ocrx_word' id='word_1_215' title='bbox 1522 2999 1735 3066; x_wconf 89' lang='lat' dir='ltr'><strong>Oratio,</strong></span> 
     </span>
    </p>
   </div>
   <div class='ocr_carea' id='block_1_33' title="bbox 212 3064 1736 3138">
    <p class='ocr_par' dir='ltr' id='par_1_33' title="bbox 212 3064 1736 3138">
     <span class='ocr_line' id='line_1_33' title="bbox 212 3064 1736 3138; baseline 0.003 -20"><span class='ocrx_word' id='word_1_216' title='bbox 212 3067 358 3135; x_wconf 85' lang='lat' dir='ltr'><strong>quod</strong></span> <span class='ocrx_word' id='word_1_217' title='bbox 389 3083 527 3119; x_wconf 90' lang='lat' dir='ltr'><strong>unus</strong></span> <span class='ocrx_word' id='word_1_218' title='bbox 556 3066 641 3138; x_wconf 82' lang='lat' dir='ltr'><strong>sit</strong></span> <span class='ocrx_word' id='word_1_219' title='bbox 672 3065 732 3118; x_wconf 82' lang='lat' dir='ltr'><strong>V.</strong></span> <span class='ocrx_word' id='word_1_220' title='bbox 759 3076 809 3119; x_wconf 91' lang='lat' dir='ltr'><strong>et</strong></span> <span class='ocrx_word' id='word_1_221' title='bbox 955 3064 1291 3138; x_wconf 13' lang='lat' dir='ltr'><strong>gTestamenti</strong></span> <span class='ocrx_word' id='word_1_222' title='bbox 1315 3064 1736 3138; x_wconf 10' lang='lat' dir='ltr'><strong>ra&#39;uctorLChryé</strong></span> 
     </span>
    </p>
   </div>
   <div class='ocr_carea' id='block_1_34' title="bbox 215 3135 1736 3206">
    <p class='ocr_par' dir='ltr' id='par_1_34' title="bbox 215 3135 1736 3206">
     <span class='ocr_line' id='line_1_34' title="bbox 215 3135 1736 3206; baseline 0.003 -18"><span class='ocrx_word' id='word_1_223' title='bbox 215 3147 453 3188; x_wconf 87' lang='lat' dir='ltr'><strong>sostomo</strong></span> <span class='ocrx_word' id='word_1_224' title='bbox 480 3137 792 3190; x_wconf 88' lang='lat' dir='ltr'><strong>ascribitur.</strong></span> <span class='ocrx_word' id='word_1_225' title='bbox 828 3135 1159 3206; x_wconf 87' lang='lat' dir='ltr'><strong>Conjecturis</strong></span> <span class='ocrx_word' id='word_1_226' title='bbox 1193 3136 1388 3191; x_wconf 89' lang='lat' dir='ltr'><strong>Savilii</strong></span> <span class='ocrx_word' id='word_1_227' title='bbox 1427 3147 1477 3192; x_wconf 89' lang='lat' dir='ltr'><strong>et</strong></span> <span class='ocrx_word' id='word_1_228' title='bbox 1532 3135 1736 3193; x_wconf 76' lang='lat' dir='ltr'><strong>Usserii</strong></span> 
     </span>
    </p>
   </div>
   <div class='ocr_carea' id='block_1_35' title="bbox 214 3207 587 3275">
    <p class='ocr_par' dir='ltr' id='par_1_35' title="bbox 214 3207 587 3275">
     <span class='ocr_line' id='line_1_35' title="bbox 214 3207 587 3275; baseline 0.005 -17"><span class='ocrx_word' id='word_1_229' title='bbox 214 3207 587 3275; x_wconf 76' lang='lat' dir='ltr'><strong>respondetur.</strong></span> 
     </span>
    </p>
   </div>
   <div class='ocr_carea' id='block_1_36' title="bbox 214 3319 1739 3392">
    <p class='ocr_par' dir='ltr' id='par_1_36' title="bbox 214 3319 1739 3392">
     <span class='ocr_line' id='line_1_36' title="bbox 214 3319 1739 3392; baseline 0.005 -20"><span class='ocrx_word' id='word_1_230' title='bbox 214 3319 336 3376; x_wconf 89' lang='lat' dir='ltr'><strong>Duo</strong></span> <span class='ocrx_word' id='word_1_231' title='bbox 369 3321 686 3375; x_wconf 87' lang='lat' dir='ltr'><strong>testimonia</strong></span> <span class='ocrx_word' id='word_1_232' title='bbox 710 3336 740 3375; x_wconf 90' lang='lat' dir='ltr'><strong>e</strong></span> <span class='ocrx_word' id='word_1_233' title='bbox 763 3320 819 3375; x_wconf 92' lang='lat' dir='ltr'><strong>S.</strong></span> <span class='ocrx_word' id='word_1_234' title='bbox 841 3320 1244 3392; x_wconf 84' lang='lat' dir='ltr'><strong>Cbrysostomo</strong></span> <span class='ocrx_word' id='word_1_235' title='bbox 1267 3321 1581 3389; x_wconf 79' lang='lat' dir='ltr'><strong>eduximus,</strong></span> <span class='ocrx_word' id='word_1_236' title='bbox 1608 3321 1739 3378; x_wconf 84' lang='lat' dir='ltr'><strong>licet</strong></span> 
     </span>
    </p>
   </div>
   <div class='ocr_carea' id='block_1_37' title="bbox 138 3410 1734 3483">
    <p class='ocr_par' dir='ltr' id='par_1_37' title="bbox 138 3410 1734 3483">
     <span class='ocr_line' id='line_1_37' title="bbox 138 3410 1734 3483; baseline 0.003 -19"><span class='ocrx_word' id='word_1_237' title='bbox 138 3410 383 3468; x_wconf 64' lang='lat' dir='ltr'><strong>Dallzus</strong></span> <span class='ocrx_word' id='word_1_238' title='bbox 426 3411 839 3467; x_wconf 85' lang='lat' dir='ltr'><strong>llammondum</strong></span> <span class='ocrx_word' id='word_1_239' title='bbox 887 3413 1095 3480; x_wconf 85' lang='lat' dir='ltr'><strong>laudet,</strong></span> <span class='ocrx_word' id='word_1_240' title='bbox 1144 3413 1291 3483; x_wconf 87' lang='lat' dir='ltr'><strong>quod</strong></span> <span class='ocrx_word' id='word_1_241' title='bbox 1340 3413 1489 3468; x_wconf 93' lang='lat' dir='ltr'><strong>hunc</strong></span> <span class='ocrx_word' id='word_1_242' title='bbox 1541 3423 1734 3469; x_wconf 79' lang='lat' dir='ltr'><strong>testem</strong></span> 
     </span>
    </p>
   </div>
   <div class='ocr_carea' id='block_1_38' title="bbox 133 3504 1740 3577">
    <p class='ocr_par' dir='ltr' id='par_1_38' title="bbox 133 3504 1740 3577">
     <span class='ocr_line' id='line_1_38' title="bbox 133 3504 1740 3577; baseline 0.002 -21"><span class='ocrx_word' id='word_1_243' title='bbox 133 3505 433 3570; x_wconf 88' lang='lat' dir='ltr'><strong>omiserit;</strong></span> <span class='ocrx_word' id='word_1_244' title='bbox 465 3513 519 3559; x_wconf 90' lang='lat' dir='ltr'><strong>et</strong></span> <span class='ocrx_word' id='word_1_245' title='bbox 551 3504 605 3558; x_wconf 92' lang='lat' dir='ltr'><strong>in</strong></span> <span class='ocrx_word' id='word_1_246' title='bbox 629 3519 698 3559; x_wconf 93' lang='lat' dir='ltr'><strong>eo</strong></span> <span class='ocrx_word' id='word_1_247' title='bbox 731 3505 1313 3574; x_wconf 83' lang='lat' dir='ltr'><strong>maximetrinmphet,</strong></span> <span class='ocrx_word' id='word_1_248' title='bbox 1339 3505 1486 3576; x_wconf 88' lang='lat' dir='ltr'><strong>quod</strong></span> <span class='ocrx_word' id='word_1_249' title='bbox 1518 3505 1574 3560; x_wconf 88' lang='lat' dir='ltr'><strong>in</strong></span> <span class='ocrx_word' id='word_1_250' title='bbox 1598 3521 1740 3577; x_wconf 65' lang='lat' dir='ltr'><strong>prie-</strong></span> 
     </span>
    </p>
   </div>
   <div class='ocr_carea' id='block_1_39' title="bbox 133 3595 1733 3668">
    <p class='ocr_par' dir='ltr' id='par_1_39' title="bbox 133 3595 1733 3668">
     <span class='ocr_line' id='line_1_39' title="bbox 133 3595 1733 3668; baseline 0.001 -18"><span class='ocrx_word' id='word_1_251' title='bbox 133 3599 286 3651; x_wconf 83' lang='lat' dir='ltr'><strong>clara</strong></span> <span class='ocrx_word' id='word_1_252' title='bbox 312 3597 592 3663; x_wconf 90' lang='lat' dir='ltr'><strong>oratione,</strong></span> <span class='ocrx_word' id='word_1_253' title='bbox 625 3613 792 3667; x_wconf 89' lang='lat' dir='ltr'><strong>quam</strong></span> <span class='ocrx_word' id='word_1_254' title='bbox 825 3598 892 3652; x_wconf 89' lang='lat' dir='ltr'><strong>de</strong></span> <span class='ocrx_word' id='word_1_255' title='bbox 924 3599 1190 3668; x_wconf 82' lang='lat' dir='ltr'><strong>martyrio</strong></span> <span class='ocrx_word' id='word_1_256' title='bbox 1219 3595 1278 3652; x_wconf 90' lang='lat' dir='ltr'><strong>S.</strong></span> <span class='ocrx_word' id='word_1_257' title='bbox 1309 3595 1733 3668; x_wconf 87' lang='lat' dir='ltr'><strong>lgnatiihabuit,</strong></span> 
     </span>
    </p>
   </div>
   <div class='ocr_carea' id='block_1_40' title="bbox 132 3691 1737 3762">
    <p class='ocr_par' dir='ltr' id='par_1_40' title="bbox 132 3691 1737 3762">
     <span class='ocr_line' id='line_1_40' title="bbox 132 3691 1737 3762; baseline 0 -16"><span class='ocrx_word' id='word_1_258' title='bbox 132 3692 506 3760; x_wconf 84' lang='lat' dir='ltr'><strong>epistolarum</strong></span> <span class='ocrx_word' id='word_1_259' title='bbox 547 3693 668 3762; x_wconf 88' lang='lat' dir='ltr'><strong>ejus</strong></span> <span class='ocrx_word' id='word_1_260' title='bbox 702 3692 912 3745; x_wconf 88' lang='lat' dir='ltr'><strong>nullam</strong></span> <span class='ocrx_word' id='word_1_261' title='bbox 958 3693 1295 3746; x_wconf 88' lang='lat' dir='ltr'><strong>mentionem</strong></span> <span class='ocrx_word' id='word_1_262' title='bbox 1326 3691 1551 3760; x_wconf 80' lang='lat' dir='ltr'><strong>fecerit;</strong></span> <span class='ocrx_word' id='word_1_263' title='bbox 1584 3692 1737 3746; x_wconf 83' lang='lat' dir='ltr'><strong>inde-</strong></span> 
     </span>
    </p>
   </div>
   <div class='ocr_carea' id='block_1_41' title="bbox 135 3784 1734 3857">
    <p class='ocr_par' dir='ltr' id='par_1_41' title="bbox 135 3784 1734 3857">
     <span class='ocr_line' id='line_1_41' title="bbox 135 3784 1734 3857; baseline 0 -19"><span class='ocrx_word' id='word_1_264' title='bbox 135 3801 244 3853; x_wconf 85' lang='lat' dir='ltr'><strong>que</strong></span> <span class='ocrx_word' id='word_1_265' title='bbox 285 3784 536 3855; x_wconf 83' lang='lat' dir='ltr'><strong>colligat,</strong></span> <span class='ocrx_word' id='word_1_266' title='bbox 579 3793 674 3838; x_wconf 88' lang='lat' dir='ltr'><strong>aut</strong></span> <span class='ocrx_word' id='word_1_267' title='bbox 707 3800 834 3838; x_wconf 89' lang='lat' dir='ltr'><strong>eum</strong></span> <span class='ocrx_word' id='word_1_268' title='bbox 861 3785 982 3839; x_wconf 87' lang='lat' dir='ltr'><strong>illas</strong></span> <span class='ocrx_word' id='word_1_269' title='bbox 1021 3785 1326 3857; x_wconf 79' lang='lat' dir='ltr'><strong>ignorasse,</strong></span> <span class='ocrx_word' id='word_1_270' title='bbox 1358 3785 1504 3854; x_wconf 86' lang='lat' dir='ltr'><strong>quod</strong></span> <span class='ocrx_word' id='word_1_271' title='bbox 1535 3787 1734 3840; x_wconf 78' lang='lat' dir='ltr'><strong>verisi-</strong></span> 
     </span>
    </p>
   </div>
   <div class='ocr_carea' id='block_1_42' title="bbox 135 3875 1734 3947">
    <p class='ocr_par' dir='ltr' id='par_1_42' title="bbox 135 3875 1734 3947">
     <span class='ocr_line' id='line_1_42' title="bbox 135 3875 1734 3947; baseline 0.003 -19"><span class='ocrx_word' id='word_1_272' title='bbox 135 3877 268 3930; x_wconf 84' lang='lat' dir='ltr'><strong>mile</strong></span> <span class='ocrx_word' id='word_1_273' title='bbox 296 3892 413 3929; x_wconf 90' lang='lat' dir='ltr'><strong>non</strong></span> <span class='ocrx_word' id='word_1_274' title='bbox 447 3885 675 3942; x_wconf 87' lang='lat' dir='ltr'><strong>est;aut</strong></span> <span class='ocrx_word' id='word_1_275' title='bbox 697 3877 1116 3945; x_wconf 89' lang='lat' dir='ltr'><strong>contempsisse,</strong></span> <span class='ocrx_word' id='word_1_276' title='bbox 1145 3877 1289 3944; x_wconf 91' lang='lat' dir='ltr'><strong>quod</strong></span> <span class='ocrx_word' id='word_1_277' title='bbox 1321 3875 1502 3947; x_wconf 89' lang='lat' dir='ltr'><strong>potius</strong></span> <span class='ocrx_word' id='word_1_278' title='bbox 1525 3877 1734 3946; x_wconf 90' lang='lat' dir='ltr'><strong>ample-</strong></span> 
     </span>
    </p>
   </div>
   <div class='ocr_carea' id='block_1_43' title="bbox 134 3967 1734 4038">
    <p class='ocr_par' dir='ltr' id='par_1_43' title="bbox 134 3967 1734 4038">
     <span class='ocr_line' id='line_1_43' title="bbox 134 3967 1734 4038; baseline 0.003 -17"><span class='ocrx_word' id='word_1_279' title='bbox 134 3970 336 4032; x_wconf 83' lang='lat' dir='ltr'><strong>ctitur,</strong></span> <span class='ocrx_word' id='word_1_280' title='bbox 368 3969 622 4037; x_wconf 83' lang='lat' dir='ltr'><strong>adeoque</strong></span> <span class='ocrx_word' id='word_1_281' title='bbox 652 3967 846 4037; x_wconf 89' lang='lat' dir='ltr'><strong>lgnatii</strong></span> <span class='ocrx_word' id='word_1_282' title='bbox 884 3983 1012 4022; x_wconf 87' lang='lat' dir='ltr'><strong>vere</strong></span> <span class='ocrx_word' id='word_1_283' title='bbox 1040 3985 1162 4023; x_wconf 86' lang='lat' dir='ltr'><strong>esse</strong></span> <span class='ocrx_word' id='word_1_284' title='bbox 1196 3985 1305 4023; x_wconf 90' lang='lat' dir='ltr'><strong>non</strong></span> <span class='ocrx_word' id='word_1_285' title='bbox 1340 3978 1580 4038; x_wconf 90' lang='lat' dir='ltr'><strong>putasse.</strong></span> <span class='ocrx_word' id='word_1_286' title='bbox 1623 3969 1734 4025; x_wconf 84' lang='lat' dir='ltr'><strong>Nos</strong></span> 
     </span>
    </p>
   </div>
   <div class='ocr_carea' id='block_1_44' title="bbox 136 4059 1732 4132">
    <p class='ocr_par' dir='ltr' id='par_1_44' title="bbox 136 4059 1732 4132">
     <span class='ocr_line' id='line_1_44' title="bbox 136 4059 1732 4132; baseline 0.003 -22"><span class='ocrx_word' id='word_1_287' title='bbox 136 4068 325 4112; x_wconf 83' lang='lat' dir='ltr'><strong>autem</strong></span> <span class='ocrx_word' id='word_1_288' title='bbox 359 4059 790 4113; x_wconf 84' lang='lat' dir='ltr'><strong>disertissimam</strong></span> <span class='ocrx_word' id='word_1_289' title='bbox 833 4062 1161 4114; x_wconf 89' lang='lat' dir='ltr'><strong>sententiam</strong></span> <span class='ocrx_word' id='word_1_290' title='bbox 1189 4062 1540 4130; x_wconf 80' lang='lat' dir='ltr'><strong>adduximus,</strong></span> <span class='ocrx_word' id='word_1_291' title='bbox 1566 4078 1732 4132; x_wconf 91' lang='lat' dir='ltr'><strong>quam</strong></span> 
     </span>
    </p>
   </div>
   <div class='ocr_carea' id='block_1_45' title="bbox 135 4153 1732 4226">
    <p class='ocr_par' dir='ltr' id='par_1_45' title="bbox 135 4153 1732 4226">
     <span class='ocr_line' id='line_1_45' title="bbox 135 4153 1732 4226; baseline 0.004 -22"><span class='ocrx_word' id='word_1_292' title='bbox 135 4153 583 4224; x_wconf 81' lang='lat' dir='ltr'><strong>Chrysostomus</strong></span> <span class='ocrx_word' id='word_1_293' title='bbox 631 4154 685 4207; x_wconf 90' lang='lat' dir='ltr'><strong>in</strong></span> <span class='ocrx_word' id='word_1_294' title='bbox 739 4155 831 4209; x_wconf 91' lang='lat' dir='ltr'><strong>illa</strong></span> <span class='ocrx_word' id='word_1_295' title='bbox 865 4154 983 4224; x_wconf 83' lang='lat' dir='ltr'><strong>ipsa</strong></span> <span class='ocrx_word' id='word_1_296' title='bbox 1027 4156 1277 4210; x_wconf 86' lang='lat' dir='ltr'><strong>oratione</strong></span> <span class='ocrx_word' id='word_1_297' title='bbox 1308 4170 1375 4210; x_wconf 84' lang='lat' dir='ltr'><strong>ex</strong></span> <span class='ocrx_word' id='word_1_298' title='bbox 1406 4157 1633 4226; x_wconf 90' lang='lat' dir='ltr'><strong>epistola</strong></span> <span class='ocrx_word' id='word_1_299' title='bbox 1665 4158 1732 4211; x_wconf 88' lang='lat' dir='ltr'><strong>ad</strong></span> 
     </span>
    </p>
   </div>
   <div class='ocr_carea' id='block_1_46' title="bbox 137 4244 1731 4320">
    <p class='ocr_par' dir='ltr' id='par_1_46' title="bbox 137 4244 1731 4320">
     <span class='ocr_line' id='line_1_46' title="bbox 137 4244 1731 4320; baseline 0.003 -23"><span class='ocrx_word' id='word_1_300' title='bbox 137 4244 430 4302; x_wconf 76' lang='lat' dir='ltr'><strong>Romanos</strong></span> <span class='ocrx_word' id='word_1_301' title='bbox 460 4247 838 4318; x_wconf 87' lang='lat' dir='ltr'><strong>transcripsit;</strong></span> <span class='ocrx_word' id='word_1_302' title='bbox 868 4264 1046 4317; x_wconf 90' lang='lat' dir='ltr'><strong>neque</strong></span> <span class='ocrx_word' id='word_1_303' title='bbox 1078 4249 1243 4318; x_wconf 85' lang='lat' dir='ltr'><strong>igitur</strong></span> <span class='ocrx_word' id='word_1_304' title='bbox 1283 4264 1404 4302; x_wconf 90' lang='lat' dir='ltr'><strong>eam</strong></span> <span class='ocrx_word' id='word_1_305' title='bbox 1438 4249 1731 4320; x_wconf 85' lang='lat' dir='ltr'><strong>ignoravit,</strong></span> 
     </span>
    </p>
   </div>
   <div class='ocr_carea' id='block_1_47' title="bbox 137 4339 1728 4420">
    <p class='ocr_par' dir='ltr' id='par_1_47' title="bbox 137 4339 1728 4410">
     <span class='ocr_line' id='line_1_47' title="bbox 137 4339 1728 4410; baseline 0.004 -20"><span class='ocrx_word' id='word_1_306' title='bbox 137 4354 321 4408; x_wconf 88' lang='lat' dir='ltr'><strong>neque</strong></span> <span class='ocrx_word' id='word_1_307' title='bbox 344 4339 712 4407; x_wconf 84' lang='lat' dir='ltr'><strong>contempsit;</strong></span> <span class='ocrx_word' id='word_1_308' title='bbox 747 4339 860 4393; x_wconf 90' lang='lat' dir='ltr'><strong>imo</strong></span> <span class='ocrx_word' id='word_1_309' title='bbox 892 4355 990 4408; x_wconf 92' lang='lat' dir='ltr'><strong>pro</strong></span> <span class='ocrx_word' id='word_1_310' title='bbox 1032 4355 1157 4395; x_wconf 86' lang='lat' dir='ltr'><strong>vere</strong></span> <span class='ocrx_word' id='word_1_311' title='bbox 1199 4339 1481 4410; x_wconf 86' lang='lat' dir='ltr'><strong>lgnatiana</strong></span> <span class='ocrx_word' id='word_1_312' title='bbox 1516 4341 1728 4408; x_wconf 81' lang='lat' dir='ltr'><strong>habuit,</strong></span> 
     </span>
    </p>
   </div>
   <div class='ocr_carea' id='block_1_48' title="bbox 137 4432 1734 4503">
    <p class='ocr_par' dir='ltr' id='par_1_48' title="bbox 137 4432 1734 4503">
     <span class='ocr_line' id='line_1_48' title="bbox 137 4432 1734 4503; baseline 0.003 -19"><span class='ocrx_word' id='word_1_313' title='bbox 137 4432 298 4486; x_wconf 82' lang='lat' dir='ltr'><strong>aliter</strong></span> <span class='ocrx_word' id='word_1_314' title='bbox 348 4447 637 4502; x_wconf 76' lang='lat' dir='ltr'><strong>nunquam</strong></span> <span class='ocrx_word' id='word_1_315' title='bbox 704 4432 758 4486; x_wconf 90' lang='lat' dir='ltr'><strong>in</strong></span> <span class='ocrx_word' id='word_1_316' title='bbox 827 4432 1081 4503; x_wconf 81' lang='lat' dir='ltr'><strong>panegyri</strong></span> <span class='ocrx_word' id='word_1_317' title='bbox 1136 4434 1296 4487; x_wconf 83' lang='lat' dir='ltr'><strong>verba</strong></span> <span class='ocrx_word' id='word_1_318' title='bbox 1351 4434 1469 4503; x_wconf 87' lang='lat' dir='ltr'><strong>ejus</strong></span> <span class='ocrx_word' id='word_1_319' title='bbox 1505 4435 1734 4489; x_wconf 88' lang='lat' dir='ltr'><strong>recitas-</strong></span> 
     </span>
    </p>
   </div>
   <div class='ocr_carea' id='block_1_49' title="bbox 1851 553 3444 628">
    <p class='ocr_par' dir='ltr' id='par_1_49' title="bbox 1851 553 3444 628">
     <span class='ocr_line' id='line_1_49' title="bbox 1851 553 3444 628; baseline 0.005 -22"><span class='ocrx_word' id='word_1_320' title='bbox 1851 553 2058 606; x_wconf 84' lang='lat' dir='ltr'><strong>videtur</strong></span> <span class='ocrx_word' id='word_1_321' title='bbox 2084 554 2265 606; x_wconf 79' lang='lat' dir='ltr'><strong>audax</strong></span> <span class='ocrx_word' id='word_1_322' title='bbox 2296 569 2439 616; x_wconf 87' lang='lat' dir='ltr'><strong>esse;</strong></span> <span class='ocrx_word' id='word_1_323' title='bbox 2473 563 2647 608; x_wconf 86' lang='lat' dir='ltr'><strong>tamen</strong></span> <span class='ocrx_word' id='word_1_324' title='bbox 2668 555 2875 609; x_wconf 91' lang='lat' dir='ltr'><strong>locutus</strong></span> <span class='ocrx_word' id='word_1_325' title='bbox 2890 567 2969 610; x_wconf 88' lang='lat' dir='ltr'><strong>est</strong></span> <span class='ocrx_word' id='word_1_326' title='bbox 2997 575 3015 611; x_wconf 88' lang='lat'><strong><em>:</em></strong></span> <span class='ocrx_word' id='word_1_327' title='bbox 3042 559 3170 627; x_wconf 86' lang='lat' dir='ltr'><strong>quid</strong></span> <span class='ocrx_word' id='word_1_328' title='bbox 3189 561 3309 628; x_wconf 89' lang='lat' dir='ltr'><strong>jam</strong></span> <span class='ocrx_word' id='word_1_329' title='bbox 3347 561 3444 614; x_wconf 84' lang='lat' dir='ltr'><strong>hoc</strong></span> 
     </span>
    </p>
   </div>
   <div class='ocr_carea' id='block_1_50' title="bbox 1848 646 3445 720">
    <p class='ocr_par' dir='ltr' id='par_1_50' title="bbox 1848 646 3445 720">
     <span class='ocr_line' id='line_1_50' title="bbox 1848 646 3445 720; baseline 0.006 -23"><span class='ocrx_word' id='word_1_330' title='bbox 1848 646 1967 698; x_wconf 86' lang='lat' dir='ltr'><strong>est?</strong></span> <span class='ocrx_word' id='word_1_331' title='bbox 1995 661 2057 697; x_wconf 89' lang='lat' dir='ltr'><strong>ne</strong></span> <span class='ocrx_word' id='word_1_332' title='bbox 2099 647 2346 715; x_wconf 84' lang='lat' dir='ltr'><strong>martyrii</strong></span> <span class='ocrx_word' id='word_1_333' title='bbox 2384 647 2595 716; x_wconf 88' lang='lat' dir='ltr'><strong>quidem</strong></span> <span class='ocrx_word' id='word_1_334' title='bbox 2637 651 2951 718; x_wconf 86' lang='lat' dir='ltr'><strong>sanguinem</strong></span> <span class='ocrx_word' id='word_1_335' title='bbox 3006 662 3281 720; x_wconf 86' lang='lat' dir='ltr'><strong>peccatum</strong></span> <span class='ocrx_word' id='word_1_336' title='bbox 3348 653 3445 707; x_wconf 85' lang='lat' dir='ltr'><strong>hoc</strong></span> 
     </span>
    </p>
   </div>
   <div class='ocr_carea' id='block_1_51' title="bbox 1849 739 3442 810">
    <p class='ocr_par' dir='ltr' id='par_1_51' title="bbox 1849 739 3442 810">
     <span class='ocr_line' id='line_1_51' title="bbox 1849 739 3442 810; baseline 0.006 -18"><span class='ocrx_word' id='word_1_337' title='bbox 1849 739 2168 794; x_wconf 87' lang='lat' dir='ltr'><strong>schismatis</strong></span> <span class='ocrx_word' id='word_1_338' title='bbox 2219 739 2391 794; x_wconf 88' lang='lat' dir='ltr'><strong>eluere</strong></span> <span class='ocrx_word' id='word_1_339' title='bbox 2432 757 2583 810; x_wconf 86' lang='lat' dir='ltr'><strong>posse</strong></span> <span class='ocrx_word' id='word_1_340' title='bbox 2609 741 2777 796; x_wconf 77' lang='lat' dir='ltr'><strong>dixit.</strong></span> <span class='ocrx_word' id='word_1_341' title='bbox 2813 742 3080 809; x_wconf 81' lang='lat' dir='ltr'><strong>Quamvis</strong></span> <span class='ocrx_word' id='word_1_342' title='bbox 3110 754 3297 800; x_wconf 91' lang='lat' dir='ltr'><strong>autem</strong></span> <span class='ocrx_word' id='word_1_343' title='bbox 3342 761 3442 800; x_wconf 85' lang='lat' dir='ltr'><strong>ne-</strong></span> 
     </span>
    </p>
   </div>
   <div class='ocr_carea' id='block_1_52' title="bbox 1849 833 3444 910">
    <p class='ocr_par' dir='ltr' id='par_1_52' title="bbox 1849 833 3444 910">
     <span class='ocr_line' id='line_1_52' title="bbox 1849 833 3444 910; baseline 0.004 -24"><span class='ocrx_word' id='word_1_344' title='bbox 1849 833 2051 887; x_wconf 89' lang='lat' dir='ltr'><strong>miuem</strong></span> <span class='ocrx_word' id='word_1_345' title='bbox 2078 833 2342 899; x_wconf 90' lang='lat' dir='ltr'><strong>nominet,</strong></span> <span class='ocrx_word' id='word_1_346' title='bbox 2363 835 2615 904; x_wconf 88' lang='lat' dir='ltr'><strong>quamvis</strong></span> <span class='ocrx_word' id='word_1_347' title='bbox 2639 845 2723 890; x_wconf 89' lang='lat' dir='ltr'><strong>ter</strong></span> <span class='ocrx_word' id='word_1_348' title='bbox 2751 836 2952 892; x_wconf 75' lang='lat' dir='ltr'><strong>dixisse</strong></span> <span class='ocrx_word' id='word_1_349' title='bbox 2981 853 3371 910; x_wconf 79' lang='lat' dir='ltr'><strong>eum,nunqua</strong></span> <span class='ocrx_word' id='word_1_350' title='bbox 3392 854 3444 892; x_wconf 94' lang='lat' dir='ltr'><strong>m</strong></span> 
     </span>
    </p>
   </div>
   <div class='ocr_carea' id='block_1_53' title="bbox 1849 925 3427 995">
    <p class='ocr_par' dir='ltr' id='par_1_53' title="bbox 1849 925 3427 995">
     <span class='ocr_line' id='line_1_53' title="bbox 1849 925 3427 995; baseline 0.006 -15"><span class='ocrx_word' id='word_1_351' title='bbox 1849 935 2031 980; x_wconf 88' lang='lat' dir='ltr'><strong>autem</strong></span> <span class='ocrx_word' id='word_1_352' title='bbox 2056 925 2327 995; x_wconf 81' lang='lat' dir='ltr'><strong>scripsisse</strong></span> <span class='ocrx_word' id='word_1_353' title='bbox 2350 926 2451 981; x_wconf 89' lang='lat' dir='ltr'><strong>ista</strong></span> <span class='ocrx_word' id='word_1_354' title='bbox 2477 937 2710 995; x_wconf 87' lang='lat' dir='ltr'><strong>asserat,</strong></span> <span class='ocrx_word' id='word_1_355' title='bbox 2728 945 2836 982; x_wconf 92' lang='lat' dir='ltr'><strong>non</strong></span> <span class='ocrx_word' id='word_1_356' title='bbox 2855 939 3036 985; x_wconf 86' lang='lat' dir='ltr'><strong>tamen</strong></span> <span class='ocrx_word' id='word_1_357' title='bbox 3061 931 3427 989; x_wconf 89' lang='lat' dir='ltr'><strong>dubitandum</strong></span> 
     </span>
    </p>
   </div>
   <div class='ocr_carea' id='block_1_54' title="bbox 1848 1018 3428 1092">
    <p class='ocr_par' dir='ltr' id='par_1_54' title="bbox 1848 1018 3428 1092">
     <span class='ocr_line' id='line_1_54' title="bbox 1848 1018 3428 1092; baseline 0.007 -20"><span class='ocrx_word' id='word_1_358' title='bbox 1848 1031 1970 1072; x_wconf 88' lang='lat' dir='ltr'><strong>csse</strong></span> <span class='ocrx_word' id='word_1_359' title='bbox 1993 1018 2188 1083; x_wconf 89' lang='lat' dir='ltr'><strong>sentio,</strong></span> <span class='ocrx_word' id='word_1_360' title='bbox 2215 1019 2346 1088; x_wconf 93' lang='lat' dir='ltr'><strong>quin</strong></span> <span class='ocrx_word' id='word_1_361' title='bbox 2369 1018 2428 1073; x_wconf 90' lang='lat' dir='ltr'><strong>S.</strong></span> <span class='ocrx_word' id='word_1_362' title='bbox 2455 1019 2789 1090; x_wconf 80' lang='lat' dir='ltr'><strong>Cyprianum</strong></span> <span class='ocrx_word' id='word_1_363' title='bbox 2821 1021 3172 1092; x_wconf 79' lang='lat' dir='ltr'><strong>intellexerit,</strong></span> <span class='ocrx_word' id='word_1_364' title='bbox 3201 1034 3255 1080; x_wconf 90' lang='lat' dir='ltr'><strong>et</strong></span> <span class='ocrx_word' id='word_1_365' title='bbox 3274 1025 3428 1082; x_wconf 85' lang='lat' dir='ltr'><strong>libel-</strong></span> 
     </span>
    </p>
   </div>
   <div class='ocr_carea' id='block_1_55' title="bbox 1848 1105 3429 1184">
    <p class='ocr_par' dir='ltr' id='par_1_55' title="bbox 1848 1105 3429 1184">
     <span class='ocr_line' id='line_1_55' title="bbox 1848 1105 3429 1184; baseline 0.008 -23"><span class='ocrx_word' id='word_1_366' title='bbox 1848 1107 1961 1161; x_wconf 91' lang='lat' dir='ltr'><strong>lum</strong></span> <span class='ocrx_word' id='word_1_367' title='bbox 1992 1105 2060 1160; x_wconf 90' lang='lat' dir='ltr'><strong>de</strong></span> <span class='ocrx_word' id='word_1_368' title='bbox 2088 1108 2298 1162; x_wconf 89' lang='lat' dir='ltr'><strong>unitate</strong></span> <span class='ocrx_word' id='word_1_369' title='bbox 2323 1107 2582 1165; x_wconf 56' lang='lat' dir='ltr'><strong>Ecclesia</strong></span> <span class='ocrx_word' id='word_1_370' title='bbox 2614 1113 2949 1180; x_wconf 80' lang='lat' dir='ltr'><strong>respexerit,</strong></span> <span class='ocrx_word' id='word_1_371' title='bbox 2985 1115 3038 1167; x_wconf 93' lang='lat' dir='ltr'><strong>in</strong></span> <span class='ocrx_word' id='word_1_372' title='bbox 3072 1131 3181 1184; x_wconf 92' lang='lat' dir='ltr'><strong>quo</strong></span> <span class='ocrx_word' id='word_1_373' title='bbox 3215 1116 3318 1172; x_wconf 91' lang='lat' dir='ltr'><strong>ista</strong></span> <span class='ocrx_word' id='word_1_374' title='bbox 3360 1118 3429 1175; x_wconf 83' lang='lat' dir='ltr'><strong>de</strong></span> 
     </span>
    </p>
   </div>
   <div class='ocr_carea' id='block_1_56' title="bbox 1849 1199 3429 1269">
    <p class='ocr_par' dir='ltr' id='par_1_56' title="bbox 1849 1199 3429 1269">
     <span class='ocr_line' id='line_1_56' title="bbox 1849 1199 3429 1269; baseline 0.006 -15"><span class='ocrx_word' id='word_1_375' title='bbox 1849 1199 2218 1254; x_wconf 88' lang='lat' dir='ltr'><strong>schismaticis</strong></span> <span class='ocrx_word' id='word_1_376' title='bbox 2249 1200 2484 1269; x_wconf 80' lang='lat' dir='ltr'><strong>legimus</strong></span> <span class='ocrx_word' id='word_1_377' title='bbox 2512 1219 2526 1255; x_wconf 87' lang='lat'><strong>:</strong></span> <span class='ocrx_word' id='word_1_378' title='bbox 2570 1201 2722 1256; x_wconf 88' lang='lat' dir='ltr'><strong>Tales</strong></span> <span class='ocrx_word' id='word_1_379' title='bbox 2750 1206 2911 1258; x_wconf 87' lang='lat' dir='ltr'><strong>etiam</strong></span> <span class='ocrx_word' id='word_1_380' title='bbox 2941 1206 2987 1259; x_wconf 90' lang='lat' dir='ltr'><strong>si</strong></span> <span class='ocrx_word' id='word_1_381' title='bbox 3020 1209 3182 1261; x_wconf 87' lang='lat' dir='ltr'><strong>occisi</strong></span> <span class='ocrx_word' id='word_1_382' title='bbox 3216 1209 3271 1261; x_wconf 89' lang='lat' dir='ltr'><strong>in</strong></span> <span class='ocrx_word' id='word_1_383' title='bbox 3303 1227 3429 1264; x_wconf 86' lang='lat' dir='ltr'><strong>con-</strong></span> 
     </span>
    </p>
   </div>
   <div class='ocr_carea' id='block_1_57' title="bbox 1849 1287 3426 1369">
    <p class='ocr_par' dir='ltr' id='par_1_57' title="bbox 1849 1287 3426 1369">
     <span class='ocr_line' id='line_1_57' title="bbox 1849 1287 3426 1369; baseline 0.008 -29"><span class='ocrx_word' id='word_1_384' title='bbox 1849 1287 2075 1358; x_wconf 78' lang='lat' dir='ltr'><strong>fessione</strong></span> <span class='ocrx_word' id='word_1_385' title='bbox 2117 1291 2348 1343; x_wconf 79' lang='lat' dir='ltr'><strong>nominis</strong></span> <span class='ocrx_word' id='word_1_386' title='bbox 2395 1291 2611 1358; x_wconf 84' lang='lat' dir='ltr'><strong>fuerint,</strong></span> <span class='ocrx_word' id='word_1_387' title='bbox 2644 1297 2854 1348; x_wconf 83' lang='lat' dir='ltr'><strong>macula</strong></span> <span class='ocrx_word' id='word_1_388' title='bbox 2897 1297 3005 1350; x_wconf 90' lang='lat' dir='ltr'><strong>ista</strong></span> <span class='ocrx_word' id='word_1_389' title='bbox 3050 1315 3143 1350; x_wconf 87' lang='lat' dir='ltr'><strong>uec</strong></span> <span class='ocrx_word' id='word_1_390' title='bbox 3173 1301 3426 1369; x_wconf 81' lang='lat' dir='ltr'><strong>sanguine</strong></span> 
     </span>
    </p>
   </div>
   <div class='ocr_carea' id='block_1_58' title="bbox 1846 1379 3426 1458">
    <p class='ocr_par' dir='ltr' id='par_1_58' title="bbox 1846 1379 3426 1458">
     <span class='ocr_line' id='line_1_58' title="bbox 1846 1379 3426 1458; baseline 0.008 -24"><span class='ocrx_word' id='word_1_391' title='bbox 1846 1380 2068 1436; x_wconf 88' lang='lat' dir='ltr'><strong>eluitur.</strong></span> <span class='ocrx_word' id='word_1_392' title='bbox 2113 1379 2462 1450; x_wconf 77' lang='lat' dir='ltr'><strong>Inexpiabilis</strong></span> <span class='ocrx_word' id='word_1_393' title='bbox 2504 1394 2553 1437; x_wconf 88' lang='lat' dir='ltr'><strong>et</strong></span> <span class='ocrx_word' id='word_1_394' title='bbox 2594 1388 2768 1454; x_wconf 88' lang='lat' dir='ltr'><strong>gravis</strong></span> <span class='ocrx_word' id='word_1_395' title='bbox 2819 1387 2976 1458; x_wconf 88' lang='lat' dir='ltr'><strong>culpa</strong></span> <span class='ocrx_word' id='word_1_396' title='bbox 3009 1389 3288 1446; x_wconf 64' lang='lat' dir='ltr'><strong>discordiis</strong></span> <span class='ocrx_word' id='word_1_397' title='bbox 3333 1409 3426 1447; x_wconf 85' lang='lat' dir='ltr'><strong>nec</strong></span> 
     </span>
    </p>
   </div>
   <div class='ocr_carea' id='block_1_59' title="bbox 1845 1473 3425 1551">
    <p class='ocr_par' dir='ltr' id='par_1_59' title="bbox 1845 1473 3425 1551">
     <span class='ocr_line' id='line_1_59' title="bbox 1845 1473 3425 1551; baseline 0.01 -27"><span class='ocrx_word' id='word_1_398' title='bbox 1845 1473 2089 1541; x_wconf 89' lang='lat' dir='ltr'><strong>passione</strong></span> <span class='ocrx_word' id='word_1_399' title='bbox 2139 1485 2419 1543; x_wconf 87' lang='lat' dir='ltr'><strong>purgatur.</strong></span> <span class='ocrx_word' id='word_1_400' title='bbox 2477 1474 2592 1531; x_wconf 89' lang='lat' dir='ltr'><strong>lloc</strong></span> <span class='ocrx_word' id='word_1_401' title='bbox 2654 1487 2736 1532; x_wconf 87' lang='lat' dir='ltr'><strong>est</strong></span> <span class='ocrx_word' id='word_1_402' title='bbox 2799 1486 2945 1548; x_wconf 88' lang='lat' dir='ltr'><strong>quod</strong></span> <span class='ocrx_word' id='word_1_403' title='bbox 2995 1479 3425 1551; x_wconf 80' lang='lat' dir='ltr'><strong>Chrysostmnus</strong></span> 
     </span>
    </p>
   </div>
   <div class='ocr_carea' id='block_1_60' title="bbox 1844 1562 3422 1641">
    <p class='ocr_par' dir='ltr' id='par_1_60' title="bbox 1844 1562 3422 1641">
     <span class='ocr_line' id='line_1_60' title="bbox 1844 1562 3422 1641; baseline 0.011 -27"><span class='ocrx_word' id='word_1_404' title='bbox 1844 1562 2116 1634; x_wconf 80' lang='grc' dir='ltr'><strong>τολμηρὸν</strong></span> <span class='ocrx_word' id='word_1_405' title='bbox 2153 1567 2410 1634; x_wconf 85' lang='lat' dir='ltr'><strong>appellat,</strong></span> <span class='ocrx_word' id='word_1_406' title='bbox 2440 1569 2586 1638; x_wconf 91' lang='lat' dir='ltr'><strong>quod</strong></span> <span class='ocrx_word' id='word_1_407' title='bbox 2623 1568 2930 1640; x_wconf 74' lang='lat' dir='ltr'><strong>Cyprianus</strong></span> <span class='ocrx_word' id='word_1_408' title='bbox 2959 1572 3210 1641; x_wconf 85' lang='lat' dir='ltr'><strong>pluribus</strong></span> <span class='ocrx_word' id='word_1_409' title='bbox 3243 1584 3422 1631; x_wconf 90' lang='lat' dir='ltr'><strong>tamen</strong></span> 
     </span>
    </p>
   </div>
   <div class='ocr_carea' id='block_1_61' title="bbox 1845 1656 3426 1739">
    <p class='ocr_par' dir='ltr' id='par_1_61' title="bbox 1845 1656 3426 1739">
     <span class='ocr_line' id='line_1_61' title="bbox 1845 1656 3426 1739; baseline 0.011 -31"><span class='ocrx_word' id='word_1_410' title='bbox 1845 1656 2062 1724; x_wconf 90' lang='lat' dir='ltr'><strong>probat,</strong></span> <span class='ocrx_word' id='word_1_411' title='bbox 2094 1666 2150 1711; x_wconf 91' lang='lat' dir='ltr'><strong>et</strong></span> <span class='ocrx_word' id='word_1_412' title='bbox 2186 1658 2253 1711; x_wconf 89' lang='lat' dir='ltr'><strong>ad</strong></span> <span class='ocrx_word' id='word_1_413' title='bbox 2281 1658 2403 1727; x_wconf 87' lang='lat' dir='ltr'><strong>ejus</strong></span> <span class='ocrx_word' id='word_1_414' title='bbox 2423 1662 2732 1730; x_wconf 82' lang='lat' dir='ltr'><strong>exemplum</strong></span> <span class='ocrx_word' id='word_1_415' title='bbox 2766 1663 2930 1716; x_wconf 91' lang='lat' dir='ltr'><strong>etiam</strong></span> <span class='ocrx_word' id='word_1_416' title='bbox 2961 1663 3158 1719; x_wconf 87' lang='lat' dir='ltr'><strong>ibidem</strong></span> <span class='ocrx_word' id='word_1_417' title='bbox 3181 1666 3426 1739; x_wconf 84' lang='lat' dir='ltr'><strong>Chryso-</strong></span> 
     </span>
    </p>
   </div>
   <div class='ocr_carea' id='block_1_62' title="bbox 1846 1747 2813 1821">
    <p class='ocr_par' dir='ltr' id='par_1_62' title="bbox 1846 1747 2813 1821">
     <span class='ocr_line' id='line_1_62' title="bbox 1846 1747 2813 1821; baseline 0.006 -21"><span class='ocrx_word' id='word_1_418' title='bbox 1846 1753 2060 1802; x_wconf 89' lang='lat' dir='ltr'><strong>stomus</strong></span> <span class='ocrx_word' id='word_1_419' title='bbox 2084 1747 2201 1816; x_wconf 90' lang='lat' dir='ltr'><strong>ipse</strong></span> <span class='ocrx_word' id='word_1_420' title='bbox 2231 1747 2410 1804; x_wconf 81' lang='lat' dir='ltr'><strong>fusius</strong></span> <span class='ocrx_word' id='word_1_421' title='bbox 2443 1752 2813 1821; x_wconf 89' lang='lat' dir='ltr'><strong>persequitur.</strong></span> 
     </span>
    </p>
   </div>
   <div class='ocr_carea' id='block_1_63' title="bbox 1776 1829 3421 1921">
    <p class='ocr_par' dir='ltr' id='par_1_63' title="bbox 1776 1829 3421 1921">
     <span class='ocr_line' id='line_1_63' title="bbox 1776 1829 3421 1921; baseline 0.01 -30"><span class='ocrx_word' id='word_1_422' title='bbox 1776 1829 1816 1882; x_wconf 82' lang='grc' dir='ltr'><strong><em>Β</em></strong></span> <span class='ocrx_word' id='word_1_423' title='bbox 1916 1836 2021 1893; x_wconf 88' lang='lat' dir='ltr'><strong>Sed</strong></span> <span class='ocrx_word' id='word_1_424' title='bbox 2042 1855 2107 1893; x_wconf 83' lang='lat' dir='ltr'><strong>ea:</strong></span> <span class='ocrx_word' id='word_1_425' title='bbox 2136 1839 2512 1911; x_wconf 87' lang='lat' dir='ltr'><strong>Chrysostomo</strong></span> <span class='ocrx_word' id='word_1_426' title='bbox 2548 1845 2676 1898; x_wconf 90' lang='lat' dir='ltr'><strong>certi</strong></span> <span class='ocrx_word' id='word_1_427' title='bbox 2715 1862 2918 1912; x_wconf 88' lang='lat' dir='ltr'><strong>sumus,</strong></span> <span class='ocrx_word' id='word_1_428' title='bbox 2960 1847 3136 1918; x_wconf 87' lang='lat' dir='ltr'><strong>inquit</strong></span> <span class='ocrx_word' id='word_1_429' title='bbox 3169 1850 3421 1921; x_wconf 74' lang='lat' dir='ltr'><strong>Dallzrus,</strong></span> 
     </span>
    </p>
   </div>
   <div class='ocr_carea' id='block_1_64' title="bbox 1842 1931 3420 2010">
    <p class='ocr_par' dir='ltr' id='par_1_64' title="bbox 1842 1931 3420 2010">
     <span class='ocr_line' id='line_1_64' title="bbox 1842 1931 3420 2010; baseline 0.01 -26"><span class='ocrx_word' id='word_1_430' title='bbox 1842 1931 1955 1985; x_wconf 71' lang='lat' dir='ltr'><strong>hac</strong></span> <span class='ocrx_word' id='word_1_431' title='bbox 1985 1931 2167 1988; x_wconf 65' lang='lat' dir='ltr'><strong>Romae</strong></span> <span class='ocrx_word' id='word_1_432' title='bbox 2195 1933 2467 2005; x_wconf 86' lang='lat' dir='ltr'><strong>Iguatium</strong></span> <span class='ocrx_word' id='word_1_433' title='bbox 2496 1937 2565 1990; x_wconf 89' lang='lat' dir='ltr'><strong>ad</strong></span> <span class='ocrx_word' id='word_1_434' title='bbox 2590 1937 2855 1994; x_wconf 80' lang='lat' dir='ltr'><strong>Romanos</strong></span> <span class='ocrx_word' id='word_1_435' title='bbox 2879 1953 3162 2010; x_wconf 75' lang='lat' dir='ltr'><strong>prtesentes</strong></span> <span class='ocrx_word' id='word_1_436' title='bbox 3201 1945 3420 2000; x_wconf 72' lang='lat' dir='ltr'><strong>dixisse.</strong></span> 
     </span>
    </p>
   </div>
   <div class='ocr_carea' id='block_1_65' title="bbox 1844 2023 3424 2101">
    <p class='ocr_par' dir='ltr' id='par_1_65' title="bbox 1844 2023 3424 2101">
     <span class='ocr_line' id='line_1_65' title="bbox 1844 2023 3424 2101; baseline 0.008 -24"><span class='ocrx_word' id='word_1_437' title='bbox 1844 2023 2048 2078; x_wconf 85' lang='lat' dir='ltr'><strong>Parum</strong></span> <span class='ocrx_word' id='word_1_438' title='bbox 2086 2042 2208 2097; x_wconf 90' lang='lat' dir='ltr'><strong>ergo</strong></span> <span class='ocrx_word' id='word_1_439' title='bbox 2235 2036 2312 2081; x_wconf 91' lang='lat' dir='ltr'><strong>est</strong></span> <span class='ocrx_word' id='word_1_440' title='bbox 2359 2028 2633 2097; x_wconf 83' lang='lat' dir='ltr'><strong>probabile</strong></span> <span class='ocrx_word' id='word_1_441' title='bbox 2665 2031 2847 2085; x_wconf 84' lang='lat' dir='ltr'><strong>eadem</strong></span> <span class='ocrx_word' id='word_1_442' title='bbox 2873 2032 2991 2101; x_wconf 87' lang='lat' dir='ltr'><strong>jam</strong></span> <span class='ocrx_word' id='word_1_443' title='bbox 3023 2044 3146 2088; x_wconf 88' lang='lat' dir='ltr'><strong>ante</strong></span> <span class='ocrx_word' id='word_1_444' title='bbox 3186 2037 3424 2090; x_wconf 87' lang='lat' dir='ltr'><strong>eumdem</strong></span> 
     </span>
    </p>
   </div>
   <div class='ocr_carea' id='block_1_66' title="bbox 1847 2113 3425 2196">
    <p class='ocr_par' dir='ltr' id='par_1_66' title="bbox 1847 2113 3425 2196">
     <span class='ocr_line' id='line_1_66' title="bbox 1847 2113 3425 2196; baseline 0.01 -28"><span class='ocrx_word' id='word_1_445' title='bbox 1847 2113 2092 2187; x_wconf 70' lang='lat' dir='ltr'><strong>Smyrna:</strong></span> <span class='ocrx_word' id='word_1_446' title='bbox 2123 2121 2492 2174; x_wconf 72' lang='lat' dir='ltr'><strong>consistentem</strong></span> <span class='ocrx_word' id='word_1_447' title='bbox 2521 2122 2590 2174; x_wconf 90' lang='lat' dir='ltr'><strong>ad</strong></span> <span class='ocrx_word' id='word_1_448' title='bbox 2623 2121 2887 2178; x_wconf 87' lang='lat' dir='ltr'><strong>Romanos</strong></span> <span class='ocrx_word' id='word_1_449' title='bbox 2927 2126 3222 2196; x_wconf 86' lang='lat' dir='ltr'><strong>scripsisse.</strong></span> <span class='ocrx_word' id='word_1_450' title='bbox 3271 2127 3425 2183; x_wconf 88' lang='lat' dir='ltr'><strong>Unde</strong></span> 
     </span>
    </p>
   </div>
   <div class='ocr_carea' id='block_1_67' title="bbox 1844 2210 3424 2288">
    <p class='ocr_par' dir='ltr' id='par_1_67' title="bbox 1844 2210 3424 2288">
     <span class='ocr_line' id='line_1_67' title="bbox 1844 2210 3424 2288; baseline 0.008 -24"><span class='ocrx_word' id='word_1_451' title='bbox 1844 2219 2027 2264; x_wconf 86' lang='lat' dir='ltr'><strong>autem</strong></span> <span class='ocrx_word' id='word_1_452' title='bbox 2083 2226 2150 2265; x_wconf 82' lang='lat' dir='ltr'><strong>ex</strong></span> <span class='ocrx_word' id='word_1_453' title='bbox 2200 2210 2598 2284; x_wconf 87' lang='lat' dir='ltr'><strong>Chrysostomo</strong></span> <span class='ocrx_word' id='word_1_454' title='bbox 2639 2216 2771 2269; x_wconf 85' lang='lat' dir='ltr'><strong>certi</strong></span> <span class='ocrx_word' id='word_1_455' title='bbox 2816 2217 2981 2271; x_wconf 89' lang='lat' dir='ltr'><strong>simus</strong></span> <span class='ocrx_word' id='word_1_456' title='bbox 3034 2216 3301 2288; x_wconf 80' lang='lat' dir='ltr'><strong>lgnatium</strong></span> <span class='ocrx_word' id='word_1_457' title='bbox 3360 2237 3424 2276; x_wconf 87' lang='lat' dir='ltr'><strong>ea</strong></span> 
     </span>
    </p>
   </div>
   <div class='ocr_carea' id='block_1_68' title="bbox 1841 2303 3423 2380">
    <p class='ocr_par' dir='ltr' id='par_1_68' title="bbox 1841 2303 3423 2380">
     <span class='ocr_line' id='line_1_68' title="bbox 1841 2303 3423 2380; baseline 0.007 -24"><span class='ocrx_word' id='word_1_458' title='bbox 1841 2303 2008 2358; x_wconf 85' lang='lat' dir='ltr'><strong>verba</strong></span> <span class='ocrx_word' id='word_1_459' title='bbox 2032 2303 2237 2373; x_wconf 75' lang='lat' dir='ltr'><strong>Romw,</strong></span> <span class='ocrx_word' id='word_1_460' title='bbox 2267 2315 2362 2360; x_wconf 89' lang='lat' dir='ltr'><strong>aut</strong></span> <span class='ocrx_word' id='word_1_461' title='bbox 2393 2309 2462 2360; x_wconf 87' lang='lat' dir='ltr'><strong>ad</strong></span> <span class='ocrx_word' id='word_1_462' title='bbox 2492 2306 2756 2361; x_wconf 86' lang='lat' dir='ltr'><strong>Romanos</strong></span> <span class='ocrx_word' id='word_1_463' title='bbox 2780 2319 3066 2377; x_wconf 81' lang='lat' dir='ltr'><strong>pnesentes</strong></span> <span class='ocrx_word' id='word_1_464' title='bbox 3100 2313 3423 2380; x_wconf 89' lang='lat' dir='ltr'><strong>protulisse,</strong></span> 
     </span>
    </p>
   </div>
   <div class='ocr_carea' id='block_1_69' title="bbox 1839 2395 3423 2467">
    <p class='ocr_par' dir='ltr' id='par_1_69' title="bbox 1839 2395 3423 2467">
     <span class='ocr_line' id='line_1_69' title="bbox 1839 2395 3423 2467; baseline 0.008 -21"><span class='ocrx_word' id='word_1_465' title='bbox 1839 2408 1944 2464; x_wconf 86' lang='lat' dir='ltr'><strong>ego</strong></span> <span class='ocrx_word' id='word_1_466' title='bbox 1987 2410 2095 2450; x_wconf 91' lang='lat' dir='ltr'><strong>non</strong></span> <span class='ocrx_word' id='word_1_467' title='bbox 2140 2397 2400 2467; x_wconf 80' lang='lat' dir='ltr'><strong>intelligo.</strong></span> <span class='ocrx_word' id='word_1_468' title='bbox 2432 2395 2550 2451; x_wconf 87' lang='lat' dir='ltr'><strong>Non</strong></span> <span class='ocrx_word' id='word_1_469' title='bbox 2583 2399 2730 2452; x_wconf 90' lang='lat' dir='ltr'><strong>enim</strong></span> <span class='ocrx_word' id='word_1_470' title='bbox 2765 2399 2900 2454; x_wconf 91' lang='lat' dir='ltr'><strong>dicit</strong></span> <span class='ocrx_word' id='word_1_471' title='bbox 2942 2415 3066 2454; x_wconf 89' lang='lat' dir='ltr'><strong>eum</strong></span> <span class='ocrx_word' id='word_1_472' title='bbox 3104 2401 3285 2457; x_wconf 74' lang='lat' dir='ltr'><strong>Romw</strong></span> <span class='ocrx_word' id='word_1_473' title='bbox 3309 2414 3423 2458; x_wconf 91' lang='lat' dir='ltr'><strong>tum</strong></span> 
     </span>
    </p>
   </div>
   <div class='ocr_carea' id='block_1_70' title="bbox 1841 2485 3424 2561">
    <p class='ocr_par' dir='ltr' id='par_1_70' title="bbox 1841 2485 3424 2561">
     <span class='ocr_line' id='line_1_70' title="bbox 1841 2485 3424 2561; baseline 0.008 -22"><span class='ocrx_word' id='word_1_474' title='bbox 1841 2485 2036 2552; x_wconf 81' lang='lat' dir='ltr'><strong>fuisse,</strong></span> <span class='ocrx_word' id='word_1_475' title='bbox 2097 2503 2206 2542; x_wconf 93' lang='lat' dir='ltr'><strong>non</strong></span> <span class='ocrx_word' id='word_1_476' title='bbox 2257 2489 2435 2543; x_wconf 90' lang='lat' dir='ltr'><strong>innuit</strong></span> <span class='ocrx_word' id='word_1_477' title='bbox 2466 2488 2746 2546; x_wconf 81' lang='lat' dir='ltr'><strong>Romanos</strong></span> <span class='ocrx_word' id='word_1_478' title='bbox 2777 2503 3060 2561; x_wconf 69' lang='lat' dir='ltr'><strong>pra’sentes</strong></span> <span class='ocrx_word' id='word_1_479' title='bbox 3104 2509 3246 2561; x_wconf 88' lang='lat' dir='ltr'><strong>esse,</strong></span> <span class='ocrx_word' id='word_1_480' title='bbox 3296 2511 3424 2551; x_wconf 90' lang='lat' dir='ltr'><strong>cum</strong></span> 
     </span>
    </p>
   </div>
   <div class='ocr_carea' id='block_1_71' title="bbox 1841 2577 3424 2657">
    <p class='ocr_par' dir='ltr' id='par_1_71' title="bbox 1841 2577 3424 2657">
     <span class='ocr_line' id='line_1_71' title="bbox 1841 2577 3424 2657; baseline 0.007 -25"><span class='ocrx_word' id='word_1_481' title='bbox 1841 2577 1947 2633; x_wconf 90' lang='lat' dir='ltr'><strong>ista</strong></span> <span class='ocrx_word' id='word_1_482' title='bbox 1971 2578 2239 2649; x_wconf 84' lang='lat' dir='ltr'><strong>proferret</strong></span> <span class='ocrx_word' id='word_1_483' title='bbox 2257 2597 2312 2635; x_wconf 86' lang='lat' dir='ltr'><strong>sa</strong></span> <span class='ocrx_word' id='word_1_484' title='bbox 2323 2582 2641 2636; x_wconf 83' lang='lat' dir='ltr'><strong>notissimus</strong></span> <span class='ocrx_word' id='word_1_485' title='bbox 2659 2594 2885 2655; x_wconf 83' lang='lat' dir='ltr'><strong>martyr.</strong></span> <span class='ocrx_word' id='word_1_486' title='bbox 2906 2583 2960 2638; x_wconf 88' lang='lat' dir='ltr'><strong>Id</strong></span> <span class='ocrx_word' id='word_1_487' title='bbox 2979 2595 3188 2641; x_wconf 90' lang='lat' dir='ltr'><strong>tantum</strong></span> <span class='ocrx_word' id='word_1_488' title='bbox 3207 2588 3424 2657; x_wconf 87' lang='lat' dir='ltr'><strong>asserit,</strong></span> 
     </span>
    </p>
   </div>
   <div class='ocr_carea' id='block_1_72' title="bbox 1839 2675 3421 2749">
    <p class='ocr_par' dir='ltr' id='par_1_72' title="bbox 1839 2675 3421 2749">
     <span class='ocr_line' id='line_1_72' title="bbox 1839 2675 3421 2749; baseline 0.006 -24"><span class='ocrx_word' id='word_1_489' title='bbox 1839 2685 1965 2725; x_wconf 89' lang='lat' dir='ltr'><strong>eum</strong></span> <span class='ocrx_word' id='word_1_490' title='bbox 2002 2688 2246 2741; x_wconf 82' lang='lat' dir='ltr'><strong>generose</strong></span> <span class='ocrx_word' id='word_1_491' title='bbox 2289 2682 2339 2726; x_wconf 88' lang='lat' dir='ltr'><strong>et</strong></span> <span class='ocrx_word' id='word_1_492' title='bbox 2383 2689 2501 2726; x_wconf 89' lang='lat' dir='ltr'><strong>cum</strong></span> <span class='ocrx_word' id='word_1_493' title='bbox 2543 2675 2812 2744; x_wconf 83' lang='lat' dir='ltr'><strong>voluptate</strong></span> <span class='ocrx_word' id='word_1_494' title='bbox 2840 2686 3071 2732; x_wconf 88' lang='lat' dir='ltr'><strong>mortem</strong></span> <span class='ocrx_word' id='word_1_495' title='bbox 3101 2681 3421 2749; x_wconf 89' lang='lat' dir='ltr'><strong>oppetiisse,</strong></span> 
     </span>
    </p>
   </div>
   <div class='ocr_carea' id='block_1_73' title="bbox 1839 2763 3420 2838">
    <p class='ocr_par' dir='ltr' id='par_1_73' title="bbox 1839 2763 3420 2838">
     <span class='ocr_line' id='line_1_73' title="bbox 1839 2763 3420 2838; baseline 0.009 -22"><span class='ocrx_word' id='word_1_496' title='bbox 1839 2772 1891 2817; x_wconf 88' lang='lat' dir='ltr'><strong>et</strong></span> <span class='ocrx_word' id='word_1_497' title='bbox 1930 2763 2200 2834; x_wconf 79' lang='grc' dir='ltr'>ἀσμένως,</span> <span class='ocrx_word' id='word_1_498' title='bbox 2234 2780 2358 2820; x_wconf 88' lang='lat' dir='ltr'><strong>cum</strong></span> <span class='ocrx_word' id='word_1_499' title='bbox 2395 2765 2637 2822; x_wconf 88' lang='lat' dir='ltr'><strong>lubentia</strong></span> <span class='ocrx_word' id='word_1_500' title='bbox 2669 2770 2905 2838; x_wconf 88' lang='lat' dir='ltr'><strong>quadam</strong></span> <span class='ocrx_word' id='word_1_501' title='bbox 2939 2771 3142 2828; x_wconf 88' lang='lat' dir='ltr'><strong>vidisse</strong></span> <span class='ocrx_word' id='word_1_502' title='bbox 3191 2773 3420 2832; x_wconf 88' lang='lat' dir='ltr'><strong>bestias.</strong></span> 
     </span>
    </p>
   </div>
   <div class='ocr_carea' id='block_1_74' title="bbox 1843 2855 3426 2933">
    <p class='ocr_par' dir='ltr' id='par_1_74' title="bbox 1843 2855 3426 2933">
     <span class='ocr_line' id='line_1_74' title="bbox 1843 2855 3426 2933; baseline 0.005 -22"><span class='ocrx_word' id='word_1_503' title='bbox 1843 2855 1952 2912; x_wconf 88' lang='lat' dir='ltr'><strong>Sed</strong></span> <span class='ocrx_word' id='word_1_504' title='bbox 1987 2857 2153 2912; x_wconf 86' lang='grc' dir='ltr'>πόθεν</span> <span class='ocrx_word' id='word_1_505' title='bbox 2177 2859 2335 2912; x_wconf 80' lang='grc' dir='ltr'><strong>τοῦτο</strong></span> <span class='ocrx_word' id='word_1_506' title='bbox 2359 2858 2556 2930; x_wconf 81' lang='grc' dir='ltr'>δῆλον;</span> <span class='ocrx_word' id='word_1_507' title='bbox 2595 2861 2733 2914; x_wconf 88' lang='lat' dir='ltr'><strong>unde</strong></span> <span class='ocrx_word' id='word_1_508' title='bbox 2758 2861 2874 2927; x_wconf 85' lang='lat' dir='ltr'><strong>hoc,</strong></span> <span class='ocrx_word' id='word_1_509' title='bbox 2911 2862 3110 2932; x_wconf 89' lang='lat' dir='ltr'><strong>inquit,</strong></span> <span class='ocrx_word' id='word_1_510' title='bbox 3164 2867 3426 2933; x_wconf 84' lang='lat' dir='ltr'><strong>apparet?</strong></span> 
     </span>
    </p>
   </div>
   <div class='ocr_carea' id='block_1_75' title="bbox 1839 2948 3424 3027">
    <p class='ocr_par' dir='ltr' id='par_1_75' title="bbox 1839 2948 3424 3027">
     <span class='ocr_line' id='line_1_75' title="bbox 1839 2948 3424 3027; baseline 0.006 -25"><span class='ocrx_word' id='word_1_511' title='bbox 1839 2948 1918 3004; x_wconf 77' lang='lat' dir='ltr'><strong>Ae</strong></span> <span class='ocrx_word' id='word_1_512' title='bbox 1952 2949 1997 3004; x_wconf 90' lang='lat' dir='ltr'><strong>si</strong></span> <span class='ocrx_word' id='word_1_513' title='bbox 2024 2949 2254 3016; x_wconf 86' lang='lat' dir='ltr'><strong>diceret,</strong></span> <span class='ocrx_word' id='word_1_514' title='bbox 2278 2951 2422 3005; x_wconf 92' lang='lat' dir='ltr'><strong>unde</strong></span> <span class='ocrx_word' id='word_1_515' title='bbox 2450 2952 2553 3006; x_wconf 89' lang='lat' dir='ltr'><strong>hoc</strong></span> <span class='ocrx_word' id='word_1_516' title='bbox 2579 2953 2938 3023; x_wconf 81' lang='lat' dir='ltr'><strong>cognovimus</strong></span> <span class='ocrx_word' id='word_1_517' title='bbox 2965 2955 2989 3007; x_wconf 81' lang='lat'><strong>?</strong></span> <span class='ocrx_word' id='word_1_518' title='bbox 3028 2969 3094 3010; x_wconf 85' lang='lat' dir='ltr'><strong>ex</strong></span> <span class='ocrx_word' id='word_1_519' title='bbox 3121 2955 3273 3011; x_wconf 82' lang='lat' dir='ltr'><strong>Actis</strong></span> <span class='ocrx_word' id='word_1_520' title='bbox 3303 2957 3424 3027; x_wconf 82' lang='lat' dir='ltr'><strong>ejus</strong></span> 
     </span>
    </p>
   </div>
   <div class='ocr_carea' id='block_1_76' title="bbox 1840 3040 3421 3115">
    <p class='ocr_par' dir='ltr' id='par_1_76' title="bbox 1840 3040 3421 3115">
     <span class='ocr_line' id='line_1_76' title="bbox 1840 3040 3421 3115; baseline 0.005 -20"><span class='ocrx_word' id='word_1_521' title='bbox 1840 3040 1975 3096; x_wconf 86' lang='lat' dir='ltr'><strong>nihil</strong></span> <span class='ocrx_word' id='word_1_522' title='bbox 2005 3041 2112 3096; x_wconf 86' lang='lat' dir='ltr'><strong>tale</strong></span> <span class='ocrx_word' id='word_1_523' title='bbox 2151 3041 2405 3112; x_wconf 82' lang='lat' dir='ltr'><strong>colligere</strong></span> <span class='ocrx_word' id='word_1_524' title='bbox 2437 3057 2733 3112; x_wconf 85' lang='lat' dir='ltr'><strong>possumus</strong></span> <span class='ocrx_word' id='word_1_525' title='bbox 2755 3062 2768 3098; x_wconf 87' lang='lat'>:</span> <span class='ocrx_word' id='word_1_526' title='bbox 2789 3045 2866 3098; x_wconf 91' lang='lat' dir='ltr'><strong>illi</strong></span> <span class='ocrx_word' id='word_1_527' title='bbox 2897 3045 2990 3115; x_wconf 91' lang='lat' dir='ltr'><strong>qui</strong></span> <span class='ocrx_word' id='word_1_528' title='bbox 3017 3061 3144 3100; x_wconf 86' lang='lat' dir='ltr'><strong>eum</strong></span> <span class='ocrx_word' id='word_1_529' title='bbox 3174 3047 3421 3102; x_wconf 87' lang='lat' dir='ltr'><strong>comitati</strong></span> 
     </span>
    </p>
   </div>
   <div class='ocr_carea' id='block_1_77' title="bbox 1841 3134 3415 3205">
    <p class='ocr_par' dir='ltr' id='par_1_77' title="bbox 1841 3134 3415 3205">
     <span class='ocr_line' id='line_1_77' title="bbox 1841 3134 3415 3205; baseline 0.002 -14"><span class='ocrx_word' id='word_1_530' title='bbox 1841 3145 1972 3191; x_wconf 91' lang='lat' dir='ltr'><strong>sunt</strong></span> <span class='ocrx_word' id='word_1_531' title='bbox 1999 3134 2236 3205; x_wconf 87' lang='lat' dir='ltr'><strong>qualiter</strong></span> <span class='ocrx_word' id='word_1_532' title='bbox 2276 3151 2335 3191; x_wconf 91' lang='lat' dir='ltr'><strong>se</strong></span> <span class='ocrx_word' id='word_1_533' title='bbox 2379 3136 2609 3205; x_wconf 79' lang='lat' dir='ltr'><strong>gesserit</strong></span> <span class='ocrx_word' id='word_1_534' title='bbox 2642 3137 2694 3190; x_wconf 92' lang='lat' dir='ltr'><strong>in</strong></span> <span class='ocrx_word' id='word_1_535' title='bbox 2729 3138 2944 3192; x_wconf 88' lang='lat' dir='ltr'><strong>theatro</strong></span> <span class='ocrx_word' id='word_1_536' title='bbox 2976 3153 3086 3192; x_wconf 89' lang='lat' dir='ltr'><strong>non</strong></span> <span class='ocrx_word' id='word_1_537' title='bbox 3117 3153 3415 3194; x_wconf 87' lang='lat' dir='ltr'><strong>enarrave-</strong></span> 
     </span>
    </p>
   </div>
   <div class='ocr_carea' id='block_1_78' title="bbox 1840 3229 3426 3300">
    <p class='ocr_par' dir='ltr' id='par_1_78' title="bbox 1840 3229 3426 3300">
     <span class='ocr_line' id='line_1_78' title="bbox 1840 3229 3426 3300; baseline 0.001 -18"><span class='ocrx_word' id='word_1_538' title='bbox 1840 3238 1991 3292; x_wconf 90' lang='lat' dir='ltr'><strong>runt,</strong></span> <span class='ocrx_word' id='word_1_539' title='bbox 2021 3243 2051 3283; x_wconf 90' lang='lat' dir='ltr'><strong>a</strong></span> <span class='ocrx_word' id='word_1_540' title='bbox 2083 3242 2322 3298; x_wconf 88' lang='lat' dir='ltr'><strong>quorum</strong></span> <span class='ocrx_word' id='word_1_541' title='bbox 2352 3230 2634 3284; x_wconf 91' lang='lat' dir='ltr'><strong>consortio</strong></span> <span class='ocrx_word' id='word_1_542' title='bbox 2687 3229 2982 3285; x_wconf 85' lang='lat' dir='ltr'><strong>subductus</strong></span> <span class='ocrx_word' id='word_1_543' title='bbox 3008 3239 3087 3285; x_wconf 83' lang='lat' dir='ltr'><strong>est</strong></span> <span class='ocrx_word' id='word_1_544' title='bbox 3110 3247 3229 3285; x_wconf 89' lang='lat' dir='ltr'><strong>cum</strong></span> <span class='ocrx_word' id='word_1_545' title='bbox 3274 3231 3426 3300; x_wconf 83' lang='lat' dir='ltr'><strong>festi-</strong></span> 
     </span>
    </p>
   </div>
   <div class='ocr_carea' id='block_1_79' title="bbox 1839 3308 3421 3393">
    <p class='ocr_par' dir='ltr' id='par_1_79' title="bbox 1839 3308 3421 3393">
     <span class='ocr_line' id='line_1_79' title="bbox 1839 3308 3421 3393; baseline 0.003 -21"><span class='ocrx_word' id='word_1_546' title='bbox 1839 3319 2053 3372; x_wconf 86' lang='lat' dir='ltr'><strong>natione</strong></span> <span class='ocrx_word' id='word_1_547' title='bbox 2083 3321 2139 3373; x_wconf 90' lang='lat' dir='ltr'><strong>in</strong></span> <span class='ocrx_word' id='word_1_548' title='bbox 2160 3320 2625 3389; x_wconf 82' lang='lat' dir='ltr'><strong>amphitheatrum,</strong></span> <span class='ocrx_word' id='word_1_549' title='bbox 2651 3322 2839 3376; x_wconf 87' lang='lat' dir='ltr'><strong>deinde</strong></span> <span class='ocrx_word' id='word_1_550' title='bbox 2861 3323 3138 3392; x_wconf 71' lang='lat' dir='ltr'><strong>confestim</strong></span> <span class='ocrx_word' id='word_1_551' title='bbox 3157 3308 3421 3393; x_wconf 74' lang='lat' dir='ltr'><strong>proiectus</strong></span> 
     </span>
    </p>
   </div>
   <div class='ocr_carea' id='block_1_80' title="bbox 1840 3409 3422 3486">
    <p class='ocr_par' dir='ltr' id='par_1_80' title="bbox 1840 3409 3422 3486">
     <span class='ocr_line' id='line_1_80' title="bbox 1840 3409 3422 3486; baseline 0.005 -24"><span class='ocrx_word' id='word_1_552' title='bbox 1840 3410 2041 3466; x_wconf 88' lang='lat' dir='ltr'><strong>bestiis.</strong></span> <span class='ocrx_word' id='word_1_553' title='bbox 2081 3409 2230 3464; x_wconf 89' lang='lat' dir='ltr'><strong>Unde</strong></span> <span class='ocrx_word' id='word_1_554' title='bbox 2260 3410 2424 3480; x_wconf 83' lang='lat' dir='ltr'><strong>igitur</strong></span> <span class='ocrx_word' id='word_1_555' title='bbox 2455 3412 2551 3465; x_wconf 90' lang='lat' dir='ltr'><strong>hoc</strong></span> <span class='ocrx_word' id='word_1_556' title='bbox 2587 3415 2851 3481; x_wconf 80' lang='lat' dir='ltr'><strong>apparet?</strong></span> <span class='ocrx_word' id='word_1_557' title='bbox 2876 3415 2984 3467; x_wconf 83' lang='grc' dir='ltr'>ἀπὸ</span> <span class='ocrx_word' id='word_1_558' title='bbox 3019 3413 3128 3467; x_wconf 80' lang='grc' dir='ltr'><strong>τῶν</strong></span> <span class='ocrx_word' id='word_1_559' title='bbox 3160 3415 3422 3486; x_wconf 79' lang='grc' dir='ltr'><strong>ῥημάτων</strong></span> 
     </span>
    </p>
   </div>
   <div class='ocr_carea' id='block_1_81' title="bbox 1837 3493 3423 3577">
    <p class='ocr_par' dir='ltr' id='par_1_81' title="bbox 1837 3493 3423 3577">
     <span class='ocr_line' id='line_1_81' title="bbox 1837 3493 3423 3577; baseline 0.006 -23"><span class='ocrx_word' id='word_1_560' title='bbox 1837 3493 1913 3554; x_wconf 81' lang='grc' dir='ltr'>ὧν</span> <span class='ocrx_word' id='word_1_561' title='bbox 1937 3500 2303 3573; x_wconf 79' lang='grc' dir='ltr'><strong>ἀποθνήσκειν</strong></span> <span class='ocrx_word' id='word_1_562' title='bbox 2327 3501 2534 3574; x_wconf 83' lang='grc' dir='ltr'>μέλλων</span> <span class='ocrx_word' id='word_1_563' title='bbox 2560 3504 2879 3573; x_wconf 74' lang='grc' dir='ltr'><strong>ἐφθέγξατο,</strong></span> <span class='ocrx_word' id='word_1_564' title='bbox 2895 3505 2960 3559; x_wconf 90' lang='lat' dir='ltr'><strong>ab</strong></span> <span class='ocrx_word' id='word_1_565' title='bbox 2982 3506 3093 3560; x_wconf 88' lang='lat' dir='ltr'><strong>illis</strong></span> <span class='ocrx_word' id='word_1_566' title='bbox 3112 3508 3280 3562; x_wconf 88' lang='lat' dir='ltr'><strong>verbis</strong></span> <span class='ocrx_word' id='word_1_567' title='bbox 3306 3524 3423 3577; x_wconf 72' lang='lat' dir='ltr'><strong>qua:</strong></span> 
     </span>
    </p>
   </div>
   <div class='ocr_carea' id='block_1_82' title="bbox 1836 3594 3422 3666">
    <p class='ocr_par' dir='ltr' id='par_1_82' title="bbox 1836 3594 3422 3666">
     <span class='ocr_line' id='line_1_82' title="bbox 1836 3594 3422 3666; baseline 0.007 -21"><span class='ocrx_word' id='word_1_568' title='bbox 1836 3609 1958 3646; x_wconf 88' lang='lat' dir='ltr'><strong>cum</strong></span> <span class='ocrx_word' id='word_1_569' title='bbox 1995 3594 2234 3663; x_wconf 80' lang='lat' dir='ltr'><strong>futurum</strong></span> <span class='ocrx_word' id='word_1_570' title='bbox 2256 3605 2387 3650; x_wconf 86' lang='lat' dir='ltr'><strong>esset</strong></span> <span class='ocrx_word' id='word_1_571' title='bbox 2409 3604 2468 3649; x_wconf 89' lang='lat' dir='ltr'><strong>ut</strong></span> <span class='ocrx_word' id='word_1_572' title='bbox 2496 3608 2806 3663; x_wconf 87' lang='lat' dir='ltr'><strong>moreretur,</strong></span> <span class='ocrx_word' id='word_1_573' title='bbox 2838 3597 3046 3652; x_wconf 89' lang='lat' dir='ltr'><strong>locutus</strong></span> <span class='ocrx_word' id='word_1_574' title='bbox 3068 3607 3166 3653; x_wconf 89' lang='lat' dir='ltr'><strong>est.</strong></span> <span class='ocrx_word' id='word_1_575' title='bbox 3190 3599 3422 3666; x_wconf 83' lang='lat' dir='ltr'><strong>Quando</strong></span> 
     </span>
    </p>
   </div>
   <div class='ocr_carea' id='block_1_83' title="bbox 1837 3687 3421 3763">
    <p class='ocr_par' dir='ltr' id='par_1_83' title="bbox 1837 3687 3421 3763">
     <span class='ocr_line' id='line_1_83' title="bbox 1837 3687 3421 3763; baseline 0.003 -23"><span class='ocrx_word' id='word_1_576' title='bbox 1837 3693 2020 3740; x_wconf 89' lang='lat' dir='ltr'><strong>autem</strong></span> <span class='ocrx_word' id='word_1_577' title='bbox 2054 3687 2185 3741; x_wconf 92' lang='lat' dir='ltr'><strong>illud</strong></span> <span class='ocrx_word' id='word_1_578' title='bbox 2223 3689 2388 3742; x_wconf 85' lang='lat' dir='ltr'><strong>erat?</strong></span> <span class='ocrx_word' id='word_1_579' title='bbox 2419 3689 2512 3743; x_wconf 90' lang='lat' dir='ltr'><strong>diu</strong></span> <span class='ocrx_word' id='word_1_580' title='bbox 2550 3691 2696 3743; x_wconf 92' lang='lat' dir='ltr'><strong>enim</strong></span> <span class='ocrx_word' id='word_1_581' title='bbox 2735 3699 2852 3745; x_wconf 83' lang='lat' dir='ltr'><strong>erat</strong></span> <span class='ocrx_word' id='word_1_582' title='bbox 2891 3691 3256 3762; x_wconf 83' lang='grc' dir='ltr'>ἀποθνήσκειν</span> <span class='ocrx_word' id='word_1_583' title='bbox 3291 3693 3421 3763; x_wconf 82' lang='grc' dir='ltr'><strong>μὲλ-</strong></span> 
     </span>
    </p>
   </div>
   <div class='ocr_carea' id='block_1_84' title="bbox 1836 3777 3420 3857">
    <p class='ocr_par' dir='ltr' id='par_1_84' title="bbox 1836 3777 3420 3857">
     <span class='ocr_line' id='line_1_84' title="bbox 1836 3777 3420 3857; baseline 0.005 -27"><span class='ocrx_word' id='word_1_584' title='bbox 1836 3777 1967 3832; x_wconf 87' lang='grc' dir='ltr'>λων.</span> <span class='ocrx_word' id='word_1_585' title='bbox 1999 3778 2988 3852; x_wconf 82' lang='lat' dir='ltr'><strong>AudiamusporroChrysostomum:</strong></span> <span class='ocrx_word' id='word_1_586' title='bbox 3021 3783 3285 3848; x_wconf 82' lang='grc' dir='ltr'><strong>Ἀκούσας</strong></span> <span class='ocrx_word' id='word_1_587' title='bbox 3311 3783 3420 3857; x_wconf 83' lang='grc' dir='ltr'><strong>γὰρ</strong></span> 
     </span>
    </p>
   </div>
   <div class='ocr_carea' id='block_1_85' title="bbox 1836 3864 3420 3946">
    <p class='ocr_par' dir='ltr' id='par_1_85' title="bbox 1836 3864 3420 3946">
     <span class='ocr_line' id='line_1_85' title="bbox 1836 3864 3420 3946; baseline 0.005 -25"><span class='ocrx_word' id='word_1_588' title='bbox 1836 3869 1918 3922; x_wconf 79' lang='grc' dir='ltr'><strong>ὅτι</strong></span> <span class='ocrx_word' id='word_1_589' title='bbox 1945 3864 2099 3934; x_wconf 74' lang='grc' dir='ltr'>οὗτος</span> <span class='ocrx_word' id='word_1_590' title='bbox 2131 3871 2293 3924; x_wconf 77' lang='grc' dir='ltr'>αὐτὸν</span> <span class='ocrx_word' id='word_1_591' title='bbox 2325 3872 2427 3943; x_wconf 73' lang='grc' dir='ltr'><strong>τῆς</strong></span> <span class='ocrx_word' id='word_1_592' title='bbox 2449 3874 2717 3944; x_wconf 84' lang='grc' dir='ltr'><strong>τιμωρίας</strong></span> <span class='ocrx_word' id='word_1_593' title='bbox 2737 3876 2986 3945; x_wconf 84' lang='grc' dir='ltr'><strong>ὁτρόπος</strong></span> <span class='ocrx_word' id='word_1_594' title='bbox 3023 3876 3192 3945; x_wconf 82' lang='grc' dir='ltr'>μένει,</span> <span class='ocrx_word' id='word_1_595' title='bbox 3225 3895 3242 3927; x_wconf 74' lang='grc' dir='ltr'><strong>ε</strong></span> <span class='ocrx_word' id='word_1_596' title='bbox 3279 3877 3420 3946; x_wconf 82' lang='grc' dir='ltr'><strong>Ἐγὼ</strong></span> 
     </span>
    </p>
   </div>
   <div class='ocr_carea' id='block_1_86' title="bbox 1835 3961 3415 4037">
    <p class='ocr_par' dir='ltr' id='par_1_86' title="bbox 1835 3961 3415 4037">
     <span class='ocr_line' id='line_1_86' title="bbox 1835 3961 3415 4037; baseline 0.006 -23"><span class='ocrx_word' id='word_1_597' title='bbox 1835 3961 1944 4015; x_wconf 62' lang='grc' dir='ltr'>θεῶν</span> <span class='ocrx_word' id='word_1_598' title='bbox 1964 3963 2169 4035; x_wconf 81' lang='grc' dir='ltr'>θηρίων</span> <span class='ocrx_word' id='word_1_599' title='bbox 2193 3965 2414 4018; x_wconf 76' lang='grc' dir='ltr'>ἐκείνων</span> <span class='ocrx_word' id='word_1_600' title='bbox 2427 3966 2684 4037; x_wconf 81' lang='grc' dir='ltr'><strong>ὀναίμην,</strong></span> <span class='ocrx_word' id='word_1_601' title='bbox 2716 3985 2736 4018; x_wconf 69' lang='grc' dir='ltr'>ι</span> <span class='ocrx_word' id='word_1_602' title='bbox 2756 3967 2928 4036; x_wconf 79' lang='grc' dir='ltr'><strong>ἔλεγε.</strong></span> <span class='ocrx_word' id='word_1_603' title='bbox 2946 3966 3078 4022; x_wconf 87' lang='lat' dir='ltr'><strong>Cum</strong></span> <span class='ocrx_word' id='word_1_604' title='bbox 3090 3969 3379 4023; x_wconf 86' lang='lat' dir='ltr'><strong>audivisset</strong></span> <span class='ocrx_word' id='word_1_605' title='bbox 3399 4009 3415 4035; x_wconf 92' lang='lat'><strong>,</strong></span> 
     </span>
    </p>
   </div>
   <div class='ocr_carea' id='block_1_87' title="bbox 1835 4054 3414 4124">
    <p class='ocr_par' dir='ltr' id='par_1_87' title="bbox 1835 4054 3414 4124">
     <span class='ocr_line' id='line_1_87' title="bbox 1835 4054 3414 4124; baseline 0.005 -18"><span class='ocrx_word' id='word_1_606' title='bbox 1835 4054 1974 4124; x_wconf 88' lang='lat' dir='ltr'><strong>quod</strong></span> <span class='ocrx_word' id='word_1_607' title='bbox 1999 4055 2084 4108; x_wconf 89' lang='lat' dir='ltr'><strong>hic</strong></span> <span class='ocrx_word' id='word_1_608' title='bbox 2122 4057 2370 4124; x_wconf 79' lang='lat' dir='ltr'><strong>supplicii</strong></span> <span class='ocrx_word' id='word_1_609' title='bbox 2413 4058 2599 4110; x_wconf 87' lang='lat' dir='ltr'><strong>modus</strong></span> <span class='ocrx_word' id='word_1_610' title='bbox 2660 4075 2778 4112; x_wconf 85' lang='lat' dir='ltr'><strong>eum</strong></span> <span class='ocrx_word' id='word_1_611' title='bbox 2824 4069 3106 4114; x_wconf 75' lang='lat' dir='ltr'><strong>maneret:</strong></span> <span class='ocrx_word' id='word_1_612' title='bbox 3145 4079 3162 4110; x_wconf 74' lang='grc' dir='ltr'>ι</span> <span class='ocrx_word' id='word_1_613' title='bbox 3198 4059 3414 4114; x_wconf 86' lang='lat' dir='ltr'><strong>Utinam</strong></span> 
     </span>
    </p>
   </div>
   <div class='ocr_carea' id='block_1_88' title="bbox 1835 4146 3414 4220">
    <p class='ocr_par' dir='ltr' id='par_1_88' title="bbox 1835 4146 3414 4220">
     <span class='ocr_line' id='line_1_88' title="bbox 1835 4146 3414 4220; baseline 0.006 -22"><span class='ocrx_word' id='word_1_614' title='bbox 1835 4160 1937 4214; x_wconf 80' lang='lat' dir='ltr'><strong>ego</strong></span> <span class='ocrx_word' id='word_1_615' title='bbox 1995 4146 2107 4201; x_wconf 91' lang='lat' dir='ltr'><strong>illis</strong></span> <span class='ocrx_word' id='word_1_616' title='bbox 2159 4147 2350 4202; x_wconf 83' lang='lat' dir='ltr'><strong>beStiis</strong></span> <span class='ocrx_word' id='word_1_617' title='bbox 2411 4147 2596 4214; x_wconf 80' lang='lat' dir='ltr'><strong>fruar,</strong></span> <span class='ocrx_word' id='word_1_618' title='bbox 2635 4169 2654 4201; x_wconf 79' lang='grc' dir='ltr'><strong>ι</strong></span> <span class='ocrx_word' id='word_1_619' title='bbox 2695 4150 2987 4220; x_wconf 83' lang='lat' dir='ltr'><strong>inquiebat.</strong></span> <span class='ocrx_word' id='word_1_620' title='bbox 3035 4151 3118 4204; x_wconf 88' lang='lat' dir='ltr'><strong>An</strong></span> <span class='ocrx_word' id='word_1_621' title='bbox 3176 4153 3414 4220; x_wconf 90' lang='lat' dir='ltr'><strong>primum</strong></span> 
     </span>
    </p>
   </div>
   <div class='ocr_carea' id='block_1_89' title="bbox 1836 4235 3414 4311">
    <p class='ocr_par' dir='ltr' id='par_1_89' title="bbox 1836 4235 3414 4311">
     <span class='ocr_line' id='line_1_89' title="bbox 1836 4235 3414 4311; baseline 0.006 -21"><span class='ocrx_word' id='word_1_622' title='bbox 1836 4235 2017 4293; x_wconf 76' lang='lat' dir='ltr'><strong>Roma:</strong></span> <span class='ocrx_word' id='word_1_623' title='bbox 2043 4239 2251 4294; x_wconf 78' lang='lat' dir='ltr'><strong>audivit</strong></span> <span class='ocrx_word' id='word_1_624' title='bbox 2279 4255 2340 4294; x_wconf 90' lang='lat' dir='ltr'><strong>se</strong></span> <span class='ocrx_word' id='word_1_625' title='bbox 2367 4241 2556 4296; x_wconf 88' lang='lat' dir='ltr'><strong>bestiis</strong></span> <span class='ocrx_word' id='word_1_626' title='bbox 2582 4241 2856 4311; x_wconf 90' lang='lat' dir='ltr'><strong>objectum</strong></span> <span class='ocrx_word' id='word_1_627' title='bbox 2905 4243 3008 4297; x_wconf 84' lang='lat' dir='ltr'><strong>iri?</strong></span> <span class='ocrx_word' id='word_1_628' title='bbox 3051 4257 3118 4296; x_wconf 90' lang='lat' dir='ltr'><strong>an</strong></span> <span class='ocrx_word' id='word_1_629' title='bbox 3161 4243 3414 4302; x_wconf 87' lang='lat' dir='ltr'><strong>Romanis</strong></span> 
     </span>
    </p>
   </div>
   <div class='ocr_carea' id='block_1_90' title="bbox 1834 4329 3413 4398">
    <p class='ocr_par' dir='ltr' id='par_1_90' title="bbox 1834 4329 3413 4398">
     <span class='ocr_line' id='line_1_90' title="bbox 1834 4329 3413 4398; baseline 0.008 -17"><span class='ocrx_word' id='word_1_630' title='bbox 1834 4329 2180 4398; x_wconf 66' lang='lat' dir='ltr'><strong>praesentibus</strong></span> <span class='ocrx_word' id='word_1_631' title='bbox 2235 4331 2350 4386; x_wconf 70' lang='lat' dir='ltr'><strong>haec</strong></span> <span class='ocrx_word' id='word_1_632' title='bbox 2390 4337 2709 4389; x_wconf 90' lang='lat' dir='ltr'><strong>necessario</strong></span> <span class='ocrx_word' id='word_1_633' title='bbox 2765 4335 2985 4391; x_wconf 91' lang='lat' dir='ltr'><strong>locutus</strong></span> <span class='ocrx_word' id='word_1_634' title='bbox 3041 4337 3162 4391; x_wconf 88' lang='lat' dir='ltr'><strong>est?</strong></span> <span class='ocrx_word' id='word_1_635' title='bbox 3191 4336 3352 4391; x_wconf 87' lang='lat' dir='ltr'><strong>Certe</strong></span> <span class='ocrx_word' id='word_1_636' title='bbox 3381 4352 3413 4393; x_wconf 88' lang='lat' dir='ltr'><strong>a</strong></span> 
     </span>
    </p>
   </div>
   <div class='ocr_carea' id='block_1_91' title="bbox 1835 4418 3414 4495">
    <p class='ocr_par' dir='ltr' id='par_1_91' title="bbox 1835 4418 3414 4495">
     <span class='ocr_line' id='line_1_91' title="bbox 1835 4418 3414 4495; baseline 0.008 -22"><span class='ocrx_word' id='word_1_637' title='bbox 1835 4418 2074 4489; x_wconf 77' lang='lat' dir='ltr'><strong>Traiano</strong></span> <span class='ocrx_word' id='word_1_638' title='bbox 2105 4422 2410 4478; x_wconf 69' lang='lat' dir='ltr'><strong>Antiochiae</strong></span> <span class='ocrx_word' id='word_1_639' title='bbox 2436 4425 2502 4480; x_wconf 89' lang='lat' dir='ltr'><strong>ad</strong></span> <span class='ocrx_word' id='word_1_640' title='bbox 2533 4425 2738 4481; x_wconf 87' lang='lat' dir='ltr'><strong>bestias</strong></span> <span class='ocrx_word' id='word_1_641' title='bbox 2764 4429 3162 4484; x_wconf 86' lang='lat' dir='ltr'><strong>condemnatus</strong></span> <span class='ocrx_word' id='word_1_642' title='bbox 3185 4437 3302 4495; x_wconf 89' lang='lat' dir='ltr'><strong>est;</strong></span> <span class='ocrx_word' id='word_1_643' title='bbox 3343 4431 3414 4486; x_wconf 88' lang='lat' dir='ltr'><strong>ab</strong></span> 
     </span>
    </p>
   </div>
   <div class='ocr_carea' id='block_1_92' title="bbox 136 4510 1736 4596">
    <p class='ocr_par' dir='ltr' id='par_1_92' title="bbox 136 4521 1730 4595">
     <span class='ocr_line' id='line_1_92' title="bbox 136 4521 1730 4595; baseline 0 -19"><span class='ocrx_word' id='word_1_644' title='bbox 136 4533 240 4576; x_wconf 84' lang='lat' dir='ltr'><strong>set.</strong></span> <span class='ocrx_word' id='word_1_645' title='bbox 312 4521 490 4593; x_wconf 82' lang='lat' dir='ltr'><strong>Negat</strong></span> <span class='ocrx_word' id='word_1_646' title='bbox 530 4524 613 4577; x_wconf 83' lang='lat' dir='ltr'><strong>vir</strong></span> <span class='ocrx_word' id='word_1_647' title='bbox 655 4523 1015 4579; x_wconf 89' lang='lat' dir='ltr'><strong>doctissimus</strong></span> <span class='ocrx_word' id='word_1_648' title='bbox 1058 4525 1477 4594; x_wconf 87' lang='lat' dir='ltr'><strong>transcripsisse</strong></span> <span class='ocrx_word' id='word_1_649' title='bbox 1517 4540 1581 4579; x_wconf 84' lang='lat' dir='ltr'><strong>ex</strong></span> <span class='ocrx_word' id='word_1_650' title='bbox 1612 4526 1730 4595; x_wconf 89' lang='lat' dir='ltr'><strong>epi-</strong></span> 
     </span>
    </p>
   </div>
   <div class='ocr_carea' id='block_1_93' title="bbox 1839 4510 3411 4596">
    <p class='ocr_par' dir='ltr' id='par_1_93' title="bbox 1839 4510 3411 4589">
     <span class='ocr_line' id='line_1_93' title="bbox 1839 4510 3411 4589; baseline 0.008 -25"><span class='ocrx_word' id='word_1_651' title='bbox 1839 4510 1930 4566; x_wconf 84' lang='lat' dir='ltr'><strong>illo</strong></span> <span class='ocrx_word' id='word_1_652' title='bbox 1959 4520 2202 4583; x_wconf 90' lang='lat' dir='ltr'><strong>tempore</strong></span> <span class='ocrx_word' id='word_1_653' title='bbox 2229 4516 2384 4570; x_wconf 83' lang='lat' dir='ltr'><strong>novit</strong></span> <span class='ocrx_word' id='word_1_654' title='bbox 2414 4517 2556 4585; x_wconf 90' lang='lat' dir='ltr'><strong>quod</strong></span> <span class='ocrx_word' id='word_1_655' title='bbox 2597 4519 2792 4574; x_wconf 91' lang='lat' dir='ltr'><strong>mortis</strong></span> <span class='ocrx_word' id='word_1_656' title='bbox 2821 4534 2994 4588; x_wconf 81' lang='lat' dir='ltr'><strong>genus</strong></span> <span class='ocrx_word' id='word_1_657' title='bbox 3025 4519 3127 4589; x_wconf 85' lang='lat' dir='ltr'><strong>ipsi</strong></span> <span class='ocrx_word' id='word_1_658' title='bbox 3161 4519 3411 4576; x_wconf 90' lang='lat' dir='ltr'><strong>subeun-</strong></span> 
     </span>
    </p>
   </div>
   <div class='ocr_carea' id='block_1_94' title="bbox 136 4613 1731 4685">
    <p class='ocr_par' dir='ltr' id='par_1_94' title="bbox 136 4613 1731 4685">
     <span class='ocr_line' id='line_1_94' title="bbox 136 4613 1731 4685; baseline 0.001 -19"><span class='ocrx_word' id='word_1_659' title='bbox 136 4614 304 4679; x_wconf 85' lang='lat' dir='ltr'><strong>stola,</strong></span> <span class='ocrx_word' id='word_1_660' title='bbox 340 4630 408 4669; x_wconf 81' lang='lat' dir='ltr'><strong>ex</strong></span> <span class='ocrx_word' id='word_1_661' title='bbox 442 4613 596 4669; x_wconf 81' lang='lat' dir='ltr'><strong>Actis</strong></span> <span class='ocrx_word' id='word_1_662' title='bbox 619 4623 774 4684; x_wconf 86' lang='lat' dir='ltr'><strong>putat</strong></span> <span class='ocrx_word' id='word_1_663' title='bbox 798 4615 1075 4668; x_wconf 90' lang='lat' dir='ltr'><strong>habuisse.</strong></span> <span class='ocrx_word' id='word_1_664' title='bbox 1108 4614 1286 4685; x_wconf 84' lang='lat' dir='ltr'><strong>Cogor</strong></span> <span class='ocrx_word' id='word_1_665' title='bbox 1312 4616 1494 4684; x_wconf 88' lang='lat' dir='ltr'><strong>itaque</strong></span> <span class='ocrx_word' id='word_1_666' title='bbox 1533 4615 1731 4683; x_wconf 67' lang='lat' dir='ltr'><strong>Saepius</strong></span> 
     </span>
    </p>
   </div>
   <div class='ocr_carea' id='block_1_95' title="bbox 137 4705 1729 4777">
    <p class='ocr_par' dir='ltr' id='par_1_95' title="bbox 137 4705 1729 4777">
     <span class='ocr_line' id='line_1_95' title="bbox 137 4705 1729 4777; baseline -0.001 -18"><span class='ocrx_word' id='word_1_667' title='bbox 137 4722 437 4775; x_wconf 84' lang='lat' dir='ltr'><strong>reponere,</strong></span> <span class='ocrx_word' id='word_1_668' title='bbox 480 4706 616 4759; x_wconf 89' lang='lat' dir='ltr'><strong>Acta</strong></span> <span class='ocrx_word' id='word_1_669' title='bbox 648 4722 772 4775; x_wconf 67' lang='lat' dir='ltr'><strong>qua:</strong></span> <span class='ocrx_word' id='word_1_670' title='bbox 817 4707 1108 4760; x_wconf 76' lang='lat' dir='ltr'><strong>exstabant</strong></span> <span class='ocrx_word' id='word_1_671' title='bbox 1138 4715 1296 4760; x_wconf 61' lang='lat' dir='ltr'><strong>aetate</strong></span> <span class='ocrx_word' id='word_1_672' title='bbox 1325 4705 1729 4777; x_wconf 79' lang='lat' dir='ltr'><strong>Clirysostomi,</strong></span> 
     </span>
    </p>
   </div>
   <div class='ocr_carea' id='block_1_96' title="bbox 139 4794 1730 4865">
    <p class='ocr_par' dir='ltr' id='par_1_96' title="bbox 139 4794 1730 4865">
     <span class='ocr_line' id='line_1_96' title="bbox 139 4794 1730 4865; baseline 0.001 -19"><span class='ocrx_word' id='word_1_673' title='bbox 139 4794 292 4847; x_wconf 86' lang='lat' dir='ltr'><strong>illam</strong></span> <span class='ocrx_word' id='word_1_674' title='bbox 326 4794 665 4848; x_wconf 83' lang='lat' dir='ltr'><strong>sententiam</strong></span> <span class='ocrx_word' id='word_1_675' title='bbox 719 4794 949 4848; x_wconf 89' lang='lat' dir='ltr'><strong>minime</strong></span> <span class='ocrx_word' id='word_1_676' title='bbox 995 4810 1382 4850; x_wconf 89' lang='lat' dir='ltr'><strong>memorasse:</strong></span> <span class='ocrx_word' id='word_1_677' title='bbox 1426 4796 1730 4865; x_wconf 90' lang='lat' dir='ltr'><strong>posteriora</strong></span> 
     </span>
    </p>
   </div>
   <div class='ocr_carea' id='block_1_97' title="bbox 139 4884 1788 4956">
    <p class='ocr_par' dir='ltr' id='par_1_97' title="bbox 139 4884 1788 4956">
     <span class='ocr_line' id='line_1_97' title="bbox 139 4884 1788 4956; baseline 0 -16"><span class='ocrx_word' id='word_1_678' title='bbox 139 4896 356 4952; x_wconf 83' lang='lat' dir='ltr'><strong>autem,</strong></span> <span class='ocrx_word' id='word_1_679' title='bbox 395 4895 523 4956; x_wconf 89' lang='lat' dir='ltr'><strong>post</strong></span> <span class='ocrx_word' id='word_1_680' title='bbox 564 4885 686 4955; x_wconf 89' lang='lat' dir='ltr'><strong>ejus</strong></span> <span class='ocrx_word' id='word_1_681' title='bbox 718 4895 950 4939; x_wconf 89' lang='lat' dir='ltr'><strong>mortem</strong></span> <span class='ocrx_word' id='word_1_682' title='bbox 997 4887 1326 4955; x_wconf 87' lang='lat' dir='ltr'><strong>composita,</strong></span> <span class='ocrx_word' id='word_1_683' title='bbox 1360 4884 1552 4955; x_wconf 85' lang='lat' dir='ltr'><strong>lguatii</strong></span> <span class='ocrx_word' id='word_1_684' title='bbox 1584 4885 1730 4940; x_wconf 89' lang='lat' dir='ltr'><strong>dicta</strong></span> <span class='ocrx_word' id='word_1_685' title='bbox 1776 4937 1788 4951; x_wconf 82' lang='grc'><em>,</em></span> 
     </span>
    </p>
   </div>
   <div class='ocr_carea' id='block_1_98' title="bbox 137 4977 1732 5048">
    <p class='ocr_par' dir='ltr' id='par_1_98' title="bbox 137 4977 1732 5048">
     <span class='ocr_line' id='line_1_98' title="bbox 137 4977 1732 5048; baseline -0.001 -16"><span class='ocrx_word' id='word_1_686' title='bbox 137 4996 203 5032; x_wconf 79' lang='lat' dir='ltr'><strong>ex</strong></span> <span class='ocrx_word' id='word_1_687' title='bbox 235 4979 492 5048; x_wconf 83' lang='lat' dir='ltr'><strong>epistolis</strong></span> <span class='ocrx_word' id='word_1_688' title='bbox 524 4977 798 5031; x_wconf 87' lang='lat' dir='ltr'><strong>hausisse.</strong></span> <span class='ocrx_word' id='word_1_689' title='bbox 837 4977 1072 5032; x_wconf 85' lang='lat' dir='ltr'><strong>Aliunde</strong></span> <span class='ocrx_word' id='word_1_690' title='bbox 1125 4978 1293 5048; x_wconf 86' lang='lat' dir='ltr'><strong>igitur</strong></span> <span class='ocrx_word' id='word_1_691' title='bbox 1324 4993 1487 5046; x_wconf 88' lang='lat' dir='ltr'><strong>quam</strong></span> <span class='ocrx_word' id='word_1_692' title='bbox 1517 4993 1583 5031; x_wconf 83' lang='lat' dir='ltr'><strong>ex</strong></span> <span class='ocrx_word' id='word_1_693' title='bbox 1613 4978 1732 5047; x_wconf 90' lang='lat' dir='ltr'><strong>epi-</strong></span> 
     </span>
    </p>
   </div>
   <div class='ocr_carea' id='block_1_99' title="bbox 140 5071 1732 5143">
    <p class='ocr_par' dir='ltr' id='par_1_99' title="bbox 140 5071 1732 5143">
     <span class='ocr_line' id='line_1_99' title="bbox 140 5071 1732 5143; baseline -0.002 -16"><span class='ocrx_word' id='word_1_694' title='bbox 140 5075 300 5139; x_wconf 86' lang='lat' dir='ltr'><strong>stola,</strong></span> <span class='ocrx_word' id='word_1_695' title='bbox 329 5089 500 5143; x_wconf 89' lang='lat' dir='ltr'><strong>quam</strong></span> <span class='ocrx_word' id='word_1_696' title='bbox 530 5083 662 5127; x_wconf 91' lang='lat' dir='ltr'><strong>tunc</strong></span> <span class='ocrx_word' id='word_1_697' title='bbox 688 5072 966 5126; x_wconf 81' lang='lat' dir='ltr'><strong>exstitisse</strong></span> <span class='ocrx_word' id='word_1_698' title='bbox 998 5081 1110 5124; x_wconf 94' lang='lat' dir='ltr'><strong>tum</strong></span> <span class='ocrx_word' id='word_1_699' title='bbox 1138 5072 1289 5136; x_wconf 85' lang='lat' dir='ltr'><strong>alibi,</strong></span> <span class='ocrx_word' id='word_1_700' title='bbox 1317 5080 1429 5125; x_wconf 90' lang='lat' dir='ltr'><strong>tum</strong></span> <span class='ocrx_word' id='word_1_701' title='bbox 1459 5071 1732 5140; x_wconf 77' lang='lat' dir='ltr'><strong>pneeipne</strong></span> 
     </span>
    </p>
   </div>
   <div class='ocr_carea' id='block_1_100' title="bbox 140 5163 1729 5232">
    <p class='ocr_par' dir='ltr' id='par_1_100' title="bbox 140 5163 1729 5232">
     <span class='ocr_line' id='line_1_100' title="bbox 140 5163 1729 5232; baseline -0.003 -14"><span class='ocrx_word' id='word_1_702' title='bbox 140 5165 456 5220; x_wconf 77' lang='lat' dir='ltr'><strong>Antiochia:</strong></span> <span class='ocrx_word' id='word_1_703' title='bbox 474 5179 670 5218; x_wconf 88' lang='lat' dir='ltr'><strong>omnes</strong></span> <span class='ocrx_word' id='word_1_704' title='bbox 688 5163 950 5230; x_wconf 85' lang='lat' dir='ltr'><strong>fatentur,</strong></span> <span class='ocrx_word' id='word_1_705' title='bbox 969 5165 1082 5218; x_wconf 72' lang='lat' dir='ltr'><strong>hrec</strong></span> <span class='ocrx_word' id='word_1_706' title='bbox 1097 5164 1264 5218; x_wconf 87' lang='lat' dir='ltr'><strong>verba</strong></span> <span class='ocrx_word' id='word_1_707' title='bbox 1289 5163 1540 5217; x_wconf 90' lang='lat' dir='ltr'><strong>hausisse</strong></span> <span class='ocrx_word' id='word_1_708' title='bbox 1556 5163 1729 5232; x_wconf 84' lang='lat' dir='ltr'><strong>Chry-</strong></span> 
     </span>
    </p>
   </div>
   <div class='ocr_carea' id='block_1_101' title="bbox 140 5251 1727 5324">
    <p class='ocr_par' dir='ltr' id='par_1_101' title="bbox 140 5251 1727 5324">
     <span class='ocr_line' id='line_1_101' title="bbox 140 5251 1727 5324; baseline -0.004 -13"><span class='ocrx_word' id='word_1_709' title='bbox 140 5268 476 5321; x_wconf 82' lang='lat' dir='ltr'><strong>sostomum,</strong></span> <span class='ocrx_word' id='word_1_710' title='bbox 512 5256 795 5323; x_wconf 75' lang='lat' dir='ltr'><strong>hariolari,</strong></span> <span class='ocrx_word' id='word_1_711' title='bbox 832 5256 1080 5324; x_wconf 78' lang='lat' dir='ltr'><strong>frivolum</strong></span> <span class='ocrx_word' id='word_1_712' title='bbox 1124 5263 1172 5308; x_wconf 90' lang='lat' dir='ltr'><strong>et</strong></span> <span class='ocrx_word' id='word_1_713' title='bbox 1200 5255 1433 5323; x_wconf 90' lang='lat' dir='ltr'><strong>ineptum</strong></span> <span class='ocrx_word' id='word_1_714' title='bbox 1462 5263 1559 5307; x_wconf 88' lang='lat' dir='ltr'><strong>est.</strong></span> <span class='ocrx_word' id='word_1_715' title='bbox 1608 5251 1727 5306; x_wconf 86' lang='lat' dir='ltr'><strong>Non</strong></span> 
     </span>
    </p>
   </div>
   <div class='ocr_carea' id='block_1_102' title="bbox 143 5345 1726 5420">
    <p class='ocr_par' dir='ltr' id='par_1_102' title="bbox 143 5345 1726 5420">
     <span class='ocr_line' id='line_1_102' title="bbox 143 5345 1726 5420; baseline -0.001 -20"><span class='ocrx_word' id='word_1_716' title='bbox 143 5351 273 5404; x_wconf 85' lang='lat' dir='ltr'><strong>dicit</strong></span> <span class='ocrx_word' id='word_1_717' title='bbox 321 5350 551 5420; x_wconf 74' lang='lat' dir='ltr'><strong>quidem</strong></span> <span class='ocrx_word' id='word_1_718' title='bbox 583 5358 772 5403; x_wconf 89' lang='lat' dir='ltr'><strong>orator</strong></span> <span class='ocrx_word' id='word_1_719' title='bbox 802 5349 890 5402; x_wconf 92' lang='lat' dir='ltr'><strong>ille</strong></span> <span class='ocrx_word' id='word_1_720' title='bbox 939 5363 1191 5402; x_wconf 91' lang='lat' dir='ltr'><strong>summus</strong></span> <span class='ocrx_word' id='word_1_721' title='bbox 1221 5362 1346 5401; x_wconf 92' lang='lat' dir='ltr'><strong>eum</strong></span> <span class='ocrx_word' id='word_1_722' title='bbox 1385 5345 1676 5415; x_wconf 88' lang='lat' dir='ltr'><strong>scripsisse</strong></span> <span class='ocrx_word' id='word_1_723' title='bbox 1713 5362 1726 5398; x_wconf 92' lang='lat'><strong>:</strong></span> 
     </span>
    </p>
   </div>
   <div class='ocr_carea' id='block_1_103' title="bbox 145 5439 1730 5511">
    <p class='ocr_par' dir='ltr' id='par_1_103' title="bbox 145 5439 1730 5511">
     <span class='ocr_line' id='line_1_103' title="bbox 145 5439 1730 5511; baseline -0.001 -15"><span class='ocrx_word' id='word_1_724' title='bbox 145 5451 353 5497; x_wconf 86' lang='lat' dir='ltr'><strong>tantum</strong></span> <span class='ocrx_word' id='word_1_725' title='bbox 397 5442 740 5511; x_wconf 70' lang='grc' dir='ltr'><strong>ἐφθέγξατο,</strong></span> <span class='ocrx_word' id='word_1_726' title='bbox 780 5443 987 5496; x_wconf 87' lang='lat' dir='ltr'><strong>locutus</strong></span> <span class='ocrx_word' id='word_1_727' title='bbox 1017 5451 1119 5508; x_wconf 89' lang='lat' dir='ltr'><strong>est,</strong></span> <span class='ocrx_word' id='word_1_728' title='bbox 1155 5441 1232 5494; x_wconf 89' lang='lat' dir='ltr'><strong>ait</strong></span> <span class='ocrx_word' id='word_1_729' title='bbox 1268 5459 1279 5494; x_wconf 92' lang='lat'><strong>:</strong></span> <span class='ocrx_word' id='word_1_730' title='bbox 1319 5443 1481 5510; x_wconf 90' lang='lat' dir='ltr'><strong>plane</strong></span> <span class='ocrx_word' id='word_1_731' title='bbox 1506 5447 1564 5492; x_wconf 92' lang='lat' dir='ltr'><strong>ut</strong></span> <span class='ocrx_word' id='word_1_732' title='bbox 1594 5439 1730 5494; x_wconf 88' lang='lat' dir='ltr'><strong>alias</strong></span> 
     </span>
    </p>
   </div>
   <div class='ocr_carea' id='block_1_104' title="bbox 147 5529 1730 5603">
    <p class='ocr_par' dir='ltr' id='par_1_104' title="bbox 147 5529 1730 5603">
     <span class='ocr_line' id='line_1_104' title="bbox 147 5529 1730 5603; baseline -0.001 -16"><span class='ocrx_word' id='word_1_733' title='bbox 147 5536 294 5590; x_wconf 83' lang='lat' dir='ltr'><strong>solet.</strong></span> <span class='ocrx_word' id='word_1_734' title='bbox 322 5534 404 5589; x_wconf 75' lang='grc' dir='ltr'>ιω</span> <span class='ocrx_word' id='word_1_735' title='bbox 439 5536 662 5589; x_wconf 82' lang='lat' dir='ltr'><strong>humilia</strong></span> <span class='ocrx_word' id='word_1_736' title='bbox 697 5536 981 5590; x_wconf 89' lang='lat' dir='ltr'><strong>undecima</strong></span> <span class='ocrx_word' id='word_1_737' title='bbox 1013 5536 1066 5587; x_wconf 92' lang='lat' dir='ltr'><strong>in</strong></span> <span class='ocrx_word' id='word_1_738' title='bbox 1109 5533 1396 5603; x_wconf 82' lang='lat' dir='ltr'><strong>epistolam</strong></span> <span class='ocrx_word' id='word_1_739' title='bbox 1428 5532 1496 5585; x_wconf 91' lang='lat' dir='ltr'><strong>ad</strong></span> <span class='ocrx_word' id='word_1_740' title='bbox 1548 5529 1730 5600; x_wconf 84' lang='lat' dir='ltr'><strong>Ephe-</strong></span> 
     </span>
    </p>
   </div>
   <div class='ocr_carea' id='block_1_105' title="bbox 148 5621 1724 5699">
    <p class='ocr_par' dir='ltr' id='par_1_105' title="bbox 148 5621 1724 5699">
     <span class='ocr_line' id='line_1_105' title="bbox 148 5621 1724 5699; baseline -0.003 -19"><span class='ocrx_word' id='word_1_741' title='bbox 148 5628 285 5683; x_wconf 84' lang='lat' dir='ltr'><strong>sius:</strong></span> <span class='ocrx_word' id='word_1_742' title='bbox 312 5627 444 5697; x_wconf 74' lang='grc' dir='ltr'><strong>Ἀνὴ</strong></span> <span class='ocrx_word' id='word_1_743' title='bbox 453 5646 484 5699; x_wconf 87' lang='grc' dir='ltr'>ρ</span> <span class='ocrx_word' id='word_1_744' title='bbox 503 5627 561 5679; x_wconf 76' lang='grc' dir='ltr'><strong>δέ</strong></span> <span class='ocrx_word' id='word_1_745' title='bbox 583 5645 668 5690; x_wconf 83' lang='grc' dir='ltr'><strong>τις</strong></span> <span class='ocrx_word' id='word_1_746' title='bbox 692 5628 844 5695; x_wconf 78' lang='grc' dir='ltr'>ἅγιος</span> <span class='ocrx_word' id='word_1_747' title='bbox 869 5623 1257 5681; x_wconf 73' lang='grc' dir='ltr'>είπέτιδοκοῢν</span> <span class='ocrx_word' id='word_1_748' title='bbox 1280 5621 1416 5677; x_wconf 82' lang='grc' dir='ltr'>εἶναι</span> <span class='ocrx_word' id='word_1_749' title='bbox 1431 5623 1724 5695; x_wconf 79' lang='grc' dir='ltr'><strong>τολμηρὸν,</strong></span> 
     </span>
    </p>
   </div>
   <div class='ocr_carea' id='block_1_106' title="bbox 152 5713 1725 5793">
    <p class='ocr_par' dir='ltr' id='par_1_106' title="bbox 152 5713 1725 5793">
     <span class='ocr_line' id='line_1_106' title="bbox 152 5713 1725 5793; baseline -0.003 -20"><span class='ocrx_word' id='word_1_750' title='bbox 152 5722 282 5793; x_wconf 73' lang='grc' dir='ltr'>πλὴν</span> <span class='ocrx_word' id='word_1_751' title='bbox 311 5721 430 5775; x_wconf 67' lang='grc' dir='ltr'><strong>ἀλλ’</strong></span> <span class='ocrx_word' id='word_1_752' title='bbox 467 5722 616 5792; x_wconf 81' lang='grc' dir='ltr'>ὅμως</span> <span class='ocrx_word' id='word_1_753' title='bbox 644 5719 972 5791; x_wconf 66' lang='grc' dir='ltr'><strong>ἐφθέγξατο*</strong></span> <span class='ocrx_word' id='word_1_754' title='bbox 1013 5720 1065 5772; x_wconf 82' lang='grc' dir='ltr'>τί</span> <span class='ocrx_word' id='word_1_755' title='bbox 1102 5719 1167 5790; x_wconf 79' lang='grc' dir='ltr'><strong>δὴ</strong></span> <span class='ocrx_word' id='word_1_756' title='bbox 1191 5717 1349 5772; x_wconf 76' lang='grc' dir='ltr'><strong>τοῖ’)τὸ</strong></span> <span class='ocrx_word' id='word_1_757' title='bbox 1388 5719 1567 5784; x_wconf 58' lang='lat' dir='ltr'><strong>iactv;</strong></span> <span class='ocrx_word' id='word_1_758' title='bbox 1605 5713 1725 5770; x_wconf 73' lang='grc' dir='ltr'>οὐδὲ</span> 
     </span>
    </p>
   </div>
   <div class='ocr_carea' id='block_1_107' title="bbox 158 5808 1724 5886">
    <p class='ocr_par' dir='ltr' id='par_1_107' title="bbox 158 5808 1724 5886">
     <span class='ocr_line' id='line_1_107' title="bbox 158 5808 1724 5886; baseline -0.002 -20"><span class='ocrx_word' id='word_1_759' title='bbox 158 5815 453 5886; x_wconf 63' lang='grc' dir='ltr'>μαρτυρίου</span> <span class='ocrx_word' id='word_1_760' title='bbox 507 5808 646 5884; x_wconf 74' lang='grc' dir='ltr'><strong>αἷμα</strong></span> <span class='ocrx_word' id='word_1_761' title='bbox 683 5813 886 5884; x_wconf 76' lang='grc' dir='ltr'>ταύτην</span> <span class='ocrx_word' id='word_1_762' title='bbox 943 5811 1202 5867; x_wconf 69' lang='grc' dir='ltr'><strong>δύναπθαι</strong></span> <span class='ocrx_word' id='word_1_763' title='bbox 1252 5810 1557 5881; x_wconf 69' lang='grc' dir='ltr'>ἐξαλείφειν</span> <span class='ocrx_word' id='word_1_764' title='bbox 1625 5810 1724 5881; x_wconf 75' lang='grc' dir='ltr'>τὴν</span> 
     </span>
    </p>
   </div>
   <div class='ocr_carea' id='block_1_108' title="bbox 1835 4604 3412 4684">
    <p class='ocr_par' dir='ltr' id='par_1_108' title="bbox 1835 4604 3412 4684">
     <span class='ocr_line' id='line_1_108' title="bbox 1835 4604 3412 4684; baseline 0.006 -26"><span class='ocrx_word' id='word_1_765' title='bbox 1835 4604 1967 4659; x_wconf 90' lang='lat' dir='ltr'><strong>dum</strong></span> <span class='ocrx_word' id='word_1_766' title='bbox 1991 4619 2138 4661; x_wconf 88' lang='lat' dir='ltr'><strong>esset</strong></span> <span class='ocrx_word' id='word_1_767' title='bbox 2171 4626 2184 4662; x_wconf 93' lang='lat'>:</span> <span class='ocrx_word' id='word_1_768' title='bbox 2220 4619 2347 4678; x_wconf 87' lang='lat' dir='ltr'><strong>post</strong></span> <span class='ocrx_word' id='word_1_769' title='bbox 2371 4609 2506 4663; x_wconf 89' lang='lat' dir='ltr'><strong>illud</strong></span> <span class='ocrx_word' id='word_1_770' title='bbox 2539 4619 2756 4680; x_wconf 88' lang='lat' dir='ltr'><strong>tempus</strong></span> <span class='ocrx_word' id='word_1_771' title='bbox 2784 4611 2924 4666; x_wconf 79' lang='lat' dir='ltr'><strong>dixit</strong></span> <span class='ocrx_word' id='word_1_772' title='bbox 2952 4627 2965 4663; x_wconf 93' lang='lat'><strong>:</strong></span> <span class='ocrx_word' id='word_1_773' title='bbox 3006 4629 3025 4663; x_wconf 77' lang='lat' dir='ltr'><strong>s</strong></span> <span class='ocrx_word' id='word_1_774' title='bbox 3058 4610 3278 4666; x_wconf 90' lang='lat' dir='ltr'><strong>Utinam</strong></span> <span class='ocrx_word' id='word_1_775' title='bbox 3309 4629 3412 4684; x_wconf 80' lang='lat' dir='ltr'><strong>ego</strong></span> 
     </span>
    </p>
   </div>
   <div class='ocr_carea' id='block_1_109' title="bbox 1833 4697 3408 4771">
    <p class='ocr_par' dir='ltr' id='par_1_109' title="bbox 1833 4697 3408 4771">
     <span class='ocr_line' id='line_1_109' title="bbox 1833 4697 3408 4771; baseline 0.006 -20"><span class='ocrx_word' id='word_1_776' title='bbox 1833 4697 1943 4752; x_wconf 91' lang='lat' dir='ltr'><strong>illis</strong></span> <span class='ocrx_word' id='word_1_777' title='bbox 1968 4698 2179 4760; x_wconf 89' lang='lat' dir='ltr'><strong>bestiis,</strong></span> <span class='ocrx_word' id='word_1_778' title='bbox 2207 4701 2273 4754; x_wconf 90' lang='lat' dir='ltr'><strong>ad</strong></span> <span class='ocrx_word' id='word_1_779' title='bbox 2315 4717 2454 4771; x_wconf 91' lang='lat' dir='ltr'><strong>quas</strong></span> <span class='ocrx_word' id='word_1_780' title='bbox 2483 4703 2880 4759; x_wconf 86' lang='lat' dir='ltr'><strong>condemnatus</strong></span> <span class='ocrx_word' id='word_1_781' title='bbox 2908 4719 3054 4770; x_wconf 89' lang='lat' dir='ltr'><strong>sum,</strong></span> <span class='ocrx_word' id='word_1_782' title='bbox 3083 4703 3265 4771; x_wconf 86' lang='lat' dir='ltr'><strong>fruar;</strong></span> <span class='ocrx_word' id='word_1_783' title='bbox 3304 4724 3324 4758; x_wconf 69' lang='grc' dir='ltr'><strong><em>ι</em></strong></span> <span class='ocrx_word' id='word_1_784' title='bbox 3355 4706 3408 4761; x_wconf 89' lang='lat' dir='ltr'><strong>id</strong></span> 
     </span>
    </p>
   </div>
   <div class='ocr_carea' id='block_1_110' title="bbox 1831 4790 3408 4866">
    <p class='ocr_par' dir='ltr' id='par_1_110' title="bbox 1831 4790 3408 4866">
     <span class='ocr_line' id='line_1_110' title="bbox 1831 4790 3408 4866; baseline 0.007 -24"><span class='ocrx_word' id='word_1_785' title='bbox 1831 4804 1936 4845; x_wconf 88' lang='lat' dir='ltr'><strong>nos</strong></span> <span class='ocrx_word' id='word_1_786' title='bbox 1962 4805 2086 4844; x_wconf 90' lang='lat' dir='ltr'><strong>eum</strong></span> <span class='ocrx_word' id='word_1_787' title='bbox 2117 4790 2366 4864; x_wconf 66' lang='lat' dir='ltr'><strong>Smyrna:</strong></span> <span class='ocrx_word' id='word_1_788' title='bbox 2395 4795 2602 4849; x_wconf 83' lang='lat' dir='ltr'><strong>dixisse</strong></span> <span class='ocrx_word' id='word_1_789' title='bbox 2638 4803 2693 4849; x_wconf 89' lang='lat' dir='ltr'><strong>et</strong></span> <span class='ocrx_word' id='word_1_790' title='bbox 2715 4797 3009 4866; x_wconf 90' lang='lat' dir='ltr'><strong>scripsisse</strong></span> <span class='ocrx_word' id='word_1_791' title='bbox 3035 4799 3310 4853; x_wconf 89' lang='lat' dir='ltr'><strong>credimus</strong></span> <span class='ocrx_word' id='word_1_792' title='bbox 3341 4798 3408 4853; x_wconf 85' lang='lat' dir='ltr'><strong>ad</strong></span> 
     </span>
    </p>
   </div>
   <div class='ocr_carea' id='block_1_111' title="bbox 1833 4879 3408 4956">
    <p class='ocr_par' dir='ltr' id='par_1_111' title="bbox 1833 4879 3408 4956">
     <span class='ocr_line' id='line_1_111' title="bbox 1833 4879 3408 4956; baseline 0.008 -21"><span class='ocrx_word' id='word_1_793' title='bbox 1833 4879 2112 4940; x_wconf 83' lang='lat' dir='ltr'><strong>Romanos</strong></span> <span class='ocrx_word' id='word_1_794' title='bbox 2135 4886 2376 4954; x_wconf 86' lang='lat' dir='ltr'><strong>quidem,</strong></span> <span class='ocrx_word' id='word_1_795' title='bbox 2403 4888 2495 4941; x_wconf 91' lang='lat' dir='ltr'><strong>sed</strong></span> <span class='ocrx_word' id='word_1_796' title='bbox 2512 4888 2794 4956; x_wconf 85' lang='lat' dir='ltr'><strong>absentes;</strong></span> <span class='ocrx_word' id='word_1_797' title='bbox 2811 4887 2996 4942; x_wconf 50' lang='lat' dir='ltr'><strong>Roma).</strong></span> <span class='ocrx_word' id='word_1_798' title='bbox 3013 4899 3139 4945; x_wconf 88' lang='lat' dir='ltr'><strong>ante</strong></span> <span class='ocrx_word' id='word_1_799' title='bbox 3151 4903 3194 4938; x_wconf 77' lang='lat' dir='ltr'><strong>.u</strong></span> <span class='ocrx_word' id='word_1_800' title='bbox 3219 4893 3408 4946; x_wconf 89' lang='lat' dir='ltr'><strong>eadem</strong></span> 
     </span>
    </p>
   </div>
   <div class='ocr_carea' id='block_1_112' title="bbox 1832 4974 3414 5055">
    <p class='ocr_par' dir='ltr' id='par_1_112' title="bbox 1832 4974 3414 5055">
     <span class='ocr_line' id='line_1_112' title="bbox 1832 4974 3414 5055; baseline 0.009 -28"><span class='ocrx_word' id='word_1_801' title='bbox 1832 4974 1996 5029; x_wconf 88' lang='lat' dir='ltr'><strong>verba</strong></span> <span class='ocrx_word' id='word_1_802' title='bbox 2026 4978 2416 5046; x_wconf 89' lang='lat' dir='ltr'><strong>pronuntiasse</strong></span> <span class='ocrx_word' id='word_1_803' title='bbox 2450 4979 2727 5049; x_wconf 86' lang='lat' dir='ltr'><strong>(quamvis</strong></span> <span class='ocrx_word' id='word_1_804' title='bbox 2780 4981 2831 5035; x_wconf 92' lang='lat' dir='ltr'><strong>id</strong></span> <span class='ocrx_word' id='word_1_805' title='bbox 2883 4995 3106 5052; x_wconf 90' lang='lat' dir='ltr'><strong>quoque</strong></span> <span class='ocrx_word' id='word_1_806' title='bbox 3138 4984 3254 5038; x_wconf 83' lang='lat' dir='ltr'><strong>ﬁeri</strong></span> <span class='ocrx_word' id='word_1_807' title='bbox 3303 5002 3414 5055; x_wconf 82' lang='lat' dir='ltr'><strong>po-,</strong></span> 
     </span>
    </p>
   </div>
   <div class='ocr_carea' id='block_1_113' title="bbox 1836 5067 3411 5144">
    <p class='ocr_par' dir='ltr' id='par_1_113' title="bbox 1836 5067 3411 5144">
     <span class='ocr_line' id='line_1_113' title="bbox 1836 5067 3411 5144; baseline 0.007 -24"><span class='ocrx_word' id='word_1_808' title='bbox 1836 5067 2008 5122; x_wconf 90' lang='lat' dir='ltr'><strong>tuisse</strong></span> <span class='ocrx_word' id='word_1_809' title='bbox 2064 5084 2227 5123; x_wconf 91' lang='lat' dir='ltr'><strong>nemo</strong></span> <span class='ocrx_word' id='word_1_810' title='bbox 2263 5069 2621 5135; x_wconf 80' lang='lat' dir='ltr'><strong>difﬂtebitur)</strong></span> <span class='ocrx_word' id='word_1_811' title='bbox 2672 5087 2772 5126; x_wconf 90' lang='lat' dir='ltr'><strong>nec</strong></span> <span class='ocrx_word' id='word_1_812' title='bbox 2804 5072 3256 5144; x_wconf 90' lang='lat' dir='ltr'><strong>Chrysostomus,</strong></span> <span class='ocrx_word' id='word_1_813' title='bbox 3310 5091 3411 5131; x_wconf 91' lang='lat' dir='ltr'><strong>nec</strong></span> 
     </span>
    </p>
   </div>
   <div class='ocr_carea' id='block_1_114' title="bbox 1833 5161 3406 5235">
    <p class='ocr_par' dir='ltr' id='par_1_114' title="bbox 1833 5161 3406 5235">
     <span class='ocr_line' id='line_1_114' title="bbox 1833 5161 3406 5235; baseline 0.006 -23"><span class='ocrx_word' id='word_1_814' title='bbox 1833 5167 1959 5213; x_wconf 89' lang='lat' dir='ltr'><strong>ante</strong></span> <span class='ocrx_word' id='word_1_815' title='bbox 1986 5175 2109 5215; x_wconf 89' lang='lat' dir='ltr'><strong>eum</strong></span> <span class='ocrx_word' id='word_1_816' title='bbox 2144 5161 2436 5232; x_wconf 89' lang='lat' dir='ltr'><strong>quisquam</strong></span> <span class='ocrx_word' id='word_1_817' title='bbox 2477 5163 2635 5217; x_wconf 83' lang='lat' dir='ltr'><strong>dixit.</strong></span> <span class='ocrx_word' id='word_1_818' title='bbox 2673 5163 2738 5218; x_wconf 88' lang='lat' dir='ltr'><strong>Et</strong></span> <span class='ocrx_word' id='word_1_819' title='bbox 2785 5165 2831 5220; x_wconf 89' lang='lat' dir='ltr'><strong>si</strong></span> <span class='ocrx_word' id='word_1_820' title='bbox 2867 5166 3122 5235; x_wconf 89' lang='lat' dir='ltr'><strong>cuiquam</strong></span> <span class='ocrx_word' id='word_1_821' title='bbox 3175 5176 3307 5222; x_wconf 92' lang='lat' dir='ltr'><strong>tunc</strong></span> <span class='ocrx_word' id='word_1_822' title='bbox 3344 5183 3406 5222; x_wconf 88' lang='lat' dir='ltr'><strong>ea</strong></span> 
     </span>
    </p>
   </div>
   <div class='ocr_carea' id='block_1_115' title="bbox 1831 5253 3406 5329">
    <p class='ocr_par' dir='ltr' id='par_1_115' title="bbox 1831 5253 3406 5329">
     <span class='ocr_line' id='line_1_115' title="bbox 1831 5253 3406 5329; baseline 0.007 -26"><span class='ocrx_word' id='word_1_823' title='bbox 1831 5253 1998 5307; x_wconf 86' lang='lat' dir='ltr'><strong>verba</strong></span> <span class='ocrx_word' id='word_1_824' title='bbox 2044 5255 2326 5321; x_wconf 88' lang='lat' dir='ltr'><strong>recitavit,</strong></span> <span class='ocrx_word' id='word_1_825' title='bbox 2379 5265 2526 5310; x_wconf 90' lang='lat' dir='ltr'><strong>certe</strong></span> <span class='ocrx_word' id='word_1_826' title='bbox 2557 5255 2809 5312; x_wconf 79' lang='lat' dir='ltr'><strong>ﬁdelibus</strong></span> <span class='ocrx_word' id='word_1_827' title='bbox 2851 5256 3038 5312; x_wconf 66' lang='lat' dir='ltr'><strong>Romae</strong></span> <span class='ocrx_word' id='word_1_828' title='bbox 3067 5274 3134 5313; x_wconf 82' lang='lat' dir='ltr'><strong>ex</strong></span> <span class='ocrx_word' id='word_1_829' title='bbox 3175 5260 3406 5329; x_wconf 80' lang='lat' dir='ltr'><strong>epistola</strong></span> 
     </span>
    </p>
   </div>
   <div class='ocr_carea' id='block_1_116' title="bbox 1832 5347 3399 5417">
    <p class='ocr_par' dir='ltr' id='par_1_116' title="bbox 1832 5347 3399 5417">
     <span class='ocr_line' id='line_1_116' title="bbox 1832 5347 3399 5417; baseline 0.004 -18"><span class='ocrx_word' id='word_1_830' title='bbox 1832 5361 1998 5416; x_wconf 88' lang='lat' dir='ltr'><strong>quam</strong></span> <span class='ocrx_word' id='word_1_831' title='bbox 2027 5347 2092 5400; x_wconf 92' lang='lat' dir='ltr'><strong>ad</strong></span> <span class='ocrx_word' id='word_1_832' title='bbox 2124 5363 2220 5402; x_wconf 92' lang='lat' dir='ltr'><strong>eos</strong></span> <span class='ocrx_word' id='word_1_833' title='bbox 2255 5349 2576 5417; x_wconf 87' lang='lat' dir='ltr'><strong>scripserat,</strong></span> <span class='ocrx_word' id='word_1_834' title='bbox 2602 5351 2790 5405; x_wconf 85' lang='lat' dir='ltr'><strong>eadem</strong></span> <span class='ocrx_word' id='word_1_835' title='bbox 2840 5351 3039 5406; x_wconf 84' lang='lat' dir='ltr'><strong>iterum</strong></span> <span class='ocrx_word' id='word_1_836' title='bbox 3094 5351 3148 5404; x_wconf 92' lang='lat' dir='ltr'><strong>in</strong></span> <span class='ocrx_word' id='word_1_837' title='bbox 3198 5366 3399 5405; x_wconf 62' lang='lat' dir='ltr'><strong>memoo</strong></span> 
     </span>
    </p>
   </div>
   <div class='ocr_carea' id='block_1_117' title="bbox 1832 5441 3400 5513">
    <p class='ocr_par' dir='ltr' id='par_1_117' title="bbox 1832 5441 3400 5513">
     <span class='ocr_line' id='line_1_117' title="bbox 1832 5441 3400 5513; baseline 0.001 -19"><span class='ocrx_word' id='word_1_838' title='bbox 1832 5441 1971 5494; x_wconf 88' lang='lat' dir='ltr'><strong>riam</strong></span> <span class='ocrx_word' id='word_1_839' title='bbox 2005 5441 2313 5505; x_wconf 85' lang='lat' dir='ltr'><strong>revocavit;</strong></span> <span class='ocrx_word' id='word_1_840' title='bbox 2366 5442 2439 5496; x_wconf 89' lang='lat' dir='ltr'><strong>ita</strong></span> <span class='ocrx_word' id='word_1_841' title='bbox 2486 5443 2630 5496; x_wconf 90' lang='lat' dir='ltr'><strong>enim</strong></span> <span class='ocrx_word' id='word_1_842' title='bbox 2662 5443 3042 5513; x_wconf 87' lang='lat' dir='ltr'><strong>antiquissima</strong></span> <span class='ocrx_word' id='word_1_843' title='bbox 3080 5443 3199 5512; x_wconf 93' lang='lat' dir='ltr'><strong>ejus</strong></span> <span class='ocrx_word' id='word_1_844' title='bbox 3221 5443 3351 5498; x_wconf 80' lang='lat' dir='ltr'><strong>Acta</strong></span> <span class='ocrx_word' id='word_1_845' title='bbox 3385 5459 3400 5495; x_wconf 88' lang='lat'><strong>:</strong></span> 
     </span>
    </p>
   </div>
   <div class='ocr_carea' id='block_1_118' title="bbox 1836 5531 3404 5604">
    <p class='ocr_par' dir='ltr' id='par_1_118' title="bbox 1836 5531 3404 5604">
     <span class='ocr_line' id='line_1_118' title="bbox 1836 5531 3404 5604; baseline 0.004 -20"><span class='ocrx_word' id='word_1_846' title='bbox 1836 5531 2166 5596; x_wconf 82' lang='lat' dir='ltr'><strong>Quibusdam</strong></span> <span class='ocrx_word' id='word_1_847' title='bbox 2189 5544 2364 5587; x_wconf 85' lang='lat' dir='ltr'><strong>autem</strong></span> <span class='ocrx_word' id='word_1_848' title='bbox 2388 5543 2438 5588; x_wconf 92' lang='lat' dir='ltr'><strong>et</strong></span> <span class='ocrx_word' id='word_1_849' title='bbox 2462 5537 2794 5590; x_wconf 88' lang='lat' dir='ltr'><strong>annuntiavit</strong></span> <span class='ocrx_word' id='word_1_850' title='bbox 2810 5537 2982 5600; x_wconf 89' lang='lat' dir='ltr'><strong>silere,</strong></span> <span class='ocrx_word' id='word_1_851' title='bbox 3013 5536 3331 5604; x_wconf 80' lang='lat' dir='ltr'><strong>ferventibus</strong></span> <span class='ocrx_word' id='word_1_852' title='bbox 3354 5546 3404 5590; x_wconf 84' lang='lat' dir='ltr'><strong>et</strong></span> 
     </span>
    </p>
   </div>
   <div class='ocr_carea' id='block_1_119' title="bbox 1832 5625 3402 5698">
    <p class='ocr_par' dir='ltr' id='par_1_119' title="bbox 1832 5625 3402 5698">
     <span class='ocr_line' id='line_1_119' title="bbox 1832 5625 3402 5698; baseline 0.003 -21"><span class='ocrx_word' id='word_1_853' title='bbox 1832 5625 2126 5678; x_wconf 87' lang='lat' dir='ltr'><strong>dicentibus</strong></span> <span class='ocrx_word' id='word_1_854' title='bbox 2162 5627 2400 5696; x_wconf 91' lang='lat' dir='ltr'><strong>quietare</strong></span> <span class='ocrx_word' id='word_1_855' title='bbox 2426 5627 2626 5698; x_wconf 88' lang='lat' dir='ltr'><strong>plebem</strong></span> <span class='ocrx_word' id='word_1_856' title='bbox 2665 5646 2727 5682; x_wconf 91' lang='lat' dir='ltr'><strong>ac</strong></span> <span class='ocrx_word' id='word_1_857' title='bbox 2768 5645 2872 5683; x_wconf 88' lang='lat' dir='ltr'><strong>non</strong></span> <span class='ocrx_word' id='word_1_858' title='bbox 2918 5639 3158 5698; x_wconf 77' lang='lat' dir='ltr'><strong>expetere</strong></span> <span class='ocrx_word' id='word_1_859' title='bbox 3187 5628 3402 5697; x_wconf 79' lang='lat' dir='ltr'><strong>perdere</strong></span> 
     </span>
    </p>
   </div>
   <div class='ocr_carea' id='block_1_120' title="bbox 1823 5715 3400 5792">
    <p class='ocr_par' dir='ltr' id='par_1_120' title="bbox 1823 5715 3400 5792">
     <span class='ocr_line' id='line_1_120' title="bbox 1823 5715 3400 5792; baseline 0.003 -24"><span class='ocrx_word' id='word_1_860' title='bbox 1823 5715 2050 5785; x_wconf 88' lang='lat' dir='ltr'><strong>justum.</strong></span> <span class='ocrx_word' id='word_1_861' title='bbox 2082 5715 2227 5781; x_wconf 82' lang='lat' dir='ltr'><strong>Quos</strong></span> <span class='ocrx_word' id='word_1_862' title='bbox 2256 5719 2533 5788; x_wconf 79' lang='lat' dir='ltr'><strong>confestim</strong></span> <span class='ocrx_word' id='word_1_863' title='bbox 2561 5721 2753 5790; x_wconf 89' lang='lat' dir='ltr'><strong>spiritu</strong></span> <span class='ocrx_word' id='word_1_864' title='bbox 2780 5737 3116 5792; x_wconf 69' lang='lat' dir='ltr'><strong>cognoscens,</strong></span> <span class='ocrx_word' id='word_1_865' title='bbox 3142 5730 3189 5774; x_wconf 88' lang='lat' dir='ltr'><strong>et</strong></span> <span class='ocrx_word' id='word_1_866' title='bbox 3223 5736 3400 5774; x_wconf 86' lang='lat' dir='ltr'><strong>omnes</strong></span> 
     </span>
    </p>
   </div>
   <div class='ocr_carea' id='block_1_121' title="bbox 1832 5811 3398 5886">
    <p class='ocr_par' dir='ltr' id='par_1_121' title="bbox 1832 5811 3398 5886">
     <span class='ocr_line' id='line_1_121' title="bbox 1832 5811 3398 5886; baseline 0 -19"><span class='ocrx_word' id='word_1_867' title='bbox 1832 5811 2096 5879; x_wconf 87' lang='lat' dir='ltr'><strong>salutans,</strong></span> <span class='ocrx_word' id='word_1_868' title='bbox 2121 5821 2398 5884; x_wconf 81' lang='lat' dir='ltr'><strong>petensque</strong></span> <span class='ocrx_word' id='word_1_869' title='bbox 2427 5814 2490 5869; x_wconf 90' lang='lat' dir='ltr'><strong>ab</strong></span> <span class='ocrx_word' id='word_1_870' title='bbox 2523 5814 2649 5886; x_wconf 84' lang='lat' dir='ltr'><strong>ipsis</strong></span> <span class='ocrx_word' id='word_1_871' title='bbox 2688 5831 2860 5869; x_wconf 89' lang='lat' dir='ltr'><strong>veram</strong></span> <span class='ocrx_word' id='word_1_872' title='bbox 2896 5814 3229 5879; x_wconf 85' lang='lat' dir='ltr'><strong>charitatem,</strong></span> <span class='ocrx_word' id='word_1_873' title='bbox 3281 5814 3398 5879; x_wconf 81' lang='lat' dir='ltr'><strong>p.’u-</strong></span> 
     </span>
    </p>
   </div>
  </div>
