3864 6204
430 294 536 350 195

1432 297 1489 351 8.
1531 293 1878 353 ιοΝΑΤιυε.
1918 324 1988 337 ——
2027 293 2560 352 PROLEGOMENA.

3590 295 3699 354 “6

428 435 588 488 raque
619 419 696 472 iis
721 435 837 488 qua:
864 419 918 472 in
954 418 1182 488 epistola
1219 418 1525 486 disputans,
1555 429 1608 472 et
1642 417 1869 472 suadens
1903 433 2008 470 non
2037 422 2085 478 Α
2113 417 2180 472 ad
2211 417 2491 472 auditores
2542 416 2804 474 facerent.
2837 415 3026 482 itaque
3055 418 3430 487 apostolorum
3461 433 3698 474 consor-

426 512 660 565 invidere
689 511 968 580 festinanti
999 511 1068 564 ad
1100 509 1405 564 Dominum.
1447 509 1615 563 Forte
1654 509 1821 579 igitur
1867 510 2009 563 inter

427 605 641 672 reliqua
666 618 789 672 quae
825 601 1055 656 Romam
1082 600 1316 672 Smyrna
1344 601 1639 669 scripserat
1669 601 1834 655 etiam
1867 600 2009 657 hanc

427 699 755 753 sententiam
785 695 1030 760 iteravit;
1061 695 1132 748 ita
1162 693 1298 747 nihil
1326 692 1528 747 Dallzeo
1558 693 1646 747 vel
1669 708 1736 748 ex
1762 692 2008 764 Chryso-

427 798 609 844 stomo
639 797 871 855 certum,
896 787 981 842 vel
1005 785 1224 840 aliunde
1247 785 1528 854 probabile
1549 794 1652 839 est.

498 876 608 933 Nos
659 887 838 931 autem
889 877 1065 932 multo
1118 877 1384 934 certiores
1433 891 1627 930 sumus
1675 874 2006 930 sententiam

429 971 573 1024 illam
623 970 811 1040 lgnalii
845 987 911 1024 ex
942 969 1063 1039 ejus
1117 969 1349 1038 epistola
1398 984 1427 1023 a
1475 968 1872 1039 Chrysostomo
1908 969 2007 1024 de-

429 1072 700 1132 sumptam
725 1078 868 1118 esse.
901 1060 955 1132 id
993 1063 1138 1115 enim
1176 1077 1242 1115 ex
1266 1061 1448 1115 verbis
1479 1061 1838 1130 sequentibus
1874 1059 2008 1114 satis

427 1155 634 1225 liquido
661 1163 882 1224 apparet
910 1171 924 1206 :
968 1151 1114 1222 Ἐγὼ
1135 1152 1252 1205 τῶν
1273 1153 1513 1220 θηρίων,
1547 1152 1744 1221 inquit,
1763 1152 2010 1206 ἐκείνων

427 1249 700 1317 ὀναίμην,
718 1247 890 1316 ἔλεγε.
915 1245 1158 1299 Τοιοῦτοι
1179 1245 1286 1317 γὰρ
1307 1248 1355 1298 οἱ
1378 1245 1609 1316 ἐρῶντες
1653 1246 1789 1315 ὅπερ
1815 1245 1880 1298 ἂν
1899 1246 2006 1298 πά-

430 1358 577 1411 σχωσ
591 1357 637 1393 ιν
660 1339 802 1412 ὑπὲρ
824 1339 932 1392 τῶν
946 1339 1234 1410 ἐρωμένων
1253 1338 1370 1409 μεθ’
1387 1337 1581 1408 ἡδονῆς
1601 1338 1866 1407 δέχονται.
1892 1336 2009 1392 Uti-

427 1450 552 1486 nam
582 1450 674 1502 ego
709 1433 819 1486 illis
857 1432 1036 1485 bestiis
1061 1431 1235 1500 fruar,
1274 1430 1372 1483 ait.
1405 1429 1558 1483 Tales
1578 1430 1719 1484 enim
1743 1441 2006 1484 amatores

430 1525 688 1596 quidquid
721 1526 1004 1593 patiuntur
1040 1539 1134 1593 pro
1159 1523 1354 1576 amatis
1389 1538 1506 1575 cum
1545 1523 1812 1592 uoluptate
1839 1522 2010 1576 susci-

423 1619 599 1687 piunt.
621 1617 829 1671 Alludit
865 1617 1010 1671 enim
1048 1614 1338 1670 manifeste
1362 1614 1427 1668 ad
1455 1615 1712 1684 praeclara
1739 1616 1828 1669 illa
1841 1615 2004 1670 verba

427 1711 480 1764 in
517 1711 705 1764 eadem
722 1709 882 1779 epist.
913 1710 982 1763 ab
1009 1708 1267 1762 omnibus
1289 1708 1595 1774 decantata,
1624 1706 1733 1771 ζῶν
1751 1706 1859 1779 γὰρ
1879 1708 2008 1778 ὑμῖν

2111 517 2272 575 tium,
2323 519 2378 562 et
2423 510 2800 578 episcopatum
2833 520 3253 574 commemorat,
3289 520 3348 563 ut
3377 511 3701 580 amplitudi—

2111 611 2236 652 nem
2276 599 2450 663 urbis,
2502 607 2558 653 et
2600 598 2981 668 antiquitatem
3032 599 3288 655 Ecclesia:
3337 600 3702 654 Antiochenae

2109 689 2429 756 extolleret;
2455 689 2778 762 martyrium
2811 699 2994 744 autem
3020 691 3295 760 eleganter
3319 690 3608 753 describit,
3639 701 3702 743 ut

2110 779 2491 836 vehementius
2512 782 2770 852 pepulum
2799 783 2867 836 ad
2891 781 3248 850 reliquiarum
3280 781 3699 836 venerationem

2111 870 2456 925 accenderet.
2506 870 2809 940 Epistolas,
2844 880 2903 926 ut
2943 886 3057 925 rem
3086 871 3345 925 omnibus
3376 871 3656 941 cognitam
3679 909 3697 932 ,

2111 977 2212 1016 nec
2237 964 2568 1033 panegyrico
2591 964 2808 1018 dicendi
2825 963 3008 1033 generi
3026 964 3440 1018 convenientem
3463 964 3698 1019 omittit.

2111 1053 2412 1124 Gregorius
2443 1054 2892 1124 Thaumaturgus
2928 1056 3315 1127 panegyricum
3347 1071 3533 1110 coram
3565 1054 3700 1112 Ori-

2112 1160 2249 1216 gene
2291 1147 2512 1215 habuit;
2554 1149 2756 1218 scripta
2787 1149 2908 1218 ejus
2935 1164 3041 1204 non
3076 1150 3280 1216 laudat,
3309 1165 3378 1204 nc
3439 1150 3700 1204 nominat

2111 1238 2369 1304 quidem;
2402 1239 2514 1292 imo
2537 1254 2605 1293 ne
2637 1239 2931 1306 scripsisse
2959 1256 3088 1294 eum
3129 1242 3431 1311 quidquam
3461 1241 3695 1296 indicat.

2109 1329 2368 1401 Epistolas
2389 1331 2448 1387 8.
2477 1333 2738 1404 Cypriani
2761 1349 2976 1404 semper
3007 1335 3158 1389 fuere
3174 1335 3572 1402 celeberrimae;
3597 1352 3700 1392 eas

2111 1424 2409 1495 aliquoties
2445 1426 2634 1480 laudat
2673 1425 2731 1480 8.
2761 1426 3102 1498 Augustinus
3133 1443 3147 1480 :
3181 1437 3241 1482 at
3268 1443 3394 1483 cum
3426 1430 3480 1483 in
3507 1428 3695 1483 Natali

2110 1518 2230 1588 ejus
2281 1534 2567 1574 sermones
2615 1519 2826 1590 aliquot
2881 1521 3215 1589 institueret,
3273 1537 3559 1593 nunquam
3592 1538 3696 1577 eas

2110 1613 2596 1680 commemoravit;
2653 1613 2843 1668 laudat
2891 1613 2985 1668 ubi
3029 1616 3293 1685 disputat,
3328 1631 3395 1670 ne
3439 1616 3698 1671 meminit

2111 1702 2332 1772 quidem
2364 1703 2455 1757 ubi
2486 1705 2872 1776 panegyristen
2909 1706 3043 1776 agit,
3075 1707 3166 1760 ubi
3191 1719 3452 1777 tanquam
3483 1710 3693 1777 episco—

422 1803 620 1874 γράφω
655 1801 796 1874 ὲρῶν
824 1801 918 1854 τοῦ
944 1800 1255 1862 ἀποθανεῖν,
1275 1799 1448 1871 όὲμὺς
1477 1799 1614 1871 ἔρως
1644 1800 2000 1871 ἐσταύρωται.

2108 1812 2233 1864 pum
2285 1797 2839 1851 misericordissimam
2887 1808 2937 1852 et
2983 1808 3267 1868 martyrem
3295 1801 3691 1869 ﬁdelissimum,

427 1897 540 1949 Imo
563 1908 694 1948 vero
719 1908 816 1962 per
839 1900 1007 1946 totam
1024 1906 1144 1945 eam
1169 1890 1474 1944 orationem
1491 1890 1584 1944 ubi
1607 1890 1675 1946 de
1700 1889 2008 1959 lgnatiolo-

422 1985 628 2054 quitur,
645 1984 710 2036 ad
726 1982 869 2054 hanc
894 1981 1186 2052 praecipue,
1203 1981 1296 2035 sed
1319 1990 1372 2034 et
1396 1982 1462 2034 ad
1489 1981 1624 2034 alias
1660 1982 2000 2036 collineavit.

422 2077 560 2132 Cum
578 2077 815 2129 animam
832 2074 951 2143 ejus
972 2073 1108 2127 adeo
1127 2058 1315 2126 laudat
1331 2081 1590 2141 tanquam
1605 2071 1712 2124 τῶν
1724 2071 2006 2143 παρόντων

424 2168 1068 2242 ὑπερορῶσανὰπάντων,
1089 2167 1182 2219 καὶ
1204 2165 1281 2236 τῷ
1309 2165 1438 2236 θείῳ
1453 2165 1680 2230 ζέουσαν
1705 2164 1887 2236 ἔρωτι,
1915 2163 2008 2217 καὶ

421 2263 488 2315 τὰ
505 2263 578 2334 μὴ
597 2261 685 2332 βλε
693 2261 761 2314 πό
769 2250 1026 2331 μενατῶν
1038 2259 1329 2330 ὁρωμένων
1342 2275 1502 2330 προτι
1510 2259 1581 2329 μή
1589 2274 1778 2319 σασαν,
1787 2272 2009 2324 prasen-

425 2357 498 2408 tin
523 2355 700 2407 omnia
724 2360 1154 2415 contemnentem,
1181 2359 1228 2403 et
1254 2349 1432 2403 divino
1461 2365 1641 2402 amore
1655 2349 1971 2417 ﬂagrantem
1987 2384 2003 2408 ,

424 2457 472 2501 et
504 2465 564 2502 ea
587 2464 704 2518 quae
729 2446 993 2512 videntur,
1013 2446 1078 2499 iis
1093 2461 1210 2514 qua:
1241 2443 1599 2497 nonnidentur
1621 2442 2004 2513 prmferentem,

421 2542 626 2596 diserte
655 2540 878 2610 respicit
907 2539 1196 2609 epistolam
1234 2538 1300 2592 ad
1340 2535 1640 2601 Romanos,
1668 2535 1723 2589 in
1751 2551 1860 2605 qua
1889 2536 2006 2590 haec

423 2635 527 2688 tria
552 2633 729 2703 capita
757 2631 1049 2702 praecipue,
1070 2629 1419 2696 etardenter,
1447 2637 1501 2684 et
1526 2626 1646 2682 fuse
1677 2635 2004 2680 tractantur.

420 2726 557 2782 Cum
593 2741 716 2780 eum
743 2725 846 2779 soli
886 2731 1168 2792 comparat
1211 2721 1480 2793 (καθάπερ
1511 2720 1661 2790 ἥλιός
1690 2735 1773 2782 τις
1791 2717 1852 2782 ἐξ
1875 2720 2008 2772 ἀνα-

419 2817 580 2887 τολῆς
600 2815 834 2884 ἀνίσχων
869 2813 962 2866 καὶ
993 2813 1137 2885 πρὸς
1170 2813 1269 2883 τὴν
1297 2812 1447 2865 δύσιν
1479 2812 1708 2882 τρέχων,
1745 2818 2004 2881 tanquam

421 2906 500 2960 sol
530 2905 726 2975 aliquis
765 2903 828 2957 ab
864 2905 1064 2956 oriente
1107 2919 1328 2973 surgens
1360 2912 1409 2955 et
1447 2901 1516 2954 ad
1541 2902 1878 2971 joccideutem
1914 2902 2008 2956 de-

421 2997 684 3066 currens),
727 2994 846 3050 sine
883 2993 1053 3048 dubio
1083 2993 1199 3046 haec
1236 2993 1478 3061 epistolae
1515 2993 1680 3046 verba
1727 2994 1780 3046 in
1821 2991 2006 3046 animo

422 3088 631 3153 habuit,
686 3087 776 3140 τδν
823 3085 1119 3140 ἐπίσκοπον
1165 3085 1363 3156 Συρίας
1411 3084 1748 3156 κατηξίωσεν
1797 3088 1827 3138 ό
1873 3084 2007 3148 Θεὸς

401 3178 708 3251 ἐὑρεθῆναι
747 3178 851 3249 (vel
880 3176 1234 3249 πορευθῆναι)
1275 3178 1355 3239 εἰς
1380 3175 1562 3239 δύσιν,
1598 3175 1707 3228 ἀπὸ
1737 3175 2004 3246 ἀνατολῆς

427 3267 940 3338 μεταπεμψάμενος,
971 3268 1272 3336 episcopum
1289 3264 1463 3334 Syritc
1479 3265 1729 3334 dignatus
1745 3274 1822 3318 est
1834 3263 2000 3331 Deus,

431 3372 479 3414 vt
509 3363 564 3415 in
592 3360 913 3413 occidentem
942 3366 1196 3428 pergeret,
1224 3357 1288 3410 ab
1318 3359 1519 3410 oriente
1539 3372 1657 3409 eum
1692 3373 2001 3420 accersens,-

422 3466 476 3510 ι-ι
505 3470 630 3510 cum
675 3455 766 3507 illa
806 3453 969 3522 paulo
1009 3460 1128 3520 post
1164 3450 1315 3503 addit
1347 3467 1360 3503 :
1392 3444 1560 3511 Οὗτος
1601 3449 1657 3502 δὲ
1696 3451 1778 3512 εἰς
1802 3450 1871 3504 τὰ
1900 3450 2002 3520 τῆς

418 3545 622 3608 δύσεως
647 3542 894 3597 ἀπελθὼν
927 3541 1087 3613 μέρη,
1119 3539 1470 3612 φαιδρότερον
1500 3539 1710 3591 ὲκείοεν
1738 3539 1999 3604 ἀνέτειλε,

423 3639 596 3692 multo
624 3637 803 3691 adhuc
833 3636 1076 3702 apertius
1121 3633 1188 3686 ad
1220 3633 1310 3687 illa
1357 3647 1479 3702 qua:
1532 3632 1676 3699 apud
1726 3630 1998 3701 lgnatium

422 3738 751 3800 sequuntur,
777 3728 983 3792 allusit,
1011 3725 1173 3779 καλὸν
1205 3725 1266 3778 τὸ
1302 3726 1455 3780 δῦναι
1486 3725 1594 3779 ἀπὸ
1633 3724 1840 3794 κόσμου
1865 3724 2002 3795 πρὸς

421 3819 576 3882 Θεὸν,
597 3819 686 3871 ἵνα
707 3819 786 3880 εἰς
819 3817 980 3869 αὐτὸν
1014 3815 1298 3869 ἀνατείλω.
1321 3814 1457 3868 Cum
1481 3829 1607 3868 eum
1631 3830 1756 3870 cum
1781 3822 2002 3883 aposto-

422 3913 488 3966 lis
515 3919 792 3963 versatum
818 3923 940 3963 esse
965 3909 1181 3974 asserit,
1219 3908 1312 3960 καὶ
1341 3907 1520 3979 ῥητῶν
1553 3907 1646 3960 καί
1671 3907 1999 3979 ἀπορρήτων

421 4004 603 4064 αὐτοῖς
638 4001 1058 4067 κοινωνήσαντα,
1093 4015 1196 4051 non
1242 4009 1448 4052 tantum
1475 3997 1772 4066 eﬁabilium
1817 3998 1905 4050 sed
1947 4006 1998 4050 et

420 4107 737 4147 arcanorth
761 4091 1095 4160 participem,
1126 4105 1232 4142 non
1264 4099 1444 4159 potest
1471 4104 1578 4143 non
1624 4089 1896 4157 respicere
1933 4105 1998 4144 ea

419 4195 542 4250 qua:
571 4180 636 4233 ad
675 4177 990 4232 Tralleuscs
1035 4176 1228 4231 scribit
1270 4177 1511 4248 lgnatius
1544 4177 1612 4230 de
1651 4177 1994 4244 caelestibus,

417 4273 485 4326 de
524 4271 731 4340 angelis
774 4281 829 4324 et
876 4269 1294 4339 principatibus,
1349 4284 1472 4339 qua:
1515 4284 1665 4322 nunc
1715 4277 1998 4338 tantopere

417 4362 725 4432 displicent.
784 4359 923 4414 Cum
976 4361 1215 4429 denique
1265 4359 1367 4413 iter
1409 4359 1530 4428 ejus
1566 4358 1712 4427 quod
1763 4358 1998 4413 confecit

415 4463 656 4514 enarrat,
701 4453 1076 4524 μακροτέρους
1115 4451 1366 4514 διαύλους
1396 4450 1492 4503 τοῦ
1523 4450 1750 4523 δρόμου,
1785 4460 1857 4512 et,
1887 4449 1995 4503 τῶν

414 4545 719 4618 ἐκκλησιῶν
753 4545 1138 4616 συγκρότησιν,
1165 4545 1530 4613 civitatesque
1566 4542 1707 4596 κατὰ
1738 4543 1837 4613 τὴν
1870 4541 1988 4596 ὁδὸν

417 4637 814 4712 συντρεχούσας
841 4651 1179 4700 memorans,
1200 4637 1332 4690 illud
1349 4651 1417 4690 ex
1433 4637 1683 4705 epistolis
1701 4636 1861 4705 plane
1874 4650 1998 4706 per—

415 4734 685 4802 sequitur,
723 4731 867 4801 quod
893 4729 1452 4800 Magdeburgcusibus
1483 4729 1622 4783 adeo
1649 4729 1992 4799 displicebat.

423 4824 512 4879 Vel
538 4839 604 4879 ex
638 4823 756 4893 ipsa
789 4823 955 4892 igitur
991 4819 1184 4891 lgnatii
1219 4821 1547 4890 panegyrico
1581 4829 1790 4876 certum
1820 4830 1904 4876 est
1931 4822 1992 4875 S.

414 4917 866 4987 Chrysostomum
890 4913 1154 4985 epistolas
1189 4912 1310 4982 ejus
1350 4914 1560 4982 optime
1588 4915 1832 4978 novisse,
1873 4929 1994 4968 ma-
2029 4901 2042 4916 ’

413 5012 616 5080 gnique
645 5010 948 5063 aestimasse
967 5046 982 5071 ,
1024 5015 1080 5061 et
1110 5021 1177 5061 ex
1203 5021 1392 5060 earum
1431 5021 1539 5060 una
1564 5007 1837 5060 celebrem
1867 5022 1995 5062 sen-

414 5104 641 5156 tentiam
665 5103 1030 5170 excerpsisse.

487 5195 591 5250 Sed
643 5195 903 5264 epistolas
952 5209 1061 5249 non
1107 5192 1434 5260 nominavit,
1483 5206 1609 5246 cum
1650 5193 1991 5262 propriarum

412 5291 668 5359 martyris
707 5288 927 5341 laudum
949 5288 1132 5357 inopia
1163 5287 1452 5340 laboraret.
1485 5285 1602 5339 imo
1635 5301 1766 5340 vero
1805 5295 1995 5340 orator

413 5382 504 5436 ille
531 5381 1108 5436 consummatissimus
1139 5380 1346 5448 optime
1375 5380 1526 5432 novit
1554 5392 1676 5448 quae
1697 5378 1986 5448 panegyri-

411 5491 531 5529 cam
569 5477 876 5528 orationem
911 5474 1150 5526 maxime
1178 5481 1461 5537 ornarent,
1499 5473 1682 5540 itaque
1726 5472 1989 5541 epistolas

411 5567 622 5630 omisit,
655 5579 850 5620 czetera
879 5573 1216 5634 prosecutus
1247 5574 1350 5619 est.
1389 5562 1710 5618 Orationem
1746 5566 1988 5619 instituit

411 5659 540 5727 περὶ
565 5657 671 5711 τῶν
701 5656 1240 5728 κατορθωμάτων,ιίε
1256 5657 1404 5710 rebus
1430 5657 1686 5726 prteclare
1700 5657 1767 5711 ab
1785 5657 1990 5727 lgnatio

411 5751 591 5822 gestis,
627 5761 684 5806 ut
713 5765 820 5806 non
854 5751 1020 5806 semel
1059 5749 1375 5821 proﬁtetur;
1403 5749 1467 5804 de
1495 5751 1712 5820 iisquae
1742 5751 1979 5806 maxime

2109 1905 2221 1942 non
2251 1897 2515 1959 tanquam
2546 1891 2870 1960 scriptorem
2901 1891 3368 1960 elegantissimum
3389 1910 3694 1964 repraesen-

2109 1989 2209 2035 tat.
2244 1980 2371 2036 Haec
2407 1983 2543 2037 satis
2574 1982 2787 2053 putavit
2818 1983 2890 2035 ad
2924 1986 3234 2037 memoriam
3261 1989 3536 2055 prwsentis
3559 1989 3692 2055 loci,

2110 2073 2446 2142 festivitatem
2479 2075 2852 2130 solemnissimi
2875 2076 2998 2141 diei,
3021 2079 3428 2147 propositionem
3449 2081 3697 2136 saluber-

2110 2166 2235 2218 rimi
2259 2167 2505 2232 exempli.
2527 2167 2738 2222 Pariter
2765 2167 3267 2242 S.Chrysoslomus
3285 2172 3336 2224 in
3361 2174 3695 2244 panegyrico

2109 2257 2370 2326 epistolas
2401 2275 2510 2313 non
2542 2271 2960 2328 commemorat,
2991 2263 3244 2332 quamvis
3289 2263 3354 2318 iis
3389 2273 3597 2328 utatur,
3619 2267 3692 2320 ad

2108 2364 2315 2419 easque
2345 2349 2663 2421 frequenter
2690 2353 2977 2422 respiciat;
2998 2353 3052 2406 in
3077 2355 3180 2407 alia
3204 2363 3384 2408 tamen
3414 2358 3691 2424 oratione,

2109 2442 2397 2511 epistolam
2448 2442 2516 2496 ad
2568 2445 2913 2500 sacerdotem
2967 2447 3282 2516 quemdam,
3323 2445 3691 2518 Polycarpum

2110 2533 2322 2589 scilicet
2345 2574 2360 2598 ,
2393 2535 2547 2589 citat.
2604 2536 2797 2591 Exstat
2837 2547 3019 2592 autem
3050 2554 3113 2593 ea
3142 2540 3319 2592 oratio
3353 2539 3406 2593 in
3437 2548 3589 2594 tomo
3619 2541 3693 2594 Vl

2108 2625 2270 2693 cujus
2347 2626 2540 2682 titulus
2588 2637 2717 2683 est:
2791 2629 2945 2694 Quod
2993 2647 3128 2685 unus
3186 2631 3384 2685 Veteris
3423 2643 3473 2685 et
3546 2631 3693 2688 Novi

2113 2714 2434 2770 Testamenti
2459 2717 2736 2787 legislator
2757 2721 2860 2785 sit,
2885 2735 2948 2773 ex
2980 2736 3089 2789 qua
3114 2721 3484 2776 testimonium
3505 2721 3693 2795 Chry~

2109 2809 2341 2864 sostomi
2365 2811 2668 2865 secundum
2700 2813 3082 2881 produximus.

2179 2900 2322 2968 Quid
2371 2903 2439 2956 de
2493 2902 2584 2956 illa
2641 2905 2893 2959 oratione
2947 2906 3185 2960 senserit
3217 2907 3300 2960 vir
3327 2907 3695 2963 dortissimus

2108 2991 2253 3047 haud
2293 2993 2430 3049 satis
2473 3004 2626 3049 certo
2669 2995 2819 3061 scio;
2862 3011 2968 3048 non
3009 2997 3201 3052 dubito
3226 3008 3405 3052 tamen
3430 3000 3566 3069 quin
3595 3002 3693 3054 illa

2109 3085 2271 3138 nobis
2299 3085 2647 3154 repositurns
2677 3096 2843 3151 esset,
2871 3087 2915 3141 si
2946 3088 3174 3149 viveret.
3201 3105 3324 3159 qua:
3347 3091 3570 3160 scripsit
3597 3109 3694 3148 ve-

2107 3177 2389 3231 nerandus
2421 3191 2592 3232 senex
2625 3175 2918 3245 Usserius;
2951 3194 3074 3233 cum
3102 3178 3420 3237 Usserianis
3448 3185 3695 3253 saepissi—

2106 3280 2194 3320 me
2223 3281 2361 3322 usus
2395 3268 2488 3322 sit.
2514 3266 2609 3322 Ille
2655 3277 2838 3324 autem
2871 3272 3177 3327 orationem
3208 3288 3327 3326 eam
3355 3273 3412 3327 S.
3438 3273 3692 3346 Chryso-A

2105 3366 2287 3413 stomo
2319 3359 2621 3429 abjudicat,
2679 3373 2740 3416 ut
2785 3363 3073 3431 epistolam
3106 3363 3295 3434 lgnalii
3329 3367 3396 3419 ad
3427 3365 3694 3439 Polycar-

2103 3461 2234 3516 pum
2265 3448 2408 3503 inter
2441 3449 2663 3505 lictitias
2694 3466 2986 3506 numerare
3017 3463 3221 3522 posset.
3259 3453 3363 3509 Sed
3397 3457 3546 3511 illius
3572 3459 3694 3527 opi-

2103 3540 2254 3597 nioni
2284 3543 2338 3596 in
2367 3543 2470 3598 hac
2505 3559 2564 3600 re
2587 3558 2696 3599 non
2727 3547 2947 3601 accedo.
3001 3545 3191 3602 Potior
3222 3549 3355 3602 mihi
3383 3552 3692 3607 auctoritas

2103 3633 2300 3700 Phntii,
2329 3637 2396 3692 de
2430 3647 2676 3693 veterum
2711 3640 2936 3708 scriptis
2975 3641 3167 3710 optimi
3207 3643 3432 3711 judicis,
3469 3645 3565 3713 qui
3600 3645 3692 3698 Bi-

2103 3727 2390 3783 bliotheca;
2417 3744 2532 3784 suae
2562 3729 2753 3784 codice
2773 3730 2900 3796 277,
2930 3747 3055 3786 cum
3095 3749 3161 3787 ex
3191 3734 3315 3789 aliis
3350 3743 3464 3789 tum
3487 3751 3557 3791 ex
3583 3737 3692 3792 hac

2101 3820 2349 3874 oratione
2369 3820 2603 3890 plurima
2623 3822 2912 3890 excerpsit.
2931 3822 3026 3875 Ἐκ
3043 3822 3333 3893 τοῦλόγου,
3355 3825 3436 3878 ὅτι
3453 3826 3692 3890 παλαιᾶς

2100 3912 2194 3964 καὶ
2220 3911 2348 3975 νέας
2371 3910 2646 3982 Διαθήκης
2678 3906 2758 3974 εἷς
2783 3913 2812 3964 ὁ
2840 3914 3157 3985 νομοθέτης.
3181 3916 3290 3968 Καὶ
3311 3917 3391 3979 εἰς
3404 3917 3466 3969 τὸ
3485 3917 3692 3989 ἔνδυμα

2099 4001 2194 4054 τοῦ
2223 4001 2412 4073 ἱερέως
2446 4004 2542 4056 καὶ
2585 4004 2713 4074 περὶ
2768 4005 3076 4075 μετανοίας.
3114 4006 3218 4072 Qui
3273 4009 3466 4064 titulus
3515 4009 3690 4082 hujus

2099 4096 2368 4151 orationis
2393 4096 2620 4151 totidem
2651 4098 2832 4152 verbis
2852 4115 2998 4153 nunc
3029 4109 3228 4154 exstat.
3261 4100 3326 4155 Et
3364 4103 3528 4157 verba
3562 4121 3692 4174 qua:

2098 4189 2318 4259 quidem
2371 4188 2611 4259 plurima
2653 4189 2779 4244 inde
2831 4191 3072 4262 collegit,
3123 4192 3426 4246 etiamnum
3464 4195 3520 4248 in
3578 4196 3690 4252 hac

2098 4281 2370 4347 oratione,
2419 4282 2671 4351 quamvis
2695 4282 2839 4336 haud
2877 4284 3012 4338 satis
3037 4299 3194 4348 sana,
3229 4297 3516 4354 apparent.
3547 4288 3690 4343 Cer-

2098 4375 2370 4428 tissimum
2396 4373 2561 4443 igitur
2583 4382 2668 4429 est
2696 4389 2817 4428 eam
2845 4373 3101 4429 Photium
3129 4377 3334 4433 vidisse
3356 4389 3410 4433 et
3429 4395 3530 4448 pro
3557 4397 3690 4438 vere

2029 4486 2071 4540 ι)
2099 4464 2585 4532 Chrysostomiana
2611 4466 2890 4522 habuisse.
2912 4468 3015 4522 Sed
3039 4469 3100 4523 Ι).
3131 4468 3368 4526 Savilius
3392 4471 3690 4531 Etonensis

2100 4557 2313 4626 collegii
2351 4557 2460 4626 (cui
2483 4573 2584 4628 ego
2615 4559 2918 4614 litterarum
2951 4563 3224 4629 primitias
3261 4564 3478 4636 debeo),
3503 4578 3560 4620 et
3586 4584 3693 4638 pa-

2100 4651 2217 4705 tria:
2249 4659 2454 4704 nostrae
2483 4650 2673 4716 decus,
2705 4653 2869 4720 paulo
2903 4654 3063 4709 aliter
3110 4657 3306 4711 sensit.
3344 4657 3521 4728 Neque
3558 4678 3685 4715 vero

2079 4743 2235 4796 tanti
2255 4752 2331 4796 est
2364 4742 2507 4813 apud
2536 4758 2616 4796 me
2641 4746 2937 4799 auctoritas
2976 4745 3175 4809 Pltoti‘i,
3213 4748 3411 4818 inquit,
3444 4752 3536 4820 qui
3566 4753 3688 4807 alia

2097 4834 2340 4903 quadam
2369 4851 2474 4888 non
2501 4837 2717 4906 optima:
2756 4848 2896 4893 ποια
2925 4841 3138 4908 recepit,
3184 4849 3241 4894 ut
3284 4843 3420 4895 inter
3449 4846 3687 4914 γνησίας

2096 4930 2487 5001 ἀναμφιὸόλως
2531 4932 2985 4987 adnumerandam
3028 4936 3169 4990 hanc
3205 4938 3509 4992 orationem
3559 4956 3688 4993 cen-

2096 5039 2263 5078 seam.
2317 5021 2465 5078 Satis
2495 5025 2612 5080 haec
2651 5025 2872 5095 quidem
2919 5035 3108 5092 caute;
3159 5030 3463 5083 auctoritas
3493 5029 3686 5086 Photii

2095 5130 2220 5169 eum
2240 5115 2510 5185 permovit
2525 5124 2585 5169 ut
2597 5117 2896 5171 orationem
2917 5134 2984 5172 ne
3007 5119 3226 5188 quidem
3247 5121 3390 5174 inter
3409 5121 3687 5190 ἀμφιϐαλ-

2095 5203 2295 5274 λόμενα
2317 5205 2540 5271 locaret,
2572 5221 2682 5259 non
2712 5215 2894 5261 tamen
2924 5209 2972 5261 ei
3021 5211 3296 5278 persuasit
3324 5221 3384 5265 ut
3411 5213 3553 5267 inter
3591 5233 3695 5288 ge-

2096 5297 2296 5350 nuinas
2345 5297 2464 5351 sine
2517 5300 2892 5354 controversia
2954 5303 3361 5358 adnumeraret.
3419 5303 3584 5372 Quod
3643 5312 3694 5364 si

2095 5387 2384 5443 habuisset
2427 5390 2740 5444 testimonia
2792 5391 2885 5445 illo
2929 5389 3108 5446 Photii
3150 5396 3483 5465 antiquiora,
3533 5397 3696 5456 forte

2099 5480 2265 5533 etiam
2322 5480 2464 5534 inter
2512 5483 2781 5550 genuinas
2835 5495 3205 5539 numerasset.
3262 5486 3405 5540 Ante
3450 5500 3692 5544 centum

2096 5577 2277 5623 autem
2313 5568 2427 5624 fere
2458 5586 2634 5626 annos
2665 5571 2942 5628 Adrianus
2965 5590 3104 5644 papa
3131 5575 3151 5628 Ι
3176 5577 3318 5632 hanc
3347 5580 3524 5648 ipsam
3557 5597 3693 5637 ora-

2093 5663 2294 5715 tionem
2345 5663 2398 5715 in
2441 5665 2669 5733 epistola
2712 5666 2776 5718 ad
2808 5664 3066 5721 Carolum
3096 5685 3274 5739 regem
3316 5674 3420 5727 sub
3452 5677 3691 5736 nomine

2097 5750 2154 5806 8.
2193 5751 2422 5810 Joannis
2457 5754 2838 5823 Chrysostomi
2893 5756 3110 5818 citavit;
3142 5766 3194 5812 et
3223 5769 3349 5814 ante
3377 5775 3504 5816 eum
3541 5762 3682 5834 Epi-
