3864 6204
127 317 223 372 {97

891 314 942 369 Ι.
984 310 1351 370 PEAKSONII
1391 309 1712 367 WNDICUE
1753 309 2176 366 ιοΝΑτιΑΜς.
2225 340 2273 352 -
2330 306 2514 368 PARS
2551 306 2596 362 ι.

3327 306 3430 360 198

127 434 373 503 phariius
415 432 690 491 diaconus
718 432 986 490 adversus
1019 431 1346 503 Gregorium
1397 432 1717 501 episcopum
1747 433 1794 490 Λ
1821 428 1944 484 coni
1979 428 2320 491 defecerunt,
2346 427 2392 481 si
2425 441 2553 480 vera
2603 431 2835 480 narrent
2878 423 3137 480 So"crates
3170 431 3223 477 et
3258 421 3433 477 διεκο-

126 521 528 580 Νεοοωεατθω.
561 523 702 578 Ante
745 525 913 589 hunc,
942 531 1004 577 ut
1034 523 1090 577 in
1133 523 1374 578 secunda
1399 521 1608 594 synodo
1633 520 1730 575 Ni-

124 632 274 670 cena
304 616 548 687 legimus
576 657 592 683 ,
629 616 951 671 Theodosius
976 615 1288 670 venerabilis
1317 633 1510 686 prwses
1528 615 1590 670 S.
1614 613 1730 668 An-

123 709 267 762 dree
334 708 486 778 apud
537 708 788 774 Nesium,
847 708 1088 762 libellum
1144 707 1381 778 ejusdem
1422 708 1490 764 Β.
1542 706 1726 762 Patris

124 797 360 852 Joannis
388 799 761 869 Chrysostomi
789 797 996 863 attulit,
1028 813 1183 868 quem
1209 799 1267 851 in
1302 796 1551 852 manibus
1577 811 1730 850 acce-

125 903 272 960 ptum
305 892 582 946 Antonius
622 889 912 944 monachus
963 889 1112 960 legit.
1165 889 1353 945 Beata:
1392 890 1730 944 recordatio-

127 985 208 1038 nis
230 983 429 1038 Patris
477 985 648 1038 nostri
675 981 902 1037 Joannis
937 982 1300 1053 Chrysostomi
1323 982 1496 1036 oratio
1519 999 1540 1038 :
1571 979 1731 1048 Quod

129 1075 348 1132 Veteris
375 1085 433 1132 et
458 1075 598 1130 Novi
629 1075 966 1132 Testamenti
995 1091 1141 1129 unus
1173 1076 1247 1130 sit
1272 1075 1576 1146 legislator,
1599 1083 1654 1129 et
1674 1074 1729 1128 in

126 1171 523 1226 vestimentum
538 1170 842 1239 pontiﬁcis;
864 1168 1018 1238 cujus
1035 1171 1250 1223 initium
1260 1177 1358 1235 est,
1375 1168 1730 1238 Evangelium

128 1263 282 1334 regni
343 1261 552 1316 Christi
582 1261 868 1332 prophetae
901 1261 1125 1330 quidem
1178 1259 1516 1314 annuntiant
1547 1259 1732 1330 (plane

129 1363 188 1408 ut
211 1369 372 1409 nunc
396 1352 592 1408 Graeca
635 1362 837 1408 sonant
868 1370 882 1407 :
915 1352 1029 1422 Τῆς
1064 1350 1306 1423 Χριστοῦ
1351 1349 1628 1421 βασιλείας
1671 1348 1734 1402 τὸ

129 1447 482 1516 Εὐαγγὲλιον
543 1445 875 1517 κηρύττουσι
921 1443 1071 1516 [μὲν]
1106 1443 1428 1515 προφῆται),
1476 1452 1527 1497 et
1572 1441 1733 1512 paulo

127 1548 247 1609 post
283 1555 305 1593 :
337 1537 459 1609 Ego
499 1547 556 1592 et
582 1555 649 1592 ex
679 1554 806 1593 cera
838 1537 1055 1594 l’usilem
1087 1539 1362 1609 picturam
1395 1538 1598 1609 pietate
1623 1539 1735 1607 ple-

131 1641 258 1680 nam
289 1625 506 1680 amavi.
538 1624 664 1680 Vidi
701 1627 849 1681 enim
873 1627 1129 1698 angelum
1171 1628 1226 1682 in
1259 1628 1499 1698 imagine
1529 1628 1734 1683 barba-

133 1734 330 1773 rorum
387 1718 568 1774 nubes
599 1719 1047 1788 propulsantem;
1084 1720 1193 1776 vidi
1244 1721 1611 1776 barbarorum
1640 1736 1735 1776 co-

132 1811 327 1864 hortes
372 1811 760 1878 conculcatas,
813 1820 869 1867 et
921 1811 1178 1868 Davidem
1227 1827 1358 1868 vere
1411 1812 1729 1868 dicentem:

134 1902 387 1970 Donsine,
422 1904 480 1957 in
503 1906 723 1959 civitate
772 1914 864 1959 tua
887 1905 1174 1976 imaginem
1196 1922 1380 1960 eorum
1409 1906 1479 1960 ad
1508 1906 1736 1960 nihilum

132 1998 340 2066 redige:
372 1997 438 2050 ".
485 1994 621 2062 Qua:
649 2012 754 2052 nos
806 1998 860 2051 in
910 1999 1100 2052 eadem
1136 2000 1389 2054 oratione
1422 2000 1499 2054 ita
1551 1998 1737 2055 Graece

134 2089 370 2158 legimus
395 2105 408 2139 :
457 2087 602 2157 Ἐγὼ
625 2090 722 2143 καὶ
749 2089 848 2160 τὴν
876 2091 1179 2161 κηρόχυτον
1208 2090 1428 2163 γραφὴν
1469 2091 1739 2162 ἠγάπησα.

134 2181 426 2244 εὐσεϐείας
477 2181 922 2252 πεπληρωμένην
949 2197 963 2211 ο
1015 2177 1157 2236 εἶδον
1197 2183 1254 2235 ὲν
1295 2183 1466 2236 εἰκόνι
1508 2182 1739 2252 ἄγγελον

135 2274 432 2328 ἐλαύνοντα.
470 2275 606 2346 νέφη
647 2274 961 2346 βαρϐάρων,
1009 2270 1148 2328 εἶδον
1175 2275 1494 2347 πατούμενα
1529 2275 1739 2349 βαρϐά-

135 2384 242 2438 ρων
289 2365 463 2435 φῦλα,
503 2369 599 2420 καὶ
633 2366 726 2420 τὸν
768 2366 933 2421 Δαϐὶδ
964 2366 1320 2438 ἀληθεύοντα,
1354 2367 1530 2439 Κύριε
1569 2369 1627 2421 ὲν
1667 2370 1740 2439 τῇ

137 2460 288 2512 πόλει
327 2476 426 2512 σου
468 2460 569 2531 τὴν
601 2460 787 2513 εἰκόνα
819 2459 986 2514 αὐτοῦ
1017 2459 1416 2525 ὲξουδενὼσεις.
1452 2460 1738 2516 Paucissi-

140 2567 238 2605 ma:
265 2566 407 2606 sane
456 2549 515 2605 S.
544 2549 929 2622 Chrysostomi
959 2553 1238 2608 orationes
1286 2561 1436 2620 sunt,
1471 2567 1572 2622 pro
1607 2552 1738 2622 qui-

141 2642 239 2698 bus
261 2650 347 2696 tot
372 2657 444 2697 ac
478 2650 589 2696 tam
622 2651 841 2697 vetusta
861 2643 1176 2697 testimonia
1195 2641 1380 2697 aﬂ‘erri
1406 2649 1664 2712 possunt.

205 2735 368 2801 Quod
397 2735 468 2788 ad
503 2735 709 2806 stylum
741 2735 953 2802 attinet,
985 2745 1040 2791 et
1081 2734 1303 2791 dicendi
1334 2737 1734 2804 characterem,

143 2842 247 2880 non
284 2825 451 2881 facile
471 2827 562 2882 hic
592 2827 800 2896 aliquid
829 2836 883 2882 et
916 2827 1080 2883 simul
1103 2837 1257 2884 certo
1284 2828 1498 2885 definiri
1525 2837 1734 2900 potest;

138 2920 410 2988 quoniam
431 2919 616 2974 oratio
649 2919 769 2989 ipsa
795 2935 903 2975 non
939 2929 1022 2974 est
1052 2921 1192 2976 satis
1218 2921 1454 2992 integra,
1493 2923 1589 2978 sed
1619 2922 1738 2991 plu-

144 3011 301 3066 ribus
331 3012 386 3065 in
421 3013 561 3068 locis
581 3022 863 3083 corrupta,
916 3028 1093 3084 neque
1119 3016 1269 3070 enim
1306 3015 1530 3071 aliunde
1563 3032 1738 3071 venu-

1765 1779 1808 1834 B

1833 537 2068 577 menus:
2102 522 2289 576 Πάντα
2344 515 2440 573 οὖν
2474 519 2545 572 τὰ
2574 517 2689 572 ὑπὸ
2719 519 2819 590 τὴν
2846 517 3111 589 ἀνατολὴν
3166 517 3273 570 ὑπὸ
3321 517 3432 570 τῶν

1831 612 2164 686 Σαρακηνῶν
2190 612 2333 667 κατὰ
2363 611 2456 665 τὸν
2477 611 2640 664 αὑτὸν
2665 609 2954 684 ἐπορθεῖτο
2986 609 3199 683 χρόνον.
3225 608 3431 664 Cuncta

1830 707 1998 776 igitur
2025 721 2203 758 versus
2232 704 2489 757 orientem
2523 701 2643 756 loca
2673 717 2709 756 a
2763 700 3048 757 Saracenis
3089 699 3268 754 eodem
3299 709 3431 752 tem-

1832 815 1959 868 pore
1986 797 2354 852 vastabantur.
2374 793 2564 850 Nonne
2584 794 2705 849 haec
2725 801 3033 864 opportuna
3059 793 3192 848 satis
3207 799 3260 845 et
3278 790 3428 860 justa

1832 889 2040 945 oratori
2067 903 2235 944 causa
2257 886 2381 953 fuit,
2411 895 2472 942 ut
2495 886 2760 958 populum
2788 886 2856 941 ad
2886 885 3267 956 paenitentiam
3298 883 3431 936 hur-

1832 992 2068 1050 taretur,
2121 997 2297 1052 eaque
2341 981 2514 1036 Deum
2564 987 2973 1051 permoverent,
3037 978 3126 1031 ἳνα
3159 975 3430 1047 πολέμους

1833 1076 2098 1150 ἀφανίσῃ,
2132 1077 2228 1129 καὶ
2268 1073 2582 1146 βαρϐάρους
2641 1071 2834 1143 σϐέσῃ.
2884 1068 2991 1126 Sed
3050 1079 3105 1124 et
3152 1085 3275 1124 cum
3313 1068 3426 1137 jam

1833 1168 2391 1239 Constantinopoleos
2411 1167 2708 1237 episcopus
2737 1174 2958 1220 creatus
2991 1162 3211 1227 fuisset,
3241 1156 3431 1216 Cainae

1835 1262 2057 1319 barbari
2088 1260 2343 1332 tyrannis
2373 1258 2574 1327 erupit,
2619 1258 2715 1328 qui
2765 1255 3071 1312 Gothorum
3112 1254 3428 1309 universam

1836 1365 2054 1428 gentem
2085 1369 2117 1409 e
2148 1352 2369 1410 sedibus
2399 1351 2519 1407 suis
2542 1350 2766 1415 accivit,
2811 1357 2866 1403 et
2911 1346 3196 1402 Romanos
3235 1361 3429 1402 omnes

1837 1447 2190 1504 multitudine
2211 1445 2577 1501 barbarorum
2600 1442 2818 1506 terruit,
2833 1456 2974 1511 quos
2990 1439 3154 1494 etiam
3176 1438 3229 1492 in
3253 1438 3428 1508 ipsam

1838 1543 2032 1597 urbem
2059 1536 2604 1608 Constantinopolim
2638 1534 2877 1598 induxit,
2909 1533 3006 1587 καὶ
3040 1530 3430 1602 βεϐαρϐάρωτο

1837 1634 1873 1703 ἡ
1896 1632 2049 1692 πόλις
2085 1628 2193 1684 ὑπὸ
2219 1629 2328 1684 τῶν
2364 1627 2574 1682 πολλῶν
2612 1625 2910 1700 μυριάδων,
2950 1633 3009 1680 ut
3044 1625 3289 1695 loquitur
3323 1621 3429 1676 So-

1839 1733 2041 1779 crates.
2072 1721 2228 1778 Tunc
2257 1721 2432 1777 fuisse
2479 1721 2715 1776 traditur
2746 1719 2837 1774 illa
2898 1717 3219 1788 angelorum
3263 1716 3427 1780 visio,

1837 1834 1962 1889 quae
1996 1818 2360 1874 barbarorum
2390 1823 2622 1871 conatus
2665 1809 2931 1883 repressit
2961 1827 2976 1864 :
3012 1809 3159 1863 unde
3191 1808 3431 1863 fortasse

1835 1912 2036 1984 exponi
2065 1917 2245 1982 potest
2271 1909 2460 1981 γραφὴ
2485 1905 2808 1979 κηρόχυτος,
2839 1918 2963 1973 quae
3002 1901 3107 1955 hac
3152 1900 3268 1971 ipsa
3299 1915 3431 1954 ora-

1839 2007 1991 2061 tione
2037 2003 2387 2074 proponitur.
2417 1998 2541 2055 Non
2588 2006 2708 2054 erat
2743 1997 2931 2068 igitur,
2967 2010 3068 2050 cur
3091 1993 3233 2048 hanc
3261 2006 3430 2047 unam

1839 2097 2246 2153 Savilianarum
2279 2093 2562 2148 rationum
2593 2091 2851 2145 recitaret
2879 2086 3284 2141 Armachanus.

1910 2191 2051 2245 Cum
2096 2197 2283 2244 autem
2330 2183 2669 2241 reverendus
2719 2197 2887 2236 senex
2939 2177 3201 2234 Usserius
3249 2175 3434 2231 adhuc

1837 2283 2002 2338 etiam
2032 2279 2378 2350 coniecturis
2403 2277 2527 2334 suis
2555 2274 2883 2338 indulserit,
2917 2281 2972 2327 et
2996 2269 3331 2326 dubitaverit
3360 2283 3432 2322 an

1837 2373 1908 2429 ab
1952 2382 2178 2428 auctore
2209 2370 2514 2436 orationis,
2556 2383 2625 2422 an
2665 2367 2734 2421 ab
2776 2364 3168 2434 intcrpolatore
3206 2378 3270 2417 ea
3310 2376 3434 2431 quae

1837 2465 2172 2537 protulimus
2199 2464 2345 2519 dicta
2373 2463 2524 2529 sint,
2561 2461 2679 2516 haec
2709 2475 2739 2513 a
2786 2457 2949 2512 nobis
2977 2457 3150 2510 multo
3181 2442 3432 2510 severius

1837 2555 2205 2612 examinanda
2241 2563 2392 2611 sunt.
2441 2552 2511 2607 In
2555 2551 2834 2617 Romana,
2881 2548 3094 2618 inquit,
3139 2545 3433 2600 cardinalis

1840 2648 2027 2705 Sirleti
2056 2658 2108 2702 et
2139 2647 2432 2703 Basiliensi
2458 2644 2551 2702 Jo.
2582 2643 2772 2698 Jacobi
2799 2642 3024 2696 Beureri
3066 2640 3296 2694 editione
3327 2638 3435 2692 ista

1839 2758 1943 2797 non
1977 2740 2257 2795 habentur.
2293 2736 2420 2793 Haec
2444 2737 2744 2798 enimnon
2770 2741 2904 2789 sunt
2929 2732 3040 2787 duo
3075 2728 3432 2799 exemplaria,

1840 2836 1936 2892 sed
1967 2850 2138 2890 unum
2174 2842 2428 2899 tantum;
2456 2829 2644 2886 Sirleti
2671 2827 2816 2883 enim
2846 2825 3036 2880 Graeca
3069 2839 3193 2878 cum
3221 2821 3436 2876 Latinis

1839 2927 2066 2984 Beureri
2116 2926 2346 2982 Basileae
2390 2924 2540 2980 edita
2569 2931 2700 2977 sunt
2727 2921 2847 2976 sine
2877 2933 2980 2990 ope
3015 2915 3244 2972 alterius
3283 2915 3436 2970 codi-

1841 3023 1924 3079 cis
1955 3041 1969 3077 :
2005 3029 2061 3077 et
2090 3019 2367 3076 Beurerus
2407 3018 2530 3088 ipse
2573 3013 2934 3085 conqueritur
2976 3009 3260 3080 exemplar
3299 3006 3433 3063 illud

141 3113 252 3157 stas
286 3103 786 3174 Chrysostomiana
815 3104 953 3159 mihi
980 3104 1173 3162 deesse
1205 3106 1442 3162 videtur.
1489 3106 1563 3162 De
1597 3107 1735 3162 alle~
1764 3133 1806 3191 ς
1841 3117 2151 3174 Romanum
2179 3114 2352 3171 fuisse
2367 3097 2633 3169 mendose
2661 3117 2715 3164 ct
2735 3107 3072 3179 negligenter
3099 3103 3436 3172 descriptum

142 3196 314 3265 goriis
364 3212 468 3250 cur
509 3206 816 3267 querantur
851 3213 960 3253 non
1009 3199 1236 3265 habent,
1272 3200 1384 3256 illis
1413 3201 1560 3255 enim
1619 3210 1734 3255 tum

83 3316 88 3323 ι
145 3298 357 3343 tantum
383 3290 532 3345 adeo
549 3287 868 3360 frequenter
897 3291 1088 3357 utitur,
1117 3307 1243 3347 cum
1271 3292 1326 3347 id
1350 3301 1738 3364 argumentum
1786 3287 1791 3292 ’

142 3382 405 3451 postulat,
464 3381 695 3446 scilicet,
735 3396 867 3436 cum
899 3382 966 3437 de
997 3382 1337 3440 vestimentis
1387 3384 1738 3439 sacerdotum

142 3475 272 3544 agit.
315 3473 475 3541 Quod
508 3473 780 3544 objicient
817 3475 962 3530 idem
1005 3473 1072 3529 de
1106 3477 1274 3531 unico
1305 3476 1620 3543 legislatore
1648 3493 1740 3532 ar-

142 3577 474 3635 gumentum
508 3567 563 3620 in
586 3568 866 3636 germanis
893 3568 1016 3638 ejus
1046 3569 1267 3640 scriptis
1289 3570 1491 3639 saepius
1520 3569 1740 3641 egregie

141 3657 484 3727 γυμνασθὲν,
517 3657 610 3713 hic
633 3668 819 3713 autem
848 3658 938 3713 vix
971 3659 1138 3730 idque
1187 3659 1385 3729 frigide
1414 3661 1641 3732 attingi;
1684 3661 1740 3717 id

142 3753 331 3821 potius
361 3753 674 3808 orationem
704 3752 1104 3823 Chrysostomo
1141 3753 1406 3821 vindicat,
1446 3769 1614 3823 quam
1643 3754 1741 3808 ab-

140 3846 394 3915 judicat;
447 3860 560 3901 una
596 3845 747 3900 enim
779 3854 992 3900 tantum
1023 3861 1093 3901 ex
1118 3845 1301 3900 tribus
1331 3845 1584 3916 partibus
1608 3845 1741 3901 huic

141 3948 480 4010 argumento
510 3938 565 3992 in
599 3937 706 3993 hoc
723 3937 908 3994 libello
931 3938 1287 4008 impenditur,
1313 3946 1367 3994 et
1396 3947 1596 3994 auctor
1623 3938 1742 4008 ipse

143 4040 336 4088 monet
358 4032 430 4086 de
463 4030 572 4085 hac
619 4045 680 4085 re
716 4045 778 4086 se
815 4031 969 4100 prius
1010 4030 1362 4097 disseruisse,
1400 4040 1456 4086 et
1498 4044 1564 4085 ea
1617 4043 1742 4100 qua:

143 4126 304 4194 prius
349 4123 499 4178 dicta
544 4131 701 4176 erant
730 4123 1118 4177 tantummodo
1151 4123 1209 4176 in
1236 4122 1562 4178 memoriam
1591 4138 1740 4179 nunc

147 4231 415 4272 revocare
441 4231 455 4268 :
484 4210 639 4279 Οἶδα,
675 4215 874 4284 inquit,
894 4214 1083 4268 τοῦτον
1115 4212 1310 4287 πρώην
1331 4213 1617 4285 γυμνάσας
1646 4214 1740 4269 τὸν

145 4308 326 4377 λάτον,
379 4306 500 4361 ἀλλ’
537 4295 976 4378 ἐπαναλαμϐάνω
1030 4306 1169 4378 πρὸς
1201 4306 1531 4379 ὑπόμνησιν.
1582 4305 1741 4374 Quod

148 4401 390 4471 denique
417 4399 682 4468 scriptam
709 4400 879 4456 velint
909 4400 1220 4455 orationem
1248 4398 1392 4454 hanc
1412 4399 1740 4456 imminenti—

150 4494 244 4548 bus
258 4493 432 4548 exitio
449 4493 726 4547 orientalis
754 4494 965 4563 imperii
988 4493 1232 4547 barbaris
1255 4493 1582 4561 nationibus,
1603 4493 1743 4565 quod

148 4588 206 4639 in
226 4589 480 4655 tempora
508 4583 874 4655 Chrysostomi
896 4587 984 4640 via:
1009 4586 1274 4657 quadrare
1295 4595 1464 4655 potest
1490 4603 1510 4642 :
1543 4585 1595 4641 id
1625 4603 1748 4642 om-

154 4679 288 4733 nino
312 4679 430 4732 vim
463 4677 673 4732 nullam
706 4678 892 4733 habet.
935 4677 1054 4733 Non
1082 4693 1260 4748 pauca
1286 4692 1317 4731 a
1346 4677 1746 4749 Chrysostomo

154 4771 392 4826 diacono
425 4769 628 4839 scripta
648 4779 797 4837 sunt,
818 4769 1082 4825 nonnulla
1112 4771 1280 4825 etiam
1309 4769 1380 4825 ab
1405 4770 1742 4841 Anagnoste.

155 4862 309 4919 Tunc
337 4871 528 4918 autem
556 4861 754 4918 Valens
783 4863 1083 4931 imperator
1112 4861 1218 4918 fuit
1245 4863 1572 4930 Antiochiae,
1605 4863 1748 4920 unde

157 4959 470 5016 accersitus
529 4955 1069 5027 Constantinopolim
1100 4957 1298 5028 pergit,
1352 4957 1446 5011 ubi
1479 4957 1744 5027 populum

154 5058 572 5106 consternatum
621 5049 845 5119 reperit,
898 5050 949 5102 oi
992 5047 1103 5120 γὰρ
1155 5047 1422 5120 βάρϐαροι
1473 5049 1749 5121 καταδρα-

160 5143 350 5213 μόντες
380 5142 485 5212 τὴν
518 5141 740 5213 Θρᾴκην
771 5141 875 5213 ἤδη
911 5140 1101 5195 καὶτὰ
1129 5140 1432 5212 προάστεια
1481 5139 1750 5213 ἐπόρθουν

157 5236 254 5305 τῆς
284 5233 708 5289 Κωνσταντὶνου
757 5232 966 5297 πόλεως
1002 5253 1017 5288 :
1059 5249 1184 5287 nam
1228 5233 1468 5298 barbari,
1499 5234 1592 5304 qui
1628 5233 1750 5304 jam

162 5327 449 5381 Thraciam
476 5326 782 5395 depopulati
805 5327 1037 5396 fuerant,
1070 5327 1187 5396 ipsa
1207 5343 1410 5397 quoque
1439 5324 1754 5382 Constantis

162 5419 406 5488 nopeleas
437 5417 744 5472 suburbana
770 5419 1093 5484 vastabant;
1123 5434 1361 5490 cumque
1385 5419 1456 5474 iis
1483 5433 1751 5490 congres-

163 5527 252 5569 sus
282 5511 492 5567 Valens
522 5511 705 5581 periit,
736 5509 992 5566 Socrates
1022 5511 1118 5565 lib.
1153 5527 1226 5579 iv,
1263 5527 1314 5567 c.
1339 5511 1430 5567 58.
1467 5509 1600 5567 Post
1631 5510 1749 5567 dis-

1840 3218 1897 3266 et
1933 3207 2137 3264 alicubi
2178 3204 2394 3262 lacunis
2431 3203 2618 3258 hians.
2655 3199 2908 3254 Lacunas
2940 3195 3065 3250 illas
3096 3192 3162 3246 D.
3195 3191 3438 3247 Savilius

1841 3318 1908 3359 ex
1930 3301 2186 3356 Caesareo
2205 3296 2397 3354 codice
2423 3292 2720 3365 supplevit.
2745 3288 2905 3344 Nulla
2930 3288 3118 3358 itaque
3143 3285 3235 3340 hic
3254 3283 3322 3340 de
3349 3283 3435 3337 in-

1841 3394 2173 3466 terpolatore
2201 3390 2352 3460 justa
2372 3385 2640 3450 suspicio.
2674 3382 2732 3438 ln
2755 3381 3006 3438 Romano
3021 3378 3209 3434 codice
3229 3376 3438 3446 aliquot

1841 3486 2084 3559 pagellas
2115 3485 2308 3540 deesse
2335 3479 2549 3536 notavit
2577 3477 2642 3532 D.
2677 3476 2950 3538 Savilius;
2993 3472 3159 3544 idque
3198 3467 3434 3559 manife-

1843 3558 1936 3633 sto,
1956 3593 2024 3632 ex
2051 3577 2172 3646 ipso
2199 3575 2322 3629 loco
2352 3567 2810 3642 deprehenditur.
2844 3565 2921 3620 lta
2938 3561 3084 3617 enim
3109 3561 3249 3630 apud
3273 3558 3440 3613 Sirle—

1842 3677 1961 3725 tum
1989 3675 2043 3722 et
2068 3666 2370 3720 Beurerum
2398 3659 2688 3729 legebatur
2721 3676 2736 3712 :
2760 3653 2994 3710 Κελεύει
3017 3647 3111 3706 οὖν
3144 3651 3243 3722 τὴν
3275 3665 3440 3717 κεφα-

1841 3761 1940 3832 λὴν
1969 3759 2043 3832 μὴ
2066 3754 2206 3812 εἶναι
2235 3753 2472 3826 γυμνὴν,
2494 3749 2634 3818 ἀλλὰ
2665 3745 3120 3818 κεκαλυμμένην,
3143 3743 3231 3795 ἵνα
3259 3740 3438 3814 μάθῃς

1841 3852 1895 3905 τι
1932 3850 2026 3906 καὶ
2062 3844 2265 3920 μεταξὺ
2299 3845 2505 3900 τούτων
2530 3844 2578 3896 οἱ
2601 3838 2873 3902 κώδωνες,
2903 3836 2956 3891 id
2985 3844 3069 3889 est
3092 3832 3244 3906 jubet
3278 3840 3438 3900 caput

1844 3944 2060 3998 minime
2102 3956 2214 3996 esse
2255 3940 2457 3993 nudum
2498 3935 2588 3990 sed
2635 3941 2979 4002 coopertum,
3011 3937 3068 3982 ut
3114 3926 3257 3981 scias
3306 3923 3437 3995 quid

1841 4037 2002 4091 etiam
2030 4035 2170 4088 inter
2196 4033 2308 4088 haec
2341 4025 2726 4084 tintinnabula.
2765 4023 2902 4090 Quis
2933 4030 3118 4077 autem
3155 4035 3266 4073 non
3291 4016 3441 4073 videt

1843 4127 2151 4199 posteriora
2177 4124 2346 4193 hujus
2371 4119 2656 4177 sententia;
2680 4132 2710 4173 a
2740 4114 3016 4186 prioribus
3045 4120 3161 4166 toto
3189 4109 3330 4164 cmlo
3355 4107 3441 4162 di-

1843 4219 2028 4276 stare?
2057 4217 2193 4284 Quis
2223 4230 2334 4270 non
2358 4213 2547 4269 statim
2575 4206 2930 4282 perscntiscit
2953 4205 3168 4275 aliquot
3192 4201 3440 4273 pagellas

1842 4313 2036 4368 deesse
2068 4311 2216 4366 inter
2253 4309 2344 4362 ἵνα
2398 4305 2579 4378 μάθῃς
2616 4312 2673 4358 et
2715 4301 2770 4355 τί
2809 4299 2936 4355 καίῖ
2979 4298 3126 4369 quod
3161 4297 3441 4350 veteribus

1843 4419 1980 4459 mss.
2018 4416 2285 4474 perquam
2310 4398 2583 4455 familiare
2607 4403 2713 4450 est.
2761 4391 2866 4448 Ubi
2896 4391 3043 4446 enim
3068 4389 3328 4444 librarius
3353 4385 3448 4439 ει..

1775 4504 1820 4560 D
1848 4496 1985 4552 cidit
2020 4497 2076 4550 in
2105 4494 2350 4551 codicem
2376 4508 2443 4548 ex
2479 4505 2593 4561 quo
2622 4503 2734 4544 una
2763 4486 2850 4542 vel
2873 4486 3061 4557 plures
3091 4482 3306 4554 paginae
3331 4480 3440 4536 fore

1848 4599 1902 4646 te
1933 4589 2136 4645 excisa:
2181 4596 2350 4653 sunt,
2381 4593 2480 4640 aut
2515 4597 2626 4638 non
2656 4579 3130 4643 animadvertens,
3175 4583 3270 4629 aut
3300 4573 3440 4627 nihil

1847 4695 2072 4744 curans,
2102 4678 2288 4734 omnia
2317 4675 2513 4732 eodem
2547 4682 2740 4728 tenore
2778 4669 2921 4726 solet
2962 4665 3318 4722 describere:
3351 4661 3439 4718 id-

1848 4790 1956 4846 que
1989 4789 2100 4828 non
2128 4772 2182 4827 in
2203 4771 2396 4826 eodem
2422 4781 2590 4838 opere
2615 4760 3025 4827 tantummodo,
3060 4757 3156 4814 sed
3182 4757 3350 4812 etiam
3383 4754 3439 4809 in

1849 4867 2084 4924 diversis
2105 4864 2298 4920 eodem
2324 4859 2602 4917 volumine
2627 4853 3045 4926 comprehensis
3061 4864 3203 4920 saepe
3231 4847 3441 4904 factum

1787 4939 1798 4952 ’
1849 4971 1966 5028 est,
2003 4958 2094 5013 ubi
2135 4957 2264 5012 finis
2311 4955 2523 5020 unius,
2579 4949 2797 5006 initium
2850 4954 3035 5001 autem
3087 4942 3316 4998 alterius
3372 4940 3442 4996 ab

161 5619 374 5661 cessum
434 5604 603 5659 etiam
635 5601 882 5660 Valentis
921 5603 993 5660 ab
1023 5602 1314 5660 Antiochia
1360 5604 1544 5661 statim
1585 5603 1752 5660 Sara-

235 5784 280 5821 ⁸³
306 5783 445 5840 Psal.
462 5797 634 5850 cun,
669 5781 759 5836 20.

1850 5048 2152 5121 exemplari
2197 5045 2563 5103 describenda
2610 5041 2768 5114 prius
2795 5039 3047 5094 excisum
3077 5045 3184 5091 est.
3232 5032 3350 5088 Hoc
3385 5033 3440 5087 in

1850 5142 2098 5214 epistolis
2119 5140 2404 5212 Pulycarpi
2429 5146 2486 5193 et
2515 5135 2784 5190 Barnabas
2812 5132 2917 5188 viri
2939 5131 3088 5186 docti
3109 5127 3440 5198 jampridem

1851 5233 2375 5305 deprehenderunt:
2414 5231 2522 5285 hoc
2569 5227 2688 5297 ipse
2723 5226 2777 5280 in
2819 5239 2954 5278 mss.
2996 5219 3225 5276 Thomas
3269 5218 3444 5288 magi-

1853 5330 1976 5396 stri,
2000 5336 2053 5382 et
2076 5324 2356 5381 Theodori
2387 5319 2784 5393 pmnitentialis
2813 5313 3128 5379 observavi,
3171 5311 3266 5381 qui
3297 5311 3444 5381 apud

1852 5429 2076 5476 nostros
2123 5415 2613 5485 Cantabrigienses
2664 5417 3042 5467 asservantur.
3079 5405 3219 5460 Cum
3274 5405 3446 5475 igitur

1853 5513 2021 5569 editio
2061 5511 2127 5565 υ.
2170 5508 2363 5563 Savilii
2393 5517 2505 5562 tam
2533 5505 2683 5562 clare
2721 5512 2887 5573 atque
2921 5499 3212 5572 perspicue
3254 5496 3441 5552 omnia

1855 5601 2126 5673 suppleat,
2158 5608 2220 5656 ut
2249 5597 2399 5670 prior
2424 5609 2556 5669 pars
2588 5592 2872 5652 sententiae
2905 5601 3015 5648 tam
3051 5590 3346 5648 incondita:
3375 5587 3445 5644 iis
