3864 6204
381 322 488 382 199

1376 313 1432 369 8.
1479 313 1824 371 lGNATlUS.
1865 340 1936 354 --
1976 313 2516 372 PROLEGOIIENA.

3569 304 3678 358 900

378 439 661 512 jungatur,
693 452 818 508 quae
848 434 1067 507 proprie
1099 439 1451 504 sequuntur,
1495 432 1705 487 κελεύει
1751 427 1844 486 οὖν
1880 434 1981 504 τὴν
2011 441 2056 497 Α
2087 435 2372 491 sententiae
2405 448 2570 504 quam
2606 431 2828 487 refutat.
2860 430 2965 487 Sed
2991 438 3051 487 ut
3076 428 3422 485 verissimam
3452 435 3679 484 senten-

384 527 627 600 κεφαλὴν
660 528 734 599 μὴ
772 523 910 580 εἶναι
943 525 1191 596 γυμνὴν,
1237 523 1371 576 ἀλλὰ
1413 523 1859 594 κεκαλυμμένην,
1896 523 1985 578 ἵνα.

388 622 534 695 μάθῃ
580 623 614 692 ἡ
665 619 876 690 κεφαλὴ
905 617 1000 672 τοῦ
1033 617 1184 679 λαοῦ,
1223 617 1305 670 ὅτι
1352 615 1594 687 κεφαλὴν
1629 615 1762 686 ἔχει,
1796 626 1849 670 et
1879 631 1982 685 po-

383 716 584 772 sterior
606 731 734 785 pars
759 713 1004 782 ejusdem
1038 711 1324 765 sentcntiae
1353 709 1421 764 iis
1454 709 1986 779 subjungatur,qua:

386 807 607 878 proprie
646 805 1000 875 pratcedunt,
1050 801 1188 872 ἄνθη
1224 800 1281 854 δέ
1311 803 1448 853 εἰσιν
1489 801 1675 872 ἱερέως
1699 801 1982 871 συντυχία,

383 901 602 973 ὁμιλία,
637 896 768 972 ἦθος
799 896 1036 968 ἀγαθὸν,
1071 895 1232 964 λόγος
1277 893 1547 966 χρηστὸς,
1584 893 1796 958 πίστις,
1834 894 1982 960 δόξα,

386 994 634 1066 ἀλήθεια,
661 989 996 1060 δικαιοσύνη,
1034 989 1127 1043 καὶ
1159 987 1366 1059 μεταξὺ
1401 985 1609 1040 τούτων
1642 986 1691 1038 οἱ
1715 985 1982 1051 κώδωνες,

385 1092 420 1162 ὴ
448 1087 738 1161 συμφωνία
755 1086 864 1140 τῶν
889 1084 1070 1139 καλῶν
1103 1083 1306 1156 ἔργων,
1333 1081 1512 1150 quivis
1536 1081 1852 1151 perspiciat,
1875 1097 1985 1136 non

390 1185 630 1253 aliquam
671 1179 1153 1250 interpolationem
1191 1175 1447 1230 infultam
1475 1217 1490 1240 ,
1531 1174 1624 1229 sed
1657 1176 1862 1242 justam
1895 1184 1986 1229 at-

388 1291 495 1346 que
526 1272 895 1328 necessariam
928 1269 1334 1339 suppletionem
1369 1268 1570 1320 iactam
1599 1265 1772 1320 fuisse
1804 1282 1871 1320 ex
1899 1280 1990 1320 co-

387 1368 508 1420 dice
545 1366 819 1420 Ctesareo.
850 1362 984 1429 Quae
1019 1361 1240 1430 quidem
1288 1359 1454 1412 etiam
1480 1368 1662 1414 exstat
1697 1358 1752 1412 in
1793 1357 1987 1412 codice

389 1458 726 1512 llaroeciauo
746 1456 869 1520 l5l,
888 1471 941 1525 p.
969 1454 1070 1506 l78
1086 1451 1308 1515 Oxonii,
1329 1451 1434 1504 sub
1459 1450 1682 1504 nomine
1701 1449 1868 1504 etiam
1891 1448 1986 1502 τοῦ

391 1547 781 1621 Χρυσοστόμου
803 1588 817 1610 ,
849 1555 902 1599 et
931 1560 960 1598 a
998 1541 1196 1596 Photio
1225 1540 1588 1594 confirmatur
1611 1578 1627 1603 ,
1659 1539 1754 1608 qui
1801 1539 1856 1592 in
1893 1553 1989 1593 ex-

389 1641 593 1712 cerptis
629 1638 879 1711 agnoscit
913 1653 976 1691 ea
1015 1650 1138 1705 qua:
1177 1648 1324 1687 nunc
1367 1631 1722 1701 reperiuntur
1751 1631 1806 1684 in
1850 1646 1985 1700 sup-

390 1734 686 1803 plemento.
723 1730 991 1784 Prmterea
1018 1734 1199 1780 exstat
1221 1726 1336 1778 htec
1361 1724 1540 1777 oratio
1567 1723 1620 1776 in
1660 1723 1771 1777 alio
1794 1723 1987 1778 codice

2088 527 2221 580 tiam
2265 540 2388 580 esse
2432 523 2632 591 fateor,
2662 538 2829 593 quam
2859 523 2928 577 de
2961 522 3225 592 Dionysio
3267 518 3679 591 hypobolimmo

2085 617 2363 684 defendit;
2398 632 2650 689 negoque
2681 617 2795 670 ullo
2825 625 2989 686 pacto
3015 615 3132 670 fieri
3159 613 3429 684 potuisse,
3455 619 3519 664 ut
3541 607 3679 661 Dio-

2087 711 2283 782 nysius
2323 709 2655 780 Areopagita
2697 723 2762 762 ea
2802 705 3112 776 scripserit,
3150 719 3274 774 quae
3298 702 3403 757 sub
3429 700 3556 770 ejus
3580 713 3684 751 no-

2087 803 2238 859 mine
2269 800 2526 858 feruntur
2556 821 2570 855 :
2605 801 2679 856 ita
2713 816 2838 870 qua:
2875 797 3194 868 de'origine
3218 793 3498 866 Opinionis
3543 806 3685 848 con-

2089 900 2274 954 trariae
2319 906 2373 953 et
2414 904 2575 951 atate
2616 893 2825 950 lictoris
2851 893 3050 949 asserit
3085 890 3342 955 Dallaeus,
3377 888 3469 942 illa
3515 901 3682 957 pror-

2086 1008 2184 1048 sus
2243 1007 2273 1046 a
2321 990 2553 1046 veritate
2609 989 2912 1044 abhorrere
2970 985 3170 1040 sentio.
3232 980 3365 1050 Quae
3424 979 3495 1034 ab
3551 979 3683 1033 aliis

2087 1086 2300 1154 accepit
2327 1091 2649 1154 argumenta
2679 1090 2827 1137 recte
2855 1089 2910 1134 et
2934 1094 3033 1149 pro
3057 1093 3160 1133 suo
3183 1092 3334 1131 more
3352 1089 3458 1129 non
3489 1073 3682 1128 minus

2088 1175 2306 1230 fortiter
2349 1192 2517 1246 quam
2569 1174 2690 1230 fuse
2748 1174 2987 1243 explicat
3023 1191 3034 1226 :
3086 1185 3150 1224 ea
3194 1183 3326 1223 vero
3371 1167 3428 1222 in
3471 1165 3684 1237 quibus

2087 1267 2431 1322 Blondellum
2468 1283 2630 1322 suum
2657 1276 2882 1322 secutus
2908 1275 3012 1330 est,
3045 1273 3139 1317 aut
3161 1276 3284 1332 qua:
3309 1261 3424 1329 ipse
3449 1258 3682 1328 excogi-

2087 1360 2243 1426 tavit,
2281 1360 2416 1414 nihil
2451 1360 2612 1416 solidi
2659 1360 2947 1414 continere
2989 1356 3267 1412 existimo.
3311 1352 3501 1408 Tradit
3527 1353 3680 1406 enim

2088 1453 2366 1509 neminem
2416 1469 2484 1508 ex
2522 1452 2824 1511 Catholicis
2875 1461 3002 1507 ante
3049 1466 3254 1504 annum
3295 1447 3512 1502 Domini
3544 1446 3680 1509 630,

2090 1545 2603 1614 Areopagitieorum
2655 1552 2935 1598 auctorem
2963 1556 3152 1596 verum
3187 1555 3309 1594 esse
3353 1537 3681 1608 Dionysium

2091 1648 2188 1692 aut
2219 1637 2520 1693 affirmasse
2562 1645 2660 1691 aut
2707 1635 3012 1692 credidisse
3049 1653 3062 1688 :
3108 1635 3211 1688 hoc
3249 1632 3514 1702 primum.
3552 1629 3682 1683 Vult

2089 1729 2254 1783 etiam
2285 1737 2566 1783 auctorem
2589 1770 2604 1794 ,
2635 1728 2890 1798 quisquis
2922 1727 3026 1790 sit,
3057 1726 3142 1780 vel
3167 1726 3365 1796 quinto
3404 1723 3681 1795 pmipiti

391 1817 730 1872 Barocciano
754 1859 770 1884 ,
809 1831 1008 1885 nempe
1049 1814 1172 1878 l8t’i,
1203 1811 1301 1866 fol.
1331 1811 1402 1866 26
1422 1857 1436 1878 ,
1467 1812 1562 1866 tthi
1597 1813 1773 1866 multo
1804 1812 1985 1880 major

2100 1821 2312 1886 sarculo,
2348 1821 2433 1874 vel
2465 1821 2629 1875 etiam
2657 1819 2882 1874 ineunte
2908 1829 3063 1874 sexto
3086 1818 3318 1884 vixisse;
3350 1832 3528 1887 neque
3550 1824 3683 1870 ante

390 1919 475 1966 est
503 1911 724 1975 lacuna,
757 1923 922 1978 quam
951 1907 1042 1960 illa
1072 1921 1194 1977 quae
1221 1903 1328 1958 fuit
1355 1904 1409 1958 in
1434 1905 1680 1960 editione
1711 1903 1986 1958 Romana.

391 2003 469 2058 Ita
497 2003 643 2057 enim
669 2002 742 2056 ibi
767 2001 1024 2070 legimus,
1055 1997 1264 2052 κελεύει
1287 1996 1380 2051 καὶ
1415 1996 1514 2068 τὴν
1550 1997 1796 2068 κεφαλὴν
1826 2014 1991 2070 προσ-

391 2093 566 2168 φορὰν
624 2093 718 2148 καὶ
745 2085 899 2164 ’περὶ
937 2089 1213 2162 ἁμαρτίας
1241 2130 1256 2154 ,
1295 2087 1434 2143 adeo
1478 2095 1541 2142 ut
1603 2088 1992 2143 desiderentur

392 2186 576 2240 omnia
601 2201 629 2239 a
648 2185 847 2255 pagina
879 2183 1004 2247 6l5,
1029 2183 1126 2236 litt.
1153 2181 1239 2246 ﬂ,
1269 2196 1449 2252 usque
1478 2181 1546 2236 ad
1577 2181 1835 2252 paginam
1858 2179 1987 2246 646,

393 2276 491 2330 lin.
522 2276 592 2330 '55
637 2273 896 2329 editionis
927 2271 1243 2327 Saviliame.
1299 2270 1458 2326 Vana
1489 2281 1575 2327 est
1619 2271 1790 2341 igitur
1815 2270 1883 2325 de
1907 2270 1993 2324 in-

393 2369 723 2439 terpolatore
755 2367 1105 2435 conjectura;
1149 2365 1538 2420 testimonium
1585 2372 1839 2419 nostrum
1865 2403 1881 2427 ,
1920 2363 1992 2418 ab

395 2461 517 2530 ipso
548 2459 711 2530 hujus
742 2459 1012 2514 orationis
1039 2467 1267 2512 auctore
1297 2457 1579 2528 prolatum
1611 2464 1730 2521 est;
1782 2455 1991 2526 episto-

395 2553 444 2608 la
477 2551 543 2607 ad
574 2551 936 2623 Polycarpum
965 2566 1073 2604 non
1104 2549 1174 2604 ab
1200 2550 1522 2620 impostore,
1552 2548 1646 2604 sed
1681 2544 1741 2602 S.
1781 2545 1992 2617 Ignatio

397 2643 599 2714 scripta
630 2653 738 2698 est.

1017 2750 1248 2807 CAPUT
1278 2751 1349 2806 Χ.

400 2847 885 2917 Pseudo-Dionysii
917 2856 1048 2900 tetas
1079 2847 1309 2917 eruitur.
1341 2845 1546 2917 Dallmi
1580 2844 1844 2917 sententia
1866 2859 1991 2911 pro-

466 2929 684 2990 ponitur
751 2915 800 2973 et
860 2919 1152 2990 refutatur.
1216 2915 1456 2990 Plurimi
1505 2915 1757 2970 catholici
1811 2929 1991 2990 verum

468 2983 846 3060 'Areopagitam
886 2983 1006 3043 eum
1054 2988 1218 3060 fuisse
1267 2988 1610 3060 crediderunt
1658 2996 1781 3060 ante
1809 3001 1867 3060 ρ.

465 3055 616 3117 650.’
640 3055 863 3122 Αὶιοιον,
895 3055 1137 3128 quisquis
1169 3066 1246 3110 est
1269 3098 1283 3121 ,
1330 3055 1502 3111 libros
1544 3074 1668 3110 suos
1696 3055 1862 3108 edidit
1895 3055 1990 3106 diu

468 3143 590 3186 ante
623 3149 676 3185 a.
727 3130 794 3184 D.
828 3130 952 3184 5‘20.
994 3128 1177 3181 Multis
1210 3131 1474 3196 probatur
1506 3143 1625 3180 eum
1666 3136 1856 3196 quarto
1897 3141 1992 3178 sa:-

467 3203 588 3257 culo
623 3203 836 3256 vixisse.
875 3201 1109 3268 Denique
1141 3197 1329 3265 probal
1352 3198 1419 3252 ile
1445 3208 1523 3252 est
1566 3213 1686 3251 eum
1715 3196 1991 3266 scripsisse

466 3273 745 3344 postremis
782 3270 998 3325 Eusebii
1023 3270 1374 3340 temporibus.

469 3386 750 3442 Hactenus
769 3399 962 3440 eorum
1001 3381 1228 3438 Patrum
1259 3381 1586 3437 testimonia
1618 3377 1992 3444 defendimus,

2092 1927 2298 1966 annum
2345 1910 2561 1967 Domini
2589 1914 2810 1968 circiter
2848 1912 2975 1980 520,
3008 1911 3152 1966 fetus
3185 1911 3288 1965 hos
3315 1925 3447 1964 suos
3475 1907 3684 1978 Diony-

2093 2001 2178 2057 sio
2206 2003 2431 2057 immani
2466 2003 2661 2059 fraude
2695 2005 3013 2074 suppositos
3038 2003 3280 2058 edidisse
3310 2023 3322 2058 :
3355 2004 3457 2058 hoc
3485 2017 3681 2058 secun-

2093 2093 2247 2148 dum.
2277 2092 2544 2149 Neutrum
2571 2105 2754 2150 autem
2782 2097 2980 2149 horum
3013 2111 3138 2150 cum
3175 2095 3285 2151 ulla
3313 2098 3560 2150 veritatis
3583 2105 3685 2149 aut

2093 2188 2500 2258 probabilitatis
2532 2191 2714 2261 specie
2741 2185 3032 2246 asseritur.
3067 2190 3137 2246 Ut
3157 2192 3273 2246 brec
3297 2191 3556 2245 omnibus
3584 2207 3684 2260 ap-

2093 2291 2343 2351 pareant.
2367 2291 2422 2336 et
2443 2281 2706 2338 methodo
2731 2285 2968 2355 quadam
3000 2292 3147 2339 certa
3186 2283 3253 2337 ad
3283 2298 3465 2337 veram
3511 2297 3672 2351 pseu.

2093 2372 2453 2446 do-Dionysii
2493 2383 2710 2430 aetatem
2755 2375 3055 2429 eruendam
3102 2374 3430 2444 procedam,
3471 2373 3686 2427 abillis

2094 2465 2470 2536 incipiendum
2513 2476 2646 2538 puto
2667 2510 2681 2533 ,
2713 2483 2837 2538 quae
2869 2477 2999 2522 sunt
3036 2467 3355 2531 novissima,
3383 2465 3686 2520 ostenden-

2093 2560 2356 2629 dumque,
2375 2559 2877 2629 quinamCatholici
2905 2569 3030 2614 ante
3053 2574 3101 2612 a.
3137 2558 3199 2612 D.
3224 2558 3329 2612 630
3355 2557 3686 2628 Dionysium

2004 2675 2007 2680 ν
2093 2650 2481 2722 Areopagitam
2527 2667 2718 2705 verum
2756 2662 3037 2706 auctorem
3069 2666 3261 2706 eorum
3295 2667 3419 2720 qum
3461 2651 3537 2705 illi
3582 2652 3689 2706 tri-

2093 2745 2424 2810 buebantur,
2457 2745 2628 2801 fuisse
2651 2755 2705 2799 et
2735 2746 3031 2800 credebant
3057 2756 3114 2800 et
3135 2744 3496 2800 affirmabant.

2165 2835 2353 2891 Primo
2390 2837 2577 2908 itaque
2617 2836 2902 2905 Leontius,
2933 2837 3076 2892 libro
3116 2836 3194 2891 De
3225 2838 3399 2912 sectis,
3428 2835 3692 2906 agnoscit

2094 2927 2414 3001 Dionysium
2441 2930 2854 3002 Areopagitam,
2883 2945 3120 3000 eumque
3141 2930 3286 2985 inter
3311 2929 3504 2986 Patres
3532 2930 3690 2984 anti—

2093 3021 2396 3091 quissimos
2429 3023 2698 3089 nominat,
2728 3022 2970 3092 alibique
3014 3036 3141 3078 eum
3188 3023 3367 3077 (etatis
3404 3025 3682 3094 apostolo-

2095 3133 2214 3171 rum
2243 3117 2415 3172 fuisse
2462 3125 2647 3183 notat,
2683 3127 2737 3172 et
2781 3118 2982 3172 librum
3015 3116 3091 3170 De
3135 3117 3329 3171 divinis
3379 3119 3689 3173 nominibus

2093 3211 2248 3276 citat,
2273 3219 2332 3264 ut
2355 3211 2592 3266 Dallteus
2612 3211 2728 3280 ipse
2759 3210 2983 3264 fatetur.
3018 3207 3316 3280 Utrobique
3341 3211 3508 3282 igitur
3527 3228 3693 3267 eum-

2092 3302 2217 3357 dem
2253 3301 2638 3373 Areopagitam
2681 3311 2942 3371 tanquam
2978 3315 3186 3354 verum“
3204 3310 3258 3356 et
3287 3317 3395 3356 non
3428 3302 3688 3360 ﬁctilium

2095 3392 2336 3462 Ignovit.
2371 3391 2441 3444 At
2477 3401 2721 3456 constat,
2757 3389 2972 3458 inquit,
3003 3404 3122 3440 eum
3153 3389 3217 3441 de
3245 3391 3403 3444 sectis
3436 3408 3538 3445 non
3564 3403 3693 3446 ante

399 3485 605 3556 quibus
655 3483 806 3537 litem
859 3479 1036 3535 movit
1075 3477 1438 3533 adversarius
1464 3517 1480 3543 ,
1512 3490 1768 3546 quosque
1815 3475 1901 3528 vel
1940 3474 1996 3529 id

2100 3493 2145 3540 tt.
2182 3485 2247 3544 ι),
2277 3484 2375 3538 591
2412 3484 2708 3553 scripsisse.
2733 3481 2978 3547 Quidni?
3007 3482 3137 3550 quia
3167 3479 3380 3553 Eulogii
3409 3486 3690 3550 meminit,

399 3577 549 3648 quod
596 3576 854 3630 volumus
897 3573 1123 3627 minime
1167 3578 1405 3626 testatos
1445 3585 1598 3633 esse,
1649 3568 1772 3634 vel,
1805 3568 1852 3622 si
1889 3568 1997 3621 hoc

400 3670 510 3725 diei
543 3669 695 3724 nullo
739 3666 904 3722 modo
942 3672 1170 3735 posset,
1219 3663 1483 3732 deceptos
1513 3669 1568 3715 et
1603 3659 1829 3716 delusos
1875 3673 1999 3714 esse

404 3759 804 3833 pronuntiavit.
837 3757 1111 3825 Quoniam
1142 3770 1284 3810 vero
1317 3753 1644 3826 Dionysium
1679 3753 1844 3808 etiam
1875 3762 2000 3806 tan-

403 3868 570 3922 quam
604 3860 796 3906 testem
827 3849 1140 3911 eitavimus,
1172 3861 1342 3917 quem
1375 3845 1612 3901 Dallaaus
1635 3839 1750 3915 ipse
1778 3856 2001 3900 senten-

405 3947 539 3998 tiam
576 3943 645 3998 ab
678 3942 887 4012 lgnatio
920 3941 976 3994 in
1006 3936 1246 4010 epistola
1295 3939 1362 3992 ad
1409 3937 1692 3992 Romanos
1736 3936 1998 4004 scriptam

406 4048 875 4090 commemorasse
913 4047 1023 4086 non
1065 4040 1285 4087 tantum
1326 4029 1556 4095 fatetur,
1600 4029 1696 4083 sed
1737 4037 1793 4083 et
1835 4027 2003 4080 vehe-

409 4138 619 4183 menter
655 4125 784 4180 alibi
825 4124 1146 4196 contendit,
1203 4123 1256 4176 id
1289 4138 1459 4176 unum
1505 4136 1654 4176 nunc
1702 4127 1902 4184 restat,
1942 4126 2003 4172 ut

407 4232 622 4277 attatem
674 4235 705 4275 a
762 4219 920 4273 nobis
959 4218 1033 4270 illi
1061 4217 1403 4287 assignatam
1442 4225 1734 4279 tueamur,
1761 4219 1817 4265 et
1860 4211 2003 4263 inter

409 4324 576 4370 testes
605 4311 844 4367 Eusebio
875 4324 1109 4374 coaevos,
1156 4309 1203 4362 si
1247 4323 1334 4362 res
1370 4307 1486 4376 ipsa
1512 4306 1772 4375 patiatur,
1805 4317 2003 4356 nume.-

411 4423 616 4463 remus.
675 4404 971 4458 Historiam
1012 4401 1436 4455 ecclesiasticam
1479 4398 1776 4468 postremis
1830 4394 2005 4449 Euse-

2096 3574 2252 3643 quasi
2296 3583 2427 3628 tunc
2484 3574 2750 3643 temporis
2799 3573 3159 3628 Alexandrini
3195 3575 3466 3644 episcopi.
3503 3575 3695 3630 llecte.

2099 3667 2358 3737 Eulogius
2399 3677 2578 3720 autem
2620 3678 2863 3720 mortuus
2906 3676 2984 3720 est
3009 3683 3062 3718 a.
3094 3664 3160 3718 ι).
3198 3666 3323 3720 608.
3361 3666 3550 3736 Neque
3584 3666 3694 3719 hoc

2098 3773 2256 3827 nego.
2285 3757 2575 3827 Eulogiani
2599 3767 2776 3810 autem
2802 3757 3138 3825 episcopatus
3163 3771 3330 3808 annos
3349 3755 3695 3824 Nicephorus

2103 3849 2212 3906 (1P.
2240 3859 2392 3918 putat
2418 3867 2522 3904 non
2545 3849 2614 3902 ‘27
2647 3851 2806 3920 {quod
2828 3864 3101 3917 perperam
3130 3846 3326 3917 legitur
3342 3849 3484 3916 apud
3510 3847 3696 3901 Baro-

2099 3943 2292 4009 nium),
2313 3943 2406 3996 sed
2439 3942 2529 3996 17.
2562 3940 2706 4011 Ergo
2729 3949 2852 3994 ante
2877 3938 3032 3994 a.'D.
3055 3941 3154 3995 59l
3199 3957 3304 3993 non
3333 3940 3436 4009 fuit
3477 3944 3697 4009 episco-

2099 4055 2217 4108 pus.
2253 4038 2330 4092 lta
2362 4039 2581 4108 quidem
2612 4036 2957 4108 Nicephorus
2987 4037 3220 4092 Parisiis
3249 4053 3280 4092 a
3317 4037 3463 4092 Goar
3483 4038 3696 4104 editus;

2102 4127 2197 4187 scd
2240 4131 2509 4185 Baronius
2539 4130 2893 4186 Anastasium
2921 4141 3146 4186 secutus
3165 4141 3270 4196 est,
3302 4132 3396 4201 qui
3418 4129 3705 4201 Nicepho-

2104 4219 2226 4278 rum
2275 4225 2581 4290 transtulit,
2617 4233 2913 4294 antequam
2952 4224 3125 4279 codex
3169 4225 3260 4278 ille
3299 4225 3536 4294 scriptus
3584 4234 3702 4292 est,

2104 4315 2266 4386 quem
2301 4316 2448 4371 Goar
2484 4327 2864 4387 reprarsentat.
2908 4317 3274 4371 Consentium
3319 4317 3706 4376 codici'Ana-

2107 4409 2348 4463 Stztsiatto
2382 4409 2601 4464 codices
2621 4410 2732 4464 duo
2765 4408 2939 4464 Graeci
2977 4409 3213 4479 antiqui,
3241 4407 3574 4464 Oxoniensis
3613 4419 3709 4465 at-

412 4501 485 4555 hii
519 4497 860 4569 temporibus
891 4495 1155 4565 scriptam
1187 4493 1380 4548 volunt
1412 4511 1425 4546 :
1467 4491 1660 4546 iisdem
1693 4498 1748 4543 et
1800 4487 1996 4560 Diony-

2109 4517 2216 4572 que
2259 4501 2659 4567 Londinensis,
2707 4502 2886 4572 iisque
2932 4501 3264 4571 suffragatur
3305 4501 3706 4572 Theophanes.

413 4594 568 4647 siana
595 4606 696 4662 ego
725 4589 872 4644 edita
901 4587 1183 4653 existimo,
1213 4585 1515 4658 postremis
1558 4599 1756 4654 nempe
1784 4581 2006 4638 Eusebii

415 4682 774 4752 temporibus.

485 4775 665 4843 Quam
727 4775 834 4829 alte
883 4771 1272 4842 superioribus
1335 4769 1556 4825 saeculis
1610 4767 1893 4823 inhaeserit
1941 4767 2010 4822 de

418 4869 817 4941 Areopagiticis
849 4883 1048 4938 magna
1093 4864 1472 4928 existimatio,
1504 4870 1826 4932 quantoque
1872 4876 2010 4915 con-

419 4981 586 5020 sensu
635 4973 803 5032 atque
848 4961 1205 5015 veneratione
1261 4959 1466 5028 scripta
1532 4957 1796 5026 Dionysio
1845 4955 2010 5025 vulgo

359 5060 361 5064 ’
420 5058 726 5123 attributa,
776 5065 1040 5126 tanquam
1104 5053 1382 5123 genuinus
1436 5049 1811 5120 antiquissimi
1862 5048 2011 5102 illius

422 5151 799 5221 apostolorum
827 5147 1083 5217 discipuli
1115 5145 1280 5210 fetus,
1313 5153 1531 5214 recepta
1563 5144 1695 5209 sint,
1723 5155 1888 5196 nemo
1912 5155 2013 5194 ne-

427 5243 548 5296 scit.
580 5243 686 5296 Sed
717 5242 819 5296 hos
847 5242 1020 5296 libros
1047 5256 1170 5295 eam
1201 5248 1420 5293 aetatem
1458 5254 1566 5291 non
1599 5236 1763 5302 ferre,
1793 5246 1846 5290 et
1880 5233 2012 5288 Dio-

431 5337 586 5406 nysio
616 5337 957 5406 Areopagitae
984 5334 1152 5389 tribui
1188 5351 1294 5388 non
1332 5347 1514 5402 posse,
1544 5331 1728 5386 sciunt
1751 5331 1867 5401 jam
1894 5337 2017 5382 tan-

429 5429 574 5493 dem,
594 5437 646 5482 et
669 5429 926 5494 fatentur,
949 5428 1164 5497 opinor,
1188 5443 1252 5481 ex
1276 5427 1428 5480 omni
1450 5435 1602 5496 parte
1620 5425 1837 5480 eruditi.
1863 5423 2016 5476 Illam

430 5521 710 5574 enimvero
757 5521 1106 5585 sententiam,
1151 5535 1181 5572 a
1228 5519 1363 5572 viris
1415 5517 1841 5588 quamplurimis
1891 5526 2018 5570 ante

433 5612 736 5680 cvplosam,
784 5627 959 5681 nuper
1001 5611 1238 5665 Dal|:eus
1268 5612 1485 5680 penitus
1508 5610 1807 5680 prostravit
1851 5617 2019 5678 atque

434 5701 722 5769 contrivit;
752 5711 807 5756 et
829 5719 895 5757 ne
923 5712 1107 5757 actum
1135 5713 1346 5757 tantum
1373 5711 1577 5774 ageret,
1613 5701 1788 5756 multa
1822 5700 1889 5755 de
1914 5716 2016 5754 suo

437 5809 578 5866 penu
605 5795 832 5870 addidit,
867 5798 1138 5868 praecipue
1169 5797 1236 5853 de
1264 5805 1424 5854 aetate
1451 5797 1682 5863 lictoris,
1717 5804 1771 5852 ct
1803 5794 2015 5866 origine

2109 4593 2434 4649 Anastasius
2477 4609 2544 4648 ex
2585 4593 2942 4672 TheOphane,
2972 4596 3203 4649 secundo
3244 4596 3453 4664 imperii
3495 4593 3711 4650 Tiberii

2109 4704 2248 4740 anno
2275 4687 2612 4742 Alexandria:
2636 4689 2859 4741 antistes
2883 4687 3104 4742 habetur
3129 4687 3386 4742 Ecclesia:
3414 4687 3710 4759 Eulogius.

2111 4780 2215 4834 Diu
2245 4782 2429 4852 itaque
2459 4793 2586 4836 ante
2617 4798 2668 4836 a.
2714 4781 2776 4834 D.
2816 4782 2914 4837 591
2959 4783 3139 4851 potuit
3181 4783 3379 4836 librum
3420 4781 3574 4835 illum
3624 4781 3714 4837 De

2112 4874 2270 4927 sectis
2303 4873 2546 4928 scribere
2575 4871 2862 4927 Leontius.
2910 4871 2978 4926 Et
3009 4887 3238 4926 necesse
3266 4881 3351 4926 est
3381 4881 3442 4925 ut
3480 4870 3712 4926 fatean-

2115 4974 2205 5019 tur
2234 4981 2445 5028 omnes,
2475 4973 2601 5019 ante
2623 4980 2829 5018 annum
2860 4963 3001 5030 608,
3037 4979 3149 5034 quo
3183 4974 3434 5018 mortuus
3463 4973 3548 5018 est
3589 4963 3712 5019 Eu;

2115 5059 2313 5128 logius,
2345 5073 2468 5112 eum
2508 5056 2680 5112 fuisse
2711 5058 3011 5126 scriptum,
3032 5057 3133 5112 hoc
3149 5065 3234 5111 est
3262 5057 3513 5126 pluribus
3534 5073 3716 5125 quam

2114 5150 2186 5204 ΞΟ
2217 5151 2375 5204 annis
2427 5162 2552 5204 ante
2601 5165 2806 5204 annum
2835 5149 2960 5215 630,
2994 5160 3054 5203 ut
3080 5165 3182 5219 ego
3212 5159 3393 5204 autem
3441 5149 3716 5215 arbitror,

2116 5241 2368 5310 pluribus
2384 5256 2548 5312 quam
2569 5241 2954 5311 quadraginta.
2984 5238 3184 5294 Eadem
3211 5247 3359 5294 certe
3380 5249 3721 5308 tempestate

2117 5332 2357 5388 Joannes
2394 5333 2705 5403 patriarcha
2745 5331 3394 5401 Constantinopolitanus
3431 5331 3484 5384 in
3521 5331 3720 5384 homi-

2117 5426 2190 5480 lia
2220 5426 2288 5481 de
2334 5427 2858 5496 pseudo-prophetis
2891 5426 3275 5496 Areopagitam
3305 5423 3592 5494 agnoscit,
3623 5425 3720 5479 his

2119 5520 2301 5574 verbis
2332 5537 2344 5573 :
2390 5518 2501 5571 Ποῦ
2539 5519 2787 5583 Εὐόδιος,
2839 5521 2873 5590 ἡ
2923 5518 3103 5571 εὐοδία
3129 5517 3230 5588 τῆς
3259 5515 3590 5588 Ἐκκλησίας
3619 5517 3721 5569 καὶ

2120 5610 2229 5664 τῶν
2249 5611 2419 5678 ἁγίων
2443 5609 2754 5662 ἀποστόλων
2777 5609 3020 5678 διάδοχος
3040 5625 3054 5673 ;
3085 5606 3190 5660 ποῦ
3226 5606 3506 5676 Ἰγνάτιος,
3530 5605 3595 5658 τὸ
3617 5606 3722 5660 τοῦ

2121 5701 2258 5756 Θεοῦ
2288 5703 2633 5772 οἰκητήριον;
2661 5699 2763 5753 ποῦ
2803 5701 2832 5752 ὀ
2866 5697 3176 5764 Διονύσιος,
3222 5699 3282 5751 τὸ
3323 5697 3572 5751 πετεινὺν
3617 5698 3724 5752 τοῦ

2123 5793 2386 5865 οὐρανοῦ;
2429 5792 2555 5849 llaec
2599 5793 2820 5864 quidem
2863 5792 3088 5847 homilia
3122 5791 3265 5847 male
3311 5791 3380 5846 ab
3433 5789 3724 5862 aliquibus
