3864 6204
149 375 246 428 τοι

903 379 957 432 J.
999 377 1363 432 PEABSONII
1407 377 1731 433 VlNDlCle
1770 376 2194 433 ΙΟΝΑἸΊΑΝᾸΞ.
2231 409 2302 418 --
2339 377 2519 432 PARS
2556 377 2597 433 Ι.

3312 383 3421 435 20‘!

143 492 344 547 Joauni
377 492 778 564 Chrysostomo
812 496 1070 550 attributa
1105 495 1244 562 fuit;
1285 511 1519 566 eamque
1547 498 1731 567 potius
1763 504 1809 559 Α
1835 493 2028 549 Jobius
2052 495 2360 547 monachus
2382 494 2652 558 videatur,
2680 495 2775 563 qui
2808 491 3134 564 Dionysium
3174 493 3419 565 Areopa-

142 582 344 637 Joanni
394 581 674 638 Nesteutte
715 586 1064 640 tribuendam
1106 596 1262 656 putat
1306 585 1605 642 Usserius:
1642 605 1737 643 nc-

142 690 250 742 que
283 675 485 733 dubito
530 677 667 746 quin
717 687 886 732 recte.
936 677 1072 732 Nam
1107 695 1170 734 ea
1208 697 1331 750 qua:
1379 681 1642 747 continet,
1683 691 1737 735 et

143 768 519 834 patriarcham
554 770 797 838 sapiunt,
827 778 881 825 et
910 771 1149 826 lllauritii
1177 782 1388 827 aetatem
1419 772 1713 843 praeferunt

143 873 254 926 qua
291 868 377 912 tot
416 860 656 914 hzerescs
696 862 1065 930 pullulabant;
1115 872 1169 918 et
1215 864 1388 918 libera
1438 864 1528 918 illa
1571 874 1736 934 atque

143 966 338 1006 severa
369 953 687 1022 objurgatio
717 955 1098 1024 episcoporum
1121 996 1136 1022 ,
1169 957 1315 1027 quod
1346 957 1524 1011 ventri
1567 958 1735 1012 dediti

139 1052 354 1108 essent,
384 1044 605 1113 etquod
638 1044 1104 1114 splendidioribus
1142 1048 1390 1102 vestibus
1430 1057 1732 1113 uterentur,

141 1134 215 1188 illi
248 1136 304 1188 in
341 1137 538 1204 primis
569 1134 843 1191 Nesteutae
867 1139 1151 1203 convenit,
1179 1141 1274 1208 qui
1304 1154 1362 1194 se
1388 1139 1586 1194 inediis
1613 1156 1733 1193 ma-

137 1228 398 1294 cerabat,
439 1244 539 1283 nec
580 1230 958 1284 monachalem
1008 1231 1256 1285 habitum
1288 1246 1529 1301 unquam
1562 1247 1732 1286 exne-

137 1320 250 1373 bat.

205 1411 327 1465 lmo
357 1413 451 1466 diu
495 1423 623 1468 ante
652 1413 946 1469 Leontium
995 1425 1051 1469 et
1092 1415 1360 1471 Joannem
1412 1415 1730 1474 Nestcutam

134 1503 471 1577 Dionysium
518 1509 906 1580 Areopagitam
959 1511 1181 1581 agnovit
1234 1511 1598 1582 Ephraemius
1631 1531 1730 1584 pa-

135 1600 382 1654 triarcha
414 1601 814 1669 Antiochenus,
849 1603 904 1657 in
938 1603 1064 1657 libri
1095 1604 1387 1674 cujusdam
1426 1607 1590 1661 tertio
1615 1617 1730 1662 tra-

132 1698 310 1755 ctatu,
346 1691 439 1759 qui
466 1691 775 1761 apologiam
803 1693 1022 1748 concilii
1050 1691 1524 1751 Chalcedonensis
1553 1697 1731 1751 conti.-

129 1782 326 1836 nebat.
379 1780 486 1836 Ubi
529 1785 846 1840 necessario
891 1786 1154 1841 lectorem
1199 1788 1535 1842 monendum
1575 1789 1727 1855 duxi,

131 1872 341 1950 librum
373 1891 501 1928 eum
530 1866 640 1929 non
673 1874 846 1932 fuisse
876 1877 942 1932 de
973 1879 1148 1934 sacris
1175 1879 1486 1934 Antiochiae
1516 1879 1728 1950 legibus

131 1965 492 2034 inscriptum,
521 1977 581 2022 ut
606 1970 881 2040 pessimus
912 1969 1096 2025 Photii
1126 1973 1401 2042 interpres
1437 1973 1726 2040 indicavit,

130 2058 257 2116 dum
304 2059 427 2114 hac
475 2061 639 2116 verba
677 2081 689 2114 :
728 2061 1070 2136 Ἀνεγνώσθη
1110 2061 1312 2135 βιϐλίον
1336 2064 1430 2118 τοῦ
1471 2063 1633 2119 αὑτοῦ
1673 2067 1730 2118 ὲν

133 2149 310 2216 ἁγίοις
363 2151 730 2223 Ἐφραιμίου,
775 2152 834 2217 ὃς
881 2153 988 2207 τῶν
1037 2155 1197 2227 ἱερῶν
1245 2155 1347 2226 τῆς
1404 2157 1729 2228 Ἀντιοχείας

131 2242 353 2313 θεσμῶν
393 2246 602 2315 ἠγεῖτο,
633 2248 691 2299 ἐν
726 2245 903 2315 λόγοις
935 2248 1262 2320 τέσσαρσιν,
1295 2249 1369 2304 ita
1403 2251 1685 2306 transtulit
1713 2271 1725 2306 :

131 2333 256 2404 Leqi
307 2336 548 2404 ejusdem
595 2340 770 2392 sancti
807 2340 1032 2393 alterum
1084 2341 1280 2394 librum
1331 2343 1420 2412 qui
1466 2343 1528 2396 de
1560 2343 1728 2396 sacris

132 2429 435 2483 Antiochia:
477 2431 681 2500 legibus
737 2442 948 2498 narrat,
981 2433 1132 2487 libris
1158 2446 1392 2505 quatuor
1413 2478 1426 2501 ,
1479 2452 1605 2490 cum
1637 2437 1728 2491 illa

132 2521 296 2573 verba
335 2521 448 2574 τῶν
484 2523 645 2595 ἱερῶν
673 2524 773 2594 τῆς
813 2524 1141 2595 Ἀντιοχείας
1167 2527 1385 2598 θεσμῶν
1419 2529 1603 2598 ἠγεῖτο
1639 2529 1727 2582 ni-

134 2613 209 2667 hil
239 2616 392 2670 aliud
426 2617 670 2670 indicent.
695 2633 865 2688 quam
905 2636 1030 2674 eum
1067 2619 1240 2676 fuisse
1262 2622 1567 2676 Antiochia:
1609 2622 1726 2691 epi-

131 2722 386 2776 sc0pum.
430 2707 489 2762 In
538 2709 627 2763 illa
660 2711 831 2780 igitur
867 2712 1120 2784 apologia
1152 2713 1550 2783 Ephraemius,
1589 2723 1739 2774 teste,

125 2797 334 2854 Photio
364 2802 558 2856 codice
579 2803 685 2858 229
714 2821 728 2857 :
753 2804 896 2866 Ὅτι,
926 2805 1122 2876 φησιν,
1149 2805 1207 2860 ἒν
1224 2807 1539 2877 πρόσωπον,
1569 2823 1728 2860 τουτ-

123 2891 249 2944 έστι
283 2893 413 2962 μίαν
464 2895 763 2948 ὑπόστασιν
821 2895 915 2950 τοῦ
946 2898 1121 2964 Λόγου
1170 2897 1596 2970 σεσαρκωμένην
1635 2914 1728 2966 κη-

124 2983 422 3056 ρύττομενο
461 2986 648 3059 ἐπειδὴ
677 2987 771 3042 καὶ
793 2987 995 3052 ἁπλοῦς
1038 2987 1244 3058 Ἰησοῦς
1269 2989 1558 3060 συνετέθη,
1585 2991 1727 3044 κατὰ

121 3077 222 3129 τὸν
273 3081 332 3131 ὲν
380 3079 561 3148 ἁγίοις
597 3081 991 3152 Ἀρεοπαγίτην
1025 3080 1318 3134 Διονύσιον.
1358 3081 1467 3134 Καὶ
1499 3083 1592 3134 ἐπὶ
1629 3081 1726 3152 μὲν

121 3169 230 3238 τῆς
261 3170 385 3222 καθ’
421 3171 722 3224 ὑπόστασιν
756 3171 1002 3236 ἐνώσεως
1036 3171 1262 3237 δικαίως
1305 3171 1456 3245 παρὰ
1499 3173 1597 3244 τῆς
1635 3174 1726 3226 εὐε-
1752 3195 1795 3252 C

124 3264 350 3326 σεῦείας
385 3264 448 3316 τὸ
478 3264 731 3316 σύνθετον
759 3265 997 3335 λέγεται·
1037 3265 1288 3320 σύνθετον
1321 3267 1376 3320 δὲ
1418 3267 1606 3322 οὐσίαν
1647 3271 1730 3323 οὐ·

121 3357 238 3419 δεὶς
283 3358 466 3409 εἰπεῖν
508 3357 775 3428 ἐτόλμησε
825 3358 962 3430 πλὴν
1015 3359 1444 3434 Ἀπολλιναρίου.
1481 3361 1727 3428 Quaem-

123 3450 461 3517 eplissitnus
489 3449 763 3519 interpres
792 3451 863 3505 ita
882 3456 1047 3507 vertit
1068 3471 1081 3506 :
1102 3452 1307 3508 Asserit
1325 3472 1512 3523 unam,
1530 3458 1723 3527 inquit,

121 3557 434 3608 personam,
477 3541 574 3594 hoc
618 3552 694 3595 est
743 3541 894 3596 Verbi
936 3543 1208 3597 incantati
1243 3544 1553 3614 [typostasin
1600 3563 1726 3616 pro-

122 3637 469 3688 nuntiamus.
525 3634 960 3708 Quandoquidem
1009 3638 1300 3708 simplicem
1342 3641 1491 3708 ponit
1539 3638 1726 3694 Iesum

126 3727 189 3781 D.
221 3727 521 3797 Dionysius
558 3729 912 3800 Areopagita;
947 3743 995 3785 et
1043 3731 1106 3784 de
1136 3731 1469 3800 ltypostatica
1511 3731 1724 3801 quidem

123 3818 359 3880 unione,
390 3817 540 3886 juste
574 3829 758 3872 contra
784 3821 1030 3888 pietatem
1082 3822 1432 3890 compositum
1475 3822 1723 3882 dicitur;

124 3912 484 3980 compositum
520 3927 638 3964 vero
672 3912 845 3965 dicere
880 3929 1029 3965 nemo
1067 3913 1262 3966 audeat
1292 3922 1489 3979 prttter
1521 3913 1722 3982 Apolli-

122 4006 363 4056 narium.
396 4003 480 4056 Tu
513 4005 584 4058 ita
629 4015 812 4060 vertas
843 4022 856 4058 :
894 4004 1096 4071 Unam,
1149 4008 1357 4077 inquit,
1397 4025 1673 4077 personam
1702 4051 1718 4073 ,

123 4094 214 4147 hoc
247 4103 351 4160 est,
384 4110 551 4146 unam
597 4093 752 4148 Verbi
776 4096 1087 4165 ltypostasiu
1110 4137 1124 4159 ,
1157 4097 1496 4151 incantatam
1520 4100 1720 4168 prwdi-

123 4202 306 4240 camus
339 4201 357 4238 :
394 4187 648 4255 quoniam
698 4198 748 4240 et
800 4189 1026 4258 simplex
1072 4187 1233 4243 Jesus
1272 4191 1714 4261 componebatur,

124 4278 417 4330 secundum
469 4277 529 4330 S.
586 4278 959 4348 Areopagitam
1012 4280 1347 4352 Dionysium.
1395 4281 1606 4334 Etenim
1652 4285 1716 4337 de

126 4368 317 4421 unione
361 4369 660 4421 secundum
704 4369 1013 4438 hypostasin
1036 4414 1050 4437 ,
1094 4373 1242 4440 juste
1275 4375 1338 4427 ab
1374 4375 1490 4442 ipsa
1521 4374 1714 4442 pietate

125 4461 476 4529 compositum
505 4461 741 4525 dicitur;
769 4465 1129 4517 substantiam
1165 4475 1341 4518 autem
1368 4467 1711 4534 compositam

1840 589 2007 657 gitam
2038 585 2221 655 magni
2248 585 2404 650 fecit;
2436 599 2562 638 nam
2598 601 2722 640 cum
2756 583 2816 639 S.
2848 584 3004 640 Pauli
3034 589 3418 642 testimonium

1840 677 1982 730 forte
2011 678 2329 731 adduxisset
2355 719 2370 743 ,
2418 677 2605 748 statim
2639 677 2925 746 subjunxit
2954 694 2967 730 :
3001 678 3112 731 Kal.
3143 680 3173 732 ὁ
3201 681 3421 751 γνήσιος

1837 767 1896 820 δὲ
1925 769 2110 821 τούτοι
2153 767 2428 840 μαθητὴς,
2476 771 2505 822 ὁ
2542 769 2704 838 σοφὸς
2736 769 3030 836 Διονύσιος,
3063 771 3132 824 τὰ
3155 773 3294 825 αὐτὰ
3330 772 3422 824 καὶ

1837 863 1948 923 τοῖς
1974 861 2155 924 αὐτοῖς
2181 860 2378 933 μικροῦ
2412 861 2849 934 διαμαρτύρεται
2883 864 3112 935 ῥήμασι,
3139 865 3233 918 καὶ
3266 865 3424 934 μάλι-

1840 946 1943 1004 στὰ
1968 968 2030 1020 γε
2063 954 2120 1004 ὲν
2151 954 2261 1014 τοῖς
2296 952 2424 1023 περὶ
2458 951 2552 1004 τοῦ
2592 952 2797 1005 τελείου
2838 954 2932 1007 καὶ
2955 955 3072 1019 ἑνός
3103 973 3116 1009 :
3146 955 3421 1026 Hujusque

1837 1061 2118 1114 germanus
2152 1045 2474 1116 discipulus,
2511 1047 2722 1116 sapiens
2758 1049 2849 1102 ille
2888 1047 3200 1120 Dionysius,
3239 1051 3421 1104 eadem

1836 1145 1886 1189 et
1920 1137 2109 1190 iisdem
2135 1137 2510 1207 propemodum
2544 1147 2771 1193 testatur
2812 1142 3012 1206 verbis,
3057 1143 3288 1196 maxime
3332 1143 3420 1196 ubi

1835 1229 1900 1282 de
1927 1229 2155 1299 perfecto
2178 1239 2336 1301 atque
2367 1247 2472 1284 uno
2501 1232 2635 1302 agit,
2665 1232 2769 1288 hoc
2797 1243 2902 1300 est,
2950 1235 3003 1288 in
3035 1245 3280 1289 extremo
3326 1254 3420 1290 ca-

1834 1321 1945 1390 pite
1966 1321 2089 1376 libri
2121 1321 2198 1376 De
2228 1323 2423 1376 divinis
2446 1323 2781 1389 nominibus;
2811 1326 2959 1395 quod
2991 1339 3173 1383 tamen
3213 1343 3243 1382 a
3291 1327 3419 1382 Sni-

1834 1413 1924 1478 da,
1955 1414 2048 1484 qui
2083 1413 2246 1484 hujus
2276 1415 2400 1469 libri
2429 1424 2614 1484 partes
2640 1415 2725 1472 bis
2753 1426 3078 1484 enumerat,
3127 1419 3417 1490 utrobique

1835 1506 2132 1562 omittitur.

1903 1595 2151 1651 Andreas
2174 1593 2540 1651 Caesareensis
2564 1596 2879 1667 episcopus,
2920 1597 3006 1651 vir
3036 1598 3219 1668 gravis
3242 1607 3297 1652 et
3323 1613 3417 1652 ca-

1835 1686 2114 1755 tholicus,
2164 1689 2642 1744 consentientibus
2697 1688 3031 1744 Bellarmino
3069 1699 3122 1744 et
3170 1688 3414 1754 Usserio.

1834 1781 1982 1834 circa
2004 1795 2208 1834 annum
2241 1782 2744 1852 quingentesimum
2777 1782 3032 1852 scripsit:
3065 1793 3211 1838 certe
3240 1786 3414 1839 nemi-

1832 1887 1954 1926 nem
1988 1872 2120 1928 citat
2151 1873 2242 1943 qui
2278 1873 2447 1928 fuerit
2470 1874 2528 1929 S.
2561 1873 2767 1944 Cyrillo
2796 1875 3004 1945 junior,
3033 1892 3131 1931 nec
3160 1877 3275 1947 ipse
3307 1875 3417 1950 lly-

1831 1966 1981 2034 patio
2005 1965 2196 2034 junior
2226 1966 2462 2020 videtur.
2495 1965 2588 2020 llle
2613 1977 2793 2021 autem
2838 1967 2892 2021 in
2921 1968 3288 2041 Apocalypsin
3319 1987 3415 2026 ca-

1830 2057 1942 2125 pite
2002 2057 2070 2110 lt)
2096 2097 2110 2121 ,
2155 2057 2222 2112 de
2274 2057 2422 2112 senis
2468 2058 2569 2112 alis
2605 2067 2842 2129 quatuor
2871 2059 3190 2114 animalium
3223 2076 3411 2131 agens,

1829 2147 2002 2202 ταῦτα
2029 2152 2057 2203 ὁ
2087 2151 2259 2221 μέγας
2284 2150 2415 2221 φησὶ
2443 2149 2738 2214 Διονύσιος,
2773 2150 2868 2204 καὶ
2902 2150 2970 2204 τὰ
2992 2149 3137 2223 ἑξῆς,
3177 2151 3288 2207 haec
3313 2157 3410 2219 ait,

1830 2251 2051 2313 magnus
2088 2243 2400 2313 Dionysius,
2437 2254 2542 2298 etc.
2574 2243 2638 2297 Et
2668 2243 2846 2313 capite
2883 2241 2970 2309 18,
3005 2243 3164 2299 docet
3205 2254 3412 2315 septem

1830 2338 2055 2407 angelos
2085 2354 2114 2392 a
2143 2340 2323 2408 primo
2352 2354 2544 2394 ansam
2572 2337 2910 2394 vaticinandi
2944 2339 3244 2410 accepisse,
3273 2341 3414 2396 κατὰ

1828 2429 1926 2499 τὴν
1975 2429 2053 2500 τῷ
2103 2429 2359 2502 μακαρίῳ
2406 2429 2666 2502 Διονυσίῳ
2709 2428 3072 2502 διωρισμένην
3117 2431 3421 2504 ἀγγελικὴν

1829 2521 2113 2588 εὐταξίαν,
2145 2530 2429 2576 secundum
2453 2521 2748 2592 angelicum
2781 2521 3019 2576 ordinem
3053 2541 3084 2577 a
3110 2524 3260 2578 beato
3282 2524 3413 2580 Dio-

1830 2615 1982 2684 nysio
2013 2613 2385 2669 distributum.
2420 2614 2486 2669 Et
2514 2631 2708 2671 rursus
2731 2617 2908 2684 capite
2934 2617 3036 2683 45,
3071 2617 3280 2686 phialas
3307 2621 3410 2674 ob-

1829 2721 2058 2760 servans
2087 2722 2119 2760 a
2144 2717 2384 2776 quatuor
2412 2707 2746 2762 animalibus
2770 2715 2976 2777 septem
3006 2710 3408 2779 angelisdatas,

1827 2797 2000 2869 δηλοῖ,
2032 2799 2227 2868 inquit,
2254 2799 2316 2851 τὸ
2347 2801 2412 2852 ὲκ
2440 2797 2549 2852 τῶν
2582 2799 2814 2871 πρώτων
2845 2800 2930 2852 ἀεὶ
2965 2802 3046 2864 είς
3081 2802 3147 2855 τὰ
3181 2801 3410 2874 δεύτερα

1827 2890 1924 2962 τὴν
1939 2890 2138 2960 γνῶσιν
2158 2891 2266 2945 τῶν
2285 2892 2572 2964 πρακτέων
2594 2895 2652 2946 ὲν
2672 2893 2922 2964 οὐρανοῖς
2939 2896 3407 2966 μετοχετεύεσθαι,

1829 2983 1970 3038 κατὰ
2000 2984 2090 3038 τὸν
2121 2985 2294 3055 μέγαν
2323 2984 2619 3051 Διονύσιον,
2641 2986 2908 3054 signiﬁcat
2944 2987 3268 3057 agendorum
3310 3007 3408 3043 no-

1829 3078 2004 3131 titiam
2035 3079 2088 3131 in
2113 3079 2258 3132 cazlis
2291 3096 2324 3132 a
2357 3079 2542 3148 primis
2570 3080 2641 3133 ad
2675 3080 2910 3133 secunda
2941 3080 3196 3146 derivari,
3221 3097 3408 3135 secun-

1827 3169 1956 3224 dum
1989 3187 2239 3240 magnum
2270 3170 2606 3240 Dionysium.
2655 3170 2781 3226 Haec
2809 3179 2992 3226 autem
3036 3172 3183 3226 clare
3221 3183 3407 3227 osten-

1830 3260 1970 3314 dunt
1991 3262 2294 3317 catholicos
2321 3263 2614 3317 nonnullos
2634 3303 2649 3329 ,
2689 3279 2800 3317 non
2850 3271 3062 3317 tantum
3090 3274 3215 3319 ante
3252 3282 3306 3320 a.
3341 3265 3404 3320 D.

1828 3355 1954 3422 630,
1992 3357 2086 3411 sed
2111 3365 2166 3410 et
2187 3372 2285 3426 per
2317 3366 2486 3410 totum
2518 3367 2732 3412 sextum
2765 3358 3028 3412 saeculum
3061 3359 3404 3430 Areopagiti-

1825 3462 1890 3501 ca
1914 3449 2094 3518 Inagni
2128 3451 2450 3506 testimasse.
2483 3448 2595 3504 lloc
2615 3458 2799 3505 autem
2826 3451 2980 3520 prius
3004 3451 3403 3519 demonstrato,

1825 3540 1998 3594 multo
2022 3539 2234 3594 facilius
2257 3541 2487 3596 alterum
2511 3542 2853 3612 probabitur,
2887 3543 3095 3598 scilicet
3123 3557 3400 3600 auctorem

1824 3632 2333 3704 Areopagiticorum
2364 3634 2456 3688 diu
2502 3644 2628 3688 ante
2663 3650 2868 3689 annum
2903 3634 3010 3690 5:0
3043 3651 3106 3690 ea
3138 3637 3398 3694 edidissw

1825 3720 1925 3777 Vix
1965 3723 2111 3776 enim
2155 3724 2414 3792 cuiquam
2462 3725 2722 3778 credibile
2772 3725 3077 3790 videbitur,
3129 3737 3208 3783 tot
3253 3730 3402 3784 viros

1821 3818 2068 3872 eruditos
2101 3818 2275 3886 prima
2304 3818 2427 3872 libri
2454 3828 2562 3872 tam
2597 3819 2847 3875 inusitati
2881 3823 3063 3890 specie
3103 3820 3275 3879 fuisse
3301 3827 3398 3879 de-

1821 3907 1992 3962 lusos.

1890 3999 2219 4055 Anastasius
2245 3999 2706 4056 Bibliothecarius
2743 4003 2796 4055 in
2835 4005 3064 4073 epistola
3110 4007 3177 4060 ad
3213 4023 3396 4078 regem

1819 4089 2076 4144 Carolnm
2109 4093 2176 4146 de
2216 4093 2616 4163 Areopagiticis
2646 4095 2795 4158 data,
2822 4096 2888 4151 de
2917 4098 3156 4152 editione
3193 4098 3398 4172 Diony-

1819 4184 1884 4236 sii
1917 4201 1944 4236 a
1978 4200 2036 4238 se
2061 4185 2405 4256 promulgata
2455 4188 2528 4241 ita
2574 4188 2820 4256 loquitur
2861 4207 2873 4241 :
2929 4185 3170 4257 Ipsorum
3221 4203 3396 4245 autent

1816 4277 2138 4329 sc/toliorunt
2174 4281 2281 4332 sive
2310 4280 2656 4347 parat/mean
2689 4297 3012 4351 quwcunque
3051 4283 3106 4334 in
3144 4283 3286 4336 calce
3311 4287 3396 4338 sui

1815 4365 2024 4433 signum
2055 4366 2274 4434 vivi/iere
2312 4371 2485 4420 crucis
2510 4369 2701 4422 habent
2734 4387 2766 4423 a
2793 4369 2858 4422 Β.
2911 4369 3152 4426 Maximo
3191 4377 3396 4443 confes-

1816 4471 1936 4508 sore
1959 4466 2008 4510 et
2036 4460 2285 4512 monac/to
2312 4462 2517 4514 inventa
2547 4478 2858 4516 narrantur.
2891 4462 3094 4517 thera
3126 4482 3242 4520 vero
3265 4484 3388 4519 san-

122 4567 272 4602 nemo
320 4552 500 4603 dicere
544 4567 706 4605 ausus
751 4562 864 4616 est,
898 4565 1093 4622 praeter
1141 4556 1558 4624 Apollinarium,
1613 4556 1710 4610 llic
1743 4547 1787 4602 υ
1813 4547 2132 4602 ctiJoanuts
2164 4549 2586 4621 Scytltopolitani
2631 4555 2726 4621 (ita
2770 4565 2915 4609 recte
2951 4556 3144 4625 legitur
3181 4560 3234 4610 in
3288 4577 3391 4612 ins.

123 4651 303 4694 autem
335 4640 706 4711 Ephraemius
748 4645 1057 4711 patriarcha
1103 4646 1480 4701 Antiochenus
1529 4646 1708 4702 factus

122 4740 204 4786 est
232 4734 384 4788 circa
416 4733 562 4786 idem
596 4743 847 4803 tempus,
875 4751 986 4804 quo
1027 4735 1374 4792 Justinianus
1415 4739 1706 4808 imperium

123 4824 352 4892 adeptus
376 4833 486 4886 est,
518 4832 578 4876 ut
607 4834 836 4879 testatur
866 4825 1260 4896 TheOphanes,
1288 4829 1392 4882 hoc
1421 4838 1525 4896 est,
1551 4841 1705 4884 ante-

122 4929 282 4981 quam
315 4915 654 4986 Areopagita
688 4917 740 4970 in
766 4919 1022 4974 manibus
1067 4919 1488 4976 Severianorum
1537 4923 1708 4976 haere-

123 5005 354 5060 ticorum
385 5021 576 5061 coram
611 5007 843 5080 Hypatio
875 5012 1149 5080 apparuit,
1193 5013 1338 5067 circa
1377 5030 1425 5066 a.
1471 5013 1534 5065 ι).
1579 5015 1704 5079 526,

124 5109 174 5152 et
199 5100 430 5169 scripsit
455 5109 748 5169 antequam
781 5103 1022 5157 secundo
1046 5105 1347 5172 productus
1368 5113 1449 5158 est
1473 5107 1541 5158 ab
1569 5106 1707 5158 Ace-

127 5189 298 5256 phalis
328 5189 483 5243 circa
512 5205 565 5242 a.
596 5189 736 5256 560;
769 5208 893 5245 nam
923 5193 1039 5261 ipse
1063 5191 1425 5262 Ephraeznius
1452 5207 1578 5249 ante
1607 5212 1702 5248 an-

128 5292 249 5331 num
274 5280 387 5334 343
426 5287 681 5334 mortuus
711 5289 817 5336 est.
856 5279 1014 5338 Unde
1047 5285 1159 5340 duo
1198 5285 1382 5339 Dallaai
1407 5285 1562 5340 eﬂ‘ata
1593 5295 1707 5341 sta-

128 5370 216 5423 tim
250 5372 581 5436 c0nciduut,
611 5388 803 5430 omnes
823 5418 838 5441 ,
871 5377 1083 5431 scilicet
1123 5378 1367 5446 ejusdem
1398 5380 1495 5432 aevi
1521 5380 1707 5434 catho-

129 5462 286 5531 licos,
329 5468 480 5521 idem
519 5483 645 5522 cum
697 5466 929 5540 Hypatio
976 5470 1252 5541 Ephesino
1287 5473 1704 5544 archiepiscopo

130 5559 382 5622 sensisse,
421 5568 477 5614 et
516 5561 585 5614 ad
615 5576 821 5616 annum
863 5563 1082 5617 Domini
1106 5565 1234 5631 555,
1261 5575 1314 5620 et
1337 5567 1476 5620 ultra
1509 5567 1699 5632 etiam,

130 5651 392 5706 mansisse
424 5650 570 5720 apud
600 5652 902 5708 catholicos
931 5669 1114 5709 veram
1160 5655 1373 5727 llypatii
1413 5657 1480 5711 de
1507 5657 1698 5713 allictis

132 5731 380 5810 Dionysio
413 5741 570 5796 libris
599 5742 954 5796 sententiam.
986 5742 1088 5796 Cui
1122 5743 1229 5798 hoc
1259 5746 1422 5799 etiam
1454 5761 1561 5800 non
1591 5748 1698 5800 im-

133 5831 315 5885 merito
345 5831 470 5885 addi
500 5841 701 5901 potest,
733 5834 879 5903 quod
914 5836 1059 5890 illius
1085 5838 1250 5892 etiam
1297 5839 1478 5892 steculi
1528 5839 1696 5895 fuisse

449 5929 728 5990 PATROL.
786 5930 904 5988 Gn.
949 5931 1018 5988 Υ.

1814 4641 2136 4709 Oxoniensi,
2183 4660 2290 4698 non
2341 4645 2727 4716 Sycopolttani,
2782 4660 2840 4702 ut
2893 4651 2982 4702 alii
3017 4663 3272 4720 corrupte
3326 4655 3394 4706 le-

1813 4731 1968 4800 gunt)
2002 4733 2260 4787 antistitis
2299 4752 2410 4788 esse
2464 4737 2728 4805 feruntur.
2775 4737 3015 4794 Joannes
3062 4741 3225 4809 igitur
3255 4741 3390 4812 Scy-

1813 4823 2185 4893 thopolitanus
2221 4828 2428 4882 scholia
2469 4829 2522 4882 in
2553 4831 2724 4884 libros
2751 4833 2997 4902 Dionysii
3043 4834 3284 4901 scripsit,
3323 4837 3391 4888 de

1812 4932 1923 4986 quo
1955 4917 2072 4973 haec
2124 4919 2288 4973 habet
2338 4918 2685 4989 Soplironius
2729 4920 3257 4992 llierosolymitanus
3295 4941 3388 4993 pa-

1812 5009 2071 5075 triarcha,
2099 5012 2240 5080 apud
2271 5011 2526 5068 Photium
2561 5015 2747 5069 codice
2771 5016 2870 5069 251
2912 5034 2924 5069 :
2973 5016 3224 5087 Ἰωάννης
3269 5019 3298 5070 ὁ
3331 5034 3387 5069 εν

1811 5105 1986 5174 ἁγίοις
2026 5107 2354 5172 Ἐπίσκοπος
2387 5109 2868 5175 Σκυθοπόλεως,ὃς
2901 5113 2993 5165 καὶ
3028 5111 3169 5184 ὑπὲρ
3197 5113 3294 5183 τῆς
3327 5117 3384 5166 ἐν

1809 5201 2110 5272 Καλχηδόνι
2145 5205 2362 5258 συνόδου
2399 5205 2577 5274 σοφῶς
2624 5222 2684 5256 τε
2725 5206 2818 5259 καὶ
2850 5207 3153 5276 θεοφρόνως
3185 5205 3352 5258 ἐσπού
3373 5238 3390 5245 -

1807 5291 1958 5355 δασε,
1997 5291 2056 5348 S.
2098 5293 2328 5349 Joannes
2377 5293 2841 5364 Scythopolitanus
2884 5299 3104 5351 antistes
3149 5297 3238 5366 qui
3298 5312 3381 5347 δαί

1806 5384 2010 5451 pienter
2052 5393 2104 5438 et
2153 5385 2236 5452 pie
2281 5401 2374 5453 pro
2423 5386 2623 5454 synodo
2682 5384 3094 5444 Cltalcedonensi
3146 5389 3383 5456 scripsit.

1808 5475 2010 5528 Contra
2050 5476 2197 5530 hunc
2237 5476 2456 5544 scripsit
2497 5475 2732 5532 Basilius
2771 5477 2932 5532 Cilix.
2995 5474 3106 5530 Ἦν
3137 5477 3195 5532 δὲ
3226 5473 3382 5540 οἶτος

1803 5567 1833 5619 ὁ
1864 5566 2140 5630 Βασίλειος
2173 5566 2558 5638 πρεσϐύτερος,
2593 5567 2668 5631 ὼς
2700 5569 2863 5633 αὐτός
2929 5586 3080 5640 φησι,
3112 5571 3211 5642 τῆς
3261 5573 3380 5626 κατ’

1818 5656 2145 5729 Ἀντιόχειαν
2203 5657 2546 5728 Ἐκκλησίας,
2595 5660 3071 5732 ἀρχιερατεύοντος
3127 5664 3224 5734 μὲν
3271 5665 3380 5718 τῶν

1801 5750 1979 5802 ἐκεῖσε
2025 5737 2374 5813 Φλαϐιανοῢ,
2404 5751 2687 5821 Ῥωμαίων
2734 5752 2790 5805 δὲ
2836 5753 3183 5808 Ἀναστασίου
3234 5758 3382 5827 βασι-

1802 5840 2092 5904 λεύοντος
2159 5841 2283 5896 Fuit
2331 5853 2501 5897 autem
2543 5844 2626 5896 hic
2691 5845 2925 5900 Basilius
2979 5849 3263 5917 presbyter,
3317 5862 3370 5902 ut

3039 5946 3074 5966 p—

3051 5965 3068 6000 ι
