3834 6206
438 335 547 392 nos

1498 333 1555 389 S.
1605 332 1954 391 IGNATIUS.
1996 366 2058 375 -
2094 333 2630 392 PROLEGOMENA.

3632 340 3732 394 ΞΜ

439 475 552 528 ipse
590 457 690 525 ait,
721 459 1061 514 Antiocheam
1091 457 1370 524 Ecclesiae,
1404 475 1506 528 quo
1537 468 1768 529 tempore
1807 457 2032 512 Flavia-
2065 468 2111 522 Λ
2143 459 2570 513 Alexandrinum
2610 460 2893 514 rhetorem.
2928 469 2984 511 ut
3043 459 3360 512 Anastasius
3399 468 3451 513 et
3503 457 3732 514 Chonin-

440 569 541 605 nus
567 552 638 604 ibi
665 565 780 605 erat
803 551 1112 621 patriarcha
1143 562 1193 604 et
1223 551 1546 604 Anastasius
1589 549 1768 604 Roma:
1802 551 2033 620 impera-

441 656 547 711 tor,
607 655 665 699 ut
706 644 876 700 refert
904 641 1140 698 Photius
1183 643 1376 697 codice
1411 641 1533 714 l07.
1576 640 1810 711 Scripsit
1850 643 2036 712 itaque

436 734 677 791 Basilius
731 736 822 790 ille
881 737 1148 791 adversus
1195 733 1464 788 Joannem
1520 732 2030 806 Seytltopolitanum

439 834 568 880 ante
593 842 796 880 annum
829 826 1042 896 imperii
1086 824 1439 879 Anastasiani
1469 825 1561 892 21,
1602 841 1712 896 quo
1739 841 1886 880 anno
1909 826 2032 881 Fla-

435 916 636 971 vianus
675 916 928 970 exsilium
979 931 1177 987 passus
1209 923 1313 977 est,
1367 924 1504 971 teste
1537 915 1892 987 Theophane.
1933 915 2030 971 Vel

438 1009 608 1077 igitur
661 1018 787 1062 ante
836 1016 1053 1064 sextum
1106 1008 1392 1076 saeculum,
1445 1009 1528 1063 vel
1564 1025 1632 1063 eo
1657 1010 1769 1079 jam
1805 1010 2029 1064 ineunte

437 1100 660 1170 scripsit
686 1098 929 1156 Joannes
957 1099 1463 1171 Scythopolitanus.
1500 1099 1606 1167 Qui
1637 1109 1822 1155 autem
1858 1102 2026 1156 scho.

432 1190 510 1247 lia
544 1193 598 1246 in
640 1202 920 1248 auctorem
965 1193 1235 1260 scribunt,
1293 1208 1421 1248 eum
1467 1209 1566 1264 pro
1621 1193 1788 1248 veteri
1843 1193 2027 1262 aliquo

432 1286 676 1350 habent,
705 1287 799 1342 diu
832 1288 1018 1358 itaque
1049 1295 1177 1342 ante
1200 1295 1417 1342 sextum
1446 1287 1708 1342 saeculum
1738 1287 1860 1342 libri
1894 1286 2024 1341 Dio-

432 1378 580 1451 nysii
611 1378 742 1434 editi
766 1387 918 1433 sunt.

504 1471 778 1528 Maximus
805 1468 974 1526 etiam
1007 1471 1214 1526 indicat
1240 1472 1426 1541 plures
1447 1481 1574 1526 ante
1613 1487 1671 1527 se
1712 1470 1766 1526 in
1819 1469 2023 1543 Diony-

430 1565 578 1622 sium
611 1564 1041 1622 commentarios
1067 1564 1380 1635 scripsisse,
1432 1580 1498 1620 ac
1541 1566 1710 1620 variis
1755 1565 2023 1634 interpre-

426 1658 733 1735 tationibus
764 1657 1108 1725 illustrasse;
1137 1666 1198 1712 ut
1220 1658 1289 1712 ad
1324 1668 1492 1729 caput
1517 1659 1868 1714 undecimum
1898 1657 2022 1714 libri

427 1751 509 1805 De
539 1749 749 1805 Divinis
800 1750 1106 1804 nominibus
1143 1765 1162 1803 :
1217 1750 1384 1822 Ὅλην
1417 1752 1646 1822 ἑνότητα
1679 1754 1728 1805 οἱ
1766 1753 1864 1824 μὲν
1898 1750 2020 1804 ἔλα-

420 1841 524 1895 6ον
555 1841 653 1912 τὴν
688 1840 863 1914 ἁπλῆν
898 1840 989 1894 καὶ
1023 1840 1210 1912 ἀμερῆ
1260 1842 1368 1895 τῶν
1419 1842 1591 1896 ὄντων
1633 1843 1834 1907 αίτίαν,
1886 1842 2024 1914 πρὸς

426 1933 509 2004 ἢν
543 1932 612 1988 τὰ
645 1935 824 1988 πάντα
865 1935 1247 2006 ἀπέστραπται
1292 1935 1369 1998 ὡς
1401 1937 1460 1988 ὲν
1506 1935 1644 2007 αὐτῇ
1694 1935 2023 2006 συνιστάμε-

419 2043 515 2081 να·
568 2029 618 2081 oi
668 2029 746 2093 δὲ,
790 2027 888 2100 τὴν
933 2029 1027 2083 τοῦ
1070 2030 1271 2094 παντὸς
1305 2030 1570 2102 ἁρμονίαν
1612 2029 1672 2095 ἐξ
1716 2029 2023 2103 ἑτεροφυῶν

425 2119 537 2173 τῶν
571 2120 858 2191 στοιχείων
893 2122 1372 2194 συγκεκραμένην.
1405 2120 1506 2176 Per
1545 2129 1716 2177 totam
1755 2123 2022 2178 unitatem

419 2213 528 2266 alii
572 2213 788 2282 quidem
832 2214 1210 2268 intellexerunt
1253 2214 1550 2284 simplicem
1597 2224 1647 2268 et
1686 2215 2022 2270 individuam

424 2327 603 2365 rerum
631 2327 869 2377 causam,
907 2312 976 2364 ad
1007 2328 1170 2381 quam
1214 2311 1395 2365 omnia
1438 2326 1690 2364 conversa
1743 2320 1889 2375 sunt,
1936 2323 2023 2367 ut-

422 2413 543 2474 pote
582 2405 639 2458 in
671 2405 789 2474 ipsa
824 2406 1206 2470 consistentia;
1257 2405 1355 2459 alii
1391 2420 1511 2460 vero
1539 2404 1874 2459 harmoniam
1902 2407 2022 2462 uni-

419 2497 559 2551 versi
591 2511 656 2549 ea:
678 2496 948 2551 elementis
980 2497 1204 2553 diversa:
1236 2506 1448 2552 natura:
1479 2497 1833 2551 commistam.
1868 2497 1934 2552 Et
1963 2499 2019 2553 in

425 2589 562 2657 ipsis
597 2587 821 2644 Maximi
864 2590 1284 2658 commentariis
1329 2590 1560 2646 diversae
1603 2604 1746 2660 saepe
1803 2592 2021 2662 exposi-

422 2683 603 2737 tiones
641 2691 791 2747 sunt,
824 2698 855 2737 a
891 2681 1124 2739 diversis
1165 2683 1287 2738 sine
1329 2683 1499 2738 dubio
1543 2681 1858 2738 scholiastis
1905 2684 2021 2753 pri-

426 2790 577 2848 mum
609 2773 902 2844 profectae;
939 2776 1083 2830 inter
1131 2775 1232 2830 hos
1259 2783 1441 2830 autem
1469 2777 1653 2830 varios
1688 2776 2018 2834 scholiastas

424 2881 596 2920 unum
627 2867 898 2936 prteeipue
927 2866 1155 2922 honoris
1171 2882 1342 2922 causa
1367 2867 1637 2935 nominat,
1659 2869 1778 2924 sine
1797 2876 2021 2924 contro-

422 2957 600 3013 versia
625 2967 926 3025 vetustum,
958 2959 1026 3014 ad
1077 2967 1240 3029 caput
1280 2942 1536 3029 quintum
1577 2959 1818 3015 Caelestis
1883 2962 2024 3016 hier-

421 3050 620 3106 a‘rchia:
655 3066 672 3103 .'
715 3051 773 3104 Ὀ
828 3050 958 3120 γοῦν
1006 3052 1178 3121 μέγας
1210 3053 1505 3116 Διονύσιος,
1537 3053 1565 3104 ὁ
1611 3052 2018 3128 Ἀλεξανδρείας

434 3147 782 3213 Ἐπίσκοπος,
807 3149 854 3200 νὸ
904 3149 1012 3217 ἀπὸ
1059 3149 1326 3221 ρητόρων,
1380 3152 1438 3203 ὲν
1483 3151 1597 3214 τοῖς
1644 3148 1876 3220 σχολίοις
1935 3143 2018 3212 οἷς
2043 3177 2088 3234 C

419 3242 722 3313 πεποίηκεν
775 3241 856 3304 είς
902 3241 995 3294 τὸν
1051 3241 1319 3314 μακάριον
1352 3242 1624 3296 Διονύσιον
1657 3241 1746 3296 τὸν
1781 3240 2018 3296 συνώνυ-

424 3353 545 3407 μον,
581 3334 726 3389 οὕτω
757 3334 931 3402 λέγει.
968 3334 1197 3404 Magnus
1234 3336 1401 3406 igitur
1435 3335 1748 3406 Dionysius,
1779 3333 2017 3390 Alexané

420 3429 558 3483 drite
587 3428 884 3497 episcopus,
907 3443 935 3482 e
969 3427 1291 3496 rhetoribus,
1321 3429 1376 3482 in
1405 3427 1623 3483 scholiis
1651 3445 1769 3493 quae
1806 3429 1864 3481 in
1893 3429 2018 3482 bea-

423 3529 535 3572 tum
571 3519 887 3590 Dionysium
921 3519 1023 3573 sibi
1069 3522 1428 3590 cognominem
1469 3522 1616 3591 fecit,
1660 3522 1737 3575 ita
1770 3521 1922 3575 dicit.
1951 3519 2017 3575 Et

417 3605 664 3669 Ioannes
703 3612 1137 3684 Cyparissiotus,
1187 3612 1391 3669 decade
1423 3614 1476 3677 1,
1502 3630 1624 3684 cap.
1654 3615 1708 3680 1,
1737 3629 1865 3669 eum
1892 3629 2017 3668 seu—

417 3707 650 3763 tentiam
700 3705 1089 3777 Dionysianam
1155 3722 1220 3762 ex
1271 3707 1506 3773 epistola
1568 3707 1635 3762 ad
1692 3706 1875 3761 Titum
1921 3707 2015 3762 ad-

419 3799 694 3863 duxisset,
729 3797 884 3853 addit
917 3815 931 3851 :
966 3796 1084 3852 Hoc
1126 3798 1333 3852 dictum
1383 3797 1443 3853 S.
1483 3798 1777 3866 Maximus,
1802 3809 1850 3852 et
1884 3798 2017 3853 Dio-

420 3893 606 3962 nysius
639 3891 1036 3947 Alexandrinus
1061 3893 1408 3948 adnotarunt.
1441 3893 1507 3948 Et
1541 3910 1666 3949 cum
1701 3895 1864 3949 aliam
1891 3911 2017 3949 sen-

415 3986 648 4041 tentiam
682 4001 749 4041 ex
787 3986 976 4041 eadem
1008 3987 1264 4056 epistola,
1293 3987 1500 4042 decade
1525 3987 1580 4052 2,
1609 4002 1730 4058 esp.
1757 3987 1813 4054 2,
1850 3987 2017 4044 citas-

421 4087 553 4133 set:
587 4077 736 4132 Alter
767 4094 910 4143 vero,
961 4079 1176 4148 inquit,
1229 4078 1514 4149 Dionysius
1566 4079 1678 4134 haec
1727 4079 2014 4135 edisserens

415 4166 522 4230 ait,
553 4181 640 4219 eos
664 4165 756 4236 qui
791 4174 1032 4235 apertam
1066 4166 1385 4237 theologiam
1419 4176 1469 4221 et
1502 4167 1630 4221 velis
1684 4168 1885 4221 nudam
1919 4185 2018 4222 au-

419 4257 675 4321 dierunt;
717 4267 867 4326 typos
915 4257 1237 4326 cogitatione
1269 4275 1371 4313 sua
1410 4259 1667 4327 formare,
1705 4260 1795 4328 qui
1829 4259 1900 4312 ad
1933 4261 2016 4314 in-

422 4350 772 4420 telligentiam
804 4349 1075 4404 auditores
1112 4351 1383 4420 adjuvent.
1426 4349 1583 4407 Unde
1624 4352 1759 4408 satis
1803 4359 2014 4408 certum

419 4451 525 4508 est,
560 4441 882 4512 DionysiUm
904 4442 1336 4497 Alexandrinum
1360 4443 1414 4496 in
1439 4442 1821 4515 Areopagitam
1854 4445 2015 4500 scho-

419 4535 494 4590 lia
538 4535 853 4605 scripsisse,
913 4549 1025 4589 non
1078 4535 1136 4589 in
1191 4535 1607 4591 Corinthiorum
1669 4537 2012 4608 episcopum,

2189 4527 2506 4598 'eopagitam
2566 4526 2798 4595 dictum,
2851 4527 3142 4598 scripsisse
3191 4547 3205 4583 :

417 4625 566 4696 quod
595 4634 702 4679 tam
732 4623 946 4679 inﬁcete
975 4634 1377 4679 commentatus
1403 4623 1833 4680 cstHalloixius.
1855 4624 2014 4678 Hunc

417 4719 642 4788 quidem
695 4716 1058 4787 Dionysium,
1117 4732 1280 4786 quem
1344 4717 1412 4770 ὲκ
1465 4717 1709 4789 ρητόρων
1759 4717 2015 4788 indigitat

416 4809 714 4875 Maximus,
755 4811 902 4863 haud
930 4808 1096 4864 credo
1129 4806 1304 4863 fuisse
1345 4808 1778 4862 Alexandrinum
1803 4808 2015 4876 cpisco-

416 4917 571 4973 pum,
611 4902 744 4972 quia
776 4903 830 4955 in
858 4901 1007 4956 illius
1035 4901 1184 4956 sedis
1214 4901 1603 4971 episcoporum
1640 4900 1885 4957 indiculo
1913 4913 2014 4954 ne-

415 4996 624 5051 minem
657 5004 786 5049 ante
809 4993 1108 5049 Maximum
1141 4993 1357 5063 reperio
1388 4995 1495 5050 isto
1519 4994 1744 5048 nomine
1779 4991 2014 5062 insigni-

414 5096 559 5153 tum,
600 5093 799 5156 preter
849 5100 1021 5140 unum
1075 5085 1229 5139 illum
1268 5085 1414 5140 tertii
1442 5086 1649 5153 saeculi,
1675 5100 1838 5156 quem
1873 5083 2016 5153 opti-

415 5195 570 5235 mum
599 5187 876 5234 oratorem
902 5177 1122 5249 quidem
1156 5177 1330 5234 fuisse
1351 5194 1612 5250 agnoseo,
1641 5181 1736 5235 sed
1763 5179 1819 5233 in
1849 5179 2016 5232 Areo-

414 5271 679 5344 pagitica,
733 5285 856 5340 qua:
910 5279 1045 5324 tunc
1090 5271 1354 5341 temporis
1411 5280 1628 5327 exstare
1677 5287 1788 5327 non
1820 5280 2015 5341 potue-

418 5372 572 5428 runt,
606 5365 815 5420 scholia
841 5365 1133 5434 scripsisse
1163 5380 1273 5419 non
1297 5374 1452 5435 puto.
1478 5364 1589 5420 Nec
1616 5374 1800 5422 tamen
1825 5365 2013 5421 Dalleei

366 5505 375 5540 ἱ
418 5455 582 5511 solita
621 5456 846 5511 libertas
886 5456 978 5511 hic
1032 5457 1231 5526 placet,
1286 5459 1378 5528 qui
1420 5457 1720 5514 Maximum
1758 5460 2013 5514 volentem

409 5545 694 5617 deceptum
723 5563 845 5604 esse
864 5547 1180 5614 dicit,icceco
1209 5551 1377 5604 animi
1409 5553 1495 5605 sui
1530 5551 1707 5606 studio
1738 5552 2014 5622 obsequen-

419 5649 566 5704 tem;
622 5641 716 5711 qui
768 5641 1059 5694 versutiam
1107 5642 1229 5712 ejus
1273 5650 1458 5712 notat;
1516 5644 1611 5713 qui
1664 5645 2012 5698 vetustiorum

418 5741 643 5786 mentem
693 5743 982 5802 pervertere
1027 5749 1154 5788 eum
1203 5735 1437 5802 asserit;
1484 5736 1579 5804 qui
1612 5752 1714 5806 quo
1745 5739 2012 5792 somnium

413 5841 571 5880 suum
619 5825 743 5882 aliis
779 5825 1136 5896 persuaderet,
1192 5843 1293 5883 non
1343 5827 1656 5897 simpliciter
1693 5827 2004 5899 Dionysium

2140 561 2238 616 tes,
2284 553 2397 617 sed,
2440 567 2700 621 magnum
2738 550 3061 622 Dionysium
3113 551 3265 604 illum
3294 549 3647 605 Alexandria:
3672 568 3732 608 ex

2140 642 2457 698 rhetoribus
2484 644 2802 712 episcopum
2825 643 3029 696 dixisse
3061 658 3186 695 eum
3213 642 3349 696 vult.
3386 639 3485 697 His
3518 641 3732 712 probris

2137 740 2303 801 atque
2351 733 2632 798 convitiis,
2677 743 2735 786 ut
2789 733 2950 798 solet,
3010 731 3422 787 sanctissimum
3478 731 3732 787 doctissi-

2133 839 2397 894 mumque
2424 823 2720 878 Maximum
2756 826 2977 888 lacerat,
3021 821 3321 878 Maximum
3359 825 3541 888 illiilli,
3575 841 3731 894 quem

2132 915 2190 968 in
2215 933 2407 986 magna
2437 917 2602 985 fuisse
2641 919 2782 986 apud
2811 918 3102 973 catholicos
3151 918 3469 973 eruditionis
3512 927 3565 971 et
3615 933 3734 970 san-

2131 1008 2340 1061 ctitatis
2364 1009 2612 1078 opinione
2636 1009 2751 1078 ipse
2777 1007 3068 1066 confessus
3106 1021 3190 1065 est
3221 1029 3236 1063 :
3274 1010 3473 1081 Ἐχρῆν
3512 1004 3612 1064 οὖν
3644 1009 3730 1062 εὐ-

2128 1098 2311 1163 λαϐῶς
2344 1104 2456 1164 τοῖς
2490 1101 2598 1154 τῶν
2633 1102 2890 1173 πατέρων
2923 1103 3110 1167 πόνοις
3146 1104 3457 1177 προσέχειν·
3497 1103 3636 1157 ἀλλὰ
3659 1105 3730 1175 μὴ

2128 1191 2265 1262 πρὸς
2296 1191 2549 1264 διαϐολὴν
2589 1193 2709 1246 ἀντὶ
2754 1194 2848 1247 τοῦ
2883 1195 3248 1266 εὐγνωμονεῖν
3283 1196 3536 1267 ἑτοίμους
3570 1192 3728 1251 εἶναι.

2132 1281 2351 1352 Oportet
2387 1292 2564 1337 autem
2609 1283 2837 1338 Patrum
2888 1286 3162 1341 laboribus
3213 1299 3505 1343 reverenter
3555 1298 3727 1342 atten‘

2129 1375 2274 1439 dere,
2313 1391 2475 1446 neque
2504 1377 2574 1429 ad
2612 1377 3053 1433 calumniandum
3083 1382 3284 1451 potius,
3314 1398 3475 1449 quam
3503 1382 3575 1435 ad
3607 1381 3730 1436 bene

2126 1465 2191 1519 de
2213 1465 2323 1519 illis
2353 1467 2682 1520 sentiendum
2726 1479 2997 1540 promptos
3021 1488 3156 1538 esse,
3191 1481 3252 1526 ut
3282 1473 3560 1542 sapienter
3593 1472 3730 1527 dixit

2126 1554 2390 1627 Eulogius
2452 1558 2766 1626 patriarcha
2818 1558 3248 1618 Alexandrinus.
3284 1562 3355 1617 At
3399 1572 3550 1618 certe
3583 1563 3728 1619 (Ibo--

2127 1649 2331 1705 niatem
2367 1663 2679 1720 pervertere
2719 1651 2993 1711 Maximus
3017 1672 3127 1712 non
3161 1656 3360 1726 potuit,
3389 1657 3484 1727 qui
3513 1667 3596 1713 tot
3621 1674 3727 1714 sa:-

2125 1743 2268 1798 culis
2297 1753 2424 1814 post
2456 1744 2636 1814 ipsum
2667 1746 2824 1813 vixit,
2857 1757 2912 1803 et
2940 1749 3304 1804 vetustiorum
3339 1751 3504 1806 verba
3547 1762 3727 1806 muts-

2055 1817 2099 1874 Β
2129 1835 2223 1890 vit.
2247 1835 2614 1891 Anastasium
2640 1839 2994 1895 vetustiorem
3025 1841 3146 1911 ipso
3173 1859 3281 1897 non
3313 1845 3599 1914 pervertit,
3632 1845 3725 1901 sed

2127 1928 2250 1998 ejus
2273 1929 2437 1983 verba
2478 1929 2709 1986 ﬁdeliter
2749 1933 3020 1989 recitavit.
3055 1932 3174 2004 Ipse
3209 1937 3354 1990 enim
3398 1937 3726 1993 Anastasius

2127 2018 2451 2091 Dionysium
2491 2021 2644 2076 illum
2676 2038 2787 2078 non
2819 2025 3137 2095 simpliciter
3182 2026 3502 2098 Dionysium
3549 2032 3724 2086 rheto-

2126 2127 2240 2165 rem
2265 2104 2713 2183 Alexandrinum,
2754 2129 2814 2172 ut
2839 2117 2974 2174 falso
3003 2119 3163 2175 docet
3196 2119 3454 2188 Dallaeus,
3488 2123 3588 2177 sed
3613 2140 3727 2175 ma-

2125 2220 2284 2274 gnum
2314 2203 2631 2275 Dionysium
2660 2209 3084 2265 Alexandrinum
3104 2229 3169 2266 ea:
3191 2213 3488 2268 rhetoribus
3519 2217 3724 2284 episco—

2122 2310 2249 2364 pum
2282 2297 2608 2366 appellavit.
2653 2299 2828 2355 Verba
2866 2303 2988 2373 ejus
3027 2313 3159 2358 sunt
3186 2304 3240 2359 in
3270 2319 3438 2375 opere
3468 2309 3614 2375 quod
3645 2309 3726 2360 in-

2123 2387 2384 2444 scribitur
2467 2391 2730 2466 Ὀδηγόςο
2768 2393 2824 2447 '0
2839 2393 2969 2462 γοῦν
2994 2397 3474 2466 μέγαςΔιονύσιος,
3497 2399 3724 2466 61155,-

2123 2479 2374 2554 ανδρείας
2420 2483 2782 2551 Ἐπίσκοπος,
2820 2487 2848 2539 ό
2891 2487 3000 2540 ἀπὸ
3035 2477 3300 2561 ῥητόρων,
3338 2494 3396 2544 ἐν
3443 2493 3559 2554 τοῖς
3599 2508 3728 2562 σχο-

2122 2569 2258 2635 λίοις
2308 2567 2389 2638 οἷς
2447 2575 2750 2648 πεποίηκεν
2805 2580 2886 2642 είς
2937 2577 3028 2632 τὸν
3075 2580 3344 2652 μακάριον
3407 2581 3726 2653 συνώνυμον

2123 2663 2288 2718 αὐτοῦ
2322 2665 2620 2734 Διονύσιον,
2656 2668 2799 2722 οὕτω
2835 2668 3003 2739 λέγει.
3053 2669 3181 2726 Haec
3212 2671 3529 2728 ﬁdelissime
3572 2682 3725 2727 trau-

2123 2755 2347 2824 scripsit
2392 2755 2688 2824 Maximus,
2736 2775 2805 2815 ne
2847 2761 3077 2818 verbulo
3117 2763 3338 2833 quidem
3382 2763 3593 2830 addito,
3633 2775 3721 2817 aut

2121 2848 2391 2920 detracto,
2419 2861 2516 2907 aut
2549 2854 2877 2923 immutato;
2906 2864 2966 2911 ut
2986 2871 3054 2911 ex
3077 2865 3312 2927 utroque
3339 2857 3462 2910 loco
3497 2872 3530 2909 a
3563 2857 3722 2911 nobis

2121 2945 2357 3003 ﬁdeliter
2386 2964 2453 3003 ex
2493 2949 2629 3020 ipsis
2665 2952 2988 3007 auctoribus
3025 2953 3326 3023 descripto,
3367 2954 3584 3024 liquido
3633 2970 3721 3022 ap.

2092 3049 2296 3108 'paret.
2331 3038 2488 3097 Unde
2518 3043 2686 3097 simul
2719 3051 2775 3098 et
2811 3042 3085 3101 Maximus
3115 3062 3146 3101 a
3189 3046 3486 3101 calumniis
3535 3045 3718 3101 Dallaei

2122 3129 2409 3200 liberatur,
2440 3142 2494 3188 et
2532 3133 2826 3208 Dionysius
2853 3137 3181 3193 scholiastes
3209 3139 3719 3209 Areopagitieorum

2121 3225 2385 3282 adversus
2413 3226 2672 3282 Halloixii
2709 3229 3055 3300 conjecturas
3091 3232 3420 3286 ostenditur.
3463 3230 3523 3285 Si
3547 3233 3718 3297 enim,

2120 3321 2300 3392 inquit
2332 3323 2444 3388 ille,
2479 3323 2854 3394 Areopagitam
2879 3324 3252 3391 intellexisset,
3285 3326 3485 3394 potius,
3521 3336 3580 3380 ut
3620 3325 3719 3395 fert

2119 3418 2440 3488 scriptorum
2468 3419 2817 3484 consuetudo,
2855 3420 2933 3473 sic
2981 3420 3191 3474 locutus
3234 3421 3442 3489 fuisset,
3475 3419 3532 3474 in
3574 3422 3721 3476 notis

2119 3524 2258 3578 quas
2317 3510 2543 3580 scripsit
2591 3510 2647 3564 in
2688 3510 2838 3564 hunc
2880 3510 3063 3581 ipsum
3109 3509 3464 3581 Dionysium;
3532 3512 3720 3582 agebat

2117 3602 2258 3654 enim
2286 3610 2398 3655 tum
2427 3601 2491 3655 de
2528 3601 2784 3672 Dionysio
2815 3601 3161 3672 Areopagita.
3194 3601 3265 3654 At
3299 3599 3576 3656 Maximus
3612 3619 3718 3656 non

2119 3694 2235 3748 suis
2286 3693 2470 3749 verbis
2518 3694 2784 3764 loquitur,
2857 3694 2952 3750 sed
3009 3693 3290 3748 alienis-et
3321 3709 3390 3747 ex
3419 3693 3719 3749 Anastasio

2119 3786 2465 3856 transeriptis
2501 3787 2850 3858 (Anastasius
2873 3795 3054 3842 autem
3076 3786 3144 3840 de
3173 3785 3439 3857 Dionysio
3468 3785 3720 3856 Areopa—

2119 3879 2231 3950 gita
2282 3893 2395 3934 non
2445 3878 2683 3952 agebat),
2728 3878 2967 3950 ideoque
3000 3877 3244 3934 Joannes
3276 3879 3719 3950 Cyparissiotus,

2118 3971 2238 4028 dec.
2267 3971 2322 4037 8,
2361 3986 2484 4042 cap.
2519 3969 2608 4039 10,
2654 3971 2997 4042 AreOpagitae
3033 3970 3221 4026 locum
3257 3970 3457 4036 citans,
3496 3971 3590 4026 ubi
3621 3987 3721 4026 vo-

2119 4079 2237 4118 cem
2280 4065 2576 4136 ἀγέννητος
2620 4072 2870 4134 usurpat,
2918 4062 3166 4131 Maximi,
3206 4071 3268 4117 ut
3294 4063 3454 4128 solet,
3486 4078 3717 4133 exposi-

2120 4158 2325 4212 tionem
2357 4158 2701 4226 transcribit,
2735 4157 2828 4214 illa
2877 4172 3008 4213 vero
3052 4155 3301 4227 Dionysii
3353 4155 3720 4212 Alexandrini

2120 4266 2231 4304 non
2259 4265 2326 4305 ex
2367 4249 2629 4318 Maximo,
2663 4251 2757 4306 sed
2792 4265 2860 4306 ex
2897 4250 3060 4305 beato
3099 4249 3395 4304 Anastasio
3426 4249 3604 4305 aﬂ‘ert.
3649 4250 3722 4305 Et

2118 4341 2446 4396 Anastasius
2477 4341 2642 4412 igitur
2671 4350 2726 4397 et
2753 4341 3028 4398 Maximus
3060 4350 3356 4409 testantur,
3387 4342 3722 4414 Dionysium

2119 4434 2416 4503 quemdam
2468 4435 2747 4491 rhetorem
2787 4435 3000 4490 scholia
3043 4435 3098 4489 in
3148 4435 3494 4507 Dionysium,
3549 4435 3722 4507 vulgo

3254 4528 3418 4583 verba
3461 4529 3721 4598 ejusdem

2118 4623 2384 4677 nonnulla
2415 4639 2481 4676 ex
2511 4637 2578 4677 eo
2608 4623 2780 4678 citant
2812 4622 2940 4692 ipsi,
2979 4623 3140 4693 plura
3178 4621 3421 4678 Joannes
3445 4622 3720 4695 Cyparis-

2119 4713 2324 4781 siotus;
2370 4713 2445 4768 illi
2471 4715 2636 4770 etiam
2665 4714 2829 4770 ambo
2866 4730 2994 4769 eum
3027 4716 3346 4786 episcopum
3378 4716 3720 4772 Alexandri-

2119 4823 2251 4861 num
2283 4817 2483 4862 vocant
2517 4826 2530 4862 :
2560 4807 2677 4877 qui,
2704 4807 2960 4878 quamvis
2997 4808 3199 4864 nobilis
3225 4809 3315 4864 ille
3343 4809 3490 4864 tertii
3521 4811 3719 4866 saeculi

2119 4899 2412 4969 episcopus
2437 4913 2562 4954 esse
2585 4913 2696 4954 non
2726 4898 2925 4970 potuit,
2951 4895 3058 4952 fuit
3085 4906 3268 4954 tamen
3297 4899 3432 4955 satis
3459 4908 3722 4956 vetustus

2118 5001 2333 5059 auctor,
2397 5001 2450 5046 et
2492 4991 2880 5061 antiquitatem
2928 4989 3173 5062 Dionysii
3227 4991 3414 5062 hujus,
3447 4992 3502 5046 in
3541 5008 3719 5065 quem

2120 5084 2333 5139 scholia
2371 5093 2631 5153 tauquam
2660 5084 2716 5138 in
2753 5092 2995 5139 veterem
3019 5093 3302 5139 auctorem
3339 5085 3582 5154 scripsit,
3615 5101 3718 5142 sa-

2119 5177 2190 5232 tis
2226 5177 2586 5232 demonstrat.

2189 5268 2459 5325 Praeterea
2492 5268 2691 5324 Suidas
2729 5268 2786 5323 in
2813 5268 3165 5326 collectaneis
3204 5284 3274 5324 ex
3309 5268 3480 5324 veteri
3524 5269 3720 5340 aliquo

2117 5364 2384 5434 scriptore
2410 5364 2527 5417 haec
2553 5361 2717 5417 tradit
2766 5379 2782 5416 :
2840 5362 3038 5416 ’ἰστέον
3086 5361 3143 5416 δὲ
3174 5360 3252 5427 ὥς
3283 5379 3430 5427 τινες
3463 5362 3574 5416 τῶν
3605 5364 3720 5430 ἔξω

2117 5458 2316 5529 σοφῶν,
2353 5457 2446 5510 καὶ
2484 5455 2720 5527 μάλιστα
2768 5455 3031 5528 Πρόκλος,
3077 5455 3398 5528 θεωρήμασι
3451 5457 3716 5522 πολλάκις

2113 5549 2207 5602 τοῦ
2263 5546 2536 5620 μαγαρίου
2587 5547 2866 5613 Διονυσίου
2915 5547 3204 5618 κέχρηται,
3241 5547 3592 5612 ἰκαὶν-αὑταῖς
3655 5549 3715 5604 δὲ

2114 5638 2304 5713 ξηραῖς
2340 5642 2462 5704 ταῖς
2515 5638 2693 5703 λέξεσι
2755 5656 2770 5692 :
2821 5635 3109 5692 Sciendum
3159 5648 3336 5692 autem
3383 5637 3599 5709 aliquos
3646 5658 3713 5696 e1

2112 5733 2388 5803 gentilium
2409 5730 2756 5801 sapientibus,
2783 5747 2846 5784 ac
2869 5731 3166 5799 prtcsertim
3191 5729 3448 5785 Proclum
3479 5723 3550 5787 Β,
3581 5730 3706 5786 Dio-

2113 5828 2250 5899 nysii
2289 5825 2716 5903 theorematibus_
2748 5841 2927 5897 usum,
2960 5833 3118 5895 atque
3158 5825 3289 5880 adeo
3339 5826 3503 5881 etiam
3552 5828 3710 5880 nterii
