3864 6204
151 389 263 444 Ξυδ

915 395 963 452 I.
1008 392 1374 450 PEARSONII
1414 389 1741 450 WNDICIE
1786 389 2205 451 IGNATIANAS.
2248 427 2318 438 --
2356 396 2541 452 PARS
2576 398 2615 451 1.

3339 402 3448 459 τοο

148 517 282 583 ipsis
338 515 687 569 dictionibus.
745 513 878 581 Quae
922 515 1086 570 verba
1134 516 1302 569 etiam
1354 515 1409 568 in
1470 513 1753 568 Protemiis
1787 525 1831 580 Α
1857 533 1978 570 rus.
2027 515 2125 570 Est
2165 525 2346 571 autem
2387 519 2542 590 σορός
2572 519 2708 574 nihil
2737 519 2882 574 aliud
2921 536 3085 590 quam
3119 523 3322 576 loculus
3368 519 3459 578 vel

151 609 379 662 Maximi
419 619 475 664 et
517 607 738 678 Georgii
786 606 1139 678 Pachymeraz
1183 607 1559 662 inveniuntur.
1601 605 1754 661 Scri-

148 701 260 770 psit
302 711 492 776 autem
538 698 771 753 Proclus
817 699 921 753 sub
957 697 1144 752 Leone
1167 697 1404 760 Thrace,
1450 700 1597 752 circa
1641 713 1758 752 me-

147 791 301 843 dium
331 791 511 858 quinti
535 790 743 844 sseeuli.
775 788 854 842 Eo
884 789 1052 858 igitur
1079 789 1361 858 antiquior
1389 788 1495 843 fuit
1518 788 1761 843 Pseudo-

147 883 476 954 Diouysius.
511 883 577 938 Et
610 881 851 936 Joannes
881 881 1134 937 Mor-inus
1164 883 1241 936 De
1265 884 1434 936 sacris
1458 883 1759 937 ordinatio-

146 973 306 1025 nibus
347 989 365 1025 :
401 971 608 1027 Saltem
630 976 815 1044 igitur,
841 975 1040 1046 inquit,
1069 976 1330 1029 librorum
1363 978 1586 1029 istorum
1624 977 1758 1030 scri-

144 1065 257 1132 ptio
289 1065 450 1117 initio
487 1067 661 1134 quinti
711 1066 919 1132 stt‘culi,
962 1078 1011 1121 et
1049 1079 1170 1121 ante
1203 1068 1419 1122 concilii
1466 1067 1760 1123 Chalcedo-

145 1159 328 1211 nensis
353 1158 760 1214 celebrationem
788 1161 1112 1230 assignanda
1141 1173 1217 1215 cst
1238 1179 1256 1224 ;
1283 1178 1373 1215 uec
1397 1161 1511 1214 ulla
1552 1164 1758 1215 ratione

145 1249 421 1316 probabili
476 1253 545 1303 ad
588 1253 814 1320 inferius
858 1269 1026 1307 avum
1087 1254 1288 1308 devolvi
1339 1265 1528 1324 potest.
1588 1254 1658 1310 Ut
1705 1265 1759 1308 et

145 1340 398 1397 Joannes
435 1342 719 1400 Launoius
766 1365 781 1398 :
838 1344 905 1399 Ut
956 1363 1050 1415 ego
1100 1346 1279 1400 dicam
1333 1349 1560 1403 breviter
1617 1352 1756 1419 quod

145 1438 344 1498 sentio,
393 1455 427 1490 a
480 1448 710 1506 tempore
761 1437 1042 1506 Ephesium
1091 1442 1283 1509 synodi
1327 1443 1516 1511 prima:
1563 1446 1758 1500 vixisse

146 1531 282 1582 mihi
306 1530 539 1584 videtur.
571 1529 680 1586 Nec
706 1533 776 1586 ab
807 1533 894 1590 his
928 1532 1181 1588 dissentit
1212 1533 1442 1590 Vossius
1476 1533 1619 1593 Hist.
1649 1537 1756 1592 Pe-

143 1621 404 1693 lagianos,
439 1623 481 1676 ι.
511 1639 608 1689 vn,
641 1624 781 1678 thesi
807 1625 839 1678 4
866 1643 880 1678 :
912 1624 1202 1695 Dionysius
1231 1639 1575 1696 cognomento
1599 1630 1761 1685 Areo-

152 1715 378 1784 pagita,
409 1731 565 1784 quem
608 1725 666 1768 ut
704 1716 918 1769 credam
962 1715 1240 1771 Theodosii
1273 1716 1518 1773 Iunioris
1556 1729 1758 1789 tempo-

148 1804 304 1860 ribus
343 1808 562 1872 vixisse,
593 1807 969 1862 verisimilibus
1002 1809 1240 1864 adducor
1269 1811 1606 1880 conjecturis.
1639 1812 1758 1868 Huc

151 1914 340 1968 usque
370 1908 622 1954 veterum
652 1900 1012 1966 testimoniis,
1048 1911 1101 1956 et
1132 1901 1586 1959 doctissimorum
1613 1906 1760 1958 viro-
1793 1884 1832 1938 Β

147 2008 275 2046 rum
325 1991 608 2062 suffragiis
660 1992 731 2047 ad
783 1992 1004 2048 initium
1050 1995 1228 2064 quinti
1277 1997 1464 2051 saeculi
1509 1999 1756 2067 provecti

150 2103 375 2154 sumus,
401 2104 517 2159 quo
549 2091 614 2144 ad
645 2099 907 2158 quartum
932 2089 1044 2160 jam
1073 2090 1293 2148 facilius
1321 2093 1405 2148 via
1436 2095 1720 2149 sternitur.

215 2179 461 2236 Michael
494 2180 690 2253 Glycas
731 2182 787 2236 in
836 2181 1079 2238 Historia
1109 2198 1518 2242 commemorat
1546 2202 1610 2242 ea
1637 2206 1760 2259 qua:

145 2266 291 2322 facta
323 2279 460 2324 sunt
488 2271 558 2325 ab
588 2273 850 2341 apostolis
880 2274 934 2328 in
979 2276 1389 2333 obdormitione
1426 2279 1486 2333 8.
1527 2279 1758 2351 virginis

144 2360 359 2426 Mariae,
385 2378 455 2417 ex
500 2362 766 2436 Dionysio
809 2367 914 2420 hoc
954 2369 1228 2438 praecipue
1285 2382 1452 2441 atque
1497 2370 1761 2428 Iuvenale

147 2453 658 2526 Hierosolymitano
681 2460 1020 2526 patriarcha.
1047 2459 1389 2532 Nicephorus
1425 2475 1608 2519 autem
1639 2464 1761 2519 Cal-

148 2548 315 2602 listus
378 2549 518 2604 illud
573 2550 641 2605 de
683 2549 950 2606 Iuvenale
997 2555 1164 2609 latius
1208 2557 1561 2625 persequitur
1589 2557 1625 2610 1.
1666 2574 1755 2622 xv,

149 2657 199 2694 e.
237 2641 328 2694 Η.
367 2640 541 2698 Docet
577 2641 924 2699 Pulcheriam
972 2647 1277 2718 Augustam
1311 2648 1487 2714 illum,
1532 2667 1656 2705 cum
1691 2651 1756 2706 ad

147 2735 543 2790 celebrandam
577 2738 849 2808 synodum
893 2737 1294 2796 Chalcedonem
1338 2743 1599 2809 venisset,
1635 2759 1760 2814 per-

149 2837 438 2882 contatam
472 2843 614 2893 esse,
641 2844 711 2883 an
743 2827 802 2882 S.
836 2828 1082 2901 Virginis
1106 2847 1310 2902 corpus
1335 2834 1478 2903 apud
1509 2830 1760 2888 Palazsti-

146 2937 257 2975 nos
303 2921 690 2975 inveniretur?
731 2919 1037 2992 Respondit
1071 2924 1161 2978 ille
1194 2933 1311 2978 tum
1344 2940 1408 2979 ex
1441 2926 1756 2990 traditione,

147 3021 269 3064 una
309 3026 378 3065 ex
406 3009 692 3082 Dionysio,
724 3014 855 3082 quid
895 3013 962 3068 de
1011 3014 1293 3085 sepultura
1325 3014 1568 3086 Virginis
1595 3033 1762 3072 nove-

149 3103 248 3155 rit.
279 3100 416 3157 Erat
439 3102 609 3171 igitur
647 3103 896 3175 Dionysii
922 3105 1060 3160 liber
1103 3105 1182 3159 De
1226 3106 1419 3161 divinis
1460 3108 1758 3162 nominibus

1865 607 2033 672 theca,
2071 615 2125 660 et
2156 609 2463 679 σοροπηγὸς
2495 625 2606 663 non
2654 619 2741 664 est
2785 609 3038 682 λατόμος,
3077 614 3171 682 qui
3202 615 3454 682 sepulcra

1861 695 2175 752 Iudzeorum
2218 700 2326 752 ritu
2361 715 2428 753 ex
2466 700 2636 768 petris
2668 700 2891 767 excidit,
2925 701 3018 756 sed
3065 704 3164 772 qui
3195 705 3330 759 tales
3360 721 3454 757 ar-

1861 792 2015 847 culas
2053 791 2352 861 compingit
2395 801 2450 846 et
2485 793 2724 848 coniicit.
2778 791 2950 848 Vetus
2991 794 3332 851 Glossarium
3365 799 3456 851 Σο-

1868 885 1984 956 ρός,
2025 900 2152 937 arca
2194 884 2450 953 funebris.
2489 883 2669 940 Julius
2699 885 2888 941 Pollux
2921 887 3013 941 lib.
3052 903 3153 954 vn,
3182 904 3300 958 cap.
3336 891 3406 945 55
3437 909 3450 945 :

1862 979 2171 1048 Σοροποιός,
2227 978 2552 1049 σοροπηγός,
2607 981 2958 1051 σοροπήγιον,
3005 981 3182 1052 σορός·
3238 983 3455 1038 καλοῖτο

1859 1068 1903 1119 δ’
1938 1067 2004 1120 ἂν
2039 1067 2178 1137 αὕτη
2212 1068 2305 1120 καὶ
2339 1067 2556 1131 πύελος,
2591 1069 2684 1122 καὶ
2720 1070 2970 1134 κιϐωτὸς,
3007 1071 3100 1124 καὶ
3133 1072 3310 1142 ληνός.
3346 1074 3455 1128 Ar-

1863 1173 1983 1212 cam
2033 1159 2198 1228 igitur
2246 1157 2557 1225 funebrem,
2601 1169 2656 1214 et
2698 1159 2900 1216 fascias
2931 1173 3026 1217 aut
3059 1174 3241 1220 vestes
3273 1168 3455 1235 sepul-

1869 1251 2045 1305 crales
2073 1250 2606 1320 Constantinopolim
2633 1250 3028 1325 Hierosolymis
3054 1255 3204 1310 misit
3229 1259 3456 1326 patriar-

1863 1342 1964 1396 cha
1997 1341 2298 1407 Iuvenalis,
2343 1356 2632 1412 postquam
2677 1343 2979 1401 Pulcher-ite
3023 1355 3138 1400 tum
3171 1363 3238 1402 ex
3279 1349 3455 1402 tradi-

1863 1436 2032 1500 tione,
2063 1443 2177 1488 tum
2209 1450 2275 1488 ex
2317 1436 2636 1489 testimonio
2673 1436 2921 1508 Dionysii
2951 1454 3045 1492 eas
3075 1440 3142 1493 ad
3175 1437 3234 1493 S.
3272 1438 3453 1509 Virgi~

1860 1541 1986 1579 nem
2021 1527 2354 1595 pertinuisse
2379 1527 2768 1596 persuasisset.
2799 1527 2926 1584 Haec
2953 1528 3122 1598 igitur
3154 1545 3280 1584 cum
3315 1531 3455 1585 nihil

1861 1619 2097 1672 valitura
2141 1619 2475 1688 perspiceret
2529 1619 2782 1686 Dallaaus,
2833 1623 3117 1692 respondit
3165 1624 3454 1678 secundo;

1864 1709 2168 1765 Historicos
2218 1711 2388 1766 solere
2415 1713 2653 1767 homines
2695 1731 2758 1768 ea
2789 1715 3022 1769 dicentes
3053 1716 3322 1782 inducere,
3350 1733 3456 1770 non

1862 1821 1980 1874 qua:
2004 1820 2118 1858 vere
2144 1821 2207 1858 ac
2238 1813 2381 1858 certo
2407 1806 2684 1872 dixerunt,
2727 1807 2817 1860 sed
2853 1824 2972 1876 qua:
2999 1808 3119 1861 illos
3145 1810 3249 1878 ipsi
3281 1811 3456 1863 dicere

1861 1898 2096 1967 potuisse
2136 1907 2350 1967 putant.
2395 1896 2528 1964 Quae
2556 1899 2776 1967 quidem
2807 1901 3097 1970 responsio
3126 1903 3174 1957 si
3204 1901 3258 1955 in
3289 1903 3456 1958 rebus

1863 1989 2180 2059 hujusmodi
2214 1991 2558 2048 admittatur.
2597 1992 2808 2046 tollitur
2838 1991 3018 2047 omnis
3048 1991 3161 2048 fere
3193 1993 3332 2048 ratio
3358 2009 3455 2050 ve-

1863 2092 2042 2137 terum
2077 2084 2392 2138 testimonia
2434 2085 2784 2140 admittendi.
2816 2085 3045 2150 Quoties
3079 2086 3226 2140 enim
3262 2096 3457 2141 auctor

1863 2173 2063 2242 aliquis
2088 2173 2414 2242 scriptorem
2443 2175 2613 2230 alium
2650 2175 2862 2229 inducit
2885 2175 3112 2230 alterius
3143 2175 3347 2244 scripta
3377 2176 3458 2230 ci-

1863 2273 2092 2328 tautem,
2126 2265 2275 2318 nulla
2317 2266 2366 2318 ei
2416 2266 2553 2321 satis
2597 2276 2746 2321 certa
2777 2267 2912 2321 lides
2943 2267 3196 2322 adhiberi
3220 2267 3455 2336 poterit;

1863 2357 1991 2425 quia
2015 2372 2124 2410 non
2162 2358 2211 2410 id
2237 2373 2362 2411 eum
2401 2374 2529 2414 vere
2565 2359 2773 2414 dixisse
2802 2369 2900 2413 aut
2927 2359 3154 2426 citasse,
3196 2361 3290 2414 sed
3336 2371 3458 2415 tan-

1863 2447 2150 2501 tummodo
2180 2448 2230 2501 id
2258 2463 2324 2502 ex
2364 2449 2635 2503 sententia
2665 2447 2956 2504 referentis
2981 2465 3108 2505 eum
3151 2450 3334 2505 dicere
3362 2465 3461 2520 po-

1863 2541 2036 2593 tuisse
2059 2539 2239 2609 colligi
2278 2543 2472 2610 possit.
2515 2541 2738 2596 lntcrim
2785 2543 3136 2597 notissimum
3166 2553 3272 2608 est,
3307 2542 3462 2598 Nice-

1864 2633 2040 2700 plioro
2101 2634 2345 2688 solemne
2391 2651 2514 2690 esse
2565 2651 2671 2689 non
2731 2652 2831 2691 sua
2881 2637 3004 2691 aliis
3051 2636 3331 2708 alIingere,
3361 2639 3457 2693 sed

1864 2726 2042 2779 aliena
2078 2742 2176 2781 sua
2225 2725 2428 2794 facere,
2471 2740 2526 2782 et
2579 2745 2644 2783 ev
2673 2731 2950 2787 veteribus
2987 2731 3266 2788 historicis
3299 2749 3458 2789 suam

1867 2818 2164 2874 Historiam
2195 2822 2516 2891 compilare,
2555 2823 2774 2876 illorum
2815 2825 2980 2878 etiam
3025 2825 3209 2880 verbis
3242 2843 3331 2881 res
3367 2841 3462 2898 ge-

1865 2920 1978 2966 stas
2010 2913 2245 2977 traderc,
2280 2921 2338 2966 ut
2359 2929 2426 2966 ex
2457 2913 2528 2969 iis
2560 2914 2656 2984 qui
2693 2915 2874 2970 adhuc
2896 2925 3133 2983 exstant,
3157 2918 3304 2973 clare
3329 2934 3458 2988 per-

1866 3005 2124 3074 spicitur;
2157 3005 2302 3060 unde
2330 3021 2472 3076 saepe
2516 3007 2576 3061 lit
2616 3017 2675 3062 ut
2715 3018 2928 3063 veteres
2957 3010 3317 3067 ecclesiastici
3347 3011 3462 3068 his-

1868 3097 2026 3151 torici
2056 3112 2122 3151 ex
2149 3112 2214 3152 eo
2243 3099 2325 3150 vel
2351 3099 2716 3165 illustreutur,
2747 3100 2835 3154 vel
2866 3100 3030 3155 etiam
3062 3102 3457 3168 emendentur;

149 3195 292 3248 satis
319 3204 507 3259 ῃοιυε,
537 3193 684 3249 unde
725 3209 826 3248 sua
865 3194 1051 3250 hausit
1089 3193 1396 3252 Iuvenalis,
1440 3196 1758 3268 Respondet
1785 3234 1828 3291 Ο
1865 3188 2121 3260 idemque
2151 3191 2304 3245 illum
2332 3192 2385 3245 in
2405 3192 2526 3246 aliis
2550 3193 2646 3261 qui
2677 3193 2979 3263 perierunt,
3015 3193 3213 3249 fecisse
3232 3211 3460 3265 prorsus

149 3286 396 3341 uallatus
427 3287 654 3356 primo:
699 3286 869 3341 Verba
915 3305 980 3342 ex
1025 3289 1223 3342 nostris
1275 3289 1623 3360 Dionysianis
1671 3290 1757 3344 de-

145 3379 357 3447 scripta
391 3377 728 3448 Nicephorus
759 3379 969 3434 videtur
999 3381 1110 3451 ipse
1139 3383 1317 3451 potius
1367 3382 1429 3436 de
1471 3399 1567 3435 suo
1608 3383 1758 3452 adje-

145 3471 285 3525 cisse
320 3471 393 3523 ad
422 3468 700 3524 Iuvenalis
726 3473 1090 3527 narrationem
1120 3473 1564 3543 conﬁrmandam,
1595 3489 1758 3543 quam

144 3580 208 3616 ea
237 3561 502 3616 Juvenali
537 3562 806 3617 tribuisse.
853 3563 967 3618 lmo
1010 3580 1140 3619 vero
1190 3562 1534 3634 Nicephorus
1574 3573 1760 3634 aperte

145 3665 412 3721 testatur,
447 3652 773 3711 Iuvenalem
807 3656 988 3726 ipsum
1021 3658 1129 3713 hoc
1164 3657 1412 3730 Dionysii
1440 3658 1760 3714 testimonio

149 3767 322 3805 usum
369 3765 520 3816 esse,
574 3765 815 3821 eumque
871 3751 989 3806 haec
1038 3753 1297 3808 citantem
1347 3752 1578 3806 inducit.
1631 3748 1763 3806 Post

147 3844 299 3897 enim
335 3844 639 3897 verborum
671 3843 916 3914 Dionysii
939 3845 1322 3899 recitationem
1352 3846 1536 3899 statim
1568 3843 1756 3900 addit:

146 3935 345 3990 Ταῦτα
376 3933 741 4000 διεξελθόντος
787 3935 1164 4002 ’ῐουϐεναλεου,
1200 3939 1248 3989 οἱ
1300 3936 1629 4008 κρατοῦντες
1662 3935 1760 4006 τὴν

146 4027 316 4094 ἁγίαν
350 4027 572 4097 ἐκείνην
604 4028 813 4082 ὲδέοντο
845 4029 1086 4099 πέμπειν
1134 4029 1294 4101 σορὸν
1350 4029 1489 4100 μετὰ
1541 4029 1650 4082 τῶν
1686 4032 1761 4082 ἱε-

151 4119 264 4189 ρῶν
302 4119 534 4172 ἐκείνων
569 4120 808 4191 ἁμερίων.
849 4119 981 4175 Haec
1019 4138 1138 4174 cum
1191 4121 1466 4175 Iuvenalis
1513 4138 1761 4191 peroras-

150 4220 228 4264 set
257 4212 534 4281 principes
564 4228 682 4265 eum
711 4225 990 4282 rogarunt,
1021 4225 1078 4268 ut
1102 4225 1348 4267 sanctum
1376 4231 1496 4268 eum
1524 4214 1760 4268 loculum

152 4319 262 4357 una
292 4316 418 4357 cum
453 4305 624 4358 sacris
653 4305 883 4359 vestibus
909 4307 1157 4361 mitteret.
1196 4303 1328 4372 Qum
1353 4307 1574 4376 quidem
1596 4305 1760 4361 verba

151 4397 321 4464 paulo
351 4398 672 4451 accuratius
698 4398 1043 4452 observanda
1069 4406 1221 4466 sunt,
1247 4400 1395 4469 quod
1418 4399 1507 4454 hic
1533 4400 1761 4469 figmen-

157 4497 271 4540 tum
313 4486 593 4540 notaverit
651 4487 1009 4552 Albertinus,
1063 4489 1211 4558 quod
1267 4491 1432 4544 etiam
1487 4488 1760 4564 Baronius

1865 3282 2128 3336 credibile
2161 3294 2264 3347 est,
2297 3294 2351 3337 et
2378 3285 2519 3338 hanc
2545 3285 2722 3354 ipsam
2749 3286 3037 3340 historiam
3061 3304 3126 3340 ex
3172 3286 3462 3342 Theodoro

1865 3373 2070 3429 lectore
2085 3376 2466 3445 exseripsisse.
2493 3373 2620 3431 Haec
2637 3386 2820 3431 autem
2838 3378 2884 3432 si
2900 3394 3028 3432 vera
3053 3379 3184 3443 sint,
3203 3380 3332 3449 quis
3349 3398 3459 3436 non

1864 3469 2126 3522 concedet
2157 3467 2402 3540 Dionysii
2435 3470 2634 3538 scripta
2671 3479 2870 3539 quarto
2919 3472 3122 3526 saeculo
3146 3473 3464 3528 exstitisse?

1935 3559 2096 3615 Certe
2122 3559 2407 3626 Erasmus,
2434 3571 2582 3615 tonio
2605 3560 2665 3622 V,
2695 3561 2771 3614 De
2794 3563 3102 3631 compendio
3126 3566 3460 3633 perveniendi

1863 3653 1934 3705 ad
1961 3668 2138 3705 veram
2178 3653 2517 3723 theologiam,
2547 3663 2704 3723 putat
2752 3655 3073 3727 Dionysium
3108 3657 3256 3712 hunc
3287 3658 3463 3713 fuisse

1867 3743 1924 3798 S.
1956 3745 2264 3811 Augustino
2309 3747 2604 3802 seniorem.
2651 3746 2907 3814 Tametsi,
2943 3751 3141 3819 inquit,
3181 3751 3250 3805 D.
3283 3753 3460 3806 Aure-

1863 3837 1968 3891 lius
2001 3838 2328 3908 Augustinus
2384 3850 2632 3894 accnrate
2679 3841 2841 3894 simul
2884 3852 2933 3895 et
2982 3845 3191 3912 copiose
3227 3856 3463 3914 quatuor

1863 3927 2038 3989 libris.
2079 3931 2271 3999 quibus
2321 3932 2536 3984 titulum
2567 3933 2691 4002 fecit
2731 3932 2806 3987 De
2842 3935 3092 3990 doctrina
3123 3935 3459 4002 Christiana,

1863 4040 2018 4093 super
2047 4024 2142 4076 hoc
2170 4026 2552 4094 propemodum
2589 4039 2902 4097 argumento
2951 4029 3188 4084 disserit.
3230 4030 3298 4085 Et
3339 4043 3462 4086 ante

1863 4114 2022 4179 hunc,
2050 4117 2257 4184 opinor,
2287 4116 2573 4186 Dionysius
2615 4121 2836 4189 quidam
2887 4123 2941 4174 in
2988 4139 3142 4192 opere
3191 4125 3332 4195 quod
3373 4125 3458 4178 in-

1864 4205 2078 4271 scripsit
2111 4203 2186 4259 De
2207 4207 2410 4262 divinis
2435 4210 2786 4277 nominibus;
2824 4229 3008 4266 rursus
3040 4215 3094 4267 in
3152 4215 3330 4268 libello
3373 4218 3462 4270 cui

1866 4295 2084 4348 titulum
2127 4297 2252 4366 fecit
2279 4299 2353 4352 De
2378 4301 2611 4371 mystica
2639 4303 2936 4374 theologia.
2973 4305 3058 4359 An
3101 4307 3336 4374 Dallgeus
3367 4324 3462 4362 no-

1864 4389 2006 4442 verit
2039 4389 2182 4444 hanc
2218 4391 2390 4446 fuisse
2417 4392 2631 4447 Erasmi
2659 4398 3013 4464 sententiam,
3047 4400 3238 4454 nescio
3282 4419 3294 4453 :
3337 4417 3462 4457 eam

1865 4490 2012 4534 certe
2043 4481 2324 4538 levissima
2356 4485 2671 4556 conjectura
2700 4487 2901 4543 ductus
2941 4501 3242 4568 oppugnat,
3282 4493 3463 4562 capite

153 4577 450 4634 coiifcssus
477 4586 596 4644 est;
632 4579 729 4648 qui
772 4579 1030 4636 observat
1065 4583 1365 4651 sepulcrum
1395 4582 1492 4637 Dei
1523 4583 1754 4637 Genitri-

1864 4569 1955 4623 22.
1988 4571 2126 4626 Cum
2179 4574 2323 4629 enim
2379 4584 2434 4630 et
2468 4575 2763 4648 Dionysius
2819 4587 2875 4634 et
2912 4579 2972 4634 S.
3018 4579 3360 4651 Augustinus
3392 4584 3463 4639 de

153 4672 231 4724 cis
256 4671 315 4724 in
337 4678 496 4739 petra
535 4671 773 4724 excisum
812 4688 946 4739 esse,
983 4683 1032 4727 et
1085 4674 1260 4730 instar
1303 4675 1532 4744 sepulcri
1579 4675 1761 4729 Domi-

153 4765 265 4817 uici
295 4762 470 4816 nativi
492 4761 692 4832 lapidis
722 4764 1044 4820 cohorrentia
1071 4767 1186 4820 loco
1217 4767 1567 4820 imntobiliter
1593 4768 1760 4823 inlue-

157 4873 292 4910 rere.
328 4854 490 4911 Unde
529 4857 788 4925 miratur,
817 4860 1081 4928 quomodo
1123 4859 1258 4914 illud
1309 4860 1760 4928 Constantinopo-

158 4948 236 5002 lin
282 4949 491 5001 dicitur
534 4948 699 5017 fuisse
755 4951 1104 5005 translatum.
1157 4951 1397 5020 Indeque
1443 4951 1760 5007 Albertinus

159 5045 297 5098 mire
324 5043 681 5113 triumphans
708 5045 785 5098 ait
824 5063 836 5097 :
867 5044 1044 5116 Eque
1071 5062 1199 5100 sane
1243 5062 1444 5110 verum,
1496 5047 1760 5100 narratio-

158 5150 278 5186 nem
300 5151 474 5202 supra
510 5145 856 5188 memoratam
891 5133 1171 5190 Iuvenalis
1201 5153 1332 5202 esse,
1359 5153 1421 5189 ac
1455 5153 1634 5190 verum
1657 5145 1756 5203 est,

160 5227 465 5295 sepulcrum
490 5223 727 5297 Virginis
755 5227 820 5279 ab
846 5227 942 5280 illo
967 5225 1482 5297 Constantinopolim
1513 5227 1755 5281 missum.

161 5317 294 5371 Cum
324 5315 517 5387 potius
544 5317 1094 5372 animadvertendum
1123 5328 1288 5384 esset,
1326 5317 1625 5372 Bai-ouium
1659 5332 1758 5372 sua

162 5423 228 5462 ex
279 5407 487 5463 Latino
537 5404 852 5477 Nicephoro
909 5409 1234 5479 sumpsisse,
1285 5418 1340 5464 et
1388 5409 1456 5463 de
1515 5407 1757 5477 sepulcro

163 5499 707 5570 Constantinopolim
752 5501 924 5555 misso
952 5500 1079 5556 inde
1108 5502 1450 5567 somniasse;
1480 5499 1758 5570 Nicepho-

163 5605 280 5644 rum
335 5600 526 5646 autem
585 5591 962 5647 tantummodo
1007 5591 1107 5665 τὴν
1161 5592 1342 5664 σορὸν,
1377 5601 1433 5646 et
1473 5592 1542 5646 τὰ
1575 5591 1756 5663 suam

167 5681 290 5739 illuc
337 5685 672 5740 transmissa
731 5700 1101 5753 memorasse;
1150 5689 1328 5757 ἄμφια
1375 5695 1559 5740 autem
1589 5685 1754 5740 etiam

169 5774 392 5846 ἐντάφια.
428 5778 720 5850 σπάργανα
754 5778 1074 5849 sepulcrales
1105 5780 1305 5848 fascias
1330 5779 1586 5848 appellat.
1622 5776 1754 5831 Solo

173 5877 346 5926 autem
371 5871 596 5928 nomine
621 5871 720 5942 τῆς
756 5871 916 5944 σοροῦ
953 5873 1009 5928 in
1052 5874 1157 5929 hac
1192 5887 1253 5928 re
1287 5871 1458 5928 utitur
1487 5870 1754 5943 Nicepho-

1864 4665 2280 4734 susceptoribus
2329 4668 2537 4737 pariter
2591 4670 2856 4740 egissent,
2906 4680 2962 4726 et
2995 4672 3060 4726 ad
3090 4673 3460 4743 objectiouem

1863 4755 1932 4811 de
1957 4758 2136 4814 verbis
2170 4775 2270 4828 pro
2311 4760 2521 4816 infante
2563 4761 2620 4816 in
2661 4763 2938 4833 baptismo
2971 4764 3200 4834 prolatis
3228 4782 3457 4837 respon-

1863 4845 2114 4903 dissent:
2145 4849 2268 4904 Non
2299 4852 2586 4916 immerito,
2637 4854 2819 4924 inquit
2854 4854 3109 4922 Dallatus,
3156 4858 3292 4911 hunc
3335 4875 3458 4912 sus-
3522 4851 3526 4857 ’

1861 4941 2012 5009 picor
2062 4942 2382 5013 Augustino,
2422 4962 2649 5016 quocum
2682 4963 2818 5000 unus
2872 4948 2980 5001 ista
3021 4957 3238 5016 tractat,
3287 4950 3460 5002 haud-

1862 5051 2130 5105 quaquam
2163 5038 2502 5092 vetustiorem
2541 5039 2728 5108 fuisse.
2775 5039 2895 5093 lmo
2925 5055 3052 5094 vere
3081 5042 3240 5110 plane
3269 5043 3459 5094 imme-

1863 5119 1969 5178 rilo
2023 5137 2212 5183 exorta
2256 5139 2343 5184 est
2389 5131 2505 5185 haec
2538 5130 2805 5201 suspicio.
2839 5131 3032 5198 Qualis
3054 5133 3202 5187 enim
3229 5133 3346 5187 haec
3377 5148 3460 5188 ra-

1864 5218 2146 5275 tiocinatio
2191 5221 2306 5276 est?
2355 5219 2649 5293 Dionysius
2700 5232 2755 5277 et
2781 5223 3140 5294 Augustinus
3190 5224 3470 5282 vetustior

1862 5329 1988 5370 esse
2019 5331 2128 5369 nou
2158 5323 2357 5385 potest.
2401 5316 2560 5370 Certe
2601 5315 2648 5372 si
2693 5317 2811 5373 haec
2853 5319 2998 5373 ratio
3040 5319 3218 5373 valeat
3263 5330 3472 5376 contra

1862 5406 2176 5472 Erasmum,
2239 5408 2440 5462 valebit
2488 5410 2652 5463 etiam
2702 5421 2896 5466 contra
2953 5409 3216 5465 Dallaaum
3268 5431 3281 5466 :
3334 5429 3471 5484 ergo

1861 5500 2204 5570 Augustinus
2261 5497 2526 5572 Dionysio
2581 5504 2852 5558 vetustior
2912 5519 3036 5559 esse
3089 5519 3200 5558 non
3253 5515 3466 5580 potest.

1861 5592 2002 5648 Eum
2034 5595 2205 5652 .enim
2249 5591 2487 5649 Dallazus
2542 5597 2737 5650 statuit
2787 5605 2900 5651 toto
2945 5597 3145 5652 saeculo
3193 5595 3471 5668 Dionysio

1860 5685 2240 5742 vetustiorem.
2278 5684 2498 5742 Valeret
2526 5687 2748 5758 quidem
2779 5689 3009 5759 aliquid,
3049 5689 3095 5744 si
3141 5675 3459 5759 praxislﬂc-

1861 5782 2062 5845 clcsiae,
2097 5779 2164 5834 de
2194 5797 2301 5850 qua
2346 5781 2415 5836 ab
2455 5793 2690 5853 utroque
2735 5783 3074 5852 disputatum
3106 5793 3209 5850 est,
3253 5782 3311 5835 S.
3343 5781 3461 5860 Auo.

1863 5871 2082 5942 gustino
2104 5872 2385 5944 antiquior
2421 5887 2532 5928 non
2574 5873 2804 5940 fuisset;
2843 5873 2937 5930 sed
2969 5889 3179 5929 morem
3212 5887 3338 5928 eum
3361 5871 3464 5944 diu,
