3834 6206
418 303 530 356 207

1426 298 1489 352 ’8.
1533 293 1879 354 IGNATIUS.
1920 327 1980 336 -—-
2027 293 2561 350 PROLEGOMENA.

3591 293 3692 347 908

425 432 554 476 ante
589 421 829 492 viguisse
862 427 1071 475 certum
1112 429 1216 483 est,
1261 419 1423 488 idque
1452 417 1767 474 Bonifacius
1793 419 1846 471 in
1886 417 2002 485 ipsa
2035 421 2078 476 Α
2106 415 2417 480 leuciensis,
2469 412 2802 484 Hieronymo
2861 413 3210 483 synchronus
3235 453 3251 478 ,
3306 411 3558 467 oratione
3605 412 3690 475 '59,

425 513 515 565 illa
543 511 838 583 Augustini
873 508 1105 581 epistola
1137 510 1228 575 25,
1263 511 1351 564 his
1388 510 1566 564 verbis
1613 510 1758 564 clare
1796 508 2004 578 signiﬁ-

424 615 513 659 cat
543 624 556 658 :
591 604 672 658 Ad
709 605 842 660 istas
875 620 996 675 ergo
1040 604 1350 673 quaestiones
1392 612 1507 672 peto
1534 603 1757 656 breviter
1785 617 2001 670 respon-

423 697 548 750 dere
571 696 826 766 digneris,
859 698 937 750 ita
970 705 1026 748 ut
1067 712 1167 749 non
1199 695 1330 748 mihi
1353 695 1417 748 de
1455 695 1829 749 consuetudine
1859 711 1999 762 prte-

423 788 650 850 scribas,
681 787 770 840 sed
809 788 1069 840 rationem
1096 786 1308 840 reddas.
1345 786 1482 840 Cum
1523 786 1689 858 igitur
1711 795 1868 840 aetate
1895 786 2003 840 Au-

413 877 633 946 gustini
701 887 855 932 vetns
915 877 1083 932 fuerit
1129 877 1653 943 haec-consuetudo,
1698 878 1875 947 potuit
1917 879 2001 932 vel

424 966 740 1040 Dionysius,
775 969 859 1022 vel
896 968 1077 1038 quivis
1108 969 1271 1034 alius,
1309 968 1618 1038 Augustino
1653 969 1826 1024 multo
1856 969 2001 1023 anti-

422 1061 604 1130 quior,
643 1061 708 1114 de
733 1061 920 1115 eadem
952 1077 1009 1115 re
1044 1061 1334 1116 disserere.
1367 1059 1641 1116 Hactenus
1667 1061 1830 1130 igitur
1854 1072 2000 1117 sarta

418 1162 561 1206 tecta
591 1162 671 1206 est
696 1151 907 1206 Erasmi
933 1153 1218 1207 sententia.

493 1244 606 1314 Ego
648 1260 776 1298 vero
816 1260 923 1298 non
964 1254 1176 1300 tantum
1220 1255 1346 1300 ante
1381 1246 1770 1316 Augustinum,
1807 1249 1900 1303 sed
1946 1256 2000 1304 et

418 1344 545 1390 ante
578 1333 967 1406 Hieronymum
1017 1338 1307 1407 scripsisse
1346 1336 1667 1410 Dionysium
1715 1347 1848 1410 puto
1885 1358 1897 1393 :
1946 1351 2002 1396 et

416 1427 609 1481 eodem
641 1425 1000 1482 fundamento
1029 1437 1157 1483 utor
1205 1444 1306 1498 pro
1346 1430 1674 1500 antiquitate
1715 1430 1857 1499 ejus,
1890 1446 1999 1502 quo

415 1518 651 1573 Dallaeus
686 1533 787 1588 pro
823 1519 1067 1574 novitate
1093 1519 1523 1575 demonstranda
1576 1507 1767 1588 utitur,
1803 1537 2000 1592 nempe

413 1610 598 1664 verbis
624 1607 828 1664 Petavii
857 1628 872 1664 :
905 1609 1122 1664 Primus
1148 1610 1435 1681 Dionysius
1473 1629 1656 1667 novem
1686 1613 1997 1684 angelorum

411 1704 628 1758 ordines
651 1714 702 1758 et
731 1703 928 1774 gradus
968 1704 1224 1759 distincte
1263 1721 1324 1758 ac
1376 1705 1592 1775 deﬁnite
1633 1708 1843 1774 posuit;
1892 1717 1948 1764 et
1980 1729 1994 1764 :

417 1794 543 1849 Non
567 1808 757 1850 temere
795 1796 937 1865 apud
973 1797 1328 1866 antiquiorem
1362 1797 1592 1868 aliquem
1638 1799 1728 1870 (de
1780 1801 1998 1857 saeculis

411 1887 768 1958 qumrendum
799 1889 905 1959 est)
949 1890 1290 1942 novenarium
1338 1888 1476 1942 hunc
1517 1889 1764 1944 ordinum
1811 1907 1997 1946 uume-

410 1996 534 2033 rum
562 1980 822 2046 invenias,
855 1996 974 2033 cum
998 1980 1231 2033 nondum
1269 1990 1541 2035 exstarent
1566 1982 1768 2051 scripta
1800 1981 2000 2054 Diony-

403 2074 504 2138 sii,
543 2089 575 2125 a
604 2089 706 2142 quo
731 2073 963 2142 primum
987 2071 1080 2127 ille
1106 2072 1352 2142 proditus
1381 2082 1480 2128 est;
1517 2071 1644 2129 Haec
1665 2073 1777 2140 ille,
1802 2083 1857 2130 et
1876 2076 2001 2145 qui-

410 2163 533 2216 dem
569 2164 860 2230 verissime,
879 2163 1063 2234 judice
1088 2162 1309 2220 Dallteo.
1344 2163 1440 2220 Ille
1478 2174 1660 2220 autem
1695 2165 1994 2238 Dionysius

401 2269 440 2307 ~a
491 2269 602 2324 quo
647 2257 985 2310 novenarius
1039 2255 1297 2311 ordinum
1337 2255 1697 2312 invisibilium
1732 2273 1996 2314 numerus

407 2347 645 2417 primum
679 2347 926 2416 proditus
949 2355 1051 2412 est,
1079 2357 1228 2402 certe
1253 2357 1378 2402 ante
1401 2347 1796 2420 Hieronymum
1822 2349 1992 2414 vixit,

408 2437 562 2490 illum
589 2437 734 2491 enim
780 2437 988 2492 scimus
1033 2437 1290 2492 eumdem
1339 2453 1629 2494 numerum
1660 2439 1991 2509 prodidisse.

400 2525 642 2582 Exstant
680 2528 783 2583 sub
808 2528 929 2596 ejus
964 2528 1188 2584 nomine
1215 2528 1269 2584 in
1304 2529 1552 2586 Psalmos
1589 2529 1995 2594 commentarii,

407 2619 463 2672 in
497 2621 696 2689 quibus
725 2620 792 2674 ad
819 2620 1094 2688 psalmum
1123 2635 1257 2683 cm.
1297 2621 1414 2675 haec
1442 2620 1673 2690 legimus
1699 2637 1714 2674 :
1759 2618 1997 2674 Colloca-

406 2713 482 2766 uit
517 2712 654 2766 Deus
680 2711 847 2767 Pater
885 2711 1092 2766 Filium
1129 2714 1186 2766 in
1209 2711 1505 2767 ctelestibus
1537 2712 1593 2765 in
1616 2711 1836 2765 dextera
1857 2727 1993 2776 sua;

402 2813 454 2859 et
500 2804 809 2857 dominatur
853 2820 1008 2873 super
1047 2804 1332 2873 principes,
1381 2802 1438 2856 id
1479 2813 1577 2868 est,
1617 2819 1775 2872 super
1815 2819 1994 2856 novem

401 2895 616 2948 ordines
647 2893 978 2964 angelorum,
1015 2895 1304 2948 secundum
1335 2894 1473 2948 illud
1499 2908 1518 2949 :
1556 2892 1820 2964 Princeps
1852 2895 1996 2949 mili-

403 2987 512 3050 tiae,
544 2986 622 3039 vel
647 2987 903 3054 princeps
937 2986 1200 3040 virtutum
1227 3001 1328 3057 ego
1360 3001 1504 3040 sum.
1535 2984 1604 3038 Et
1629 2985 1845 3052 insuper
1867 3003 1994 3040 san-

401 3090 512 3133 ctos
537 3091 586 3133 et
610 3081 664 3131 in
692 3095 790 3132 sua
813 3083 1048 3132 membra
1071 3079 1349 3133 collocavit
1375 3095 1493 3132 cum
1525 3079 1656 3149 ipsis
1693 3094 1875 3133 nouem
1905 3094 1992 3132 or-
2019 3113 2067 3176 ο

400 3170 614 3225 dinibus
651 3170 980 3241 angelorum.
1022 3170 1127 3224 Sed
1178 3185 1286 3226 non
1321 3172 1535 3226 esthoc
1565 3185 1706 3241 opus
1732 3169 1993 3243 Hierony-

401 3266 499 3329 mi,
531 3264 788 3332 inquiunt
824 3279 838 3316 :
877 3271 931 3317 et
955 3262 1173 3332 quidem
1199 3271 1374 3316 totum
1402 3262 1523 3333 ejus
1551 3277 1674 3318 esse
1703 3277 1816 3318 non
1841 3262 1993 3317 vide-

397 3365 490 3410 tur
525 3373 540 3409 :
575 3355 980 3426 quamplurima
1017 3364 1200 3409 tamen
1237 3355 1290 3408 in
1327 3369 1392 3409 eo
1419 3364 1674 3409 contenta
1717 3369 1844 3409 vere
1874 3352 1994 3410 Hie-

398 3447 726 3517 ronymiana
755 3462 897 3512 esse,
923 3461 1125 3516 negare
1148 3461 1310 3500 nemo
1336 3454 1517 3515 potest
1552 3463 1566 3500 :
1599 3455 1653 3500 et
1679 3461 1849 3517 quare
1875 3447 1991 3502 haec

389 3539 516 3608 ipsa
541 3538 591 3593 ei
646 3539 986 3608 denegantur
1035 3538 1305 3593 rationem
1356 3539 1563 3593 nullam
1621 3539 1800 3594 video.
1852 3538 1988 3595 Nam

399 3629 547 3698 quod
584 3629 996 3684 memorabilem
1029 3627 1344 3701 Hieronymi
1389 3631 1571 3684 locum
1605 3646 1671 3685 ex
1717 3646 1991 3686 commen-

400 3721 556 3775 tariis
611 3721 664 3774 in
717 3721 1004 3790 epistolam
1048 3722 1116 3776 ad
1156 3721 1427 3792 Ephesios
1455 3724 1678 3778 adducit
1708 3723 1985 3789 Petavius.

397 3813 530 3866 illud
563 3813 723 3882 plane
747 3814 904 3867 nihili
929 3825 1013 3868 est
1045 3833 1058 3867 :
1101 3824 1233 3870 sunt
1263 3831 1412 3870 enim
1444 3815 1526 3869 illi
1569 3816 1673 3886 ipsi
1709 3832 1987 3872 commen-

397 3903 522 3955 tarii
564 3903 702 3956 nihil
730 3903 877 3957 aliud
911 3902 1103 3970 ferme,
1138 3919 1303 3974 quam
1353 3921 1419 3958 ex
1459 3913 1706 3961 veterum
1759 3907 1984 3976 scriptis

395 4000 676 4061 excerpta,
709 3999 769 4046 ut
817 3991 1016 4047 fatetur
1065 3993 1182 4063 ipse
1232 3992 1604 4066 Hieronymus
1667 4015 1681 4050 :
1731 4006 1787 4051 et
1831 3998 1986 4054 locus

396 4082 514 4151 ipse
538 4083 634 4152 qui
675 4081 987 4146 adducitur,
1017 4083 1234 4140 videtur
1263 4100 1386 4140 esse
1430 4087 1590 4155 plane.
1636 4086 1979 4159 Origenicus.

386 4172 583 4244 Neque
607 4174 740 4229 illud
772 4189 859 4228 me
892 4184 1094 4242 movet,
1122 4177 1270 4248 quod
1314 4186 1522 4248 septem
1572 4180 1794 4235 ordines
1843 4196 1982 4235 enu-

393 4275 567 4321 meret
611 4268 706 4322 lib.
753 4284 827 4335 ιι,
884 4278 1076 4326 contra
1129 4267 1506 4336 Iovinianum,
1555 4287 1717 4342 quem
1763 4274 1983 4344 juvenis

393 4362 643 4430 scripsit;
674 4362 890 4416 tametsi
930 4363 1053 4418 inde
1079 4363 1298 4434 colligat
1319 4363 1596 4429 Petavius,
1625 4366 1759 4420 satis
1787 4367 1980 4421 incon-

2105 508 2323 562 eosdem
2347 521 2543 560 novem
2582 507 2826 568 ordines,
2859 515 3119 575 tanquam
3162 520 3265 560 suo
3311 515 3558 576 tempore
3601 520 3694 558 no-

2107 597 2368 662 tissimos,
2395 605 2682 650 enumeret
2711 613 2726 649 :
2765 594 2876 658 Τάς
2909 612 2968 647 τε
3001 594 3110 648 τῶν
3157 594 3402 664 ἀγγέλων
3433 612 3693 668 χοροστα-

2107 689 2227 752 aia;
2259 687 2658 760 παραδραμεῖν,
2694 687 2788 741 καὶ
2839 688 2963 750 τοὺς
2996 687 3176 740 αὐτῶν
3226 685 3524 760 ταξιάρχας
3579 689 3693 758 μετ’

2104 779 2286 835 αὐτῶν
2318 780 2660 844 καταλιπεῖν,
2699 779 3109 851 ὑπεραναὸῆναι
3142 779 3199 832 δὲ
3233 780 3325 833 καὶ
3359 780 3567 852 Θρόνων
3599 779 3692 850 τὴν

2104 872 2456 946 φαιδρότητα,
2511 873 2604 926 καὶ
2637 872 2734 944 τὴν
2769 871 2985 944 ἔντιμον
3017 871 3125 926 τῶν
3159 875 3496 946 κυριοτήτων
3533 875 3693 947 ὑπερ-

2103 965 2254 1037 οχὴν,
2313 967 2414 1038 τήν
2464 983 2524 1020 τε
2557 966 2666 1020 τῶν
2698 966 2885 1038 ἀρχῶν
2934 968 3249 1038 ἡγεμονίαν,
3294 968 3386 1021 καὶ
3435 968 3532 1040 τὴν
3585 969 3692 1024 τῶν

2103 1056 2359 1123 ἐξουσιῶν
2423 1057 2799 1130 περιφάνειαν·
2867 1058 2948 1112 ἔτι
3013 1059 3069 1112 δὲ
3093 1054 3185 1107 καὶ
3204 1056 3538 1132 τὺκραταιὸν
3583 1061 3690 1114 τῶν

2104 1146 2262 1201 Θείων
2294 1148 2575 1220 δυνάμεων
2595 1190 2610 1213 ,
2646 1151 2706 1203 τό
2751 1166 2809 1203 τε
2842 1149 3144 1222 διορατικὸν
3179 1151 3277 1222 τῆς
3309 1151 3415 1204 τῶν
3461 1151 3691 1224 πολυυμ-

2106 1238 2290 1308 μάτων
2324 1239 2592 1311 χερουὸὶμ
2625 1238 3016 1311 καΟαρότητθς,
3051 1241 3275 1294 καὶτῶν
3305 1241 3690 1314 ἐξαπτερύγων

2103 1329 2346 1401 σεραφὶμ
2397 1331 2494 1402 τὴν
2540 1330 2684 1384 κατὰ
2734 1333 2843 1385 πᾶν
2908 1331 3072 1404 μέρθς
3122 1332 3400 1388 ἀκώλυτον
3455 1335 3685 1406 κίνησιν.

2102 1419 2304 1476 Choros
2357 1423 2667 1494 angelorum
2713 1440 3048 1494 percurram,
3103 1435 3152 1480 et
3209 1444 3391 1481 eorum
3442 1430 3687 1482 ordinum

2100 1519 2363 1587 principes
2421 1517 2801 1588 (archangelos
2861 1520 3079 1592 nempe)
3131 1522 3459 1592 relinquam;
3504 1525 3689 1579 creber

2101 1625 2262 1677 supra
2295 1609 2605 1663 thronorum
2627 1610 2980 1679 splendorem,
3020 1612 3336 1667 honoratam
3360 1614 3685 1668 dominatio-

2101 1717 2230 1754 num
2262 1701 2653 1769 celsitudinem,
2693 1704 3091 1774 principatuum
3134 1707 3412 1772 ducatum,
3458 1715 3688 1778 potestu-

2103 1801 2314 1863 tumque
2335 1793 2671 1858 claritatem;
2694 1806 2951 1866 prwterea
2975 1814 3138 1868 supra
3165 1800 3456 1868 potentiam
3491 1800 3688 1854 diuina-

2102 1899 2219 1938 rum
2242 1885 2523 1950 virtutum,
2552 1904 2715 1955 supra
2746 1890 3129 1960 perspicaciam
3158 1891 3563 1964 cherubinorum
3593 1909 3688 1962 pu-

2101 1977 2306 2044 ritatis,
2347 1985 2397 2030 et
2437 1979 2840 2048 seraphinorum
2873 1996 2964 2035 sea:
2991 1981 3199 2034 alarum
3244 1983 3530 2036 motionem
3561 2001 3687 2053 quc-

2097 2083 2383 2138 quaversus
2406 2069 2727 2139 expeditam.

2168 2158 2439 2215 Prmterea
2473 2176 2582 2215 non
2620 2169 2832 2216 tantum
2863 2161 3196 2218 Laurentius
3252 2161 3409 2220 Valla
3483 2165 3686 2220 iudicat

2099 2250 2273 2307 fuisse
2309 2266 2424 2306 sua:
2444 2253 2621 2308 anatis
2651 2253 2799 2308 viros
2843 2252 3218 2321 doctissimos,
3251 2257 3346 2326 qui
3396 2255 3683 2326 judicare-

2099 2330 2344 2411 riut"_hos
2366 2344 2540 2400 libros
2571 2360 2694 2400 esse
2716 2328 3073 2415 Apollinaris,
3107 2348 3204 2404 sed
3233 2350 3397 2403 etiam
3423 2364 3492 2402 ex
3532 2358 3683 2403 vete-

2097 2435 2252 2489 ribus
2282 2434 2556 2497 nonnulli,
2589 2435 2682 2505 qui
2713 2434 3058 2507 Areopagita:
3085 2439 3258 2494 fuisse
3283 2440 3682 2511 pernegabant,

2097 2535 2190 2580 aut
2236 2525 2539 2596 Apollinari
2583 2537 2679 2582 aut
2736 2527 2969 2600 Didymo
3003 2531 3388 2597 ascribebant;
3440 2544 3494 2588 et
3531 2550 3687 2588 reve-

2097 2618 2300 2672 rendus
2325 2615 2585 2674 Usserius
2610 2621 2834 2675 eosdem
2865 2637 2974 2675 non
3009 2622 3296 2678 dubitabat
3327 2625 3565 2681 tribuere
3588 2636 3686 2682 aut

2099 2707 2423 2778 Apollinari.
2451 2719 2544 2765 aut
2587 2720 2734 2766 certe
2785 2713 3102 2784 synchrono
3149 2714 3410 2788 Dionysio
3436 2718 3681 2782 cuidam,

2098 2799 2197 2862 illi,
2229 2817 2445 2871 nempe,
2478 2803 2548 2856 ad
2588 2820 2750 2874 quem
2809 2804 3145 2874 Apollinaris
3195 2808 3437 2878 scripsit,
3468 2809 3537 2863 de
3569 2826 3684 2879 quo

2096 2891 2328 2964 legimus
2355 2893 2407 2946 in
2441 2895 2735 2949 collatione
2754 2911 2940 2950 coram
2973 2894 3208 2967 Hypatio
3234 2901 3338 2954 sub
3365 2897 3681 2955 Justiniauo

2099 2983 2320 3038 habita:
2358 2983 2503 3038 Nunt
2523 2995 2574 3039 et
2607 2986 2904 3041 beatilulii
2928 2988 3195 3057 famosam
3224 2989 3373 3042 illaut
3398 2992 3681 3060 epistolam

2097 3077 2378 3145 manifeste
2404 3077 2733 3146 Apollinaris
2759 3081 3083 3134 ostendimus
3119 3081 3285 3151 fuisse
3311 3084 3566 3152 scriptam
3610 3086 3678 3137 ad

2097 3167 2434 3238 Dionysium.
2468 3169 2550 3223 Ab
2574 3169 2889 3240 Apollinare
2937 3174 3157 3242 quidem
3199 3173 3402 3246 scripta
3434 3177 3679 3248 Areopa-

2095 3259 2259 3329 gitica
2286 3276 2394 3314 non
2423 3269 2574 3330 puto,
2598 3262 2757 3330 cujus
2787 3262 2956 3317 libelli
2985 3279 3133 3319 nunc
3163 3265 3488 3333 Athanasio,
3529 3284 3677 3323 nunc

2093 3348 2239 3406 Julio
2264 3367 2434 3421 papae,
2461 3369 2606 3407 nunc
2636 3352 3323 3428 GregorioThaumaturgo
3368 3358 3438 3412 ab
3460 3359 3677 3415 haereti-

2093 3444 2175 3498 cis
2196 3443 2637 3512 ascribebautur,
2673 3454 2810 3501 teste
2870 3445 3099 3502 Leontio
3151 3447 3508 3520 Neapolitano
3558 3455 3675 3523 epi-

2093 3550 2294 3605 scopo;
2331 3544 2445 3590 tum
2489 3539 2636 3607 quod
2683 3536 3008 3610 fragmentis
3031 3541 3150 3611 ejus
3183 3557 3306 3611 qute
3349 3557 3670 3613 supersunt,

2093 3627 2292 3682 similia
2319 3643 2427 3682 non
2465 3629 2611 3694 sint;
2665 3638 2780 3684 tum
2814 3631 2959 3702 quod
3000 3633 3346 3702 degmatibus
3393 3636 3516 3707 ejus
3567 3639 3670 3691 mi-

2092 3719 2238 3774 nime
2267 3731 2639 3775 consentanea
2678 3721 2808 3787 sint,
2844 3724 2991 3793 quod
3032 3741 3175 3794 smpe
3219 3726 3669 3784 observatMaxi-

2090 3827 2234 3867 mus.
2270 3811 2458 3882 Neque
2485 3829 2614 3868 vero
2649 3813 2876 3886 Didymo
2916 3817 3239 3873 ascribenda
3264 3820 3522 3888 arbitror,
3577 3825 3671 3893 qui

2087 3919 2212 3958 cum
2247 3903 2556 3976 Origenista
2587 3914 2754 3974 esset,
2779 3923 2842 3962 ea
2875 3909 3163 3978 scripsisse
3196 3912 3424 3968 minime
3469 3925 3670 3984 putan-

2087 3999 2211 4055 dus.
2251 3998 2486 4055 Tantum
2513 4001 2638 4056 inde
2665 4003 2863 4072 colligo
2895 4004 3353 4059 verisimillimum
3404 4023 3529 4064 esse
3558 4053 3574 4076 ,
3605 4026 3665 4066 ea

2086 4101 2242 4147 aetate
2264 4101 2543 4148 auctorem
2573 4095 2799 4162 vixisse,
2825 4112 2933 4166 qua
2957 4096 3291 4167 Apollinaris
3323 4108 3377 4155 et
3399 4100 3667 4174 Didymus

2085 4184 2370 4251 ﬂorebant,
2399 4189 2503 4242 hoc
2532 4199 2615 4243 est
2647 4197 2845 4258 quarto
2879 4192 3100 4248 saeculo.

2157 4277 2300 4345 Quid
2327 4280 2472 4349 quod
2506 4283 2574 4335 ab
2600 4281 2722 4336 aliis
2751 4283 2914 4336 etiam
2937 4284 3286 4341 observatum
3328 4298 3430 4356 est,
3457 4288 3666 4360 Grego-

2085 4371 2227 4424 rium
2252 4369 2678 4440 Nazianzenum,
2719 4374 2814 4443 qui
2847 4385 2972 4430 ante
3021 4377 3184 4431 finem
3237 4383 3418 4448 quarti
3477 4385 3662 4440 saeculi

391 4463 706 4522 scquenter,
747 4452 999 4507 Nondum
1048 4453 1371 4527 Hieronymo
1407 4459 1704 4511 constitisse
1737 4459 1800 4512 de
1829 4459 1978 4512 ordi-
2011 4457 2055 4511 D
2085 4469 2337 4517 mortuus
2366 4472 2486 4530 est,
2532 4463 2696 4532 hujus
2752 4463 2998 4538 Dionysii
3041 4472 3449 4540 quamplurima
3499 4491 3668 4530 usur-

391 4562 518 4598 num
546 4561 764 4599 numero
794 4555 844 4599 et
871 4545 1241 4617 appellatione.
1275 4548 1420 4604 Satis
1460 4549 1604 4605 enim
1649 4549 1976 4621 Hieronymo

391 4638 683 4693 constabat
720 4637 788 4692 de
819 4639 1118 4693 novenario
1150 4639 1406 4695 ordinum
1445 4656 1675 4696 numero
1710 4651 1765 4697 et
1795 4644 1977 4713 appel-

380 4728 618 4788 latione,
642 4744 768 4784 cum
807 4729 1027 4799 scripsit
1071 4731 1378 4802 apologiam
1407 4734 1670 4789 adversus
1698 4733 1974 4789 Bullinum

391 4819 711 4886 secundam,
756 4820 811 4874 in
855 4837 963 4891 qua
993 4818 1247 4893 Origenis
1282 4825 1533 4879 haeretica
1577 4827 1852 4882 rhetorice
1879 4829 1976 4884 de-

389 4911 561 4981 pingit
596 4928 609 4964 :
645 4909 710 4964 In
736 4913 1067 4966 restitutione
1096 4916 1354 4975 omnium.
1393 4917 1601 4984 quando
1642 4918 1974 4990 indulgentia

387 4999 705 5069 principalis
751 5001 972 5067 venerit,
1019 5001 1289 5055 cherubim
1327 5012 1377 5055 et
1410 5004 1694 5073 seraphim,
1734 5006 1971 5072 thronos,

387 5093 744 5163 principatus,
785 5093 1199 5158 dominationes,
1241 5095 1481 5164 virtutes,
1532 5109 1839 5166 potestates,
1891 5119 1974 5155 ar-

386 5184 693 5254 changelos,
722 5184 957 5255 angelos,
991 5186 1285 5253 diabolum,
1317 5188 1599 5255 daemones,
1637 5194 1843 5246 animus
1867 5211 1974 5246 om-

387 5281 537 5333 nium
572 5280 864 5347 hominum,
914 5290 1022 5334 tam
1073 5281 1498 5339 Christianorum
1545 5304 1702 5358 quam
1755 5287 1972 5345 11111ωο-

386 5388 508 5425 rum
534 5385 582 5427 et
613 5373 888 5443 gentilium
913 5375 1074 5429 unius
1097 5376 1420 5430 conditionis
1459 5387 1508 5431 et
1538 5395 1797 5433 mensnrte
1833 5380 1967 5450 fore.

385 5461 758 5518 Novenarium
781 5465 948 5533 igitur
977 5465 1232 5520 ordinum
1266 5485 1558 5524 numerum
1590 5471 1844 5527 distincte
1876 5489 1970 5527 ex-

385 5559 588 5627 pressit
619 5555 1007 5627 Hieronymus,
1043 5573 1204 5628 quem
1236 5558 1530 5631 Dionysius
1565 5563 1802 5631 primum
1845 5580 1970 5633 pro-

385 5647 524 5702 didit
553 5665 566 5702 :
603 5656 720 5703 erat
751 5649 933 5718 itaque
974 5647 1269 5721 Dionysius
1304 5649 1632 5725 Hieronymo
1667 5655 1962 5724 antiquior.

384 5738 571 5809 Neque
605 5741 705 5795 hcc
749 5741 945 5796 mirum
999 5743 1166 5798 videri
1209 5745 1404 5814 debet,
1441 5763 1564 5802 cum
1613 5747 1846 5804 Basilius
1879 5747 1967 5806 Se-

2079 4556 2276 4623 passe?
2302 4553 2458 4609 Haud
2490 4571 2666 4624 pauca
2704 4573 2836 4612 sane
2861 4558 3204 4617 locaBillius
3236 4564 3290 4616 in
3322 4565 3666 4623 observatio-

2077 4649 2243 4704 nibus
2271 4666 2338 4702 ex
2361 4647 2712 4705 Nazianze‘no
2743 4652 3042 4721 congessit,
3072 4664 3128 4707 et
3154 4670 3278 4709 cum
3315 4655 3668 4729 Dionysiauis

2078 4741 2330 4795 contulit.
2373 4739 2554 4796 Unum
2585 4742 2752 4796 etiam
2780 4741 3016 4798 Dallzeus
3062 4745 3178 4814 ipse
3237 4749 3373 4804 satis
3415 4753 3666 4819 apposite

2076 4832 2412 4898 observavit;
2461 4843 2514 4888 et
2546 4849 2644 4902 ego
2675 4836 3080 4906 quamplurima
3124 4841 3270 4909 apud
3298 4858 3386 4896 me
3417 4843 3470 4896 in
3504 4859 3661 4899 eam-

2074 4924 2196 4977 dem
2231 4940 2342 4978 rcm
2387 4926 2676 4980 observata
2731 4926 2926 4982 habeo.
2984 4927 3087 4983 Sed
3123 4934 3419 5001 qua’ritur,
3454 4935 3660 5005 inquit,

2074 5026 2191 5070 uter
2216 5017 2280 5069 ab
2311 5027 2432 5070 utro
2461 5019 2531 5072 sit
2559 5029 2852 5075 mutuatus.
2874 5020 2939 5076 Et
2958 5037 3058 5092 ego
3083 5024 3304 5092 quidem
3333 5025 3662 5099 Dionysium

2073 5124 2102 5161 a
2134 5107 2399 5178 Gregorio
2429 5125 2492 5164 ea
2527 5111 2753 5167 minime
2783 5121 3095 5168 mutuatum
3126 5131 3246 5170 esse
3273 5119 3474 5185 credo;
3525 5123 3661 5190 quia

2071 5202 2314 5270 scriptor
2345 5202 2436 5256 ille
2471 5202 2540 5256 ab
2563 5203 2686 5258 aliis
2715 5206 2974 5261 omnibus
3001 5208 3395 5266 ecclesiasticis
3420 5213 3664 5282 scripto~

2069 5293 2224 5346 ribus
2263 5294 2424 5362 plane
2447 5293 2697 5350 diversus
2719 5305 2822 5362 est,
2849 5307 2901 5351 et
2924 5299 3007 5352 sui
3034 5307 3244 5353 tantum
3271 5301 3488 5358 similis.
3525 5303 3664 5358 Om-

2071 5385 2160 5438 nia
2208 5383 2378 5438 ferme
2425 5385 2490 5440 ad
2546 5385 2892 5443 Neotericam
2939 5389 3372 5448 Platonistarutn
3406 5398 3660 5454 scholam

2069 5474 2452 5544 conformavit,
2479 5488 2532 5532 et
2565 5495 2593 5532 a
2622 5480 2804 5534 verbis
2843 5489 2900 5534 et
2921 5497 2953 5535 a
2985 5484 3304 5540 notionibus
3332 5499 3661 5547 sanctorum

2068 5567 2291 5623 Patrum
2327 5572 2564 5625 maxime
2591 5571 2899 5626 abhorruit.
2961 5570 3226 5645 Quisquis
3269 5586 3440 5634 totam
3468 5585 3665 5652 operis

2068 5662 2186 5732 ejus
2217 5677 2556 5733 compagem,
2590 5666 2966 5721 admirandam
2997 5670 3395 5727 sententiarum
3427 5689 3492 5727 ex
3532 5676 3666 5744 phi-

2069 5751 2315 5822 1050phia
2372 5754 2664 5824 petitarum
2703 5759 3117 5826 rotunditatem,
3161 5771 3215 5817 et
3244 5765 3544 5822 verborum
3600 5769 3661 5823 in
