3864 6204
181 290 290 345 203

933 291 985 347 J.
1019 293 1390 348 PEARSONII
1433 293 1756 350 νῘΝΟΙΩΙίΕ
1798 292 2228 350 ιῦΝΑἸΊΑΝᾹΞ.
2271 327 2337 339 -
2370 295 2552 350 PARS
2585 295 2626 350 1.

3344 297 3449 349 ΞΜ

181 411 376 464 eadem
411 410 610 466 incude
636 411 996 468 {armatorum
1023 425 1339 486 perpetuam
1381 419 1771 494 scaturiginem
1805 428 1848 481 Α
1877 435 2065 472 eorum
2104 419 2286 487 aliqua
2315 416 2505 482 refert,
2544 433 2781 487 semper,
2805 418 3021 488 opinor,
3066 415 3284 470 silentio
3320 431 3452 484 Sup-

181 503 466 568 observat,
506 521 788 574 nunquam
845 522 913 561 ex
945 506 1234 577 Gregorio,
1266 521 1360 564 aut
1390 511 1500 564 alio
1524 527 1772 578 quocun-

181 613 289 665 que
325 595 649 653 Christiano
681 615 807 653 eum
849 615 948 654 sua
983 600 1240 656 hausisse
1285 604 1614 658 autumabit.
1667 603 1771 670 Qui

178 697 366 741 autem
397 686 732 743 Nazianzeni
752 691 1031 745 orationes
1055 692 1317 747 omnibus
1342 694 1541 748 nativa:
1587 695 1772 747 rheto-

178 780 310 833 rica:
351 781 635 835 coloribus
665 781 930 851 depictas,
956 792 1010 836 et
1061 783 1273 852 optimo
1317 785 1534 838 dicendi
1575 801 1772 854 genere

178 873 463 941 praecipue
499 874 906 943 triumphantes
952 875 1166 944 legerit,
1196 877 1413 946 quoties
1455 878 1522 930 ad
1573 878 1773 930 obscu-

176 966 328 1018 riora
364 966 616 1035 quaedam
650 976 704 1020 et
740 966 912 1036 magis
935 967 1316 1036 philosophica
1351 967 1596 1022 deﬂectit
1619 1009 1632 1027 ,
1693 967 1771 1021 l'a-

176 1057 281 1110 cile
311 1074 441 1110 euzn
475 1058 696 1112 aliunde
727 1058 981 1112 notiones
1007 1074 1104 1113 eas
1161 1059 1466 1124 derivasse,
1499 1069 1555 1113 et
1603 1076 1769 1128 quam

177 1152 358 1218 potuit
380 1150 725 1205 lucidissime
759 1152 1048 1206 tradidisse
1084 1151 1366 1206 fatebitur.
1423 1151 1492 1206 Et
1519 1153 1619 1208 has
1643 1153 1770 1222 qui-

173 1243 300 1296 dem
327 1259 724 1312 nonnunquam
759 1259 824 1297 ex
861 1244 1106 1313 antiquis
1145 1245 1520 1314 philosophis,
1570 1246 1770 1313 saepius

174 1345 363 1389 autem
388 1352 453 1389 ex
485 1335 749 1404 Dionysio
775 1346 1082 1391 nitituatum
1128 1353 1251 1392 esse
1287 1338 1583 1393 credimus.
1625 1337 1769 1392 Con-

173 1439 256 1480 t‘a
299 1427 539 1482 Dallzeus
572 1429 788 1483 duobus
821 1431 1184 1500 argumentis,
1212 1429 1532 1501 Dionysium
1565 1447 1629 1484 ex
1657 1429 1768 1483 Na-

173 1522 446 1574 zianzeno
486 1537 584 1575 sua
630 1531 939 1576 mutuatum
989 1538 1111 1576 esse
1141 1523 1465 1577 contendit:
1530 1540 1766 1592 quorum

171 1614 256 1681 pri
284 1634 293 1662 ι
322 1629 416 1666 nm
443 1612 736 1667 manifesta
767 1614 1019 1684 principii
1058 1615 1317 1683 petitione
1345 1615 1576 1677 laborat,
1603 1625 1654 1667 et
1687 1615 1758 1668 lc-

171 1706 464 1760 vissimam
492 1707 866 1775 conjecturam
889 1709 956 1761 ab
988 1708 1108 1778 ipso
1131 1708 1498 1776 evcogitatam
1528 1725 1624 1778 pro
1645 1709 1768 1761 l'un-

169 1799 437 1852 damento
471 1799 649 1853 habet.
677 1801 747 1852 At
775 1817 915 1865 vero,
945 1800 1142 1870 inquit,
1169 1818 1290 1854 cum
1317 1802 1480 1856 claris
1507 1803 1768 1873 certisque

170 1892 506 1959 argumentis
538 1907 700 1960 supra
729 1894 798 1945 sit
821 1909 852 1944 a
885 1892 1032 1946 nobis
1060 1894 1504 1958 demonstratum,
1533 1894 1768 1963 Areopa-

167 1985 341 2050 gitica
372 1983 584 2036 nonnisi
637 1993 751 2051 post
792 1985 1035 2054 quintum
1093 1987 1349 2040 sarculum
1405 1989 1569 2056 fuisse
1625 1991 1768 2043 edita

169 2091 232 2126 ac
262 2075 503 2142 cognita,
533 2075 760 2129 stultum
787 2086 834 2130 et
871 2078 1164 2132 absurdum
1213 2091 1315 2146 est,
1367 2079 1678 2150 Gregorium
1713 2099 1762 2137 a.

171 2166 212 2218 ἰ)
259 2168 372 2222 589
411 2179 679 2222 mortuum
706 2170 798 2224 hos
824 2171 988 2225 libros
1010 2173 1389 2240 pervolutasse,
1419 2176 1510 2244 qui
1556 2186 1764 2229 rentum

168 2273 214 2312 et
243 2260 483 2328 amplius
509 2272 625 2330 post
654 2263 770 2330 ejus
815 2273 1038 2317 mortem
1089 2267 1244 2318 anuis
1277 2276 1430 2320 erant
1478 2269 1760 2321 noscitari.

167 2354 332 2408 Certe
359 2357 404 2408 si
447 2355 648 2410 Dallaio
697 2357 1012 2419 credimus,
1071 2357 1174 2411 150
1206 2360 1334 2412 anni
1383 2375 1506 2428 p05t
1555 2359 1762 2413 obitum

171 2445 424 2515 Gregorii
457 2448 627 2516 elapsi
659 2458 806 2514 sunt,
847 2450 1165 2519 priusquam
1217 2451 1598 2522 Areopagitica
1639 2453 1766 2506 etle-

173 2550 410 2606 rentur;
471 2539 567 2594 sed
614 2541 717 2596 hoc
757 2543 826 2594 ab
856 2557 923 2596 eo
968 2553 1181 2596 tantum
1229 2543 1458 2607 dictum,
1490 2560 1761 2613 nusquam

173 2632 618 2688 demonstratum
647 2644 749 2688 est.
793 2633 898 2701 Qui
940 2637 1088 2689 enim
1145 2637 1424 2690 variarum
1463 2637 1761 2692 lectionum

175 2725 228 2776 in
260 2725 456 2780 codice
479 2724 816 2796 Dionysiano
854 2743 1144 2782 numerum
1192 2739 1351 2784 aetate
1386 2729 1610 2784 Maximi
1665 2732 1763 2784 ob-

175 2819 483 2872 servaverit
507 2837 521 2884 ;
551 2819 644 2887 qui
680 2821 864 2875 varios
891 2822 1239 2884 scholiastas,
1274 2838 1416 2891 quos
1439 2831 1566 2876 ante
1595 2821 1765 2876 Maxi-

175 2924 331 2962 mum
365 2910 419 2962 in
451 2910 706 2964 eumdem
733 2921 898 2967 notas
947 2914 1343 2982 conscripsisse
1373 2923 1634 2983 apparet;
1669 2917 1762 2984 qui

171 3001 408 3056 Joannis
433 3002 876 3075 Seythopolitani
906 3015 1128 3061 aetatem
1153 3017 1383 3072 certam,
1433 3015 1487 3062 et
1522 3007 1760 3078 Dionysii

175 3094 538 3148 Alexandrini
597 3097 894 3157 incertam,
950 3099 1202 3169 ideoque,
1262 3107 1321 3152 ιιι
1367 3099 1626 3154 credibile
1658 3108 1759 3160 est,

177 3187 355 3238 multo
379 3186 600 3256 longius
629 3187 700 3241 ab
728 3187 818 3240 illa
847 3187 1070 3241 Maximi
1102 3199 1397 3253 remotam;
1427 3189 1520 3258 qui
1549 3199 1763 3244 sancto-

175 3293 299 3331 rum
341 3277 566 3332 Patrum
601 3279 743 3333 sexti
795 3279 980 3334 sseculi
1044 3281 1110 3334 de
1143 3296 1271 3336 vero
1305 3279 1658 3350 Areopagita,
1711 3289 1763 3333 et

178 3371 412 3425 aliorum
440 3372 508 3426 de
532 3370 730 3438 Magno
778 3382 832 3428 et
873 3373 1033 3430 beato
1084 3372 1346 3444 Dionysio
1397 3374 1761 3438 sententiam;

176 3464 270 3531 qui
305 3464 518 3533 reliqua
550 3480 674 3534 quae
703 3465 769 3518 de
794 3465 988 3534 quinto
1013 3465 1215 3520 saeculo
1253 3465 1620 3530 adduximus;
1671 3467 1762 3534 qui

172 3555 413 3624 denique
441 3571 574 3610 mss.
597 3557 876 3622 codicum,
896 3573 1036 3627 quos
1061 3558 1154 3611 alii
1176 3565 1505 3623 memorant,
1528 3565 1582 3612 et
1599 3572 1762 3626 quem

176 3645 311 3698 mihi
348 3647 434 3698 vir
456 3662 646 3700 earum
678 3663 886 3712 rerum,
911 3649 1044 3702 dum
1075 3649 1304 3714 viveret,
1337 3648 1762 3705 callentissimus

175 3735 424 3805 mihique
441 3737 805 3793 charissimus
829 3755 936 3793 non
957 3739 1193 3794 minoris
1211 3740 1574 3809 antiquitatis,
1599 3756 1762 3810 quam

175 3828 620 3898 silSeptuaginta
652 3829 1018 3900 lnterpretum
1049 3832 1102 3886 in
1129 3832 1461 3888 bibliotheca
1487 3835 1629 3902 regis
1670 3851 1764 3888 no-

172 3922 270 3974 stri
295 3920 499 3982 codex,
532 3939 650 3977 esse
683 3924 945 3989 asseruit,
986 3934 1315 3980 vetustatem
1342 3925 1595 3990 noverit;
1627 3942 1766 3979 min-

172 4028 339 4080 quam
373 4013 491 4068 haec
515 4013 582 4067 de
601 4014 740 4069 sexti
767 4016 952 4070 saeculi
983 4017 1224 4070 editione
1242 4016 1388 4071 dicta
1416 4031 1516 4086 pro
1539 4017 1765 4071 demon-

175 4102 389 4162 stratis,
423 4102 518 4154 sed
550 4104 936 4158 tantummodo
993 4121 1094 4174 pro
1130 4121 1281 4160 mera
1333 4123 1398 4160 ex
1449 4107 1763 4175 conjectura

174 4201 338 4259 atque
359 4203 740 4261 praeconcepta
777 4196 1034 4264 opinione
1073 4196 1299 4266 prolatis
1343 4197 1580 4252 habebit.
1609 4197 1765 4251 Nulla

175 4283 358 4350 itaque
378 4283 472 4337 hic
505 4283 862 4339 ineluctabilis
890 4295 1182 4355 temporum
1209 4288 1348 4340 ratio
1384 4288 1544 4342 nobis
1574 4288 1760 4342 ollieit.

176 4373 440 4428 Secundo
471 4375 687 4444 inquit:
717 4375 829 4430 Cur
869 4375 1179 4448 Gregorius,
1217 4379 1264 4431 si
1291 4381 1397 4433 ista
1444 4397 1477 4432 a
1510 4379 1763 4450 Dionysio

1875 510 2081 578 primit.
2127 508 2406 579 Ingratum
2435 509 2539 564 hoc
2573 508 2847 564 silentium
2897 523 2999 579 ego
3041 523 3152 565 non
3203 506 3446 576 appello:

1877 607 2082 664 utatur,
2111 615 2205 668 per
2241 616 2326 653 me
2348 600 2496 666 licet,
2555 615 2623 655 eo
2662 599 2880 656 dicendi
2936 614 3135 670 genere
3163 597 3310 669 quod
3344 597 3450 668 ipsi

1875 692 2252 760 maximopere
2303 691 2574 760 placebat,
2623 707 2876 746 summus
2905 700 3108 746 orator.
3143 690 3302 750 Certe
3336 704 3450 743 non

1875 785 2050 852 magis
2079 799 2204 852 erga
2238 782 2552 854 Dionysium
2574 799 2738 852 quam
2761 798 2891 853 erga
2919 783 3162 853 reliquos
3201 782 3452 850 ingratus

1875 875 1994 929 fuit.
2040 873 2172 930 Eum
2211 875 2357 928 enim
2396 890 2495 944 pro
2522 891 2672 928 more
2691 890 2792 929 suo
2820 891 2931 928 non
2954 874 3124 929 semel
3155 874 3322 928 tacito
3349 887 3449 925 no-

1874 966 2044 1030 mine,
2087 975 2141 1018 ut
2176 965 2308 1018 mihi
2337 966 2573 1031 videtur,
2600 965 2948 1035 signiﬁcavit.
2983 963 3122 1018 Tum
3151 964 3296 1018 enim
3324 977 3449 1016 ora-

1875 1057 2020 1110 tione
2076 1057 2144 1110 58
2177 1057 2229 1109 in
2262 1055 2604 1125 Theophania
2632 1099 2646 1116 ,
2670 1038 2813 1109 .tum
2844 1057 3006 1110 etiam
3039 1055 3110 1109 42
3153 1055 3207 1109 in
3236 1054 3448 1107 Pascha

1873 1149 1990 1202 haec
2016 1149 2179 1201 verba
2215 1149 2408 1202 habet:
2433 1147 2588 1201 Οὕτω
2626 1149 2722 1218 μὲν
2746 1142 2839 1201 οὖν
2859 1147 2927 1200 τὰ
2946 1146 3080 1215 am
3113 1145 3219 1199 τῶν
3253 1145 3444 1213 ἁγίων,

1871 1237 1906 1290 ἃ
1939 1238 2032 1290 καὶ
2075 1240 2187 1299 τοῖς
2239 1237 2489 1307 Σεραφὶμ
2535 1235 2972 1303 συγκαλύπτεται
3023 1233 3117 1286 καὶ
3167 1231 3448 1295 δοξάζεται

1871 1329 2050 1399 τρισὶν
2082 1329 2374 1398 ἀγιασμοῖς
2423 1329 2502 1390 εἰς
2531 1326 2657 1397 μίαν
2709 1325 2950 1382 συνιοῦσι
3000 1324 3298 1395 κυριότητα
3352 1321 3448 1374 καὶ

1873 1419 2123 1491 Οεὸτητα,
2159 1420 2186 1474 ὂ
2220 1421 2312 1473 καὶ
2346 1419 2489 1489 ἄλλῳ
2521 1419 2626 1471 τινὶ
2658 1419 2767 1472 τῶν
2801 1417 2907 1489 πρὸ
2956 1416 3115 1487 ἡμῶν
3165 1413 3449 1484 πεφιλοσό-

1873 1531 2037 1584 φηται
2059 1513 2322 1567 κάλλιστά
2342 1529 2400 1566 τε
2435 1512 2526 1564 καὶ
2552 1510 2880 1583 ὑψηλότατα.
2913 1509 3004 1564 Sic
3028 1509 3280 1562 nimirum
3307 1507 3418 1561 δαῖε
3435 1537 3451 1547 ο

1871 1617 1956 1661 cta
1991 1617 2290 1661 sanctorum
2318 1606 2623 1677 quteetiam
2657 1621 2689 1656 ιι
2712 1604 3007 1672 seraphinis
3051 1605 3366 1672 obteguntur
3386 1617 3448 1654 ac

1873 1703 2040 1756 tribus
2069 1701 2580 1770 sanctificationibus
2608 1699 2958 1765 celebrantur,
2990 1700 3042 1754 in
3080 1713 3239 1752 unam
3272 1695 3448 1750 domi-

1803 1778 1842 1833 Β
1873 1793 2144 1845 nationem
2175 1800 2223 1845 et
2256 1791 2516 1844 Deitatem
2544 1788 2872 1854 coeuntibus,
2899 1788 3347 1858 quemadmodum
3399 1794 3449 1839 et

1869 1884 2010 1937 alius
2043 1885 2261 1954 quidam
2288 1893 2524 1936 antenos
2572 1881 2920 1951 pulcherrime
2963 1890 3015 1934 et
3074 1878 3449 1934 sublimissimo

1868 1979 2270 2046 philosophatus
2299 1985 2398 2029 est.
2428 1974 2585 2029 Hunc
2609 1974 2777 2028 alium
2817 1974 3093 2044 quemdam
3127 1972 3446 2042 Dionysium

1870 2069 2203 2141 signiﬁcare,
2242 2069 2325 2121 vir
2350 2068 2403 2120 in
2425 2068 2611 2136 lingua
2638 2065 2825 2121 Graeca
2850 2080 3100 2120 summus
3121 2063 3448 2118 Guillelmus

1871 2161 2104 2216 Budaeus
2133 2160 2474 2216 observavit:
2532 2159 2783 2228 quamvis
2839 2157 2893 2211 S.
2939 2156 3304 2210 Athanasium
3357 2155 3446 2208 hic

1869 2253 2200 2322 subintelligi
2261 2253 2532 2306 notaverit
2568 2250 2716 2306 Elias
2739 2249 3039 2304 Cretensis.
3087 2247 3192 2303 Sed
3224 2247 3448 2317 quomi-

1869 2363 1974 2401 nus
1997 2347 2114 2400 haec
2144 2347 2210 2400 de
2241 2345 2542 2398 Athanasio
2572 2343 2868 2411 intelligam
2899 2384 2915 2406 ,
2951 2342 3061 2395 duo
3099 2340 3447 2409 potissimum

1869 2447 2073 2504 vetant,
2105 2445 2220 2492 tum
2253 2437 2518 2505 temporis
2545 2437 2707 2501 ratio,
2744 2444 2858 2488 tum
2884 2449 3056 2503 genus
3110 2433 3442 2500 scriptionis.

1867 2529 2026 2587 Hunc
2067 2529 2213 2584 enim
2267 2529 2448 2598 primo
2494 2526 2798 2598 Gregorius
2837 2534 2995 2580 vocat
3045 2524 3166 2578 τινὰ
3200 2523 3306 2576 τῶν
3341 2523 3448 2594 πρὸ

1867 2622 2047 2694 ἡμῶν,
2084 2621 2189 2676 hoc
2229 2632 2314 2675 est
2342 2623 2621 2690 quemdam
2657 2620 2747 2689 qui
2777 2628 2899 2672 ante
2948 2618 3120 2687 ipsum
3145 2615 3309 2681 vixit;
3337 2631 3449 2685 quo

1866 2713 2348 2784 loquendigenere
2372 2711 2449 2765 uti
2478 2710 2658 2766 solent
2708 2708 2882 2764 Graeci
2933 2709 3229 2778 scriptores
3254 2748 3271 2773 ,
3319 2722 3446 2762 cum

1867 2805 2146 2860 hominem
2170 2804 2476 2873 intelligunt
2510 2810 2805 2871 antequam
2853 2801 2954 2871 ipsi
2985 2801 3099 2856 nati
3149 2800 3301 2866 sint,
3353 2809 3448 2854 aut

1865 2897 2059 2952 saltem
2089 2895 2355 2950 memoria
2395 2893 2681 2963 pollerent,
2711 2901 3009 2948 mortuum.
3069 2889 3447 2947 Nazianzenus

1868 2996 2050 3042 autem
2083 2985 2384 3040 maximam
2411 2986 2534 3039 vita:
2562 2995 2771 3054 partem
2803 2999 2928 3039 cum
2952 2983 3258 3038 Athanasio
3283 2983 3447 3037 simul

1869 3078 2250 3148 consumpsit:
2304 3078 2403 3133 has
2454 3079 2603 3147 ipsas
2651 3077 2929 3132 orationes
2966 3075 3447 3144 Constantinopoli

1868 3172 2076 3227 dixisse
2136 3172 2349 3225 videtur
2403 3179 2530 3225 ante
2572 3169 2916 3240 septennium
2980 3176 3104 3237 post
3160 3166 3447 3221 Athanasii

1869 3275 2100 3320 mortem
2126 3281 2140 3329 ;
2171 3265 2392 3333 scripsit
2421 3275 2625 3326 autem,
2651 3278 2775 3318 cum
2808 3264 2876 3317 de
2906 3261 3065 3316 statis
3111 3259 3448 3316 solemnibus

1868 3368 2052 3428 agant,
2078 3356 2220 3412 forte
2257 3357 2422 3410 etiam
2471 3365 2765 3422 antequam
2802 3353 3141 3408 Athanasius
3187 3352 3442 3408 decessit.

1867 3451 1972 3518 Qui
1999 3459 2183 3504 autem
2216 3450 2406 3504 eadem
2447 3457 2606 3504 aetate
2646 3448 2803 3513 vixit,
2853 3448 2982 3500 licet
3021 3454 3149 3500 ante
3191 3461 3316 3500 eum
3351 3446 3444 3514 qui

1867 3544 2078 3610 scribit,
2105 3554 2158 3598 et
2181 3551 2475 3612 antequam
2509 3542 2734 3608 scribat,
2755 3541 2868 3611 jam
2893 3537 3184 3594 defunctus
3227 3539 3316 3601 sit,
3339 3537 3444 3592 dici

1869 3637 2008 3692 solet
2033 3634 2219 3690 Graece
2241 3634 2326 3699 τὶς
2360 3633 2483 3689 καθ’
2522 3635 2687 3704 ἡμᾶς,
2721 3632 2941 3704 quidam
2964 3633 3054 3702 qui
3087 3640 3269 3684 nostra
3292 3640 3448 3684 (etate

1868 3728 2000 3781 vixit
2024 3767 2038 3791 ,
2076 3733 2137 3779 ut
2177 3725 2292 3795 ipse
2332 3724 2578 3793 loquitur
2601 3723 2850 3778 oratione
2903 3721 3004 3775 56:
3059 3720 3147 3782 Ὠς
3181 3719 3288 3771 τῶν
3323 3717 3447 3771 καθ’

1869 3819 2021 3890 ἡμᾶς
2057 3817 2354 3887 φιλολόγων
2387 3833 2486 3880 τις.
2527 3814 2713 3871 Graece
2748 3814 2896 3869 enim
2934 3812 2994 3865 τὸ
3027 3811 3155 3865 καθ’
3179 3809 3359 3880 ἡμᾶς,
3395 3818 3448 3864 et

1867 3911 1968 3964 ἐπὶ
1989 3909 2106 3963 τῶν
2122 3909 2423 3979 ἡμετέρων
2436 3908 2670 3978 χρόνων
2685 3907 2825 3962 idem
2844 3904 3129 3970 sonantyrb
3150 3903 3262 3972 πρὸ
3279 3901 3450 3971 ἡμῶν

1869 4006 2038 4077 igitur
2066 4003 2284 4075 proprie
2316 4002 2458 4057 idem
2502 4001 2649 4072 quod
2689 4000 2804 4069 πρὸ
2847 3997 3148 4069 ἡμετέρων
3189 3996 3444 4064 χρόνων,

1868 4108 1990 4151 ante
2025 4105 2236 4152 wtatem
2262 4105 2518 4149 nostram.
2557 4093 2636 4149 Ita
2666 4092 2962 4164 Gregorius
3001 4091 3119 4162 ipse
3153 4097 3298 4146 orat.
3333 4089 3402 4142 44
3430 4107 3443 4141 :

1867 4189 2066 4253 Καθὼς
2097 4188 2197 4260 ήδη
2232 4188 2372 4250 τινὲς
2388 4185 2495 4240 τῶν
2511 4185 2617 4258 πρὸ
2633 4184 2790 4257 ἡμῶν
2805 4184 2864 4238 τὸ
2878 4180 3276 4254 Σολομῶντειον
3309 4180 3446 4248 ἐξει-

1867 4283 2116 4353 λήφασιν.
2179 4279 2330 4336 Orat.
2387 4279 2485 4336 28:
2537 4278 2610 4334 Τὸ
2669 4279 2887 4348 ἕτοιμον
2947 4279 3027 4340 εἰς
3081 4275 3330 4342 ἐξουσίαν
3349 4276 3447 4346 ἁρ-

1868 4377 1964 4443 γδν
1997 4378 2076 4439 εἰς
2112 4373 2428 4444 ἐπιθυμίαν,
2463 4372 2538 4436 ὣς
2586 4388 2670 4434 τις
2710 4370 2812 4441 ἔφη
2866 4370 2973 4424 τῶν
3018 4369 3124 4441 πρὸ
3166 4367 3319 4439 ήμῶν
3343 4385 3354 4396 ·
3393 4377 3447 4421 et

175 4476 305 4518 esset
330 4476 632 4530 mutuatus,
658 4478 931 4522 auctorem
961 4470 1171 4539 ingrato
1212 4471 1424 4525 silentio
1450 4471 1761 4525 dissimula-

1868 4480 2004 4522 orat.
2034 4468 2134 4522 '56:
2169 4467 2387 4520 Τούτων
2417 4465 2572 4519 οὐδέν
2607 4480 2805 4535 φαμεν,
2841 4465 2889 4517 εἰ
2923 4463 3016 4517 καί
3051 4478 3162 4515 τισι
3196 4459 3303 4514 τῶν
3339 4461 3444 4530 πρὸ

174 4558 291 4609 ret?
313 4558 426 4611 Cur
455 4574 559 4609 non
584 4559 698 4626 ejus
726 4574 914 4612 nomen
943 4560 1117 4612 ederet
1143 4561 1285 4628 apud
1325 4576 1502 4614 omnes
1542 4565 1759 4615 vellera-

175 4647 317 4700 bile?
356 4647 686 4716 Respondeo
717 4649 918 4718 primo,
974 4663 1174 4702 nomen
1207 4648 1327 4717 ejus
1364 4656 1522 4703 aetate
1556 4648 1762 4718 Grego-

179 4740 243 4791 rii
281 4756 393 4792 non
417 4740 558 4794 adeo
580 4739 892 4794 venerabile
920 4739 1126 4806 fuisse;
1176 4737 1580 4794 Nazianzenum
1634 4757 1762 4794 eum

181 4845 277 4899 pro
300 4846 433 4886 vero
456 4831 783 4900 Areopagita
837 4845 944 4884 non
985 4831 1307 4902 agnovisse;
1361 4843 1644 4888 auctorem
1696 4851 1762 4886 eo

179 4940 288 4993 quo
317 4924 777 4993 scripsitsaeculo
815 4939 914 4993 pro
959 4925 1080 4979 viro
1110 4925 1332 4994 quidem
1384 4941 1601 4994 magno,
1668 4927 1760 4979 sed

180 5031 274 5068 sua
334 5016 444 5069 sub
483 5015 667 5069 alieno
722 5015 948 5070 nomine
987 5016 1181 5070 edente
1224 5025 1508 5086 acceptum
1567 5018 1757 5070 fuisse.

180 5107 509 5179 Respondeo
547 5110 789 5165 secundo
812 5152 828 5176 ,
889 5106 1297 5164 Nazianzenum
1339 5111 1634 5177 scriptores
1672 5127 1760 5164 ec-

180 5201 493 5258 lcsiasticos
529 5204 818 5256 nominare
866 5217 974 5256 non
1033 5203 1232 5263 solere,
1273 5203 1318 5256 si
1375 5202 1515 5257 forte
1569 5218 1761 5257 eorum

181 5296 481 5349 sententias
521 5294 774 5348 adducat.
833 5293 1036 5348 Saltem
1077 5309 1201 5364 ego,
1243 5293 1372 5348 dum
1416 5293 1563 5347 illius
1595 5308 1762 5362 opera

183 5387 542 5453 pervolutavi,
576 5387 850 5440 neminem
881 5385 1033 5440 abeo
1051 5401 1119 5440 ex
1142 5385 1430 5440 catholicis
1475 5386 1548 5439 ita
1585 5385 1761 5439 nomi-

185 5489 365 5531 natum
398 5478 787 5532 annnadverti.
828 5476 1046 5547 Orphea
1077 5478 1324 5547 quidem,
1377 5475 1673 5531 Homerum
1711 5487 1764 5530 ct

185 5566 498 5633 Hesiodum,
549 5567 937 5639 Pythagoram,
982 5567 1356 5636 Herodotum,
1382 5568 1678 5622 Pindarum
1710 5579 1763 5623 et

188 5661 486 5727 Platonem,
523 5663 776 5731 Aquilam
822 5663 985 5717 etiam
1017 5671 1184 5732 atque
1217 5662 1608 5730 Symmachum
1658 5678 1758 5716 no-

193 5756 391 5822 minat;
424 5754 870 5811 Christianormn
907 5757 1239 5826 scriptorum
1267 5757 1511 5822 non’tina,
1545 5768 1758 5826 quoties

1864 4560 2020 4631 ἡμῶν
2037 4560 2110 4622 ὡς
2127 4561 2320 4630 ἰσχυρὰ
2337 4558 2590 4613 τέθειται.
2609 4556 2856 4626 Aliquem
2884 4556 3049 4626 igitur
3067 4553 3443 4608 Nazianzenus

1865 4653 2092 4716 indicat,
2116 4667 2278 4721 quem
2309 4652 2423 4720 ipse
2450 4666 2561 4720 pra:
2607 4658 2767 4704 nitate
2805 4663 2916 4704 non
2967 4649 3151 4704 novit:
3197 4646 3342 4715 quod
3377 4645 3443 4698 de

1863 4744 2165 4797 Athanasio
2189 4742 2292 4796 dici
2326 4758 2431 4796 non
2456 4751 2653 4812 potest.
2683 4740 2958 4803 Secundo,
2989 4741 3077 4794 illa
3114 4740 3276 4795 verba
3299 4738 3440 4808 ὑψη-

1862 4835 2060 4888 λότατα
2095 4835 2523 4904 πεφιλοσόφηται
2545 4875 2558 4898 ,
2596 4834 2840 4888 indicare
2879 4833 3132 4890 videntur
3179 4831 3440 4902 aliquem,

1863 4927 1956 4996 qui
1978 4927 2250 4982 locutione
2276 4927 2510 4996 quadam
2533 4925 2722 4996 grandi
2747 4934 2913 4994 atque
2935 4923 3159 4978 sublimi
3182 4938 3302 4978 eam
3324 4937 3441 4976 rem

1863 5029 2190 5090 prosecutus
2225 5020 2338 5074 sit:
2384 5019 2434 5072 id
2475 5033 2606 5072 vero
2653 5018 2954 5072 Athanasio
3004 5030 3286 5088 tmnquam
3343 5015 3440 5067 tri-

1864 5113 2032 5168 buere
2052 5113 2222 5166 voluit
2254 5109 2658 5176 Nazianzenus,
2689 5113 2848 5181 cujus
2879 5110 3000 5181 styli
3032 5109 3440 5179 simplicitatem

1865 5203 1983 5272 ipse
2013 5204 2216 5272 optime
2254 5203 2423 5269 novit,
2455 5202 2614 5272 cujus
2655 5201 2920 5257 orationis
2962 5200 3353 5256 sublimitatem
3383 5197 3441 5251 in

1864 5295 2195 5366 panegyrico
2221 5310 2502 5364 nunquam
2537 5294 2797 5357 laudavit,
2834 5308 2997 5364 quem
3022 5300 3232 5348 tantum
3275 5289 3440 5359 σοφὸν

1865 5388 1953 5440 τὸν
1985 5387 2141 5456 λόγον
2161 5428 2176 5451 ,
2223 5387 2528 5460 σοφώτερον
2553 5386 2650 5458 τὴν
2681 5387 2918 5442 διάνοιαν
2955 5385 3112 5439 dixit.
3171 5380 3440 5438 Neutrum

1866 5479 2029 5548 igitur
2049 5478 2371 5543 Athanasio,
2394 5480 2556 5532 ambo
2588 5478 2846 5552 Dionysio
2871 5477 3234 5541 conveniunt;
3273 5490 3439 5546 quem

1867 5572 2158 5641 postremis
2187 5570 2407 5626 Eusebii
2447 5570 2784 5640 temporibus
2814 5568 3104 5640 scripsisse
3126 5574 3312 5622 nostra
3338 5566 3442 5620 fert

1866 5665 2152 5720 sententia.
2180 5665 2341 5718 Certe
2364 5666 2510 5734 quod
2549 5663 2680 5716 mihi
2707 5677 2944 5717 maxime
2965 5660 3263 5717 verisimile
3283 5659 3439 5714 vide--

1866 5759 2026 5813 batur
2060 5757 2202 5814 dixi:
2229 5765 2281 5814 et
2299 5772 2410 5812 rem
2427 5765 2594 5812 totam
2609 5753 3129 5826 doctiorumjudicio
3153 5753 3433 5810 submitte.
