3864 6204
431 299 529 358 2η

1033 422 1263 478 CAPUT
1315 422 1404 478 XI.

427 518 816 585 Argumentum
877 517 1179 586 negativum
1234 516 1520 585 refutatur.
1581 514 1704 569 Non
1771 517 2012 585 rejicitur

500 587 639 708 quod
670 585 972 657 negativum
995 589 1086 650 sit,
1114 587 1204 641 sed
1226 587 1441 668 quodin
1466 588 1563 668 hac
1593 603 1648 640 re
1671 589 1774 640 vim
1805 586 2009 667 nullam

540 656 710 708 abeat.
735 658 1117 708 Araumentum
1175 675 1207 708 a
1261 667 1572 708 testimoniis
1627 659 2009 708 afﬁrmattvum

540 656 710 710 abeat.
735 656 1117 726 Argumentum
1175 675 1207 710 a
1261 658 1572 711 testimomis
1627 659 2011 726 afﬁrmativum

503 728 1068 796 negatit'umidestruit.
1101 726 1253 780 Intra
1288 745 1454 781 annos
1488 729 1699 780 circiter
1749 727 1854 780 200
1884 736 2010 796 quot

502 806 745 851 auctores
797 795 1098 868 Ignatianis
1154 799 1509 852 testimonium
1560 797 1811 865 prtebent.
1843 795 2008 868 lgna-

483 868 652 929 ,tiana
682 884 785 922 non
817 867 1029 937 fuerunt
1059 869 1434 922 Alexandrinis
1497 869 1787 938 incognita.
1841 867 2012 937 Euty-

500 937 608 990 chii
634 941 877 992 narratio
904 940 1196 992 excutitur.
1232 938 1424 993 Plures
1461 937 1728 1009 episcopos
1753 941 1809 992 in
1837 939 2009 1009 Αἰθυ-

498 1017 588 1068 pto
619 1010 782 1076 fuisse
810 1021 932 1064 ante
967 1010 1290 1063 Demetrium
1319 1009 1596 1078 probatur.
1654 1010 1731 1062 De
1789 1009 2010 1062 Ait/tio-

497 1080 631 1150 pica:
653 1079 902 1133 Ecclesia:
928 1081 1130 1150 origine
1167 1090 1216 1132 et
1241 1081 1496 1150 episcopis
1539 1080 1654 1150 fuse
1682 1082 2005 1150 disputatur.

499 1149 582 1200 Ad
610 1161 977 1218 argumentum
994 1149 1058 1204 de
1094 1149 1422 1205 Jonensibus
1445 1159 1495 1204 et
1526 1149 2007 1217 Boiariisrespon-

497 1221 768 1292 detur;_et
800 1222 863 1274 de
889 1220 1214 1292 Hieronymo
1247 1233 1404 1292 atque
1442 1221 1765 1290 Epiphanio.
1815 1220 2007 1291 Ignota

497 1292 664 1358 fuisse
697 1289 1030 1362 Tertulliano
1071 1289 1360 1362 Ignatian'a
1380 1289 1737 1345 demonstrari
1772 1289 1875 1346 non
1914 1309 2008 1360 po-

498 1370 598 1414 test
622 1376 640 1423 ;
681 1370 737 1414 ut
763 1377 923 1431 neque
947 1361 1117 1425 Caio,
1143 1379 1305 1430 neque
1335 1362 1588 1416 Clementi
1615 1362 2004 1427 Alexandrino,

495 1447 657 1502 neque
701 1431 920 1502 Origeni
945 1474 960 1497 ,
1001 1448 1163 1501 neque
1188 1431 1338 1485 Julio
1362 1433 1619 1500 Africano
1644 1475 1659 1498 ,
1703 1450 1863 1503 neque
1901 1432 2008 1485 La-

495 1503 701 1574 ctantio
721 1540 738 1564 ,
770 1518 932 1571 neque
957 1503 1211 1572 Dionysio
1252 1503 1637 1558 Alexandrino.
1692 1505 2006 1574 Argumenti

494 1573 737 1626 collectio
778 1576 1177 1642 responsionum
1203 1575 1509 1628 collectione
1537 1573 1877 1645 expungitur.

493 1689 632 1742 Cum
659 1688 712 1742 in
741 1690 912 1758 priori
946 1689 1312 1744 Vindiciarum
1334 1700 1490 1760 parte
1512 1692 1578 1746 de
1599 1691 1858 1745 omnibus
1885 1707 2007 1760 quae

423 1783 493 1837 ad
519 1791 811 1837 externum
864 1792 1254 1854 argumentum
1307 1799 1338 1837 a
1391 1784 1722 1839 testimoniis
1774 1784 2002 1853 petitum
2040 1777 2082 1835 Β

422 1876 718 1944 pertinent,
760 1876 1042 1946 disputare
1073 1877 1206 1930 mihi
1239 1878 1601 1932 constitutum
1645 1878 1734 1943 sit,
1783 1878 2008 1947 jamque

423 1969 674 2040 singulos
702 1978 870 2025 testes
902 1970 969 2025 ad
999 1969 1280 2040 lgnatiana
1321 1971 1694 2025 conﬁrmanda
1742 1971 2006 2025 adductos

423 2061 495 2115 ab
553 2061 857 2118 adversarii
885 2063 1314 2133 objectionibus
1362 2063 1741 2127 liberaverim;
1782 2078 2008 2117 necesse

423 2163 508 2208 est
542 2163 601 2208 ut
640 2157 829 2212 eadem
863 2171 1029 2226 opera
1085 2169 1472 2228 argumentum
1505 2158 1659 2222 illud,
1691 2158 1836 2227 quod
1885 2173 2007 2212 om-

423 2247 579 2301 nium
613 2249 777 2304 simul
800 2251 1238 2305 testimoniorum
1283 2252 1392 2304 vim
1417 2261 1732 2306 enervatum
1764 2252 1836 2316 it,
1871 2266 2004 2304 exa-

423 2341 652 2403 minem,
685 2353 740 2394 et
769 2339 1168 2396 formidandam
1195 2341 1288 2396 alti
1321 2358 1386 2397 ac
1412 2342 1656 2397 diuturni
1677 2341 1880 2396 silentii
1903 2357 2007 2394 nu-

425 2434 551 2486 bem
581 2431 914 2502 dispergam.
962 2433 1106 2489 Ecce
1131 2436 1276 2489 enim
1333 2435 1569 2490 Dallaeus
1620 2444 2002 2505 argumentum

424 2524 726 2578 fabricatus
755 2533 841 2579 est
883 2534 938 2580 et
963 2534 1259 2596 exposuit,
1298 2527 1444 2596 quod
1485 2542 1654 2580 unum
1711 2527 1814 2581 sibi
1869 2527 2005 2581 satis

424 2632 549 2683 esse
579 2615 903 2680 conlitetur;
933 2616 1070 2672 adeo
1103 2625 1163 2671 ut
1189 2617 1399 2686 reliqua
1425 2617 1609 2671 omnia
1637 2617 1758 2670 ideo
1791 2624 2002 2670 tantum

426 2709 638 2773 all'erat,
672 2718 734 2764 ut
764 2709 832 2763 iis
857 2708 1181 2774 satisfaciat,
1215 2710 1308 2779 qui
1357 2710 1486 2764 huic
1511 2725 1620 2764 non
1657 2717 2002 2779 argumento,

426 2802 520 2856 sed
546 2800 964 2872 argumentandi
1009 2803 1190 2867 generi
1230 2801 1500 2855 diﬂidunt.
1554 2800 1848 2871 Hocigitur
1886 2799 2006 2854 fuse

427 2893 674 2962 quinque
707 2893 937 2962 integris
954 2893 1247 2961 capitibus,
1276 2909 1306 2947 a
1339 2893 1842 2962 quintoincipiens,
1877 2907 2004 2960 pro-

427 2987 698 3054 sequitur.
735 2985 1005 3048 Primum,
1047 2985 1248 3054 inquit,
1274 2986 1557 3056 etquidem
1597 2986 1844 3039 adversus
1891 2987 2006 3037 uni-

1465 296 1523 353 S.
1567 294 1914 352 IGNATIUS.
1951 326 2018 335 —
2067 292 2602 349 PROLEGOMENA.

2041 432 2088 484 Α
2120 430 2284 490 atque
2311 420 2596 489 explorato
2628 416 3011 472 tantummodo
3046 414 3228 478 habet,
3274 413 3418 467 unde
3475 411 3546 466 ah
3574 411 3706 464 aliis

3594 283 3711 344 Μ

2115 523 2303 584 postea
2344 521 2600 582 receptus
2631 519 2736 565 est.
2785 509 3011 563 Certum
3045 517 3228 562 autem
3267 517 3351 561 est
3396 504 3701 560 Eusebium

2115 623 2217 662 nec
2254 607 2426 660 ullum
2463 606 2664 658 librum
2700 604 2843 656 inter
2865 601 3187 666 canonicos,
3212 614 3314 654 nec
3350 598 3494 652 inter
3525 596 3706 651 eccle-

2115 700 2370 756 siasticos
2401 713 2497 767 pro
2527 696 2833 751 indubitate
2865 709 2996 748 vero
3021 693 3314 762 recepisse,
3354 705 3519 760 quem
3553 687 3701 743 scri-

2112 800 2330 862 ptorum
2363 787 2861 844 ecclesiasticarum
2895 793 3021 837 ante
3061 797 3121 838 se
3173 781 3396 836 silentio
3446 775 3704 848 praeteri-

2111 893 2228 938 tum
2282 890 2338 937 et
2389 890 2640 936 veterum
2694 877 3026 933 testimoniis
3082 874 3302 944 penitus
3361 872 3698 926 destitutum

2111 973 2537 1038 animadvertit;
2580 986 2757 1042 neque
2799 986 2898 1040 pro
2921 967 3226 1023 indubitate
3255 964 3392 1019 falso
3429 963 3702 1033 reiecisse

2111 1077 2276 1140 atque
2297 1068 2716 1127 condemnasse,
2743 1063 2851 1118 nisi
2878 1070 3074 1133 praater
3115 1057 3552 1114 testimoniorum
3599 1054 3702 1108 de-

2111 1159 2314 1213 fectum
2345 1157 2551 1228 aliquid
2591 1157 2645 1210 in
2671 1155 2796 1209 libri
2830 1151 3061 1207 materia
3084 1149 3344 1202 vitiosum
3387 1144 3702 1215 deprehen-

2109 1251 2270 1317 derit,
2305 1251 2448 1305 utin
2478 1248 2622 1303 Petri
2670 1255 2727 1301 et
2769 1243 3000 1314 Apionis
3025 1240 3254 1311 dialogis
3302 1238 3405 1292 sub
3468 1236 3699 1290 nomine

2108 1342 2408 1398 Clementis
2444 1340 2737 1412 publicatis
2763 1357 2776 1392 :
2808 1332 2908 1390 Ὧν
2927 1336 3033 1388 οὐδ’
3055 1335 3193 1396 ὅλως
3217 1332 3404 1402 μνήμη
3437 1346 3519 1392 τις
3539 1328 3699 1399 παρὰ

2109 1437 2220 1498 τοῖς
2253 1434 2504 1497 παλαιοῖς
2537 1433 2762 1504 φέρεται
2785 1447 2799 1459 ·
2835 1429 2956 1482 οὐδὲ
2975 1428 3085 1500 γὰρ
3117 1425 3357 1495 καθαρὸν
3388 1425 3488 1494 τῆς
3533 1423 3700 1476 Ἀπο-

2113 1530 2360 1600 στολικῆς
2393 1526 2702 1599 ὀρθοδοξίας
2735 1521 3009 1586 ἀποσώζει
3042 1520 3134 1574 τὸν
3179 1519 3520 1591 χαρακτῆρα.
3545 1516 3699 1580 Quo-

2111 1637 2231 1674 rum
2261 1619 2404 1689 apud
2445 1619 2694 1687 antiquos
2721 1615 2869 1669 nulla
2901 1615 3114 1667 omnino
3137 1621 3310 1666 exstat
3338 1612 3566 1666 mentio:
3603 1626 3701 1662 ne-

2109 1730 2206 1783 que
2231 1713 2369 1766 enim
2389 1712 2598 1764 sincera
2628 1718 2785 1763 recta:
2811 1708 2936 1777 ﬁdei
2961 1706 3024 1759 ab
3047 1705 3302 1774 apostolis
3333 1703 3698 1757 tradittenota

2110 1808 2165 1860 in
2195 1805 2307 1858 illis
2342 1819 2592 1872 expressa
2649 1800 2933 1870 reperitur.
2985 1798 3382 1866 Argumentum
3449 1794 3618 1862 igitur
3661 1810 3697 1848 a

2109 1897 2430 1954 testimonio
2468 1894 2784 1965 negativum
2809 1907 2917 1945 non
2947 1890 3199 1944 absolute
3231 1886 3696 1955 subterfugimus;

2111 1993 2204 2047 sed
2239 1992 2329 2045 ubi
2360 1991 2469 2044 vim
2509 1990 2750 2058 aliquam
2795 1986 2979 2050 habet,
3028 1984 3264 2038 libenter
3325 1982 3698 2046 admittimus,

2111 2087 2224 2141 imo
2249 2092 2303 2138 et
2327 2097 2606 2152 urgemus.
2642 2079 2700 2132 ln
2733 2078 2979 2148 epistolis
3024 2076 3234 2146 lgnatio
3279 2074 3554 2144 ascriptis,
3595 2072 3697 2126 sed

2108 2194 2211 2232 nec
2240 2177 2309 2231 ab
2345 2174 2606 2240 Eusebio,
2643 2188 2742 2226 nec
2777 2172 2846 2224 ab
2870 2169 3202 2240 Hieronymo
3232 2167 3548 2221 memoratis
3593 2165 3699 2218 ad-

2109 2267 2416 2331 mittimus;
2456 2273 2664 2320 etcum
2699 2277 2862 2317 nemo
2899 2277 2996 2332 per
3033 2269 3274 2330 quatuor
3322 2258 3521 2313 szecula
3565 2265 3700 2326 post

2109 2361 2302 2430 lgnatii
2359 2367 2590 2412 mortem
2629 2371 2817 2410 earum
2861 2353 3197 2416 meminerit,
3243 2351 3468 2406 omnino
3507 2350 3698 2419 rejici—

2108 2468 2255 2506 mus.
2295 2451 2353 2504 In
2385 2449 2635 2521 epistolis
2667 2462 2898 2518 prorsus
2937 2454 3061 2500 ante
3093 2445 3197 2498 hoc
3228 2444 3489 2498 saeculum
3523 2442 3698 2494 inau-

2109 2545 2260 2610 ditis,
2289 2558 2353 2598 ac
2382 2558 2450 2597 ne
2473 2557 2619 2595 nunc
2643 2539 2862 2610 quidem
2892 2536 3238 2592 exstantibus
3265 2575 3280 2597 ,
3333 2535 3428 2589 sed
3481 2534 3701 2589 solum-

2109 2638 2274 2690 modo
2301 2636 2367 2689 ad
2403 2633 2732 2688 eludendum
2767 2631 2825 2685 S.
2853 2630 3139 2701 Polycarpi
3185 2627 3560 2683 testimonium
3590 2641 3698 2680 ex-

2109 2730 2362 2798 cogitatis
2414 2728 2578 2782 etiam
2638 2739 2930 2795 urgemus;
2977 2733 3033 2777 et
3086 2737 3212 2777 cum
3261 2719 3394 2773 nulli
3444 2734 3698 2788 unquam

2109 2823 2308 2878 szeculo
2327 2823 2556 2892 cognita:
2586 2818 2811 2884 fuerint,
2832 2833 2934 2887 pro
2953 2816 3210 2886 ﬁgmento
3230 2815 3516 2868 habemus.
3541 2812 3700 2868 Iden.

2107 2917 2343 2987 denique
2394 2929 2600 2984 negans
2629 2920 3045 2982 argumentum,
3103 2907 3150 2962 si
3203 2907 3343 2961 forte
3405 2906 3696 2971 oﬂeratur,

2107 3013 2286 3082 primo
2316 3008 2676 3072 discutimus;
2705 3005 3044 3068 discussum,
3073 3002 3118 3057 si
3150 3001 3357 3055 nullam
3402 3001 3456 3053 in
3491 3014 3549 3054 se
3579 3000 3698 3052 vim

423 3097 601 3135 versas
626 3082 760 3135 istas
791 3082 1042 3152 epistolas
1074 3099 1348 3136 commune
1379 3092 1747 3151 argumentum
1790 3098 1822 3133 a
1871 3081 2004 3134 scri-
2031 3121 2078 3182 Ο
2109 3081 2311 3158 habere
2342 3103 2502 3157 nobis
2531 3101 2803 3163 videatur,
2834 3110 3139 3166 negamus;
3174 3102 3228 3148 ει
3264 3091 3576 3162 negationis
3604 3104 3701 3148 η,

424 3180 638 3242 ptorum
663 3173 1142 3228 ecclesiasticarum
1177 3175 1391 3228 silentio
1437 3173 1654 3226 ducitur
1680 3214 1694 3239 ,
1737 3173 1827 3243 qui
1883 3181 2006 3226 ante

427 3265 716 3320 Eusebium
738 3268 881 3337 apud
912 3285 1005 3321 nos
1033 3269 1352 3336 ﬂoruerunt.

498 3358 618 3414 Non
645 3377 793 3417 nunc
822 3361 890 3416 de
920 3361 973 3416 vi
1006 3363 1314 3432 argumenti
1349 3379 1379 3417 a
1405 3344 1723 3418 teslimonio
1746 3363 2005 3428 negativi,

427 3455 545 3510 sive
572 3471 602 3509 a
630 3455 851 3512 silentio
875 3457 1206 3526 scriptorum
1234 3455 1388 3527 petiti
1426 3456 1645 3526 disputo
1673 3474 1687 3520 ;
1733 3472 1840 3509 non
1868 3471 2007 3525 nego

428 3547 650 3617 aliquod
677 3547 993 3618 hujusmodi
1017 3547 1315 3618 aliquando
1334 3549 1498 3602 etiam
1530 3548 1598 3602 de
1631 3547 2009 3617 suppositione

427 3639 665 3708 alicujus
718 3641 904 3711 scripti
936 3641 1150 3697 valere:
1211 3642 1323 3697 imo
1368 3641 1601 3696 libenter
1631 3659 1740 3697 non
1796 3652 2008 3697 tantum

428 3732 695 3798 coticedo,
755 3734 852 3789 sed
906 3743 962 3788 et
1013 3735 1286 3791 contendo
1316 3737 1410 3790 tali
1441 3747 1766 3806 argumento
1816 3737 2006 3790 nixum

427 3840 828 3895 nonnunquam
888 3827 1188 3882 Eusebium
1228 3830 1434 3899 ipsum,
1491 3844 1654 3898 quem
1699 3829 2003 3898 sequimur,

428 3922 738 3990 aliquorum
763 3921 1029 3976 librorum
1060 3924 1440 3977 auctoritatem
1465 3924 1780 3992 respuisse;
1812 3932 1871 3975 ut
1900 3923 2012 3976 An-

427 4013 573 4066 dreae
597 4023 654 4066 et
678 4011 910 4067 Joannis
927 4022 981 4067 et
1003 4013 1238 4070 aliorum
1262 4015 1634 4086 apostolorum
1659 4015 1828 4070 Actus
1855 4031 2012 4082 repu-

427 4104 633 4172 diabat,
661 4099 737 4160 ὧν
771 4107 921 4160 οὐδὲν
953 4107 1202 4178 οὐδαμῶς
1223 4110 1282 4162 ἐν
1317 4108 1710 4180 συγγράμματι
1744 4109 1851 4161 τῶν
1871 4109 2011 4162 κατὰ

426 4200 678 4270 διαδοχὰς
717 4200 1220 4273 Ἐκκλησιαστικῶν
1241 4219 1325 4266 τις
1357 4203 1495 4274 ἀνὴρ
1515 4205 1595 4266 εἰς
1631 4204 1850 4274 μνήμην
1870 4203 2010 4270 ἁγα-

427 4297 545 4364 γεϊν
576 4293 798 4366 ἠξίωσε.
837 4295 979 4360 Quos
1011 4296 1189 4351 nullus
1219 4313 1453 4366 unquam
1491 4298 1581 4368 qui
1606 4300 1917 4350 continuata
1945 4296 2010 4348 ab

427 4387 684 4450 apostolis
709 4390 1036 4442 successione
1061 4389 1117 4442 in
1170 4387 1412 4443 Ecclesia
1445 4391 1647 4456 docuit,
1696 4391 1752 4443 in
1794 4387 2010 4460 scriptis

2109 3197 2314 3251 tionem
2349 3193 2650 3248 reddimus.

2182 3287 2296 3358 Ego
2326 3302 2466 3351 vero,
2497 3283 2676 3354 inquit
2717 3282 2804 3335 vir
2842 3279 3220 3345 doctissimus,
3250 3294 3352 3331 non
3396 3277 3695 3346 negaret-ir:

2110 3383 2350 3454 quaedam
2380 3396 2490 3434 esse
2523 3376 2850 3448 hujusmodi,
2875 3375 2927 3427 in
2964 3373 3152 3443 quibus
3180 3385 3453 3441 perperam
3479 3369 3576 3422 hoc
3602 3383 3699 3421 er-

2111 3474 2343 3546 gumenti
2378 3487 2537 3542 genus
2566 3468 2838 3523 adhibeas.
2865 3465 2932 3522 Et
2967 3480 3067 3536 ego
3091 3463 3360 3518 afﬁrmare
3391 3477 3498 3516 non
3526 3460 3697 3515 dubi-

2111 3565 2365 3631 taverim,
2397 3577 2621 3619 causam
2664 3569 2910 3616 nostram
2953 3556 3227 3628 ejusmodi
3265 3569 3411 3618 esse,
3444 3561 3500 3607 ul
3541 3553 3600 3606 in
3627 3565 3697 3606 ea

2110 3663 2216 3715 rite
2239 3657 2485 3714 adhiberi
2516 3654 2740 3710 minime
2766 3653 2961 3722 possit.
2995 3649 3054 3705 Si
3077 3651 3223 3704 enim
3255 3662 3498 3716 unquam
3527 3661 3699 3715 argu-

2113 3764 2355 3808 mentum
2402 3766 2430 3805 a
2477 3748 2797 3804 testimonio
2843 3744 3154 3815 negativum
3207 3741 3343 3794 nihil
3394 3740 3593 3802 valeat,
3638 3737 3696 3792 id

2113 3855 2226 3900 tum
2266 3844 2539 3915 praecipue
2580 3842 2659 3907 ﬁt,
2690 3855 2814 3894 cum
2866 3838 3026 3890 datur
3065 3841 3448 3905 argumentum
3480 3847 3510 3884 a
3535 3831 3699 3885 testi-

2113 3938 2297 3992 monio
2345 3933 2765 3996 allirmativum,
2813 3927 2957 3999 quod
3003 3926 3081 3980 illi
3130 3925 3293 3994 plane
3349 3922 3694 3978 contrarium

2114 4030 2308 4086 asserit
2323 4038 2378 4083 et
2395 4026 2617 4083 evincit.
2637 4025 2840 4083 Contra
2863 4022 3007 4076 enim
3035 4015 3449 4072 al'ﬁrmationem
3471 4013 3698 4067 testium

2113 4122 2264 4177 omni
2297 4120 2402 4174 ﬁde
2431 4119 2753 4189 dignorum,
2787 4113 3050 4182 nullaque
3095 4107 3352 4165 falsitatis
3388 4115 3483 4160 aut
3527 4105 3703 4159 imbe—

2114 4213 2354 4269 cillitatis
2381 4211 2697 4281 suspicione
2715 4205 3111 4268 laborantium,
3132 4201 3269 4255 nihil
3292 4199 3434 4253 valet
3455 4198 3699 4252 aliorum

2114 4305 2355 4368 negatio,
2384 4302 2558 4356 multo
2605 4301 2790 4353 minus
2823 4296 3123 4351 silentium.
3156 4291 3270 4346 Hoc
3301 4291 3524 4361 quidem
3557 4305 3699 4344 casu

2116 4405 2494 4467 argumentum
2526 4407 2730 4463 negans
2757 4391 2996 4459 seipsum
3023 4393 3212 4457 negat;
3245 4383 3510 4438 fundatur
3544 4385 3699 4436 enim

427 4481 539 4533 suis
567 4496 976 4534 commemorare
1000 4481 1252 4552 dignatus
1289 4490 1385 4536 est.
1422 4481 1572 4536 Hist.
1598 4483 1724 4537 eccl.
1766 4483 1802 4536 Ι.
1841 4497 1926 4539 ιιι.
1958 4499 2008 4537 c.
2043 4486 2088 4540 D
2119 4492 2171 4544 in
2219 4489 2457 4560 generali
2504 4485 2723 4541 silentio
2757 4502 2770 4537 :
2799 4492 2852 4537 at
2889 4497 3015 4537 cum
3050 4480 3136 4534 vel
3177 4479 3362 4550 plures
3405 4477 3492 4530 vel
3523 4475 3699 4528 etiam

425 4575 519 4629 25.
561 4573 860 4629 Clementis
895 4575 1062 4629 etiam
1107 4575 1394 4644 epistolam
1445 4577 1744 4632 secundam
1793 4575 2007 4641 reiecit,

429 4667 574 4721 hanc
607 4667 824 4721 unicam
851 4667 1120 4722 rationem
1146 4669 1410 4724 reddens:
1447 4669 1521 4722 Οὐ
1561 4671 1666 4741 μὴν
1699 4669 1775 4722 ἔθ’
1809 4669 2012 4741 ὁμοίως

426 4761 492 4829 τῇ
530 4758 775 4830 προτέρᾳ
807 4757 900 4810 καὶ
933 4757 1138 4829 ταύτην
1171 4758 1447 4831 γνώριμον
1498 4739 1878 4830 ὲπέιοέτάμεθαγ,
1930 4739 2012 4810 δἐι

431 4850 566 4920 μηδὲ
600 4851 725 4914 τοὺς
758 4851 1018 4923 ἀρχαίους
1044 4852 1180 4924 αὐτῇ
1207 4853 1578 4925 κεχρημένους
1614 4853 1788 4924 ἴσμεν.
1820 4850 2012 4904 Verum

427 4942 562 4995 lianc
586 4958 689 4994 non
722 4944 936 5011 perinde
959 4953 1222 5014 receptam
1275 4955 1430 5014 atque
1459 4944 1808 5014 approbatum
1845 4944 2013 5012 fuisse

425 5049 523 5102 pro
546 5042 687 5087 certo
712 5034 984 5101 habemus,
1013 5034 1437 5105 quandoquidem
1457 5035 1764 5088 vetustiores
1797 5034 1910 5102 ejus
1937 5041 2012 5086 te-

427 5127 680 5181 stimonio
710 5143 1040 5198 nequaquam
1069 5145 1191 5182 usos
1212 5145 1323 5182 esse
1371 5129 1740 5199 comperimus,
1776 5129 1811 5181 I.
1841 5133 2008 5191 Ill,"c.

426 5222 518 5276 '58.
552 5219 655 5277 Ubi
693 5221 982 5293 diligenter
1009 5223 1414 5277 observandum
1464 5232 1567 5288 est,
1601 5222 1896 5277 discrimen
1957 5221 2012 5274 in

425 5314 516 5368 his
540 5313 678 5384 ipsis
709 5314 866 5370 libris
897 5314 1268 5384 dijudicandis
1294 5318 1364 5371 ab
1391 5316 1631 5371 Eusebio
1658 5315 1963 5370 adhibitum
1996 5333 2010 5379 ;

427 5408 640 5479 priores
671 5423 899 5477 prorsus
928 5419 982 5464 et
1027 5414 1245 5481 penitus
1276 5414 1622 5478 condemnat,
1657 5429 1763 5467 non
1801 5421 2012 5466 tantum

428 5501 502 5556 ob
560 5503 1008 5558 testimoniorum
1045 5504 1318 5561 defectum
1347 5546 1362 5570 ,
1419 5507 1513 5561 sed
1545 5515 1601 5560 et
1626 5507 1698 5560 ob
1727 5506 2014 5560 materiam

429 5596 756 5666 apostolicis
787 5598 1011 5667 scriptis
1038 5599 1263 5654 minime
1294 5607 1743 5665 cousentaneam,
1771 5608 1825 5654 et
1852 5599 2015 5669 plane

431 5688 788 5757 haereticam;
825 5692 1187 5761 posteriorem
1223 5699 1429 5758 autem,
1465 5694 1612 5762 quod
1648 5693 2013 5747 vetustiorum

430 5783 766 5841 testimoniis
812 5785 1108 5842 destitutus
1159 5796 1326 5855 esset,
1366 5804 1465 5858 pro
1497 5805 1601 5844 non
1630 5789 1764 5845 adeo
1799 5796 2014 5855 recepto

2116 4599 2260 4638 unus
2287 4581 2552 4650 loquitur,
2577 4576 2826 4648 generale
2859 4574 3140 4630 silentium
3169 4587 3278 4625 non
3315 4580 3417 4624 est.
3451 4569 3554 4634 Qui
3585 4568 3702 4620 vim

2114 4677 2234 4745 ejus
2273 4674 2510 4728 maxime
2556 4669 2876 4733 defendunt,
2914 4674 3045 4720 tunc
3087 4671 3299 4718 tantum
3349 4659 3538 4715 efficax
3571 4673 3701 4713 esse

2115 4769 2374 4829 fatentur,
2419 4780 2542 4819 cum
2600 4761 2776 4816 nullus
2819 4760 3031 4812 omnino
3074 4757 3303 4826 scriptor
3346 4752 3566 4824 azqualis
3621 4749 3702 4804 vel

2114 4876 2314 4930 suppar
2352 4865 2575 4927 prtestat
2619 4853 3012 4915 testimonium;
3049 4849 3142 4903 ubi
3188 4855 3370 4901 autem
3397 4843 3482 4898 vel
3510 4845 3704 4912 plures

2113 4955 2200 5008 vel
2231 4953 2396 5007 etiam
2426 4965 2570 5005 unus
2597 4955 2848 5008 testatur,
2876 4944 2980 4999 dici
3013 4957 3120 4996 non
3145 4948 3326 5010 petest
3348 4937 3553 4990 nullum
3579 4951 3703 4988 om—

2117 5047 2241 5099 nino
2273 5043 2632 5097 testimonium
2661 5049 2936 5108 praestare.
2969 5033 3148 5088 Causa
3180 5033 3349 5102 igitur
3371 5038 3561 5084 nostra
3595 5028 3704 5082 hoc

2117 5143 2500 5208 argumentum
2549 5131 2773 5185 minime
2818 5127 3080 5182 admittit.
3128 5122 3246 5178 Non
3293 5121 3439 5176 enim
3483 5128 3703 5173 tantum

2115 5226 2437 5288 Eusebium,
2467 5223 2559 5294 qui
2603 5224 2742 5276 intra
2773 5220 3042 5274 ducentos
3091 5224 3215 5286 post
3254 5215 3464 5268 obitum
3504 5210 3705 5280 lgnatii

2117 5334 2293 5374 annos
2324 5316 2488 5382 vixit,
2521 5314 2734 5369 ﬂoruit.
2769 5321 2822 5366 et
2851 5311 3136 5380 presbyter
3167 5306 3294 5369 fuit,
3330 5302 3706 5371 locupletissi-

2117 5428 2268 5468 mum
2308 5420 2500 5465 testem
2542 5408 2837 5470 habemus,
2870 5403 2962 5458 sed
3005 5411 3059 5456 et
3098 5408 3226 5455 ante
3263 5414 3389 5453 eum
3420 5397 3586 5452 etiam
3636 5395 3708 5446 ah

2118 5507 2238 5574 ipsa
2286 5501 2620 5559 sanctissimi
2667 5497 2924 5569 martyris
2969 5495 3228 5564 passione
3259 5491 3598 5560 complures.
3642 5485 3703 5539 S.

2083 5575 2102 5594 ’
2121 5598 2455 5668 Polycarpus
2487 5596 2586 5650 has
2619 5594 2765 5663 ipsas
2788 5589 3070 5660 epistolas,
3097 5602 3209 5641 non
3234 5585 3372 5639 alias
3397 5592 3492 5637 aut
3521 5583 3707 5636 diver-

2120 5709 2231 5754 sas,
2265 5691 2455 5759 eodem
2492 5703 2603 5758 quo
2645 5685 2861 5754 scripta:
2893 5689 3023 5740 sunt
3057 5695 3203 5734 anno
3239 5677 3478 5746 collegit,
3505 5674 3700 5739 edidit,

2120 5782 2433 5853 posteritati
2474 5778 2910 5842 commendavit,
2960 5784 3016 5831 ut
3065 5772 3184 5828 fuse
3247 5771 3536 5840 probatum
3595 5774 3696 5820 est.
