3864 6204
176 203 285 259 ’313

735 272 800 301 Nu

971 203 1021 259 .l.
1052 203 1422 266 PEAIlSONn
1458 204 1781 262 vnvolcm:
1822 189 2244 266 leuamus.
2303 188 2587 265 Liparis
2623 208 2665 264 ι.

3353 207 3464 267 Ωιι

176 326 341 384 Philo
374 334 433 382 et
477 326 826 398 Agathopus,
863 326 924 382 Β.
964 326 1159 399 lgnatii
1201 344 1269 383 ex
1316 327 1475 399 Syria
1518 330 1775 396 comites,
1809 343 1855 392 Α
1880 331 2092 388 edicere
2121 348 2249 407 non.
2272 340 2468 402 potest,
2499 340 2563 387 ut
2590 331 2737 403 quod
2767 332 2837 388 ab
2867 332 2989 387 aliis
3029 312 3231 393 visum.
3256 334 3455 397 lectum

177 422 236 477 in
270 421 433 476 Actis
461 421 722 492 proximo
748 435 896 475 anno
920 421 1105 487 editis,
1134 431 1193 476 ut
1221 421 1459 486 videtur,
1491 420 1779 491 epistolam

177 515 247 575 ad
279 513 570 569 Romanos
591 522 1048 573 commemorant.
1077 511 1137 568 S.
1166 513 1404 568 lrenaaus
1427 529 1535 569 non
1561 514 1782 573 aliunde

178 623 351 677 quam
383 622 453 662 ex
488 605 680 661 eadem
712 605 947 676 epistola
973 605 1244 677 insignem
1273 606 1601 660 sententiam
1629 614 1781 661 tran-
1816 610 1822 615 '

178 701 429 770 scripsit.
482 699 542 755 S.
574 699 947 770 Theophilus,
978 698 1290 755 Antiochia:
1337 700 1653 769 episcopus,
1687 710 1782 755 aut

178 803 328 848 certe
378 802 542 848 vetus
588 801 782 847 auctor
818 790 875 848 S.
910 791 1115 847 Basilio
1160 791 1365 858 dictus,
1395 791 1643 861 ejusdem
1688 808 1783 847 sre-

180 886 314 951 ruli,
345 887 517 941 aliam
556 886 724 940 etiam
754 885 1087 941 sententiam
1129 900 1197 939 ex
1239 884 1472 955 epistola
1503 884 1569 939 ad
1601 883 1782 955 Ephe-

178 980 296 1034 sios
323 987 616 1035 mutuatus
644 986 750 1033 est.
784 977 972 1033 Tertio
1002 978 1206 1033 sacculo
1236 977 1502 1049 Origenes
1532 977 1777 1033 eamdem

177 1071 644 1147 commemoravit
678 1071 901 1141 juvenis
935 1071 1139 1134 adhuc,
1173 1078 1227 1125 et
1257 1069 1419 1125 aliam
1451 1085 1519 1125 ex
1548 1070 1779 1140 epistola

177 1165 246 1223 ad
296 1163 587 1220 Romanos
640 1164 786 1218 idem
833 1178 997 1219 senex
1049 1164 1343 1234 excerpsit,
1375 1178 1440 1219 ac
1486 1162 1780 1233 utrobique

178 1256 457 1328 lgnatium
492 1258 822 1311 nominavit.
859 1256 977 1311 Non
1014 1258 1182 1330 igitur
1211 1258 1381 1314 altum
1419 1260 1473 1313 in
1510 1256 1779 1321 Ecclesia,

178 1367 290 1408 non
334 1351 664 1406 diuturnum
705 1351 984 1406 silentium
1030 1351 1155 1407 fuit.
1205 1350 1466 1421 Epistolas
1500 1348 1557 1406 S.
1588 1349 1780 1421 lgnatii

178 1443 250 1504 ab
298 1443 424 1513 ipso
461 1458 655 1497 earum
694 1451 821 1498 ortu
871 1453 928 1498 et
968 1451 1115 1501 nota:
1160 1451 1217 1497 et
1251 1443 1499 1498 illustres
1538 1441 1778 1505 fuerunt,

176 1547 480 1607 postquam
524 1535 771 1606 genuino
820 1535 1080 1607 martyris
1128 1534 1288 1600 fetui,
1333 1550 1443 1591 non
1484 1533 1776 1602 Eusebius,

176 1625 273 1683 sed
325 1625 388 1681 S.
422 1624 765 1696 Polycarpus
816 1625 1207 1682 obstetricatus
1250 1636 1355 1681 est.
1397 1625 1475 1680 Ex
1518 1641 1628 1697 quo
1658 1626 1780 1693 ejus

175 1721 415 1790 epistola
446 1720 517 1775 ad
554 1719 938 1791 Philippenses
962 1720 1090 1775 data
1124 1720 1179 1774 in
1206 1719 1429 1790 publico
1467 1719 1609 1773 Asiae
1644 1733 1779 1773 con-

176 1825 346 1869 ventu
382 1812 745 1882 personabat,
768 1810 1050 1883 lgnatiana
1085 1821 1369 1882 tantopere
1401 1810 1781 1865 commendata

177 1906 348 1962 latere
397 1905 571 1960 nullo.
603 1904 771 1961 modo
818 1914 1140 1976 potuerunt.
1198 1903 1423 1960 Nullum
1470 1905 1638 1977 igitur
1691 1904 1781 1960 hic

176 1999 484 2064 silentium;
501 1997 708 2052 nullum
732 1997 981 2068 negantis
1001 1999 1310 2068 argumenti
1336 1996 1777 2053 fundamentum.

243 2087 485 2141 Summa
536 2087 851 2157 argumenti
895 2102 926 2141 a
958 2087 1088 2155 .viro
1150 2088 1475 2144 doctissimo
1527 2088 1780 2160 producti

177 2178 293 2234 haec
334 2186 443 2233 est.
505 2176 564 2233 Si
604 2193 749 2234 verae
793 2188 980 2235 essent
1026 2179 1112 2235 hae
1150 2179 1348 2249 lgnatii
1396 2180 1659 2252 epistolae,
1703 2196 1782 2237 ea:

178 2270 422 2327 fuissent
446 2271 585 2326 viris
613 2270 871 2337 eruditis,
894 2272 1117 2329 Justino
1142 2274 1197 2328 in
1225 2275 1446 2345 primis,
1472 2283 1528 2333 et
1551 2274 1777 2343 Irenaeo,

177 2375 230 2419 et
276 2363 554 2424 Clementi
598 2365 998 2433 Alexandrino,
1044 2376 1101 2422 et
1145 2367 1510 2434 Tertulliano,
1552 2380 1608 2427 et
1655 2371 1780 2427 aliis

178 2458 427 2527 ejusdem
481 2473 685 2515 census
737 2471 906 2530 atque
946 2461 1044 2516 aevi
1097 2456 1462 2533 scriptoribus
1512 2466 1777 2536 cognitis-
1837 2536 1844 2542 _

179 2550 355 2606 simae.
398 2548 509 2605 Sed
538 2551 676 2606 viris
703 2552 813 2607 illis
843 2553 1235 2609 eruditissimis
1261 2557 1491 2624 cognitae
1518 2571 1627 2611 non
1660 2556 1778 2613 fue-

179 2651 331 2696 runt.
377 2640 525 2713 Ergo
563 2641 763 2714 lgnatii
808 2645 1056 2715 epistolae
1104 2662 1248 2703 verre
1294 2644 1404 2703 non
1449 2659 1599 2706 sunt.
1634 2649 1774 2706 Tum

179 2748 309 2789 vero
330 2750 435 2804 pro
457 2749 728 2791 concesso
747 2738 940 2805 sumit,
959 2753 1065 2793 nos
1091 2738 1229 2794 illud
1252 2756 1426 2796 unum
1453 2751 1772 2813 negaturos,

179 2826 413 2895 ignotas.
438 2827 651 2883 scilicet
692 2827 867 2885 fuisse
908 2829 1044 2886 viris
1095 2831 1209 2887 illis
1254 2832 1355 2888 has
1390 2833 1674 2903 epistolas.
1709 2835 1776 2894 A1

178 2918 423 2974 nosduo
467 2919 558 2975 hic
604 2936 893 2992 negamus,
923 2924 1190 2992 primum,
1228 2908 1275 2981 Si
1321 2924 1577 2985 Justinus
1606 2926 1771 2996 forte,

1883 434 1935 480 et
1971 435 2292 495 usurpatum
2329 424 2452 493 fuit,
2495 425 2549 480 id
2578 425 2804 481 omnino
2841 440 2948 484 non
2986 436 3151 483 esset.
3182 426 3324 482 Cum
3358 442 3460 481 au-

1882 526 1990 571 tem
2017 516 2131 588 jam
2164 517 2372 587 liquido
2403 525 2685 588 appareat,
2719 517 2927 571 nullum
2960 518 3016 571 ill
3058 517 3313 594 praesenti
3356 533 3459 574 ne—

1883 611 2033 679 gotio
2064 618 2389 682 argumento
2438 612 2654 681 neganti
2690 610 2870 667 locum
2906 625 3055 677 esse;
3090 609 3226 667 illud
3271 608 3468 679 unum,

1883 711 1943 757 ut
1984 700 2159 758 voluit
2198 700 2455 769 Dallaeus,
2487 717 2633 758 nune
2670 711 2863 770 restat,
2902 711 2961 758 ut
3001 718 3265 774 negemus
3298 702 3460 777 lgna-

1882 796 2029 851 tiana
2076 796 2210 852 viris
2236 806 2290 851 et
2321 795 2586 852 Ecclesiis
2634 796 3007 854 celeberrimis
3036 796 3207 855 fuisse
3252 782 3468 871 ignota:

1881 899 1936 944 et
1987 890 2322 959 eonjecturis
2376 890 2496 960 ejus
2536 890 3007 962 respondeamus,
3054 891 3253 961 quibus
3291 892 3464 948 fretus

1882 998 1945 1037 ea
1975 983 2234 1046 asseruit,
2270 999 2396 1053 quae
2444 982 2559 1052 ipse
2604 982 2915 1037 certissime
2953 983 3249 1055 ignoravit.
3290 983 3357 1039 Et
3395 985 3465 1040 ab

1882 1073 2086 1130 Irenaeo
2118 1076 2338 1145 quidem
2386 1075 2625 1143 orditur,
2654 1076 2721 1130 de
2772 1091 2884 1147 quo
2918 1076 3144 1147 copiose
3185 1075 3429 1147 disputat
3445 1096 3471 1145 ;~

1884 1167 1977 1221 sed
2007 1183 2069 1221 ea
2101 1168 2285 1222 omnia
2316 1184 2418 1223 suo
2451 1169 2573 1224 loco
2602 1166 2979 1224 refutavimus.
3014 1167 3098 1224 Ab
3125 1166 3333 1224 lrenmo
3363 1184 3466 1224 au-

1886 1267 1991 1316 tem
2031 1263 2225 1316 transit
2250 1262 2315 1317 ad
2344 1261 2645 1317 Ecclesiam
2675 1262 3126 1317 Alexandrinam.

1955 1346 2059 1402 Sed
2087 1364 2247 1418 neque
2272 1349 2671 1416 Alexandrinis,
2700 1350 2879 1421 inquit
2905 1353 3083 1421 capite
3117 1352 3169 1419 7,
3200 1354 3463 1407 notiorem

1882 1457 2041 1511 quam
2070 1439 2275 1495 Irena’o
2297 1453 2345 1496 et
2385 1442 2599 1497 Asianis
2624 1443 2789 1514 fuisse
2826 1445 3158 1514 epistolicun-t
3190 1443 3470 1517 Ignatium.

1882 1535 2017 1587 satis
2042 1549 2106 1588 ea:
2128 1537 2360 1604 quadam
2393 1536 2655 1607 singulari
2691 1535 2837 1591 illius
2881 1534 3137 1592 Ecclesia:
3180 1538 3467 1599 traditione

1883 1636 2110 1681 constat.
2147 1626 2215 1681 Et
2252 1643 2384 1682 sane
2412 1637 2624 1683 constet
2652 1626 2921 1699 lgnatium
2952 1638 3203 1683 nostrum
3230 1630 3468 1686 Alexan-

1883 1716 2058 1772 drinis
2082 1734 2191 1771 non
2220 1716 2390 1771 fuisse
2415 1718 2681 1772 notiorem
2706 1734 2870 1788 quam
2898 1716 3103 1775 Irenaeo
3124 1730 3179 1775 et
3207 1720 3466 1790 Asianis;

1885 1811 2067 1865 notior
2124 1810 2271 1864 enim
2322 1809 2707 1865 Alexandrinis
2732 1819 2826 1865 aut
2872 1812 2995 1866 aliis
3039 1814 3465 1883 quibuscunque

1883 1915 2005 1955 esse
2034 1916 2144 1954 non
2194 1902 2393 1971 potuit,
2432 1918 2556 1956 cum
2607 1903 2714 1957 illis
2762 1902 2929 1958 fuerit
2971 1905 3318 1960 notissimus.
3361 1904 3466 1960 Pro

1883 1993 2186 2048 Athanasio
2230 1994 2473 2064 loquitur
2501 1995 2772 2049 sententia
2814 2011 2982 2066 quam
3023 1998 3322 2066 excerpsit;
3364 2014 3466 2067 pro

1884 2085 2103 2141 Asianis
2125 2086 2356 2157 epistola
2384 2076 2668 2158 Polycarpi
2702 2103 2798 2157 per
2821 2097 2901 2142 tot
2920 2088 3121 2143 saecula
3140 2087 3284 2158 apud
3315 2087 3466 2158 ipsos

1882 2178 2043 2234 lecta.
2091 2176 2197 2233 Sed
2227 2189 2302 2232 est
2350 2178 2459 2231 lucc
2490 2179 2757 2244 doctrina,
2790 2179 2992 2249 inquit,
3028 2178 3094 2233 ab
3132 2177 3346 2251 Ignatio
3376 2166 3466 2233 inJ-

1883 2271 2115 2339 sulcata,
2146 2287 2248 2325 non
2277 2271 2434 2325 aliter
2466 2288 2623 2344 quam
2652 2273 2717 2329 ab
2743 2289 2847 2327 uno
2876 2273 3117 2344 episcopo
3145 2273 3465 2344 presbyteris

1880 2363 2193 2434 praesidente
2223 2364 2332 2434 regi
2369 2380 2519 2433 posse
2548 2380 2611 2417 ac
2641 2362 2826 2419 debere
2860 2363 3101 2434 singulas
3130 2361 3333 2419 Cltristi
3364 2360 3468 2416 Ec—

1881 2455 2092 2510 clesias.
2122 2454 2199 2510 De
2233 2454 2457 2526 singulis
2488 2455 2625 2509 nihil
2667 2453 2806 2510 dixit
2833 2452 3097 2527 lgnatius,
3122 2464 3177 2510 et
3202 2463 3380 2525 potest
3410 2455 3465 2508 in

1880 2564 1944 2604 ea
1975 2563 2109 2604 voce
2139 2548 2351 2618 aliquid
2386 2548 2585 2616 latere;
2621 2534 2732 2605 sed,
2755 2549 2803 2606 si
2842 2557 2987 2603 recte
3019 2546 3377 2619 intelligatur,
3401 2563 3464 2602 ea

1879 2653 2026 2697 certe
2054 2639 2245 2711 Ignatii
2274 2640 2522 2695 doctrina
2564 2638 2701 2708 fuit,
2732 2649 2805 2702 et,
2832 2649 2895 2695 ut
2930 2640 3147 2711 opinor,
3186 2640 3465 2711 apostolo-

1880 2723 2003 2792 rum
2042 2733 2312 2804 discipulo
2353 2742 2408 2792 ct
2445 2733 2704 2805 episcopo
2748 2733 3095 2805 dignissima.
3146 2731 3229 2787 An
3280 2741 3463 2788 autem

1880 2827 1996 2885 haec
2028 2826 2285 2884 doctrina
2323 2826 2707 2887 Alexandrinis
2737 2834 2857 2881 erat
2903 2825 3207 2897 incognita,
3237 2834 3299 2880 ut
3339 2826 3466 2883 inde

1878 2914 2041 2976 etiam
2074 2911 2342 2984 lgnatium
2384 2914 2452 2969 iis
2497 2916 2717 2985 penitus
2747 2915 2993 2987 ignowm
3041 2914 3213 2971 fuisse
3239 2916 3467 2985 colliga-

178 3020 273 3066 aut
299 3012 577 3080 Clemens,
607 3023 704 3069 aut
729 3013 1125 3084 Tertullianus,
1157 3030 1253 3075 aut
1280 3021 1334 3076 hi
1361 3037 1552 3079 omnes
1575 3021 1770 3093 lgnatii

1881 3008 2044 3067 mus?
2066 3005 2211 3062 Nihil
2243 3008 2447 3069 minus.
2478 3007 2534 3062 ln
2562 3008 2709 3068 nulla
2738 3024 2979 3079 unquam
3009 3007 3255 3064 Ecclesia
3287 3011 3464 3081 magis

175 3103 440 3171 epistolas
482 3103 863 3175 ignorassent,
914 3107 1258 3181 Polycarpus.
1302 3121 1525 3181 autem,
1575 3111 1770 3182 Philo,

176 3196 540 3267 Agathopus,
575 3196 953 3270 TheOphilus,
1010 3200 1282 3269 Irenrens,
1338 3203 1626 3277 Origenes,
1664 3207 1775 3267 illis

175 3288 517 3356 antiquiores
556 3297 659 3344 aut
694 3305 890 3346 eorum
937 3295 1236 3365 synchroni
1280 3297 1592 3367 novissent;
1622 3302 1774 3358 nullo

177 3383 342 3436 modo
382 3383 675 3453 sequitur,
726 3384 839 3464 has
879 3388 1141 3456 epistolas
1204 3389 1395 3461 lgnatii
1457 3410 1615 3452 veras
1662 3411 1774 3451 non

175 3474 347 3532 Fuisse
380 3494 397 3530 :
433 3479 833 3546 consequentia
868 3480 1032 3551 igitur
1068 3491 1284 3539 tantum
1311 3496 1396 3542 est
1442 3489 1772 3557 probabilis,

175 3586 284 3624 non
336 3571 678 3627 necessaria.
743 3570 999 3628 Secundo
1053 3575 1178 3631 loco
1235 3594 1527 3650 negamus.
1557 3582 1774 3653 ignotas

173 3659 345 3717 fuisse
373 3660 503 3718 illis.
518 3661 659 3717 viris.
689 3663 790 3721 has
822 3665 1109 3734 epistolas,
1136 3668 1299 3740 idque
1339 3672 1411 3727 ob
1439 3673 1579 3727 duas
1602 3673 1774 3728 ratio-

172 3767 292 3820 nes,
325 3762 453 3809 tum
482 3755 631 3825 quod
678 3756 903 3827 probari
955 3775 1242 3830 nunquam
1278 3778 1463 3839 posse_
1491 3774 1771 3834 putamus,

170 3859 268 3899 eos
309 3860 510 3901 revera
550 3846 877 3917 ignorasse,
910 3860 1026 3905 tum
1080 3852 1231 3921 quod
1270 3855 1488 3910 meliori
1518 3856 1642 3926 jure
1672 3872 1772 3913 nos

170 3937 507 4007 colligimus,
537 3952 635 3994 eos
681 3940 867 4008 potius
915 3943 1123 4012 optime
1175 3945 1420 4001 novisse.
1465 3947 1575 4003 [the
1625 3949 1770 4004 enim

167 4029 443 4098 epistolae,
484 4045 610 4099 quae
642 4028 967 4102 Polycarpo,
999 4031 1239 4100 Philoni,
1278 4035 1570 4109 Agathopi,
1595 4037 1774 4094 Theo-

170 4120 343 4193 philo,
394 4118 608 4176 Irenaeo
652 4130 709 4176 et
758 4120 979 4194 Origeni
1032 4134 1177 4181 nota:
1222 4126 1482 4196 fuerunt,
1527 4128 1768 4199 Justino,

168 4212 463 4276 Clementi,
480 4210 825 4270 Tertulliano
847 4215 1081 4287 aliisque
1102 4217 1347 4286 ejusdem
1372 4234 1575 4276 census
1600 4231 1765 4292 atque

168 4304 266 4358 atri
321 4303 696 4375 scriptoribus
752 4312 863 4361 non
910 4308 1169 4363 videntur
1216 4310 1515 4381 incognita:
1576 4312 1769 4371 fuisse.

1878 3109 2094 3170 recepta
2143 3108 2197 3163 et
2242 3101 2531 3156 observata
2579 3110 2662 3156 est
2708 3102 2826 3156 haec
2881 3100 3133 3155 doctrina
3186 3115 3352 3172 quam
3407 3101 3462 3155 in

1878 3188 2272 3249 Alexandrina.
2311 3190 2473 3247 Nulla
2512 3201 2642 3248 sunt
2678 3195 2937 3260 certiora,
2978 3202 3074 3247 aut
3110 3193 3285 3265 magis
3318 3195 3465 3264 apud

1878 3294 2074 3337 omnes
2101 3282 2156 3336 in
2196 3281 2452 3339 confesso
2497 3293 2877 3349 monumenta,
2904 3300 3071 3356 quam
3097 3301 3220 3356 qua:
3247 3286 3314 3341 de
3356 3286 3462 3342 Ec-

1876 3375 2044 3430 clesia
2067 3373 2432 3433 Alexandrina
2463 3378 2676 3447 prodita
2707 3387 2855 3433 sunt.
2881 3377 3035 3434 Unde
3060 3379 3144 3432 vir
3169 3378 3462 3447 maximus,

1878 3465 2036 3539 [Iugo
2059 3466 2306 3530 Grotius.
2335 3470 2429 3539 qui
2457 3469 2688 3540 putavit,
2722 3470 2790 3524 ab
2819 3469 2977 3526 initio
3011 3468 3287 3527 Ecclesias
3313 3486 3467 3526 com-

1876 3560 2032 3615 muni
2073 3560 2543 3633 presbyterorum,
2572 3562 2666 3632 qui
2696 3561 2860 3617 iidem
2895 3576 3089 3618 omnes
3118 3572 3173 3617 et
3195 3562 3460 3633 episcopi,

1889 3663 1950 3710 ut
2000 3652 2098 3717 ait,
2111 3651 2289 3709 Paulo
2320 3652 2704 3725 Clementique
2725 3654 3009 3721 dicuntur,
3028 3655 3260 3710 consilio
3291 3654 3464 3711 fuisse

1876 3745 2229 3816 gubernatas,
2259 3745 2312 3799 in
2345 3759 2409 3800 ea
2441 3745 2712 3801 sententia
2754 3743 2878 3813 fuit,
2914 3746 3064 3816 quod
3110 3761 3305 3803 exsors
3346 3747 3464 3818 epi-

1877 3851 2173 3905 sc0porum
2224 3838 2528 3894 auctoritas
2573 3836 2837 3895 Ecclesiae
2882 3839 3302 3906 consuetudine,
3337 3851 3464 3910 post

1876 3928 2046 3986 Marci
2078 3939 2308 3986 mortem
2342 3930 2707 3997 Alexandriae,
2736 3940 2902 4003 atque
2931 3945 2998 3988 eo
3041 3933 3294 4004 esemplo
3331 3934 3462 3989 alibi

1876 4023 2155 4080 introduci
2205 4024 2549 4100 cmperit,lut
2599 4024 2716 4094 ipse
2766 4034 3000 4080 testatur
3042 4026 3274 4097 epistola
3332 4025 3459 4083 162.

1874 4114 2037 4170 Certe
2088 4113 2146 4169 S.
2183 4113 2830 4196 Marcum‘Alexaudri-te
2870 4116 3229 4174 constituisse
3273 4115 3463 4174 Eccle-

1877 4208 2016 4263 siam
2067 4207 2588 4276 omnes'scribunt,
2642 4209 3021 4281 episcopatum
3077 4211 3151 4267 ibi
3201 4210 3462 4266 habuisse

1874 4299 2242 4374 Hieronymus
2286 4300 2606 4381 Prtefatione
2655 4304 2712 4358 in
2763 4302 3119 4373 Matthaaum;
3171 4304 3460 4361 ordinasse

171 4395 274 4451 Sed
307 4395 513 4468 lgnatii
537 4397 784 4468 epistolae
816 4400 948 4466 illis,
983 4412 1043 4457 ut
1074 4401 1194 4458 fuse
1226 4404 1594 4470 ostendimus,
1626 4416 1770 4463 notae
1800 4410 1845 4466 1)
1874 4399 2191 4466 episcopum
2242 4396 2469 4469 nomine
2497 4396 2772 4453 Anianum
2821 4398 2903 4455 vel
2939 4398 3230 4464 Ananiam.
3263 4398 3458 4453 eodem

170 4486 415 4544 (tierunt.
448 4488 595 4561 Ergo
624 4499 682 4547 et
720 4491 827 4547 bis.
861 4491 929 4548 Et
962 4495 1009 4549 si
1042 4495 1099 4550 ill
1128 4496 1326 4551 horum
1358 4498 1620 4566 operibus
1643 4517 1769 4570 quae

168 4597 315 4637 nunc
356 4592 628 4650 exstant,
675 4586 885 4641 mentio
946 4587 1144 4642 harum
1195 4589 1554 4659 cpistolarum
1618 4592 1766 4649 nulla

170 4676 311 4729 facta
359 4683 470 4742 est,
501 4675 623 4731 ﬁeri
667 4685 850 4734 tamen
899 4688 1077 4749 potest
1105 4688 1168 4734 ut
1211 4681 1279 4735 in
1315 4681 1426 4738 illis
1454 4699 1577 4752 quae
1618 4684 1755 4753 peri-

170 4777 351 4836 erunt,
367 4767 561 4840 qualia
576 4766 749 4824 fuisse
768 4770 1178 4840 quamplurima
1216 4771 1446 4836 scimus,
1476 4771 1763 4843 lgnatiana

170 4868 606 4916 commemorata
640 4860 775 4926 sint,
805 4860 1273 4931 quemadmodum
1301 4862 1371 4917 ab
1400 4863 1468 4918 iis
1494 4880 1635 4934 quos
1660 4881 1763 4920 no--

170 4952 510 5008 minavimus
560 4961 1090 5008 commemorantur.
1158 4952 1317 5019 Quod
1378 4955 1425 5010 si
1484 4971 1661 5025 neque
1707 4957 1762 5010 in

169 5045 350 5108 editis,
380 5060 566 5115 neque
596 5045 651 5098 in
688 5044 990 5115 deperditis
1032 5045 1109 5100 illi
1144 5046 1425 5116 Ignaﬂana
1458 5064 1762 5104 memoras-

171 5148 305 5201 sent,
325 5152 411 5193 ne
433 5137 520 5193 sic
549 5137 770 5208 quidem
799 5138 911 5191 ullo
943 5140 1105 5194 modo
1129 5141 1402 5210 sequitur,
1421 5156 1527 5197 eos-
1547 5143 1762 5212 penitus

173 5230 253 5285 illa
304 5230 658 5303 ignoravisse
707 5246 831 5300 quae
879 5232 973 5285 alii
1025 5240 1319 5287 noverunt.
1372 5231 1559 5303 Neque
1613 5234 1758 5287 enim

170 5335 358 5376 eorum
411 5320 655 5388 cuipiam
704 5320 760 5375 in
816 5322 1002 5377 animo
1048 5320 1171 5387 fuit,
1224 5339 1418 5378 omnes
1467 5325 1760 5394 scriptores

172 5414 578 5470 ecclesiasticos
618 5423 714 5469 aut
752 5417 918 5471 etiam
961 5419 1201 5473 maxime
1234 5418 1606 5488 prmeellentes
1653 5436 1757 5474 no-

172 5507 402 5560 minare.
432 5502 493 5558 Si
521 5505 760 5576 denique
791 5506 846 5561 bi
881 5523 978 5562 eas
1006 5506 1168 5574 forte,
1199 5517 1293 5562 aut
1324 5509 1523 5563 horum
1560 5508 1761 5579 aliquis

174 5596 466 5665 ignoravit,
499 5605 597 5653 aut
622 5613 732 5653 non
767 5598 924 5665 vidit,
956 5609 1052 5656 aut
1078 5602 1131 5654 in
1162 5616 1260 5656 sua
1288 5601 1616 5657 bibliotheca
1646 5616 1753 5655 non

177 5688 384 5761 habuit,
428 5690 580 5749 illius
626 5698 807 5750 tamen
855 5692 938 5749 vel
982 5694 1146 5753 etiam
1190 5694 1460 5770 plurium‘
1481 5693 1754 5767 ignoratio

1870 4504 2142 4544 consensu
2187 4488 2448 4561 tradunt:
2475 4489 2797 4561 adjunxisse
2841 4491 3054 4548 Aniano
3100 4502 3158 4549 ut
3200 4492 3458 4563 episeopo

1868 4591 2078 4637 certum
2132 4582 2685 4653 presbyterorum_et
2741 4584 3105 4641 diaconorum
3158 4600 3453 4640 numerum

1868 4673 2072 4743 pariter
2092 4670 2357 4728 referunt.
2391 4672 2511 4749 Ipse
2532 4673 2835 4747 Eutychius
2863 4676 3188 4746 patriarcha
3216 4675 3456 4732 Alexan-

1868 4765 2083 4831 drinus,
2106 4765 2266 4836 cujus
2294 4765 2601 4836 originibus
2622 4767 2886 4824 adversus
2906 4768 3176 4839 lgnatium
3200 4777 3449 4836 utuntur,

1867 4875 1977 4914 non
2011 4859 2167 4914 aliter
2215 4866 2443 4914 narrat:
2470 4859 2713 4931 Credidit
2751 4860 2817 4913 ab
2854 4876 2917 4914 eo
2949 4869 3181 4930 tempore
3211 4860 3450 4920 Ananias

1866 4957 1918 5011 in
1945 4955 2235 5022 Christum,
2258 4956 2396 5011 unde
2413 4956 2716 5027 baptizavit
2741 4972 2858 5018 eum
2887 4954 3126 5021 Marcus,
3149 4965 3196 5010 et
3221 4955 3453 5011 Alexan-

1863 5050 1999 5103 dria:
2027 5049 2393 5118 patriarcham
2424 5049 2722 5107 constituit.
2773 5046 3004 5117 Euitque
3036 5048 3083 5101 is
3114 5046 3453 5117 patriarcha-

1865 5158 1982 5194 rum
2005 5140 2096 5211 qui
2129 5124 2726 5216 Alexandriteprtefecti
2753 5149 2877 5193 sunt
2905 5139 3129 5209 primus.
3158 5136 3448 5193 Constituit

1862 5241 2043 5285 autem
2071 5230 2642 5304 evangelista'dlarcus
2680 5246 2788 5287 una
2817 5245 2937 5283 cum
2966 5229 3181 5287 Anania
3210 5230 3449 5298 patriar-

1862 5322 1960 5375 clla
1987 5321 2264 5377 duodecim
2285 5320 2635 5393 presbyteros,
2655 5319 2744 5390 qui
2778 5335 2957 5390 nempe
2984 5336 3102 5374 cum
3137 5320 3447 5389 patriarcha

1860 5422 2154 5470 manerent.
2180 5413 2349 5469 Vetus
2372 5412 2541 5468 Marci
2572 5411 2832 5475 Historiae
2855 5421 3071 5480 auctor,
3090 5412 3276 5468 beatus
3302 5411 3446 5467 Mar-

1861 5524 1954 5561 cus
1988 5505 2287 5561 Anizanum
2324 5504 2517 5560 ibidem
2563 5505 2828 5559 ordinavit
2869 5506 3196 5575 episcopum,
3233 5515 3284 5559 et
3338 5515 3442 5559 tres

1859 5598 2223 5670 presbyteros,
2260 5606 2311 5653 et
2352 5606 2545 5668 septem
2587 5597 2863 5653 diaconos.
2916 5595 3057 5652 Ecce
3105 5598 3442 5668 ipsissimam

1858 5692 2063 5752 faciem.
2111 5689 2369 5751 Ecclesia:
2420 5689 2749 5762 lgnatianse!
2795 5689 3051 5766 Ananias
3099 5689 3246 5749 enim
3298 5687 3441 5748 idem
