3834 6206
403 251 506 298 315

1474 264 1531 320 S.
1575 263 1928 323 IGNATIUS.
1971 297 2041 307 -——
2078 264 2616 322 PROLEGOMENA.

3581 267 3707 323 216

403 365 751 439 Alc“uariae
773 382 878 438 fuit
902 385 1049 454 quod
1082 382 1325 457 lgnatius
1352 386 1678 450 Antiochiae,
1704 387 1851 457 quod
1879 385 1987 441 Po-
2016 391 2063 447 A
2092 388 2225 443 teris
2256 396 2313 441 et
2341 387 2592 444 diaconis
2623 387 2680 441 in
2715 403 2874 443 sacra
2909 386 3191 459 Scriptura
3228 389 3354 444 data
3389 405 3517 445 esse
3537 409 3550 443 :
3572 390 3704 443 Mu-

399 463 518 532 lyca
530 493 660 545 rpus
676 476 943 550 Smyrnae.
960 476 1287 533 Potesratem
1304 478 1357 532 in
1376 478 1720 549 presbyteros
1738 479 1993 535 habuisse

400 569 595 638 negari
634 584 742 625 non
789 580 990 640 p0test,
1016 586 1142 625 cum
1179 571 1261 626 vel
1291 570 1491 642 ipsum,
1521 571 1607 625 vel
1642 585 1991 626 successores

398 646 447 716 ei
463 676 528 715 us
550 661 716 716 etiam
742 662 781 716 ii
804 662 897 732 qui
924 678 1020 717 eos
1043 662 1236 716 volunt
1266 678 1296 717 a
1322 663 1657 735 presbyteris
1680 663 1988 725 ordinatos,

407 769 533 807 cum
564 768 626 808 ea
658 753 988 809 auctoritate
1031 755 1364 810 describant.
1411 754 1588 810 Etiam
1628 754 1685 810 S.
1724 754 1993 828 Hierony-

409 859 534 899 mus
577 845 807 914 epistola
844 846 912 900 ad
959 844 1250 917 Evagrium
1291 865 1304 902 :
1348 845 1491 900 Nam
1529 858 1579 901 et
1629 847 1988 911 Alexandriae,

411 936 607 1006 inquit,
642 955 675 990 a
718 936 901 991 Marco
937 938 1257 1009 evangelista
1301 955 1465 1010 usque
1505 938 1575 991 ad
1626 937 1911 992 lleraclam
1941 948 1992 991 et

409 1026 723 1096 Dionysium
756 1010 1025 1098 episcopos
1066 1028 1361 1099 presbyteri
1392 1046 1596 1099 semper
1636 1045 1800 1083 unum
1841 1045 1907 1083 ex
1937 1045 1992 1083 se

406 1119 628 1172 electum
660 1121 715 1172 in
766 1120 1047 1174 excelsiori
1101 1121 1274 1191 gradu
1327 1119 1647 1173 collocatum
1688 1121 1987 1190 episcopum

408 1211 776 1278 nominabant,
799 1212 1061 1282 quomodo
1103 1211 1150 1265 si
1186 1211 1451 1265 exercitus
1496 1211 1868 1280 imperatorem
1906 1210 1993 1280 fa-

406 1304 534 1356 ciat.
567 1301 788 1357 Anania:
809 1300 995 1373 itaque
1021 1317 1394 1364 successores,
1420 1301 1728 1370 singulares
1753 1300 1991 1355 Alexan-

405 1394 541 1449 driae
574 1394 841 1464 episcopi,
892 1408 1067 1464 usque
1109 1393 1177 1448 ad
1213 1391 1497 1448 Heraclam
1533 1392 1620 1447 vel
1654 1392 1988 1447 Demetrium

406 1486 461 1541 in
494 1487 784 1542 excdsiori
818 1487 1011 1557 gradu,
1042 1501 1208 1556 quam
1240 1484 1546 1558 presbyteri
1582 1484 1692 1552 sui,
1728 1483 1988 1538 luerunt:

404 1590 460 1632 et
482 1578 703 1648 quidem
736 1594 863 1634 cum
910 1579 1240 1633 auctoritate
1281 1587 1337 1633 et
1373 1586 1643 1648 potestate
1675 1578 1729 1630 in
1766 1575 1991 1647 presby-

404 1678 576 1733 teros,
602 1678 662 1723 ut
694 1670 991 1738 imperator
1019 1669 1074 1723 in
1101 1669 1325 1723 milites.
1361 1667 1436 1722 Ita
1469 1667 1693 1737 agnovit
1718 1667 1773 1720 in
1810 1665 1989 1721 Theo-

407 1761 557 1833 philo
590 1760 964 1815 Alexandrino
1012 1760 1271 1830 episcopo
1295 1762 1395 1830 τὴν
1430 1759 1719 1814 αὐθεντίαν
1762 1760 1864 1831 τῆς
1898 1760 1991 1812 εὑ-

355 1874 366 1905 ;
406 1852 710 1923 αγγελικῆς
742 1851 995 1924 διαδοχῆς
1038 1850 1304 1923 Synesius
1338 1853 1453 1922 ipse
1485 1854 1800 1922 episcopus,
1825 1853 1878 1906 id
1912 1863 1995 1907 est

406 1960 673 2000 summam
724 1945 1102 1998 auctoritatem
1148 1953 1197 1995 et
1242 1953 1531 2009 exsortem,
1564 1959 1671 1997 non
1720 1959 1784 1996 ea
1836 1952 1997 1997 :etale

407 2036 759 2109 acquisitam,
795 2037 889 2092 sed
924 2037 992 2091 ab
1026 2037 1146 2105 ipsa
1179 2037 1509 2096 successione
1553 2035 1729 2090 Marci
1774 2054 1996 2107 evange-

408 2133 549 2186 lista:
599 2131 899 2185 derivatam
923 2171 937 2193 ,
973 2129 1132 2197 epist.
1186 2127 1290 2194 66;
1328 2129 1560 2198 ideoque
1592 2144 1717 2182 eum
1752 2129 1826 2182 ila
1861 2129 1998 2183 allo-

406 2228 599 2298 quitur
622 2244 637 2280 :
658 2222 803 2293 Ἐγὼ
827 2224 886 2277 δὲ
920 2223 1203 2295 βούλομαι,
1239 2224 1334 2277 καὶ
1346 2221 1559 2294 ἀνάγκη
1576 2240 1665 2294 μοι
1678 2222 1817 2287 θεία,
1832 2223 1998 2294 νόμον

408 2317 661 2391 ἡγεῖσθαι
675 2316 821 2370 πᾶνό
831 2332 885 2368 τι
899 2314 963 2369 ἂν
976 2317 1183 2380 ἐκεῖνος
1195 2315 1222 2369 ὁ
1235 2314 1423 2388 θρόνος
1436 2314 1687 2387 θεσπίσῃ.
1697 2314 1808 2386 Ego
1821 2323 1998 2369 autem

415 2410 557 2476 volo,
584 2418 634 2462 et
658 2409 942 2462 necessitas
964 2406 1094 2460 mihi
1114 2407 1294 2460 divina
1327 2405 1606 2475 incumbit,
1621 2407 1787 2476 legem
1809 2407 1999 2460 existi-

411 2520 558 2558 mare
611 2503 742 2556 mihi
778 2501 1152 2571 prcescriptam
1202 2500 1460 2571 quidquid
1491 2499 1557 2553 ab
1607 2499 1704 2553 illa
1739 2499 2028 2558 cathedra,

410 2610 663 2667 tanquam
677 2595 931 2649 divinitus
957 2594 1257 2647 indicatum
1281 2594 1469 2662 fuerit,
1484 2575 1644 2663 epist.
1661 2591 1750 2646 67.
1768 2591 1999 2659 Quando

408 2691 576 2760 igitur
589 2688 828 2759 lgnatius
841 2687 1104 2757 epistolas
1117 2686 1362 2756 scripsit,
1377 2686 1565 2741 eadem
1582 2684 1759 2740 forma
1777 2685 1999 2756 regimi-

407 2779 495 2836 riis
506 2778 863 2835 ecclesiastici
876 2776 1222 2833 Alexandriae
1238 2774 1359 2843 fuit,
1374 2793 1497 2848 qua:
1510 2775 1960 2832 erat'Antiochite
1975 2817 1996 2846 ,

406 2880 641 2940 etquain
659 2870 714 2923 in
741 2869 868 2923 aliis
888 2868 1203 2923 civitatibus
1236 2867 1408 2923 fuisse
1430 2876 1702 2924 testantur
1731 2869 1995 2939 epistolae.

491 2961 609 3015 lino
666 2974 794 3015 vero
843 2970 971 3015 ante
1037 2957 1358 3024 Heraclam,
1393 2960 1584 3015 eadem
1610 2959 1858 3015 doctrina
1874 2942 1998 3031 quae

2098 480 2210 553 ρίαι
2240 480 2298 534 δὲ
2328 481 2452 535 ὅσαι
2485 480 2759 551 ὑποθῆκαι
2791 484 2873 545 εἰς
2907 482 3176 556 πρόσωπα
3209 482 3443 536 ἐκλεκτὰ
3488 483 3704 536 διατεί-

2094 574 2295 626 νουσαί
2332 573 2747 644 ὲγγεγράφαται
2800 576 2923 638 ταῖς
2975 572 3181 643 βίϐλοις
3227 578 3351 638 ταῖς
3392 575 3605 643 ἁγίαις⁸
3640 576 3703 628 ai

2098 666 2194 736 μὲν
2221 666 2633 741 πρεσϐυτέροις,
2668 668 2723 719 αἱ
2756 666 2813 720 δὲ
2844 667 3185 732 ἐπισκόποις,
3217 670 3271 721 αἱ
3303 668 3360 721 δὲ
3392 667 3702 731 διακόνοις,

2093 756 2250 812 ἄλλαι
2300 761 2519 832 χήραις.
2571 758 2982 829 Quamplurima
3030 771 3210 814 autem
3256 769 3524 830 praecepta
3570 774 3705 829 quc

2094 851 2165 904 ad
2193 852 2387 906 electas
2411 868 2662 923 personas
2690 854 2976 923 pertinent,
3004 855 3061 906 in
3083 855 3281 906 sanctis
3305 853 3457 906 libris
3483 855 3702 915 scripta

2094 955 2254 997 sunt:
2287 944 2399 998 lucc
2453 945 2665 1015 quidem
2703 944 3041 1014 presbyteris,
3079 944 3191 998 alia
3233 961 3351 999 vero
3400 946 3699 1014 episcopis,

2093 1034 2203 1088 alia
2252 1035 2524 1107 diaconis,
2573 1034 2684 1088 alia
2728 1046 2906 1089 autem
2951 1038 3151 1098 viduis,
3191 1035 3480 1107 Ptedagog.
3520 1037 3560 1090 l.
3602 1051 3701 1103 nl,

2093 1112 2144 1179 c.
2178 1123 2266 1179 12.
2300 1125 2565 1194 Agnoscit
2594 1126 2761 1194 igitur
2783 1125 3060 1194 Clemens,
3089 1126 3471 1182 Alexandrinis
3502 1126 3703 1182 Eccle-

2095 1216 2193 1269 sia:
2223 1213 2513 1285 presbyter,
2547 1213 2800 1270 Pantteni
2823 1214 3062 1280 auditor,
3087 1217 3180 1286 qui
3221 1225 3340 1285 post
3383 1217 3500 1286 ejus
3542 1234 3703 1271 mor-

2096 1316 2199 1361 tem
2229 1307 2575 1362 Alexandria:
2594 1309 3010 1364 ecclesiasticam
3026 1308 3261 1363 scholam
3277 1312 3465 1377 tenuit,
3490 1319 3547 1365 et
3561 1327 3701 1364 κοιτ-

2095 1400 2345 1471 ηχήσεων
2382 1402 2637 1470 magister
2666 1400 2807 1471 fuit,
2857 1410 2995 1457 teste
3027 1400 3377 1472 Hieronymo,
3411 1416 3527 1457 non
3565 1410 3699 1456 tan-

2097 1500 2209 1543 tum
2272 1499 2388 1544 tres
2452 1490 2695 1560 gradus,
2748 1491 2864 1545 sive
2918 1489 3207 1565 ᾱτροκοπὰς
3259 1491 3695 1561 episcoporum,

2097 1582 2544 1653 presbyterorum
2581 1591 2635 1637 et
2666 1582 3026 1636 diaconorum
3072 1583 3127 1637 in
3182 1582 3428 1639 Ecclesia
3460 1599 3532 1638 ex
3581 1599 3695 1638 usu

2098 1682 2367 1742 receptos,
2405 1674 2499 1727 sed
2533 1681 2588 1727 et
2636 1689 2799 1727 usum
2838 1672 3085 1739 illumex
3118 1675 3425 1743 apostolica
3460 1675 3698 1729 institu‘

2103 1766 2248 1818 tione
2273 1765 2601 1820 derivatum.
2638 1763 2888 1831 Quatuor
2919 1765 3065 1819 enim
3092 1781 3291 1836 genera
3319 1781 3695 1835 personarum

2100 1855 2153 1908 in
2184 1854 2486 1925 Scripturis
2516 1855 2688 1910 electa
2717 1856 3000 1927 agnoscit;
3039 1872 3149 1911 non
3183 1857 3370 1910 minus
3397 1855 3696 1927 distinguit

2099 1957 2368 2018 praecepta
2403 1964 2527 2018 qua:
2559 1946 2762 2002 dantur
2793 1947 3102 2017 episcopis,
3135 1948 3203 2001 ab
3244 1947 3314 2002 iis
3341 1963 3465 2017 qua:
3498 1948 3696 2017 injun-

2100 2050 2301 2111 guntur
2335 2040 2700 2111 presbyteris,
2730 2055 2896 2111 quam
2931 2054 2995 2095 ea
3033 2056 3156 2110 qua:
3194 2039 3477 2104 diaconis,
3514 2039 3586 2094 ab
3624 2038 3698 2094 iis

2099 2148 2222 2202 qua:
2268 2132 2449 2186 vnluis
2499 2130 2916 2201 praecipiuntur.
2963 2132 3035 2185 At
3083 2130 3355 2185 distinctae
3401 2138 3529 2185 sunt
3566 2145 3697 2199 pcr-

2100 2238 2271 2288 sonae,
2304 2230 2399 2276 aut
2427 2220 2624 2287 ollieia,
2655 2221 2858 2290 quibus
2891 2220 3108 2275 diversa
3145 2227 3415 2289 praecepta
3460 2219 3695 2272 deman—

2099 2314 2322 2368 dantur.
2358 2313 2597 2385 Agnovit
2638 2313 2806 2383 igitur
2837 2312 3093 2382 Clemens
3121 2309 3533 2365 Alexandrinus
3564 2326 3697 2363 eain

2100 2421 2383 2462 sacrorum
2451 2405 2711 2459 ordinum
2770 2404 3255 2470 diStributionem,
3309 2402 3467 2473 cujus
3525 2418 3691 2458 usqu

2100 2497 2350 2568 agnoscit
2381 2494 2724 2561 Blondellus,
2754 2495 3021 2550 divinitus
3064 2508 3164 2563 per
3197 2495 3480 2564 apostolos
3514 2493 3694 2550 fuisse

2101 2587 2433 2647 institutam.
2484 2584 2611 2641 Haec
2662 2584 2925 2639 Clemens
2970 2599 3038 2638 ex
3073 2581 3317 2638 Panaetii
3369 2581 3583 2646 schola,
3620 2598 3695 2635 ex

2100 2676 2401 2732 Clementis
2445 2676 2636 2730 eadem
2671 2674 2960 2746 Origenes.
3016 2673 3111 2729 Sic.
3146 2674 3293 2728 enim
3334 2673 3425 2728 ille
3464 2673 3696 2744 juvenis

2101 2772 2284 2828 adhuc
2310 2770 2503 2825 homil.
2539 2770 2609 2824 l5
2634 2769 2691 2823 in
2726 2767 2785 2824 S.
2822 2768 3066 2823 Lucam:
3094 2766 3155 2822 Si
3188 2768 3445 2821 audacter
3471 2768 3692 2837 expedit

2100 2864 2246 2935 loqui
2293 2860 2701 2933 Scripturarum
2745 2876 2957 2915 sensum
2999 2862 3252 2931 sequenti,
3293 2877 3386 2930 per
3443 2860 3691 2931 singulas

2101 2955 2373 3011 Ecclesias
2408 2953 2517 3008 bini
2546 2963 2669 3008 sunt
2697 2954 2953 3024 episcopi,
2980 2954 3124 3007 alius
3153 2953 3401 3021 visibilis,
3432 2952 3577 3008 alius
3606 2955 3692 3007 in.

406 3051 476 3105 ab
505 3050 713 3122 lgnatio
745 3050 961 3122 prodita
990 3061 1075 3106 est
1102 3050 1161 3105 in
1189 3049 1435 3107 Ecclesia
1470 3052 1846 3108 Alexandrina
1876 3060 1998 3107 tan-
2020 3070 2069 3130 α
2099 3048 2344 3112 visibilis,
2377 3047 2470 3101 ille
2498 3048 2635 3101 visui
2667 3048 2867 3114 carnis,
2889 3047 2975 3100 hic
3007 3048 3186 3101 sensui
3219 3056 3429 3118 patens.
3456 3045 3527 3101 Et
3559 3063 3682 3101 rur-

406 3158 570 3207 quam
600 3143 669 3197 ab
694 3142 858 3197 initio
874 3142 1083 3209 tradita
1107 3143 1557 3197 conservabatur.
1596 3142 1714 3199 Hoc
1733 3154 1819 3200 est
1843 3143 1992 3200 illius

407 3235 665 3306 martyris
680 3234 1089 3303 ell'atum,unde
1120 3234 1329 3305 reliqua
1364 3236 1643 3306 pendent:
1669 3238 1732 3291 Ol
1765 3236 1993 3292 ἐπίσκο-

407 3345 497 3382 ποι
529 3329 578 3381 οἱ
611 3326 755 3381 κατὰ
778 3327 850 3381 τὰ
880 3327 1094 3400 πέρατα
1124 3327 1434 3402 ὁρισθέντες
1461 3332 1520 3386 ὲν
1539 3330 1718 3403 Ἰησοῦ
1751 3330 1992 3406 Χριστοῦ

404 3416 601 3490 γνώμῃ
630 3418 787 3472 εἰσίν.
824 3417 1076 3490 Episcopi
1109 3435 1201 3489 per
1238 3430 1506 3477 terrarum
1545 3438 1668 3478 oras
1711 3427 1992 3481 constituti

406 3523 472 3563 ea:
504 3508 708 3565 Christi
739 3520 862 3566 sunt
894 3512 1177 3580 sententia,
1217 3513 1273 3569 id
1303 3523 1389 3570 est
1420 3530 1489 3570 ex
1522 3516 1804 3573 voluntate
1831 3516 1993 3573 Chri-

408 3602 477 3655 sti
534 3603 798 3671 apostolis
861 3603 1079 3675 cognita
1126 3613 1182 3660 et
1228 3605 1326 3660 ab
1358 3606 1427 3663 iis
1480 3608 1677 3663 tradita
1729 3609 1988 3667 ordinati.

408 3694 623 3759 Quibus
656 3694 796 3749 nihil
826 3694 978 3750 aliud
1008 3694 1238 3766 intelligi
1274 3706 1455 3767 potest
1501 3715 1668 3769 quam
1707 3701 1993 3771 episcopa-

408 3793 524 3839 ttun
556 3783 728 3841 fuisse
759 3789 829 3840 ab
862 3787 1128 3856 apostolis
1165 3803 1233 3843 ex
1266 3789 1546 3844 voluntate
1587 3790 1794 3846 Christi
1826 3791 1993 3848 insti-

409 3883 611 3930 tutum.
642 3875 699 3930 Id
724 3885 907 3931 autem
936 3875 1192 3935 Clemens
1222 3878 1646 3947 Alexandrinus,
1671 3898 1702 3937 a
1732 3880 1993 3940 Pantteno

409 3966 532 4022 sine
561 3969 936 4024 controversia
967 3969 1217 4038 edoctus,
1249 3970 1545 4040 populares
1579 3988 1713 4029 suos
1740 3973 1832 4028 diu
1866 3985 1995 4030 ante

410 4058 659 4115 Heraclze
686 4059 1065 4130 episcopatum
1102 4061 1289 4116 docuit
1314 4078 1330 4117 :
1355 4061 1513 4116 Ἐπεὶ
1544 4063 1639 4117 καὶ
1670 4065 1725 4116 at
1758 4062 1996 4118 ἐνταῦθα.

399 4139 554 4208 ’κατὰ
583 4152 683 4226 τὴν
721 4152 1051 4226 Ἐκκλησίαν
1081 4155 1359 4228 προκοπαὶ
1390 4155 1727 4221 ἐπισκόπων,
1761 4156 1996 4230 πρεσϐυ-

407 4247 606 4319 τέρων,
622 4236 904 4314 διακόνων,
944 4249 1258 4321 μιμήματα,
1291 4245 1463 4321 οἶμαι,
1486 4249 1782 4321 ἀγγελικῆς
1812 4249 1995 4322 δόξης,

398 4336 670 4412 ’κάκείνης
690 4340 792 4412 τῆς
813 4340 1123 4413 οἰκονομίας
1153 4342 1502 4413 τυγχάνουσι.
1537 4341 1803 4408 Quoniam
1834 4355 1883 4398 et
1907 4344 1993 4398 hic

2095 3159 2191 3200 sus
2222 3160 2235 3196 :
2276 3138 2390 3212 Ego
2424 3146 2554 3210 puto
2598 3140 2824 3193 inveniri
2863 3138 3032 3192 simul
3061 3153 3215 3207 posse
3253 3149 3303 3192 et
3341 3137 3592 3208 angelum
3637 3148 3691 3192 et

2093 3235 2358 3291 hominem
2388 3231 2550 3286 bonos
2590 3230 2852 3286 Ecclesiae
2876 3232 3172 3301 episcopos,
3209 3240 3260 3284 et
3291 3230 3691 3301 quodammodo

2093 3329 2253 3382 unius
2292 3327 2465 3397 operis
2491 3338 2604 3379 esse
2636 3325 2946 3396 participes.
2983 3323 3136 3389 Quod
3161 3341 3280 3378 cum
3315 3324 3394 3377 ita
3418 3326 3511 3387 sit,
3534 3335 3689 3393 peta-

2093 3437 2209 3476 mus
2242 3423 2653 3488 omnipotentem
2701 3418 2895 3486 Deum,
2924 3428 2982 3472 ut
3016 3417 3194 3489 angeli
3218 3429 3269 3471 et
3299 3418 3540 3472 homines
3574 3417 3685 3473 Ec-

2092 3512 2376 3566 clesiarum
2403 3512 2633 3582 episcopi
2671 3510 2980 3581 adjumento
3013 3512 3120 3567 sint
3154 3510 3327 3578 nobis,
3356 3521 3407 3565 et
3447 3513 3687 3566 sciamus

2091 3605 2344 3674 quoniam
2374 3607 2581 3673 utrique
2619 3619 2716 3671 pro
2752 3603 2899 3657 nobis
2928 3620 2960 3656 a
2987 3602 3215 3657 Domino
3237 3603 3574 3675 judicentur.

2164 3697 2297 3765 Quae
2317 3709 2462 3753 certe
2495 3713 2630 3768 pura
2662 3705 2791 3766 puta
2821 3707 2950 3752 sunt
2988 3696 3296 3768 Origenica,
3330 3706 3392 3751 ut
3448 3699 3518 3754 de
3546 3713 3677 3754 auc-

2094 3800 2211 3846 tore
2241 3791 2434 3845 barmn
2478 3789 2825 3843 homiliarum
2873 3789 3107 3843 dubitari
3156 3805 3265 3842 non
3311 3791 3510 3861 possit.
3558 3790 3685 3847 [hec

2094 3888 2279 3935 autem
2306 3896 2371 3934 ea:
2418 3895 2574 3934 sensu
2607 3876 3009 3948 Scripturarum
3058 3878 3251 3933 habuit
3297 3879 3596 3949 Origenes,
3628 3892 3683 3935 ut

2094 3973 2210 4042 ipse
2238 3972 2523 4042 proﬁtetur
2551 3988 2565 4024 :
2600 3986 2667 4026 ex
2705 3971 2920 4025 illarum
2960 3971 3127 4040 igitur
3149 3971 3403 4027 doctrina
3427 3974 3682 4043 agnoscit

2094 4062 2149 4116 in
2185 4062 2417 4133 singulis
2450 4062 2698 4117 ecclesiis
2730 4077 2897 4116 unum
2931 4060 3209 4117 hominem
3253 4064 3527 4119 visibilem
3570 4065 3683 4134 epi-

2094 4171 2345 4226 scopum.
2387 4154 2532 4209 Idem
2577 4153 2798 4207 liomilia
2827 4152 2893 4206 l7
2919 4169 2931 4203 :
2962 4150 3115 4206 Sicut
3144 4154 3283 4206 enim
3331 4160 3397 4207 ab
3430 4154 3680 4208 ecclesia-

2094 4249 2243 4304 sticis
2290 4246 2642 4319 dignitatibus
2673 4263 2777 4300 non
2808 4246 2980 4300 solum
3010 4247 3326 4316 fornicatio,
3358 4249 3450 4300 sed
3485 4258 3539 4301 et
3586 4264 3685 4301 nu-

2095 4343 2224 4411 ptite
2268 4339 2559 4411 repellunt;
2589 4356 2750 4411 neque
2775 4341 2914 4394 enim
2934 4341 3233 4411 episcopus,
3262 4356 3355 4394 nec
3383 4345 3677 4410 presbyter,

408 4430 469 4483 in
513 4427 758 4482 Ecclesia
807 4429 1198 4499 progressiones
1238 4432 1622 4500 epist-Operam,
1662 4433 1993 4504 presbytero—
2025 4427 2070 4476 υ
2099 4452 2190 4488 nec
2212 4434 2489 4499 diaconus,
2520 4449 2611 4486 nec
2640 4433 2798 4487 vidua
2822 4441 3039 4502 possunt
3066 4448 3176 4487 esse
3202 4433 3438 4502 digami;
3458 4434 3537 4487 sic
3566 4433 3677 4503 for-

411 4537 530 4574 runt
573 4531 621 4575 et
669 4520 1039 4591 diaconorum,
1077 4521 1436 4589 imitationes,
1468 4535 1525 4578 ut
1560 4526 1797 4578 arbitror
1821 4568 1835 4592 ,
1869 4535 1993 4579 sunt

410 4613 594 4684 gloria:
644 4613 897 4686 angelica:
943 4623 995 4669 et
1038 4614 1189 4670 illius
1243 4616 1690 4687 dispensationis,
1728 4616 1990 4673 Stromat.

410 4705 450 4760 l.
485 4721 558 4759 vt.
593 4703 677 4759 Ex
710 4721 831 4773 usu,
860 4706 1038 4776 inquit
1062 4705 1402 4776 Blondellus,
1438 4718 1624 4763 natam
1662 4709 1995 4764 distributio.

411 4815 529 4853 nem
551 4798 889 4855 admittebat.
911 4800 1260 4870 Accipiamus
1282 4800 1427 4870 quod
1456 4801 1550 4856 dat
1577 4819 1591 4855 :
1616 4817 1681 4857 ex
1705 4819 1809 4858 usu
1836 4813 1997 4860 erant

410 4890 471 4946 bi
506 4900 617 4946 tres
660 4891 862 4963 gradus
910 4892 1027 4948 sive
1056 4893 1477 4963 progressiones
1510 4908 1799 4949 sacrorum
1838 4896 1990 4950 ordi-

410 4998 545 5039 num
579 4983 635 5038 in
673 4982 917 5040 Ecclesia
947 4984 1060 5049 illa,
1094 4985 1305 5041 scilicet
1337 4985 1393 5040 in
1426 5001 1535 5055 qua
1563 4985 1817 5042 Clemens
1851 4988 1992 5043 scri.

409 5074 523 5144 psit
547 5085 602 5131 et
633 5077 916 5149 presbyter
941 5076 1065 5133 fuit.
1102 5077 1351 5133 Fuerunt
1377 5079 1546 5149 igitur
1575 5079 1631 5132 in
1662 5078 1898 5151 Egypto
1925 5096 1994 5136 ex

412 5181 520 5221 usu
568 5168 833 5239 episcopi,
883 5171 1209 5244 presbyteri,
1262 5171 1507 5239 diaconi,
1562 5187 1688 5227 cum
1736 5171 1995 5230 Clemens

411 5259 654 5329 scripsit,
698 5263 843 5333 quod
879 5261 1062 5319 Dallzei
1110 5274 1497 5335 argumentum
1545 5280 1776 5335 prorsus
1817 5266 1989 5332 elidit,

409 5361 475 5407 ut
517 5364 703 5422 postea
736 5356 1109 5413 ostendemus.
1160 5357 1264 5413 Sed
1305 5358 1545 5413 eamdem
1580 5367 1777 5423 tamen,
1816 5357 1995 5429 inquit

409 5442 747 5514 Blondellus,
765 5448 1029 5505 divinitus
1055 5465 1151 5520 per
1180 5449 1479 5520 apostolum
1507 5451 1811 5505 institutam
1838 5452 1992 5521 pleno

411 5552 501 5592 ore
526 5538 772 5609 negabat.
808 5538 926 5596 Hoc
951 5556 1053 5612 ego
1084 5542 1307 5598 eﬂ’atum
1352 5551 1461 5597 tam
1510 5541 1713 5598 falsum
1748 5560 1871 5599 esse
1912 5544 1993 5597 af-

408 5631 577 5684 ﬁrmo
620 5644 784 5700 quam
831 5633 979 5702 quod
1013 5632 1370 5701 falsissimum
1400 5644 1504 5691 est.
1539 5633 1677 5689 Nam
1714 5635 1830 5706 ipse
1859 5634 1990 5689 alibi

411 5723 618 5781 diserte
648 5724 861 5793 scrib.t,
898 5726 1111 5784 diversa
1147 5738 1412 5799 praecepta
1439 5728 1732 5800 episcopis,
1768 5728 1991 5800 presby-

2095 4528 2240 4580 sitan
2282 4536 2332 4579 et
2373 4526 2436 4579 de
2483 4534 2615 4579 coetu
2661 4527 3056 4593 primitivorum
3115 4524 3680 4597 itttmaculatorumque

2097 4615 2373 4682 Ecclesiw,
2402 4632 2519 4686 qua:
2564 4631 2668 4669 non
2718 4616 2874 4669 habet
2904 4615 3195 4695 piaculum
3248 4632 3413 4687 neque
3467 4634 3674 4689 rugam,

2094 4709 2338 4776 ejicietur
2366 4709 2647 4778 digamus;
2676 4725 2777 4763 non
2797 4725 2898 4780 quo
2938 4710 2997 4763 in
3023 4720 3276 4763 aeternum
3321 4709 3575 4764 mittatur
3598 4712 3679 4764 in-

2095 4799 2359 4864 cendium,
2389 4799 2478 4852 sed
2521 4815 2623 4869 quo
2672 4809 2878 4868 partem
2903 4816 3008 4853 non
3057 4800 3250 4854 habeat
3292 4800 3346 4853 in
3380 4817 3538 4870 regno
3560 4800 3672 4858 Dei.

2095 4887 2233 4955 Quis
2260 4900 2442 4944 autem
2488 4906 2595 4945 non
2637 4891 2822 4945 statim
2854 4892 3006 4947 videt
3055 4892 3173 4947 haec
3203 4893 3369 4946 etiam
3399 4909 3524 4948 esse
3556 4910 3677 4950 vere

2095 4983 2431 5054 Origenica?
2474 4983 2569 5038 llis
2596 4993 2788 5045 autem
2815 4982 3100 5055 Origenes,
3137 4985 3281 5055 quod
3327 4986 3394 5040 ad
3420 4987 3674 5042 ecclesia-

2095 5077 2262 5131 sticas
2304 5076 2594 5145 dignitates
2638 5076 2859 5140 attinet,
2904 5076 3241 5132 Clementem
3290 5091 3673 5149 praeceptorem

2096 5187 2255 5226 suum
2306 5171 2587 5240 sequitur,
2614 5182 2668 5226 et
2698 5179 2955 5240 tanquam
2987 5179 3224 5241 quatuor
3271 5172 3518 5228 diversas
3545 5189 3672 5228 enu-

2097 5269 2274 5314 merat
2307 5260 2401 5314 uni
2447 5260 2666 5327 quidem
2714 5261 2768 5315 in
2827 5262 2930 5315 hac
2965 5276 3024 5316 re
3056 5270 3329 5333 praecepto
3354 5264 3672 5333 apostolico,

2097 5353 2193 5409 sed
2226 5354 2520 5423 separatim
2551 5353 2753 5408 tradito
2787 5393 2803 5419 ,
2850 5353 3146 5423 subjectas.
3200 5353 3276 5409 lta
3314 5357 3507 5425 ipsein
3530 5371 3672 5411 eont-

2099 5445 2385 5500 inentariis
2408 5445 2476 5501 ad
2512 5444 2829 5500 Matthzeum
2860 5445 3229 5502 dilbcultatem
3278 5449 3494 5517 qutesiti
3538 5450 3673 5506 κατὰ

2093 5542 2195 5615 τὴν
2220 5542 2315 5596 τοῦ
2357 5541 2679 5597 Ἀποστόλου
2712 5539 2842 5613 περὶ
2870 5538 2980 5594 τῶν
3006 5539 3477 5612 ὲκκλησιαστικῶν
3507 5558 3670 5613 πραγ-

2100 5637 2288 5706 μάτων
2309 5636 2630 5709 νομοθεσίαν
2665 5635 2880 5690 solvere
2900 5643 3152 5691 conatur.
3172 5632 3347 5700 Quam
3378 5635 3487 5689 hoc
3517 5636 3671 5690 modo

2096 5737 2385 5799 proponit:
2420 5728 2622 5783 Οὐδένα
2656 5727 2764 5799 γὰρ
2786 5728 2893 5783 τῶν
2933 5726 3494 5795 ἀπὸτῆςἘκκλησίας
3520 5729 3653 5795 ὖιεερ
