3834 6206
194 282 300 340 Si?

946 280 999 337 J.
1040 278 1415 337 PEARSONII
1453 276 1778 333 VINDICIE
1814 277 2235 335 ΙΕΝΑΤΙΔΝᾹΞ.
2276 309 2347 325 -—
2382 276 2563 332 PARS
2600 276 2640 331 l.

3347 275 3452 331 ’λεδ

197 402 327 473 exigu
351 415 473 455 τινα
488 398 641 473 παρὰ
659 399 787 463 τοὺς
820 398 1047 462 πολλοὺς
1060 398 1136 461 ὼς
1155 398 1214 451 ἐν
1244 393 1530 467 συμϐόλοις
1560 392 1775 464 ἀνειλη-

1879 395 2225 465 presbyteros
2266 393 2545 447 ordinatus
2591 400 2689 458 est,
2721 392 2829 448 hoc
2862 400 2949 447 est
2984 391 3275 460 episcopus
3296 431 3310 453 ,
3338 407 3443 443 ma-

197 491 333 561 φάτα
352 490 601 562 βούλεται
621 492 652 544 6
669 489 883 554 Παῦλος
894 488 1151 561 δευτέρου
1169 485 1539 559 πεπειρᾶσθαι
1571 484 1771 555 γάμου.

192 581 364 636 Eziis
385 582 527 637 enim
547 581 643 649 qui
666 579 922 634 Ecclesiae
972 595 1158 633 nomen
1202 579 1483 641 dederunt,
1519 578 1777 630 neminem

193 675 282 743 qui
323 672 642 743 dignitatem
668 671 909 742 aliquam
933 688 1045 741 prce
1080 670 1265 725 multis
1303 687 1457 742 quasi
1486 672 1541 723 in
1566 667 1778 739 symbo-

193 764 259 818 lis
282 764 447 834 fuerit
470 772 802 827 consecutus,
826 761 1037 817 Paulus
1064 762 1323 816 secundas
1350 761 1563 830 nuptias
1586 775 1776 830 exper-

192 862 301 906 tum
327 854 497 923 fuisse
520 852 653 907 vult.
683 850 824 906 Tum
853 866 984 906 vero
1007 860 1067 905 ut
1081 849 1334 906 ostendat
1350 864 1568 903 omnem
1591 846 1778 902 Eccle-

192 945 287 1000 sia:
312 943 637 1015 dignitatem
673 942 805 998 huic
826 942 931 1012 legi
964 941 1266 1011 subjectam
1290 953 1433 1004 esse,
1451 938 1519 993 de
1546 936 1777 1006 singulis

190 1035 452 1091 distincte
464 1034 598 1106 agit,
623 1034 930 1105 probatque
949 1034 1128 1102 primo
1141 1031 1207 1085 de
1223 1029 1519 1100 episcopis.
1535 1028 1778 1083 secundo

186 1128 255 1182 de
276 1127 548 1191 diaconis,
581 1127 743 1181 tertio
764 1125 832 1180 de
856 1125 1056 1190 viduis,
1075 1132 1283 1203 “quarto
1311 1122 1378 1176 de
1419 1120 1773 1191 presbyteris,

185 1218 422 1287 singulis
451 1235 482 1273 e
510 1217 569 1273 S.
598 1219 771 1273 l’aulo
800 1218 937 1273 locis
965 1216 1266 1285 productis.
1298 1213 1432 1267 Dein
1459 1214 1511 1266 in
1543 1212 1658 1281 ipsa
1688 1227 1777 1265 so-

184 1309 395 1365 lutione
423 1330 436 1364 :
457 1311 688 1381 Μήποτε
710 1309 836 1361 ἐπεὶ
860 1307 1123 1379 σύμϐολόν
1166 1308 1283 1359 ἐστι
1326 1304 1420 1358 καὶ
1441 1302 1776 1363 ὸέπίσκοπος

180 1402 280 1457 καὶ
323 1405 353 1456 6
398 1402 792 1474 πρεσϐύτερος,
840 1402 936 1455 καὶ
979 1401 1008 1451 6
1054 1400 1299 1462 διάκονος
1337 1395 1603 1466 ἀληθινῶν
1638 1394 1777 1448 κατὰ

177 1489 253 1544 τὰ
295 1491 540 1561 ὀνόματα
594 1489 769 1567 ταῦτα
829 1489 1205 1559 πραγμάτων,
1260 1486 1527 1557 ἐϐουλήθη
1581 1484 1777 1547 αὐτοὺς

186 1581 542 1654 συμϐολικῶς
577 1581 924 1654 μονογάμους
957 1579 1313 1650 καταστῆσαι.
1357 1578 1547 1631 Annon
1605 1591 1776 1645 quan-

181 1672 476 1741 doquidem
506 1669 804 1740 symbolum
856 1678 934 1724 est
969 1679 1019 1723 et
1053 1669 1361 1737 episcopus,
1406 1676 1454 1720 et
1485 1665 1773 1734 presbyter,

174 1772 229 1816 et
258 1764 521 1817 diaconus
571 1779 812 1819 cerarum
840 1762 1127 1817 secundum
1170 1762 1281 1814 licet:
1334 1761 1548 1815 nomina
1575 1773 1772 1824 rerum,
1811 1758 1851 1813 Β

175 1856 414 1911 voluerit
438 1855 560 1908 illos
581 1854 867 1925 symbolice
901 1871 1238 1925 monogamos
1259 1851 1621 1907 constituere?
1664 1848 1774 1903 llos

174 1946 349 2015 igitur
368 1955 480 1999 tres
508 1945 795 1999 distinctos
817 1944 1043 2014 gradus,
1072 1944 1187 1999 sive
1218 1940 1493 2014 ὑπεροχὰς
1514 1951 1567 1994 et
1592 1940 1772 2009 digni-

178 2046 320 2090 tates
333 2035 743 2090 ecclesiasticas
763 2032 826 2089 Ol
843 2036 1029 2105 igcnes
1045 2050 1108 2088 ex
1143 2033 1259 2103 ipso
1290 2048 1448 2087 sacro
1471 2031 1658 2085 codice
1673 2030 1772 2083 de-

173 2130 343 2193 rivat,
361 2135 418 2181 ct
450 2143 576 2181 cum
602 2126 882 2181 Clemente
912 2134 991 2180 tot
1015 2125 1271 2180 distincta
1298 2122 1475 2178 ollicia
1493 2122 1774 2176 distinctis

171 2219 346 2274 etiam
411 2218 734 2289 apostolicis
785 2216 1071 2287 praeceptis
1107 2214 1352 2284 regulata
1403 2212 1670 2284 agnoscit.
1707 2209 1776 2265 Ut

172 2312 231 2366 in
264 2310 481 2381 optimo
505 2312 572 2366 de
603 2310 857 2365 oratione
904 2310 1043 2363 libro
1078 2306 1326 2362 nondum
1366 2305 1533 2369 edito,
1563 2304 1656 2359 sed
1704 2303 1775 2358 ab

180 2404 388 2460 Huctio
430 2404 748 2475 propediem
780 2401 1017 2460 edendo.
1046 2401 1183 2473 Περὶ
1232 2400 1340 2454 τῶν
1372 2395 1639 2469 ὀφειλῶν,
1677 2412 1773 2451 seu

178 2497 260 2552 De
284 2498 484 2551 debitis
523 2498 579 2552 in
611 2495 871 2551 Oratione
914 2493 1196 2548 Dominica
1234 2506 1436 2563 agens,
1483 2499 1772 2560 postquam

174 2591 247 2645 de
282 2590 638 2661 generalibus
681 2588 930 2643 omnium
984 2586 1426 2641 Christianorum
1460 2581 1688 2645 olliciis,
1716 2590 1774 2632 ut

173 2682 563 2737 Clementinus
595 2681 684 2735 ille
713 2683 1043 2751 pxdagogus
1067 2677 1437 2743 disseruisset,
1465 2676 1580 2729 haec
1602 2673 1773 2727 adiit:

174 2774 368 2846 Χωρές
432 2774 491 2827 δέ
550 2772 756 2827 τούτων
804 2770 1251 2840 καθολικωτέρων
1307 2768 1498 2830 ὄντων,
1533 2764 1650 2819 ἐστι
1691 2781 1773 2828 τις

173 2869 355 2940 χήρας
390 2866 797 2939 προνοουμένης
835 2863 940 2917 ὑπὸ
961 2865 1062 2934 τῆς
1102 2862 1432 2933 Ἐκκλησίας
1452 2859 1663 2932 ὀφειλὴ,
1682 2859 1774 2912 καὶ

173 2959 347 3032 ἑτέρα
380 2958 655 3023 διακόνου,
687 2958 783 3012 καὶ
808 2957 942 3029 ἄλλη
987 2954 1381 3027 πρεσϐυτέρου,
1416 2954 1510 3006 καὶ
1551 2952 1773 3005 ἐπισκό-

173 3067 282 3104 ππου
313 3048 375 3101 δὲ
399 3047 595 3119 ὀφειλὴ
628 3046 907 3119 βαρυτάτη
948 3046 1095 3098 ἐστὶν
1126 3042 1504 3114 ἀπαιτουμένη
1542 3040 1648 3093 ὑπὸ
1679 3038 1771 3093 τοῦ

1869 485 1983 554 jori
2009 485 2183 539 adhuc
2210 484 2386 538 debito
2400 484 2683 538 obstrictus
2722 492 2820 538 est.
2848 481 2981 550 Quae
3017 482 3182 537 verba
3213 482 3455 551 pessimo

1878 579 2113 635 consilio
2157 575 2522 633 dissimulavit
2570 574 2883 630 Blondellns
2929 575 2985 629 in
3016 573 3288 644 apologis,
3326 587 3453 626 eum

1878 674 1995 743 ipse
2025 671 2239 726 noverit
2261 670 2444 724 omnia
2473 684 2572 724 sua
2601 667 2942 723 consectaria
2977 681 3009 720 ο
3035 665 3312 735 prioribus
3333 678 3457 717 ver-

1880 767 1965 821 bis
2012 764 2155 819 male
2206 762 2477 827 deducta,
2521 761 2605 815 bis
2638 760 2771 829 ipsis
2822 757 3165 828 apertissime
3202 754 3452 812 refutari.

1879 857 2026 911 ldem
2058 856 2151 909 lib.
2195 870 2257 909 :u
2290 862 2480 908 contra
2510 853 2725 908 Celsum
2745 850 2989 921 episcopi
3029 861 3458 920 χαρακτηριστι-

1879 949 1973 1003 κὸν
2014 947 2197 1012 tradit,
2244 946 2485 1015 illudque
2538 960 2646 1000 non
2683 959 2753 999 ex
2798 944 3039 997 humana
3087 939 3454 1004 institutione,

1878 1054 2069 1099 ante:
2100 1042 2358 1098 Ecclesiae
2396 1039 2815 1104 consuetudine,
2867 1036 2961 1093 sed
3016 1051 3082 1090 ex
3135 1034 3455 1104 apostolicis

1880 1136 2162 1205 praeceptis
2190 1133 2474 1199 describit,
2487 1140 2540 1187 et
2573 1138 2895 1201 argumento
2921 1144 2952 1183 e
2975 1126 3254 1197 Scriptura
3280 1126 3453 1181 dedu-

1878 1238 1968 1282 cto
1996 1225 2219 1295 opponit
2252 1243 2265 1278 :
2296 1225 2406 1277 Καὶ
2446 1222 2601 1293 δῆλον
2646 1222 2729 1283 ὅτι
2764 1223 2822 1274 ἐν
2854 1219 2932 1290 τῷ
2972 1214 3456 1290 χαρακτηριστικῷ

1879 1318 1987 1371 τῶν
2034 1315 2383 1386 καλουμένων
2429 1312 2742 1367 ἐπισκόπων
2796 1311 3111 1382 διαγράφων
3162 1310 3191 1361 6
3245 1306 3456 1369 Παῦλος

1879 1412 2058 1462 ὁποῖον
2090 1403 2229 1461 εἶναι
2280 1405 2384 1477 χρὴ
2414 1405 2506 1459 τὸν
2534 1404 2851 1465 ἐπίσκοπον,
2880 1400 3035 1466 ἔταξε
3066 1401 3160 1454 καὶ
3190 1400 3281 1453 τὸν
3313 1398 3458 1452 διδά-

1880 1500 2098 1563 σκαλον,
2123 1499 2295 1567 λέγων
2327 1497 2437 1550 δεῖν
2465 1494 2627 1551 αὑτὸν
2659 1492 2797 1549 εἶναι
2824 1494 3049 1548 δυνατὸν
3087 1494 3179 1548 καὶ
3204 1492 3329 1556 τοὺς
3360 1492 3456 1546 ἁν-

1876 1589 2188 1658 τιλέγοντας
2216 1588 2476 1658 ἐλέγχειν,
2506 1587 2593 1641 ἵνα
2621 1586 2749 1649 τοὺς
2780 1584 3171 1656 ματαιολόγους
3186 1583 3459 1652 καὶφρεν-

1877 1683 2091 1744 απάτας
2135 1680 2462 1753 ἐπιστομίζει
2512 1678 2602 1733 διὰ
2653 1678 2750 1750 τῆς
2772 1679 2830 1730 ἐν
2872 1674 3020 1746 αὐτῷ
3076 1678 3300 1744 σοφίας’
3364 1674 3458 1727 καὶ

1876 1775 2065 1845 ὥσπερ
2100 1772 2404 1843 μονόγαμον
2454 1770 2653 1841 μᾶλλον
2698 1768 2928 1839 διγὰμου
2958 1769 3192 1838 αἱρεῖται
3222 1768 3303 1829 εἰς
3335 1767 3457 1819 ἐπι-

1879 1862 2085 1933 σκοπὴν
2106 1877 2117 1889 ·
2164 1860 2260 1913 καὶ
2306 1859 2669 1930 ἀνεπίληπτον
2708 1855 3005 1928 ἐπιλήπτου
3030 1896 3045 1922 ,
3080 1857 3173 1909 καὶ
3201 1854 3459 1926 νηφάλιον

1875 1952 1969 2007 τοῦ
2006 1951 2082 2023 μὴ
2112 1950 2374 2015 τοιούτου,
2398 1952 2490 2004 καὶ
2524 1948 2779 2020 σώφρονα
2810 1946 2903 2000 τοῦ
2935 1946 3010 2018 μὴ
3038 1945 3341 2017 σώφρονος,
3366 1945 3462 1999 καὶ

1877 2044 2099 2114 κόσμιον
2114 2042 2262 2114 παρὰ
2284 2042 2375 2094 τὸν
2399 2040 2499 2095 κᾶν
2520 2042 2606 2093 ἐπ’
2626 2040 2803 2108 ὀλίγον
2825 2037 3107 2103 (indagtor
3139 2034 3282 2089 οὕτω
3317 2034 3460 2088 Θέλει

1875 2135 1967 2187 τὸν
2000 2133 2425 2206 προηγουμένως
2468 2133 2547 2195 είς
2585 2129 2889 2201 ἐπισκοπὴν
2920 2126 3460 2198 κατασταθησόμενον

1876 2222 2013 2280 εἶναι
2029 2226 2334 2280 διδακτικὸν
2357 2226 2450 2279 καὶ
2471 2222 2693 2277 δυνατὸν
2714 2222 2850 2294 πρὸς
2864 2221 2923 2274 τὺ
2937 2222 3063 2283 τοὺς
3086 2217 3462 2286 ἀντιλέγοντας

1876 2320 2268 2391 ἐπιστομίζειν.
2288 2319 2354 2373 Et
2381 2320 2721 2388 manifestum
2741 2326 2815 2371 est
2830 2316 2969 2388 quod
2984 2318 3036 2371 in
3063 2317 3176 2386 ipso
3191 2318 3463 2369 characte-

1877 2414 2061 2466 ristico
2084 2428 2264 2466 eorum
2290 2412 2381 2482 qui
2409 2412 2638 2480 episcOpi
2668 2412 2831 2481 (apud
2854 2410 2979 2478 nos)
3013 2418 3284 2472 vocantur,
3313 2406 3465 2461 Pau-

1876 2505 1961 2558 lus
1977 2504 2274 2558 describens
2294 2501 2502 2573 qualem
2524 2504 2694 2555 virum
2723 2513 2960 2570 oporteat
3003 2519 3113 2555 esse
3136 2503 3460 2570 episcopum,

1874 2597 2051 2665 posuit
2093 2605 2140 2648 et
2174 2594 2439 2647 doctorem
2461 2632 2477 2658 ,
2510 2592 2749 2661 inquiens
2783 2609 2902 2646 eum
2951 2601 3188 2661 oportere
3228 2606 3339 2643 esse
3362 2607 3461 2660 po-

1878 2698 2071 2742 tentem
2114 2686 2527 2740 contradicentes
2570 2685 2921 2755 redarguere,
2952 2694 3010 2737 ut
3062 2683 3354 2754 vaniloquis
3402 2690 3463 2739 et

1874 2781 2243 2835 seductoribus
2295 2781 2501 2833 obturet
2549 2794 2606 2832 os
2657 2795 2750 2849 per
2789 2778 3062 2847 propriam
3118 2778 3458 2846 sapientiam.

1877 2873 1948 2927 Et
1979 2872 2420 2944 quemadmodum
2453 2872 2611 2925 unius
2642 2870 2826 2924 uxoris
2868 2870 3040 2922 virum
3085 2869 3299 2923 iteranti
3349 2885 3464 2921 nta-

1880 2967 2190 3021 trimonium
2221 2965 2438 3036 praefert
2467 2966 2522 3018 in
2541 2963 2790 3017 electione
2819 2962 2889 3014 ad
2919 2962 3298 3031 episcopatum.
3330 2962 3463 3013 irre-

1877 3054 2281 3126 preltensibilem
2314 3053 2726 3124 reprehensibili,
2757 3053 2987 3106 sobrium
3016 3050 3167 3121 longe
3188 3050 3461 3116 dissimili,

169 3142 277 3212 τῆς
325 3140 460 3210 ὅλης
505 3139 836 3209 Ἐκκλησίας
857 3137 1129 3208 Σωτῆρος,
1166 3136 1266 3189 καὶ
1316 3132 1672 3204 ἐκδικουμένη
1726 3132 1775 3184 εί

1880 3158 2257 3219 temperantem
2284 3147 2685 3211 intemperanti,
2714 3144 3018 3213 compositis
3049 3143 3282 3195 moribus
3305 3159 3455 3194 ornu-

174 3234 251 3307 μὴ
280 3233 610 3303 ἀποδιδῷτο.
651 3232 859 3285 Prester
899 3241 1075 3283 autem
1116 3229 1228 3282 lucc
1260 3226 1648 3281 universaliora
1696 3233 1773 3278 est

170 3325 448 3397 quoddam
476 3325 671 3389 vidum,
701 3324 853 3393 cujus
878 3340 1061 3377 curam
1077 3322 1208 3393 gerit
1233 3319 1495 3382 Ecclesia,
1517 3318 1772 3381 debitum,

170 3431 220 3473 et
253 3420 414 3473 aliud
450 3418 688 3484 diaconi,
719 3428 769 3472 et
806 3418 958 3470 aliud
1004 3418 1318 3487 presbyteri,
1340 3416 1568 3484 episcopi
1597 3422 1776 3465 autem

167 3523 439 3583 praterea
468 3513 704 3564 debitum
729 3520 808 3565 est
833 3528 866 3564 a
908 3513 1069 3563 totius
1101 3508 1353 3562 Ecclesia!
1382 3506 1657 3560 Salvatore
1684 3519 1778 3558 ea:-

170 3614 395 3670 uctum,
427 3613 480 3657 et
532 3603 579 3656 si
635 3618 742 3655 non
794 3601 1090 3667 reddatur,
1150 3599 1498 3653 vindicatum.
1548 3594 1619 3650 Ut
1662 3597 1776 3664 ipse

167 3697 348 3750 etiam
402 3693 633 3749 homilia
682 3692 870 3763 quinta
922 3693 975 3747 in
1026 3691 1365 3745 Ezecliielem
1402 3704 1414 3739 :
1458 3687 1565 3740 Pro
1611 3685 1772 3739 modo

170 3787 450 3860 graduum
490 3786 846 3855 unusquisque
883 3782 1231 3853 torquebitur.
1284 3779 1541 3848 Majorem
1568 3793 1775 3848 poenam

171 3880 336 3933 habet
366 3879 464 3949 qui
490 3875 745 3930 Ecclesia:
778 3876 1027 3946 prtesidct
1056 3884 1106 3929 et
1146 3873 1406 3943 delinquit
1439 3874 1514 3943 (id
1545 3887 1628 3927 est
1658 3872 1774 3942 epi-

172 3971 437 4040 scopus).
476 3968 667 4022 Annon
706 3967 872 4036 magis
904 3965 1324 4018 misericordiam
1352 3972 1679 4033 promeretur
1706 3963 1775 4016 ad

176 4062 643 4131 comparationem
671 4060 844 4130 ﬁdelis
874 4061 1318 4113 caterlmmenus?
1343 4056 1462 4109 Non
1494 4058 1664 4125 magis
1694 4072 1778 4108 ve-

175 4157 270 4208 nia
300 4153 499 4225 dignus
552 4161 629 4206 est
675 4151 870 4217 laicus,
911 4151 959 4204 si
998 4150 1067 4202 ad
1099 4150 1384 4202 diaconum
1430 4148 1778 4217 conferatur?

180 4247 251 4302 Et
279 4262 477 4302 rursus
508 4245 906 4315 comparatione
951 4243 1241 4314 presbyteri
1270 4242 1526 4296 diaconus
1574 4242 1778 4294 veniam

178 4342 311 4412 plus
343 4336 814 4392 meretur?Plane
854 4347 913 4391 ut
960 4335 1126 4400 idem,
1156 4333 1380 4389 homilia
1426 4334 1485 4387 ll
1522 4334 1574 4386 in
1624 4331 1777 4386 lere-

182 4434 356 4485 miam
396 4447 413 4484 :
448 4428 641 4482 ΙΙλείον
673 4426 785 4496 ἐγὼ
818 4424 1159 4495 ἀπαιτοῦμαι
1206 4422 1359 4497 παρὰ
1390 4423 1481 4476 τὸν
1512 4423 1778 4484 διάκονον,

80 4574 83 4577 ,
183 4522 375 4575 πλεῖον
406 4521 436 4573 6
464 4519 710 4583 διάκονος
760 4518 911 4590 παρὰ
969 4515 1061 4569 τὸν
1108 4516 1328 4577 λαῖκὸν,
1363 4515 1391 4567 6
1425 4514 1483 4567 δὲ
1514 4515 1613 4584 τὴν
1648 4513 1783 4566 πάν-

180 4631 297 4667 των
350 4611 509 4683 ἡμῶν
560 4609 1037 4683 ἐγκεχειρισμένος
1068 4609 1243 4680 ἀρχὴν
1298 4605 1467 4677 αὐτὴν
1514 4605 1613 4676 τὴν
1658 4606 1782 4658 Ἐκ-

184 4704 589 4775 κλησιαστικὴν
652 4705 745 4757 ἐπὶ
806 4702 990 4755 πλεῖον
1035 4701 1159 4763 (vel
1216 4700 1297 4753 ἔτι
1352 4697 1579 4766 πλεῖον)
1616 4698 1783 4750 ἁπαι-

180 4796 393 4847 τείται.
427 4792 542 4847 lloc
564 4801 671 4858 est,
703 4792 1096 4861 interpretante
1126 4788 1477 4857 Hieronymo,
1501 4785 1619 4856 plus
1646 4804 1675 4839 a
1703 4802 1783 4840 me

183 4885 427 4956 exigitur
462 4900 621 4955 quam
661 4900 694 4938 a
733 4885 990 4947 diacono;
1035 4881 1153 4952 plus
1184 4900 1217 4937 a
1262 4883 1488 4936 diacono
1536 4896 1695 4951 quam
1751 4896 1783 4931 a

186 4980 359 5034 laico.
391 4979 497 5043 Qui
530 4993 648 5031 vero
680 4976 845 5030 totius
899 4974 1148 5028 Ecclesia:
1201 4990 1374 5027 arcem
1413 4972 1633 5033 obtinet,
1684 4988 1783 5041 pro

182 5072 337 5125 omni
364 5068 606 5123 Ecclesia
639 5068 817 5121 reddet
858 5068 1137 5120 rationem.
1176 5062 1440 5135 Origenes
1503 5062 1785 5132 presbyter

186 5162 318 5227 fuit,
354 5162 593 5230 ideoque
619 5160 695 5215 ait
718 5175 734 5213 ε
761 5158 893 5213 Plus
925 5175 958 5211 a
988 5174 1069 5211 me
1107 5157 1341 5226 exigitur
1362 5171 1521 5224 quam
1547 5170 1579 5205 a
1602 5152 1786 5205 diaco-

188 5274 284 5325 no,
300 5253 451 5328 quod
478 5253 883 5324 presbyteratus
905 5248 1109 5323 gradus
1137 5257 1282 5302 esset
1306 5247 1595 5301 diaconatu
1622 5262 1787 5316 supe-

186 5349 341 5413 rior;
369 5346 490 5416 plus
522 5361 555 5397 a
577 5344 804 5397 diacono
832 5356 993 5413 quant
1021 5357 1054 5393 a
1086 5340 1246 5405 laico,
1283 5338 1411 5408 quia
1464 5338 1659 5403 laicus,
1698 5352 1784 5390 se-

189 5440 436 5497 cundum
465 5437 615 5493 illius
640 5434 992 5498 sententiam,
1022 5432 1228 5486 nullam
1255 5431 1308 5484 in
1332 5429 1574 5486 Ecclesia
1598 5427 1782 5500 digni-

190 5540 357 5586 tatem
383 5530 594 5586 obtinet
613 5546 629 5596 ;
650 5539 729 5591 at,
743 5528 939 5598 inquit,
958 5525 1049 5579 ille
1066 5525 1157 5595 qui
1174 5524 1242 5577 ad
1254 5522 1610 5593 principatum
1623 5536 1785 5590 supra

193 5636 287 5675 nos
309 5637 527 5689 omnes,
565 5631 680 5675 tum
715 5617 914 5684 Iaicos,
953 5625 1070 5670 tum
1115 5614 1381 5670 diaconos
1405 5657 1418 5683 ,
1448 5624 1562 5670 tum
1617 5612 1784 5671 etiam

269 5760 311 5791 “
340 5756 362 5812 ι
390 5757 536 5815 Tim.
569 5754 734 5825 111,2.
816 5757 857 5789 ¹³
896 5754 1030 5809 Luc.
1064 5770 1164 5820 xu,
1190 5753 1278 5809 42.

1879 3250 1991 3295 tum
2020 3240 2098 3295 vel
2123 3256 2314 3309 parum
2353 3238 2736 3307 incomposito;
2772 3240 2854 3290 ita
2882 3220 2993 3289 vult
3014 3250 3133 3288 eum
3148 3234 3239 3304 qui
3254 3244 3463 3288 antece‘

1880 3331 2065 3384 denter
2116 3329 2186 3383 ad
2217 3330 2577 3399 episcopatum
2603 3324 2984 3396 promovendus
3015 3335 3119 3391 est,
3152 3323 3340 3378 habere
3368 3324 3437 3377 do

1879 3424 2030 3478 cendi
2059 3422 2393 3492 facultatem,
2416 3429 2467 3475 et
2493 3428 2752 3490 potentem
2778 3434 2889 3472 esse
2909 3417 2979 3471 ad
3002 3416 3378 3471 obstruendum
3404 3432 3457 3471 ot

1880 3514 2384 3571 contradictoribus.
2405 3513 2473 3569 Et
2507 3512 2729 3583 quidem
2774 3511 3016 3581 episcopi
3052 3510 3459 3566 characteristi-

1877 3622 2002 3661 cum
2044 3607 2174 3661 alibi
2204 3615 2361 3661 notat
2392 3602 2653 3674 Origenes
2680 3644 2697 3669 ,
2730 3610 2792 3656 ut
2834 3602 2888 3656 in
2947 3600 3358 3657 commentariis
3396 3601 3463 3656 ad

1882 3696 2197 3752 Mattbmum
2230 3713 2243 3748 :
2280 3696 2550 3750 Γενναίων
2571 3695 2636 3760 δ’,
2664 3690 2838 3766 οἶμαι,
2872 3694 2966 3747 καὶ
2994 3692 3226 3763 ἐχόντων
3262 3690 3330 3744 τὰ
3361 3704 3463 3756 χα-

1881 3787 2275 3863 ρακτηρίζοντα
2305 3787 2396 3841 τὸν
2417 3787 2713 3841 ἐπίσκοπον
2746 3789 2923 3838 πάντα
2967 3783 3125 3856 ἔργον
3143 3779 3211 3854 ἦν
3241 3784 3467 3854 προτρέ-

1876 3880 2215 3951 ψασθαιτοὺς
2229 3879 2320 3933 καὶ
2335 3879 2659 3949 δυναμένους
2675 3877 2769 3931 καὶ
2791 3875 3142 3946 πειθομένους
3155 3876 3221 3944 τῇ
3239 3890 3465 3946 προτρο-

1879 3973 1977 4043 πῇ,
1995 3972 2086 4024 καὶ
2100 3969 2186 4023 διὰ
2205 3968 2298 4024 τοῦ
2315 3970 2575 4043 παρέχειν
2587 3971 2652 4022 ἐκ
2661 3967 2755 4021 τοῦ
2774 3965 2950 4021 κοινοῦ
2973 3965 3155 4029 αὐτοῖς
3167 3966 3261 4018 καὶ
3276 3962 3468 4027 ἄλλους

1878 4063 1970 4116 ἐπὶ
2000 4062 2159 4116 τοῦτο
2190 4061 2545 4134 παρακαλεῖν.
2583 4059 2861 4114 Nobilium
2900 4067 3078 4113 autem
3105 4098 3117 4122 ,
3148 4058 3366 4127 opinor,
3416 4068 3469 4111 et

1879 4170 2062 4209 eorum
2090 4154 2182 4225 qui
2211 4155 2387 4207 omnia
2419 4153 2720 4223 episcopum
2750 4152 2933 4204 intime
2963 4150 3341 4203 constituentia
3383 4155 3467 4200 at-

1878 4262 1976 4317 que
2005 4244 2357 4299 describentia
2407 4242 2675 4313 possident
2718 4256 2847 4309 opus
2873 4249 3030 4306 esset,
3055 4256 3140 4293 eos
3186 4238 3471 4292 adhortari

1881 4340 2070 4410 quibus
2107 4336 2340 4408 facultas
2371 4335 2623 4404 suppetit,
2656 4334 2847 4404 quique
2882 4331 3247 4384 adhortationi
3276 4330 3470 4383 obtem-

1817 4468 1856 4520 Β
1884 4442 2091 4503 perant,
2120 4430 2348 4499 ipsisque
2372 4445 2451 4482 res
2484 4429 2605 4482 riae
2633 4425 2958 4479 necessarias
2983 4438 3011 4476 e
3041 4423 3306 4474 communi
3338 4422 3433 4475 sub
3451 4451 3466 4463 -

1887 4524 2244 4579 ministrando
2285 4522 2421 4575 alios
2454 4521 2522 4574 ad
2554 4522 2693 4575 idem
2720 4537 2921 4592 quoque
2977 4519 3264 4589 impellere.
3314 4515 3383 4570 Et
3412 4518 3473 4570 in

1886 4616 2081 4687 iisdem
2127 4612 2545 4669 commentariis
2594 4631 2607 4666 :
2651 4610 2879 4681 Propter
2924 4610 3063 4680 quod
3114 4618 3164 4661 et
3215 4606 3473 4676 deﬁniens

1884 4710 2065 4780 quales
2091 4712 2311 4761 debeant
2350 4723 2460 4760 esse
2485 4706 2737 4775 episcopi,
2763 4705 2840 4757 sic
2865 4703 2997 4756 dicit
3026 4719 3044 4759 ,⁸
3077 4718 3187 4756 ιιοιι
3219 4700 3469 4769 litigiosi,

1886 4816 1995 4853 non
2026 4811 2400 4868 percussores,
2432 4797 2522 4850 sed
2552 4794 3041 4860 mansueti,ornati
3072 4794 3115 4823 "
3135 4801 3183 4846 et
3221 4808 3471 4862 quamin-

1885 4908 1980 4964 que
2012 4893 2148 4945 inter
2183 4890 2364 4961 ﬁdeles
2413 4898 2465 4943 et
2510 4889 2770 4958 sapientes
2814 4904 2988 4942 servos
3026 4885 3381 4941 inveniuntur.
3418 4892 3471 4937 et

1884 4988 2293 5057 dispensatores
2355 5001 2495 5056 quos
2546 4982 3121 5039 eonstituitDominus
3178 4997 3342 5050 super
3387 4980 3470 5033 la-

1886 5077 2092 5132 miliam
2162 5091 2343 5141 suam,
2374 5077 2512 5129 sicut
2563 5074 2693 5128 dicit
2731 5072 2902 5126 Lucas
2934 5070 3171 5126 ".Erant
3214 5073 3378 5141 igitur
3404 5069 3473 5123 τὰ

1885 5168 2357 5243 χαρακτηρίζοντα
2388 5167 2480 5221 τὸν
2511 5166 2805 5220 ἐπίσκοπον
2823 5166 3124 5221 secundum
3156 5165 3467 5234 Origenem,

1884 5262 2045 5332 plane
2077 5257 2538 5331 quemadmodum
2586 5255 2655 5310 τὰ
2693 5254 3165 5328 χαρακτηρίζοντα
3184 5255 3281 5327 τὴν
3308 5253 3473 5323 ἁγίαν

1888 5356 2082 5426 χήραν,
2124 5361 2185 5407 ιιι
2223 5352 2338 5422 ipse
2378 5350 2622 5420 loquitur
2653 5349 2709 5403 in
2763 5346 3134 5414 S.Joannem,
3183 5348 3366 5402 omnia
3402 5364 3463 5401 er

1885 5443 2173 5515 praeceptis
2217 5441 2518 5498 Dominicis
2566 5440 2652 5496 vel
2701 5440 3014 5511 apostolicis
3061 5440 3354 5494 delineata.
3405 5437 3472 5492 Et

1885 5536 2260 5592 memorabilis
2309 5536 2535 5591 omnino
2584 5534 2742 5590 locus
2775 5544 2860 5590 est
2909 5532 3104 5589 eodem
3160 5532 3325 5598 libro,
3359 5548 3476 5602 quo

1886 5629 2160 5692 Ecclesias
2200 5628 2641 5686 Christianorum
2675 5642 2743 5685 ex
2767 5626 3000 5685 adverso
3038 5634 3165 5684 cum
3211 5623 3476 5684 Eoclcsiis
