3864 6204
370 268 474 324 219

1416 275 1475 331 S.
1512 275 1862 334 lGNATlUS.
1902 310 1971 324 --
2019 278 2556 337 PROLEGOMENA.

3549 277 3675 333 220.

365 403 463 444 seu
523 392 885 450 concionibus
928 394 1213 465 gentilium
1273 398 1606 466 componit:
1669 398 1964 469 Ἐκκλησία

2077 400 2369 473 πιανισμῷ
2387 400 2529 472 μέγα
2554 399 2905 472 φρονοῦντας*
2928 419 2940 431 ·
2965 400 3058 455 καὶ
3087 400 3336 473 μάλιστα·
3351 400 3489 456 ἐπὰν
3519 400 3663 475 τύχῃ

368 481 467 551 μὲν
501 481 607 557 γάρ
633 484 729 538 τοῦ
753 485 888 539 Θεοῦ
921 487 1043 559 φέρ’
1062 489 1235 541 εἰπεῖν
1268 490 1300 560 ἡ
1347 488 1638 563 Ἀθήνῃσι,
1663 494 1863 565 πραεῖά
1886 510 1971 556 τις

367 572 465 625 καὶ
506 575 777 648 εὐσταθὴς
811 580 892 640 (ιιι
923 577 992 633 de
1024 577 1325 650 Polycarpo
1349 578 1408 635 S.
1435 579 1697 651 lgnatius)
1730 582 1824 637 ἅτε
1852 582 1972 655 Θεῷ

364 663 636 734 ἀρέσκειν
665 667 745 739 τῷ
780 671 875 723 ἐπὶ
930 673 1064 725 πᾶσι
1120 671 1412 745 βουλομένη
1439 690 1451 703 ·
1506 676 1539 746 ἡ
1586 674 1633 728 δ’
1674 675 1974 748 Ἀθηναίων

355 755 662 830 Ἐκκλησία
697 760 1001 833 στασιώδης
1049 763 1144 817 καὶ
1198 763 1453 836 οὐδαμῶς
1515 768 1969 842 παραϐαλλομένη

375 855 444 925 τῇ
492 856 610 908 ἐκεῖ
659 854 960 929 Ἐκκλησία
1002 857 1098 911 τοῦ
1129 857 1267 913 Θεοῦ
1293 875 1308 890 ⁸
1363 858 1425 913 τὸ
1456 860 1502 914 δ’
1527 863 1661 916 αὐτὸ
1708 865 1852 935 ἐρεῖς
1877 881 1974 918 πε-

380 947 440 1019 ρὶ
499 946 795 1020 ἐκκλησίας
860 949 955 1003 τοῦ
1018 949 1154 1004 Θεοῦ
1209 951 1313 1020 τῆς
1383 953 1442 1004 ἐν
1518 954 1768 1027 Κορίνθῳ
1792 996 1807 1020 ,
1877 957 1972 1011 καὶ

377 1037 479 1108 τῆς
518 1037 814 1110 ἐκκλησίας
858 1038 953 1093 τοῦ
996 1040 1170 1112 δήμου
1239 1043 1560 1116 Κορινθίων·
1596 1046 1691 1099 καὶ
1735 1047 1856 1119 φέρ’
1904 1050 1975 1102 εί-

379 1131 503 1183 πεῐν
559 1130 689 1204 περὶ
735 1131 1062 1202 Ἐκκλησίας
1125 1132 1221 1187 τοῦ
1269 1134 1407 1188 Θεοῦ
1467 1136 1569 1208 τῆς
1615 1138 1674 1189 ὲν
1720 1137 1972 1205 Ἀλεξαν-

377 1220 553 1293 δρείᾳ,
627 1223 723 1277 καὶ
786 1222 1085 1295 ἐκκλησίας
1156 1225 1252 1278 τοῦ
1319 1226 1710 1300 Ἀλεξανδρέων
1774 1230 1964 1301 δήμου.

380 1309 527 1364 Nam
551 1309 789 1367 Ecclesia
835 1310 955 1379 Dei,
995 1313 1137 1368 uerbi
1194 1316 1409 1385 gratia,
1458 1333 1578 1388 quae
1609 1319 1830 1374 Athenis
1869 1331 1969 1387 est,

379 1413 655 1459 mansueta
678 1416 754 1458 est
782 1415 830 1458 et
857 1404 1014 1474 probe
1033 1409 1343 1477 composita,
1374 1411 1563 1479 quippe
1586 1428 1704 1481 qua:
1734 1411 1860 1475 Deo,
1881 1415 1972 1484 qui

377 1504 456 1551 est
485 1513 639 1562 super
667 1500 864 1559 omnia,
899 1515 954 1554 se
984 1504 1276 1570 approbare
1302 1504 1523 1571 cupiat;
1569 1505 1972 1560 Atheniensium

377 1598 558 1643 autem
582 1592 764 1644 concio
793 1592 1065 1659 seditiosa,
1091 1609 1184 1648 nec
1233 1594 1343 1648 ullo
1372 1597 1528 1651 modo
1563 1614 1683 1651 cum
1734 1598 1974 1654 Ecclesia

379 1679 480 1733 Dei
507 1697 626 1750 quae
648 1681 843 1735 ibidem
890 1690 1001 1746 est,
1034 1685 1372 1753 conferenda.
1427 1684 1579 1741 Idem
1630 1689 1791 1743 etiam
1821 1690 1971 1743 dicas

2074 495 2344 566 πατράσιν
2376 495 2655 563 ἐπαυχεῖν,
2673 493 2767 546 καὶ
2800 494 3082 565 προγόνοις
3114 493 3400 566 προεδρίας
3421 495 3665 566 ἠξιωμέ-

2074 604 2187 651 νοις
2220 588 2279 640 ὲν
2310 588 2376 658 τῇ
2417 585 2716 657 Ἐκκλησία
2742 585 3100 641 ὲπισκοπικοῦ
3123 586 3334 658 θρόνου,
3353 588 3400 657 il‘
3421 589 3668 659 πρεσϐυ-

2073 678 2254 752 τερίου
2266 679 2451 751 τιμῆς,
2484 679 2518 751 ἢ
2554 678 2827 743 διακονίας
2846 680 2928 743 είς
2954 678 3046 732 τὸν
3071 679 3196 733 λαὸν
3228 678 3323 733 τοῦ
3357 679 3513 734 Θεοῦ.
3529 678 3670 735 Cass-

2075 772 2305 826 tentione
2333 780 2511 825 autem
2538 787 2668 841 opus
2689 779 2767 825 est
2799 770 2868 824 ad
2886 770 3281 840 deprimendum
3307 788 3488 825 eorum
3508 789 3670 826 arro-

2074 864 2316 933 gantiam
2342 864 2471 933 ,qui
2516 862 2657 933 quod
2692 880 2727 917 a
2772 862 3080 932 parentibus
3139 864 3194 917 in
3246 862 3670 919 Christianismo

2073 954 2285 1009 educati
2314 965 2462 1022 sunt,
2487 957 2552 1010 de
2574 972 2629 1011 se
2654 955 2934 1026 magnifice
2957 956 3211 1021 sentiunt,
3235 965 3285 1010 et
3301 958 3599 1026 praesertim
3616 957 3668 1010 si

2073 1049 2383 1119 parentibus
2421 1060 2471 1103 et
2502 1051 2712 1120 proavis
2743 1049 3066 1118 efferantur,
3117 1049 3208 1119 qui
3251 1049 3567 1119 episcopalis
3606 1049 3669 1102 iu

2076 1140 2319 1195 Ecclesia
2348 1142 2486 1196 sedis
2513 1143 2924 1212 prterogaticum
2963 1141 3080 1210 jus,
3114 1140 3194 1217 uel
3226 1140 3538 1211 presbyterii
3575 1142 3670 1194 di-

2076 1235 2331 1306 gnitatem
2368 1234 2629 1287 tenuerint
2648 1276 2663 1298 ,
2694 1232 2772 1288 vel
2804 1233 3018 1287 diaconi
3044 1233 3226 1302 ofﬁcio
3250 1250 3376 1304 erga
3408 1232 3675 1302 populum

2081 1327 2176 1381 Dei
2212 1325 2383 1395 {uncti
2417 1325 2545 1377 sint.
2577 1323 2673 1379 His
2705 1324 2850 1379 enim
2888 1340 2987 1379 sua
3016 1333 3174 1379 aetate
3198 1324 3466 1394 plurimos
3490 1324 3672 1380 fuisse

2076 1420 2276 1484 innuit,
2309 1433 2545 1487 quorum
2607 1417 2793 1486 proavi
2834 1416 2903 1470 ab
2935 1416 3208 1486 episcopis
3253 1416 3468 1470 educati
3492 1426 3667 1482 sunt;

2075 1510 2317 1580 episcopi
2350 1515 2531 1563 autem
2568 1506 2644 1561 illi
2691 1521 2824 1560 sane
2856 1505 3074 1561 inerant
3096 1505 3154 1561 S.
3174 1507 3381 1577 lgnatio
3405 1507 3598 1570 comvi,
3619 1507 3673 1563 si

2077 1618 2186 1656 non
2231 1611 2285 1655 et
2332 1600 2617 1670 apostolis.
2661 1596 2845 1665 Quare
2890 1598 2945 1651 in
3005 1598 3196 1653 iisdem
3251 1597 3674 1653 commentariis

2077 1696 2209 1750 illud
2241 1693 2300 1749 S.
2327 1693 2490 1748 Luca:
2520 1706 2802 1762 exponens
2832 1707 2846 1743 :
2876 1690 2988 1743 Καί
3014 1693 3043 1743 ὁ
3068 1690 3391 1761 ἡγούμενος,
3409 1689 3485 1753 ὠς
3509 1689 3675 1743 ¹δέδια--

377 1771 444 1824 de
484 1770 723 1826 Ecclesia
773 1772 872 1827 Dei
900 1790 1019 1845 qua:
1046 1752 1142 1829 est
1176 1776 1455 1843 Corinthi,
1485 1789 1535 1833 et
1579 1780 1822 1847 ecclesia,
1855 1781 1971 1836 sive
2004 1752 2048 1808 Β
2074 1785 2268 1850 κονῶν,
2296 1793 2555 1855 tanquam
2579 1752 2914 1854 praeceptum
2941 1752 3147 1836 Christi
3171 1752 3444 1852 ipsiusde
3468 1752 3670 1836 efﬁcio

380 1864 649 1927 concione,
677 1863 861 1933 populi
917 1862 1351 1931 Corinthiorum;
1391 1877 1461 1935 et,
1489 1869 1632 1922 verbi
1670 1872 1868 1941 gratia,
1905 1871 1970 1925 de

380 1952 621 2008 Ecclesia
659 1954 758 2009 Dei
801 1972 920 2026 quae
966 1966 1045 2010 est
1091 1957 1467 2027 Alexandriae,
1511 1971 1563 2015 et
1598 1965 1847 2018 concione
1876 1980 1971 2033 po-

379 2044 495 2115 puli
525 2046 900 2104 Alexandrini.
936 2047 1205 2106 Memorat
1233 2051 1418 2122 itaque
1442 2051 1707 2123 Origenes
1738 2055 1971 2125 exempli

382 2139 558 2209 gratia
591 2148 702 2196 tres
748 2139 1023 2198 Ecclesias
1057 2142 1263 2200 Gmcis
1302 2146 1643 2214 unctissimas,
1671 2148 1970 2205 Athenien-

381 2245 521 2299 sem,
551 2230 984 2303 Corinthiacum,
1013 2236 1459 2294 Alexandrinam.
1511 2238 1766 2296 Ostendit
1792 2244 1847 2297 in
1881 2243 1969 2299 his

381 2322 698 2379 civitatibus
722 2326 982 2395 populum
1010 2329 1295 2399 gentilium
1327 2330 1475 2384 nullo
1515 2333 1678 2385 modo
1717 2348 1843 2387 cum
1875 2350 1974 2403 po-

381 2417 514 2485 pulo
552 2417 870 2474 Christiano
896 2435 1020 2476 esse
1053 2420 1466 2478 conferendum.
1514 2423 1640 2479 lude
1688 2426 1971 2497 progredi-

382 2517 474 2562 tur
515 2508 584 2564 ad
629 2510 927 2580 dignitates
975 2514 1402 2582 ecclesiasticas,
1439 2531 1645 2587 easque
1692 2521 1973 2589 componit

384 2614 510 2657 cum
551 2602 881 2672 magistratu
928 2614 1232 2676 senatuque
1270 2608 1578 2676 gentilium,
1613 2608 1807 2681 βουλὴν
1851 2609 1975 2665 Ἐκ-

383 2692 613 2766 κλησίας
632 2694 770 2748 Θεοῦ
796 2688 957 2769 βουλῇ
983 2701 1049 2770 τῇ
1086 2700 1208 2753 καθ’
1237 2701 1475 2774 ἑκάστην
1498 2702 1652 2756 πόλιν
1689 2702 1974 2769 συνεξετά-

385 2783 515 2851 ζων,
552 2796 794 2841 senatum
826 2788 1074 2846 Ecclesite
1100 2791 1195 2848 Dei
1227 2796 1434 2849 senatui
1476 2796 1532 2850 in
1579 2796 1815 2867 qualibet
1838 2800 1972 2852 civi-

384 2889 495 2934 tate
529 2881 815 2934 constituto
845 2898 1179 2953 comparans,
1220 2893 1275 2940 et
1302 2885 1596 2957 βουλευτὰς
1623 2888 1972 2948 Christianos

384 2970 702 3042 βουλευταῖς
732 2974 1016 3045 gentilium
1062 2992 1366 3047 opponens.
1408 2978 1474 3033 Hi
1510 2990 1694 3036 autem
1750 2981 1972 3052 βουλευ-

379 3063 472 3161 ταὶ
514 3063 812 3161 Christiani
844 3082 977 3161 sane
1023 3067 1246 3161 fuerunt
1292 3071 1613 3142 presbyteri.
1684 3071 1817 3129 Post
1867 3075 1971 3131 hos
2000 3101 2048 3161 ο

382 3152 554 3225 igitur
587 3156 836 3211 ascendit
869 3157 936 3215 ad
973 3160 1274 3230 principem
1310 3176 1403 3216 seu
1441 3178 1720 3217 summum
1755 3164 1809 3218 in
1840 3181 1978 3221 una-

380 3261 600 3317 quaque
642 3247 862 3305 civitate
893 3250 1306 3323 magistratum:
1332 3252 1490 3308 Οὕτω
1519 3254 1576 3308 δὲ
1617 3256 1711 3309 καὶ
1742 3256 1980 3329 ἄρχοντα

382 3337 710 3412 Ἐκκλησίας
740 3341 978 3414 ἑκάστης
1027 3343 1235 3409 πόλεως
1275 3344 1496 3417 ἄρχοντι
1518 3346 1626 3400 τῶν
1655 3349 1712 3400 έν
1728 3351 1793 3420 τῇ
1826 3348 1977 3405 πόλει

383 3433 725 3506 συγκριτέον.
761 3432 964 3490 Eodem
996 3437 1151 3490 modo
1185 3452 1425 3507 princeps
1446 3437 1698 3494 Ecclesia:
1727 3442 1980 3496 uniuscu-

380 3524 567 3594 iusque
594 3525 827 3581 civitatis
855 3526 976 3582 cum
998 3544 1205 3582 summo
1233 3545 1415 3583 eorum
1427 3530 1520 3601 qui
1540 3533 1596 3585 in
1616 3533 1831 3586 civitate
1855 3543 1979 3588 sunt

382 3618 702 3689 magistratu
729 3622 1076 3691 conferendas
1100 3622 1279 3680 est.Ut
1299 3636 1481 3680 autem
1509 3628 1817 3699 presbyteri
1843 3628 1969 3700 βου-

384 3709 576 3765 λευτα)⁸
609 3721 777 3778 sunt,
808 3714 882 3769 ita
916 3714 1103 3787 ἄρχων
1145 3716 1473 3789 Ἐκκλησίας
1522 3720 1816 3792 episcopus
1869 3731 1974 3791 est,

379 3810 445 3857 ut
476 3803 592 3873 ipse
619 3803 673 3858 in
698 3808 1109 3864 commentariis
1141 3809 1210 3865 ad
1235 3808 1547 3867 Matthaaum
1571 3832 1584 3868 :
1611 3814 1688 3867 Οὐ
1708 3815 1976 3886 μιμητέον

380 3891 460 3963 τῷ
490 3892 710 3966 ἄρχοντι
744 3897 843 3968 τῆς
882 3898 1208 3972 Ἐκκλησίας
1249 3901 1339 3958 τὸν
1373 3903 1609 3976 ἄρχοντα
1652 3905 1760 3960 τῶν
1782 3907 1972 3961 ὲθνῶν.

384 3980 552 4053 quue
577 4000 703 4040 cum
733 3986 986 4060 Athenis,
1013 3990 1262 4048 Corinthi
1311 4003 1366 4050 et
1393 3995 1759 4066 Alexandriae,
1774 4007 1887 4054 tum
1918 3999 1975 4055 in

383 4092 717 4151 unaquaque
762 4079 1005 4150 civitate,
1040 4092 1175 4141 teste
1232 4084 1486 4159 Origene,
1522 4089 1781 4145 obtinuit.
1824 4090 1973 4148 Idem

382 4172 549 4227 etiam
596 4173 821 4229 homilia
876 4175 948 4231 20
1000 4176 1054 4231 in
1082 4176 1287 4233 Lucam
1318 4197 1330 4232 :
1358 4178 1419 4234 Si
1460 4179 1615 4237 Iesus
1667 4180 1846 4237 Filius
1876 4182 1976 4238 Dei

382 4264 669 4335 subjicitur
716 4265 912 4338 Ioseph
957 4278 1005 4323 et
1042 4268 1257 4332 Marica,
1303 4288 1396 4343 ego
1420 4289 1525 4326 non
1573 4273 1834 4344 subjiciar
1862 4276 1975 4345 epi-

383 4373 565 4427 scopo,
599 4359 690 4428 qui
721 4358 853 4412 mihi
878 4375 911 4412 a
941 4360 1049 4413 Deo
1073 4360 1354 4417 ordinatus
1381 4372 1460 4418 est
1498 4373 1651 4435 pater
1675 4365 1821 4419 ?non
1847 4366 1971 4420 sub-

2081 1878 2327 1950 episcopi
2355 1879 2744 1946 interpretatur
2774 1894 2788 1930 :
2818 1876 2877 1929 Ὁ
2894 1875 2952 1929 δὲ
2980 1874 3312 1946 ἡγούμενος,
3339 1873 3482 1928 οὕτω
3505 1873 3564 1927 δὲ
3589 1869 3675 1927 οῖ-

2076 1991 2174 2045 μαι
2195 1970 2483 2043 ὀνομάζειν
2498 1970 2590 2023 τὸν
2607 1969 2940 2040 καλούμενον
2958 1970 3017 2021 ἐν
3031 1969 3153 2030 ταῖς
3178 1966 3525 2036 Ἑκκλησίαις
3542 1965 3673 2019 ἐπί-

2076 2080 2299 2128 σκοπον,
2346 2062 2423 2126 ὡς
2472 2062 2501 2113 ὁ
2542 2062 2656 2125 τοῖς
2710 2058 3177 2134 ὑπηρετουμένοις
3231 2057 3671 2128 διακονούμενος.

2074 2154 2329 2226 Princeps
2365 2170 2483 2209 vero
2515 2153 2533 2225 (
2565 2154 2644 2207 sic
2673 2162 2852 2206 autem
2884 2150 3155 2221 appellare
3183 2151 3430 2205 existimo
3478 2150 3569 2219 qui
3613 2149 3671 2203 iss

2076 2247 2334 2301 Ecclesiis
2362 2247 2636 2317 episcopus
2660 2242 2899 2315 vocatur)
2927 2253 3185 2311 tanquam
3226 2240 3317 2311 qui
3359 2240 3676 2307 ministran-

2077 2336 2218 2390 tibus
2251 2336 2546 2401 ministrat,
2602 2334 2694 2388 καὶ
2727 2332 2903 2386 ταῦτα
2937 2332 3036 2404 μὲν
3066 2332 3095 2384 ὁ
3126 2329 3219 2384 τοῦ
3246 2329 3384 2383 Θεοῦ
3428 2328 3683 2383 διδάσκειν

2075 2429 2223 2499 ἡμᾶς
2250 2428 2431 2497 λόγος,
2458 2437 2616 2499 atque
2645 2427 2754 2480 htcc
2788 2424 2997 2496 quidem
3019 2424 3167 2477 docet
3190 2439 3283 2476 nos
3307 2421 3405 2476 Dei
3428 2423 3671 2477 verbum.

2074 2519 2210 2574 Nam
2243 2528 2304 2573 ut
2328 2529 2515 2591 postea
2542 2519 2800 2574 observat
2828 2535 2843 2572 :
2873 2516 3063 2571 Peccat
3086 2518 3141 2570 in
3175 2516 3345 2570 Deum
3371 2517 3685 2587 quicunque

2075 2614 2348 2683 episcopus
2375 2613 2465 2682 qui
2514 2628 2616 2666 non
2661 2611 2817 2682 quasi
2859 2610 3122 2664 conservis
3159 2625 3337 2663 servus
3371 2609 3678 2669 ministrat,

2076 2707 2166 2759 sed
2205 2706 2360 2777 quasi
2391 2706 2657 2760 dominus.
2691 2705 2835 2761 Idem
2866 2707 2923 2762 in
2949 2705 3285 2762 Ezechielem
3312 2705 3535 2761 homilia
3563 2704 3633 2759 16
3653 2721 3673 2759 :

2078 2796 2184 2861 Qui
2212 2812 2331 2850 vero
2354 2796 2661 2866 religionem
2685 2798 2892 2866 penitus
2940 2808 3273 2863 aversantur,
3291 2797 3347 2850 in
3379 2805 3588 2850 tantum
3613 2804 3681 2850 ut

2076 2905 2180 2942 non
2213 2898 2394 2941 curent
2413 2890 2479 2942 de
2493 2889 2757 2959 episcopo,
2781 2889 2846 2942 de
2868 2888 3209 2960 presbyteris,
3236 2888 3303 2942 de
3330 2887 3679 2953 diaconibus,

2076 2979 2141 3033 de
2157 2978 2416 3046 fratribus
2434 2979 2554 3047 ,sed
2591 2997 2710 3034 cum
2736 2984 2876 3034 omni
2892 2982 3216 3051 procacitate
3238 2980 3679 3051 delinquunt,si-

2077 3065 2232 3119 miles
2265 3065 2399 3135 ﬁunt
2453 3069 2719 3122 meretrici
2772 3086 2892 3122 cum
2920 3069 3123 3137 ﬁducia
3172 3072 3491 3140 prostitutte.
3519 3068 3691 3126 Elin.

2084 3155 2283 3212 Isaiam
2322 3158 2549 3213 humilia
2583 3159 2616 3214 6
2646 3179 2661 3214 :
2699 3159 2765 3213 Ει
2777 3178 2840 3230 go
2862 3161 2957 3215 hoc
2983 3163 3135 3227 dicit,
3164 3172 3222 3216 ut
3248 3164 3521 3232 episcopus
3542 3163 3681 3219 mit-

2085 3257 2195 3303 lens
2231 3266 2422 3321 aquam
2455 3250 2508 3303 in
2533 3251 2720 3320 pelvim
2743 3263 2792 3306 et
2826 3263 3017 3306 exutus
3045 3253 3269 3307 vestibus
3298 3254 3434 3318 suis,
3469 3263 3517 3307 et
3537 3270 3682 3323 prc-

2082 3340 2284 3395 cinctus
2324 3340 2487 3395 linteo
2528 3358 2608 3395 me
2644 3344 2956 3397 extendente
2985 3343 3121 3397 lauet
3149 3345 3303 3413 pedes
3345 3344 3531 3398 meos?
3579 3342 3677 3398 Si-

2080 3433 2290 3503 quidem
2319 3449 2437 3501 vos,
2495 3434 2699 3504 inquit,
2730 3435 2943 3490 debetis
2998 3436 3233 3491 invicem
3269 3437 3455 3491 lavare
3506 3436 3679 3505 pedes

2079 3532 2293 3580 vestros
2329 3525 2394 3581 “.
2434 3523 2496 3580 Si
2512 3526 2608 3581 hoc
2661 3537 2739 3581 est
2774 3527 2912 3598 quod
2946 3527 3149 3581 dicitur
3171 3570 3187 3593 ,
3239 3545 3391 3581 nemo
3441 3538 3676 3583 vestrum

2080 3618 2393 3671 mandatum
2421 3619 2670 3673 servabit.
2693 3618 2864 3673 Nemo
2890 3620 3028 3673 enim
3047 3620 3439 3691 quibuscunque
3459 3623 3673 3676 venien-

2081 3709 2220 3763 tibus
2246 3726 2519 3766 assumens
2571 3710 2793 3765 linteum
2827 3713 3086 3766 diaconus
3141 3712 3219 3766 vel
3240 3712 3528 3783 presbyter,
3565 3714 3679 3768 sive

2077 3799 2349 3869 episcopus
2377 3799 2522 3854 lavat
2548 3801 2722 3869 pedes.
2770 3800 2874 3857 Sed
2907 3802 2955 3856 si
2983 3802 3253 3873 intelligas
3274 3820 3337 3856 ea
3371 3819 3489 3873 qua:
3534 3805 3679 3857 scri-

2076 3902 2172 3960 pta
2204 3900 2351 3956 sunt,
2379 3892 2471 3962 qui
2509 3908 2624 3947 vere
2657 3892 2799 3947 beati
2829 3902 2950 3947 sunt
2978 3894 3210 3963 episcopi
3236 3894 3518 3948 servientes
3564 3892 3678 3947 Ec-

2077 3981 2254 4038 clesia:
2281 3985 2498 4039 mittunt
2536 4002 2729 4056 aquam
2752 3986 2816 4039 de
2847 3984 3143 4056 Scripturis
3164 3986 3218 4039 in
3241 3986 3429 4054 pelvim
3450 3986 3674 4054 anime,

2077 4082 2128 4129 et
2162 4083 2365 4128 tentant
2386 4075 2577 4145 pedum
2598 4074 2981 4145 discipulorum
3021 4076 3200 4130 sordes
3227 4075 3423 4143 lauare,
3451 4086 3499 4130 et
3527 4076 3679 4133 elue-

2078 4183 2154 4234 re,
2187 4179 2234 4222 et
2261 4168 2537 4238 projicere.
2562 4167 2632 4222 Et
2657 4169 2735 4223 sic
2763 4170 3069 4224 custodiunt
3092 4170 3324 4239 episcopi
3356 4169 3677 4231 mandatum

2076 4273 2347 4331 sequentes
2376 4259 2582 4316 Iesum.
2612 4260 2704 4316 Sic
2730 4272 2779 4316 et
2820 4262 3132 4332 presbyteri.
3181 4261 3392 4331 Quibus
3428 4277 3676 4317 consen-

2076 4354 2222 4409 tiunt
2247 4370 2312 4409 ea
2346 4370 2469 4424 qua:
2492 4355 2545 4409 in
2578 4356 2993 4410 commentariis
3024 4355 3078 4408 in
3112 4353 3379 4409 Joannem
3410 4354 3670 4425 legimus,

373 4447 542 4521 jiciar
566 4448 890 4519 presbytero,
914 4451 1005 4522 qui
1036 4452 1164 4506 mihi
1189 4452 1405 4508 Domini
1430 4456 1737 4527 dignatione
1769 4472 1973 4527 praepo-

2079 4446 2135 4500 in
2168 4462 2273 4501 ms.
2307 4455 2496 4501 nostro
2525 4446 2739 4501 ﬁdelius
2772 4462 2937 4517 quam
2968 4447 3025 4500 in
3080 4446 3243 4501 editis
3276 4455 3674 4517 repraesentata

379 4539 518 4595 situs
555 4542 678 4595 est?
708 4541 783 4596 lta
816 4542 908 4597 ille
942 4542 1122 4598 adhuc
1144 4544 1388 4614 juvenis,
1419 4548 1661 4605 nondum
1691 4549 1977 4620 presbyter

378 4630 582 4689 factus.
612 4633 879 4704 Agnoscit
900 4648 1078 4697 autem
1096 4639 1153 4693 in
1183 4636 1425 4695 Ecclesia
1458 4639 1830 4695 Alexandrina
1861 4641 1977 4711 epi-

377 4740 605 4795 scopum
638 4741 669 4780 a
696 4725 807 4782 Deo
834 4730 955 4798 ipso
986 4739 1248 4799 tanquam
1268 4740 1477 4801 patrem
1500 4731 1838 4796 ordinatum,
1865 4747 1975 4787 non

378 4816 566 4872 minus
596 4832 762 4887 quam
795 4818 1173 4892 presbyterum
1213 4820 1428 4877 Domini
1469 4822 1787 4893 dignatione
1834 4838 1975 4895 prie-

373 4907 638 4977 positum.
658 4907 818 4965 Unde
867 4911 924 4964 in
951 4911 1365 4968 commentariis
1408 4913 1475 4967 ad
1520 4913 1835 4969 Matthaaum
1865 4915 1971 4969 ait:

375 5001 537 5057 Οὕτω
559 5002 619 5059 δὲ
652 5005 747 5059 καὶ
777 5009 955 5076 γονεῖς
989 5006 1200 5072 πάντας
1231 5008 1359 5072 τοὺς
1403 5006 1807 5080 ἀνεπιλήπτους
1854 5009 1978 5061 ἑπι-

286 5154 295 5163 .
376 5096 613 5161 σκὸπους
629 5098 866 5163 καὶτοὺς
882 5098 1246 5172 ἀνεγκλήτους
1280 5100 1683 5173 πρεσϐυτέρως
1709 5099 1976 5172 λαμϐάνει

372 5204 460 5255 τις
491 5190 607 5245 ἀνθ’
639 5183 715 5244 ὧν
759 5191 1119 5246 καταλέλοιπε
1178 5192 1294 5247 δύο.
1354 5189 1447 5246 Ita
1498 5192 1976 5263 irreprehensibiles

376 5283 649 5352 episcopos
671 5298 848 5336 omnes
873 5291 925 5337 et
963 5283 1293 5354 presbyteros
1324 5282 1624 5353 inculpatos
1653 5284 1708 5336 in
1732 5294 1974 5353 parentes

378 5375 608 5429 assumit
660 5376 924 5445 quispiam
968 5393 1064 5446 pro
1114 5377 1319 5430 duobus
1370 5375 1481 5430 illis
1535 5392 1666 5446 quos
1719 5377 1972 5430 deseruit.

383 5466 728 5532 Quinetiam
782 5476 1107 5524 vetustatem
1168 5469 1599 5540 dignitatemque
1645 5469 1975 5539 episcopalis

377 5559 595 5617 ordinis
619 5561 782 5628 paulo
802 5570 927 5632 post
956 5562 1201 5633 depingit
1231 5581 1245 5616 :
1293 5562 1466 5630 Ἀγὼν
1490 5561 1547 5615 δέ
1578 5561 1805 5616 ἐστικαὶ
1839 5559 1975 5614 καθ-

376 5650 522 5706 ελεῖν
553 5648 721 5721 οἴημα
738 5650 829 5705 διὰ
850 5652 912 5705 τὸ
938 5655 1002 5707 ὲκ
1038 5654 1292 5727 πατέρων
1316 5652 1710 5726 διατετράφθαι
1746 5652 1803 5705 ὲν
1851 5651 1976 5722 Χρι.

458 5763 506 5796 ¹¹⁸
529 5761 689 5821 Ioan.
720 5782 842 5835 xm,
885 5768 967 5823 li.

2077 4554 2132 4609 p.
2171 4539 2277 4594 590
2314 4558 2326 4593 :
2358 4539 2469 4593 Καὶ
2506 4540 2581 4611 μὴ
2612 4540 2900 4612 θαυμάσῃς
2944 4542 2993 4594 εἰ
3023 4541 3245 4609 ἀνάγειν
3295 4556 3352 4593 σε
3382 4540 3463 4593 δεῖ
3504 4538 3591 4602 τὸ,
3620 4542 3675 4595 ει

2076 4629 2265 4699 ἁγίων
2301 4629 2493 4697 πόδας
2527 4630 2773 4699 ἔνιψεν,
2806 4632 2941 4685 ὅπου
2988 4630 3303 4686 κελεύονται
3333 4632 3388 4684 al
3416 4630 3674 4700 ἀνάλογοι

2075 4722 2191 4785 τοῖς
2226 4720 2621 4794 πρεσϐυτέροις
2654 4721 3008 4794 πρεσϐύτιδες
3036 4717 3175 4776 εἶναι
3217 4721 3312 4776 καὶ
3356 4720 3677 4776 καλοδιδάσ-

2077 4812 2255 4866 καλοι.
2277 4813 2422 4885 Ὅρα
2440 4812 2498 4866 δὲ
2522 4814 2572 4866 εί
2599 4812 2674 4884 μὴ
2701 4813 2795 4867 καὶ
2818 4812 3058 4886 ἐργῶδές
3079 4815 3196 4866 ἐστι
3223 4811 3286 4865 τὸ
3314 4811 3472 4866 πάνθ’
3493 4814 3641 4865 ὁντιν
3656 4839 3676 4851 -

2077 4904 2174 4959 οὖν
2203 4905 2647 4978 μαθητευόμενον
2698 4904 2778 4977 τῷ
2809 4904 3034 4978 Χριστῷ
3066 4905 3288 4959 θέλοντα
3343 4904 3443 4976 τὴν
3478 4905 3675 4974 λέγου-

2086 5018 2186 5054 σαν
2214 5001 2455 5073 ἐντολὴν,
2488 5001 2587 5055 καὶ
2618 5001 2794 5071 ὑμεῖς
2826 5002 3101 5071 ὀφείλετε
3115 4999 3407 5065 ἀλλήλων
3435 5000 3677 5057 νίπτειν

2076 5097 2223 5161 τοὺς
2253 5093 2464 5161 πόδας,
2498 5095 2575 5158 ὡς
2606 5094 2956 5166 ὀφειλόμενον
2989 5093 3149 5166 ἔργον
3181 5092 3384 5147 ἐθέλειν
3405 5093 3587 5146 ποιεῖν
3610 5092 3676 5147 τὸ

2076 5184 2230 5255 νίψαι
2277 5186 2406 5250 τοὺς
2460 5187 2806 5258 σωματικοὺς
2856 5186 2952 5240 καὶ
2998 5184 3294 5256 αἰσθητοὺς
3344 5182 3514 5247 πόδας
3557 5183 3675 5237 τῶν

2077 5279 2345 5350 ἀδελφῶν,
2401 5279 2543 5333 ὥστε
2592 5281 2718 5344 τοὺς
2760 5283 2820 5334 ὲν
2852 5278 3216 5351 ὁποιᾳποτοῦν
3262 5277 3517 5332 ὑποθέσει
3551 5278 3671 5348 βίου

2076 5372 2442 5442 τυγχάνοντας
2475 5373 2699 5436 πιστοὺς
2750 5370 2909 5424 τοῦτο
2954 5374 3148 5434 ποιεῖν,
3189 5369 3299 5422 εἴτε
3350 5371 3408 5423 ὲν
3466 5369 3672 5439 ἐκκλη-

2078 5469 2332 5538 σιαστικῇ
2387 5466 2679 5529 δοκοῦντας
2733 5460 2871 5518 εἶναι
2903 5466 3143 5537 ὑπεροχῇ
3193 5463 3527 5526 ἐπισκόπους
3575 5464 3673 5517 καὶ

2079 5559 2509 5635 πρεσϐυτέρους,
2544 5557 2653 5611 εἴτε
2702 5557 2796 5611 καὶ
2842 5557 2901 5609 ὲν
2953 5556 3135 5620 ἄλλοις
3188 5557 3475 5626 κοσμικοῖς
3525 5570 3673 5607 τισιν

2078 5653 2382 5726 ἀξιώμασιν
2408 5669 2421 5682 θ
2458 5650 2599 5707 ὥστε
2638 5649 2776 5727 μετὰ
2790 5647 2949 5705 τοῦτο
2970 5649 3063 5705 καὶ
3091 5647 3183 5703 τὸν
3199 5646 3476 5720 Δεσπότην
3508 5647 3672 5718 ﬁttest
