3864 6204
98 340 101 343 λ
186 284 293 340 221

954 281 1007 341 1.
1049 282 1419 340 PEARSONII
1462 282 1789 340 VINDICIE
1831 282 2256 341 IGNATIANE.
2288 316 2361 329 -—-
2397 284 2580 341 PARS
2618 285 2659 341 l.

3368 290 3476 346 2ἱὲ

175 404 275 458 ἐπὶ
304 404 371 458 τὸ
400 404 617 459 νίπτειν
660 405 790 470 τοὺς
827 404 997 470 πόδας
1027 404 1123 459 τοῦ
1174 405 1524 470 πιστεύοντος
1571 404 1768 460 δούλου.

1887 405 2148 461 cerdotali
2174 407 2358 462 ordine
2389 407 2714 478 gloriantur,
2736 406 3026 463 secundum
3049 409 3289 464 ordinem
3318 425 3477 465 suum

176 495 276 549 καὶ
306 498 439 562 τοὺς
468 498 650 565 γονεῖς
687 496 785 551 τοῦ
809 495 961 550 υίοῦο
997 496 1136 568 ὅπερ
1190 495 1312 560 ἔθος
1350 492 1441 567 ἦν,
1486 496 1549 550 οὐ
1579 497 1789 565 γίνεται

172 588 236 644 δὲ
266 587 389 653 νῦν,
410 589 447 660 ἢ
475 590 558 653 εἰς
592 587 901 660 ὑπερϐολὴν
934 586 1319 653 σπανιώτατα,
1355 588 1453 643 καὶ
1676 590 1791 649 τοῖς

174 679 324 734 πάνυ
380 678 777 750 ἁπλουστέροις
825 677 919 732 καὶ
955 678 1368 753 ἀγροικοτέροις
1399 679 1628 748 γίνεται.
1675 677 1789 732 Nec

174 774 395 826 mireris
426 774 478 826 si
509 771 609 827 tibi
649 771 1014 842 exponendum
1056 771 1129 824 sit
1169 772 1464 842 anagogico
1504 787 1659 825 sensu
1691 770 1788 824 hoc

174 865 410 932 dictum,
445 864 511 919 Si
543 874 863 921 sanctorum
898 866 1066 936 pedes
1091 865 1246 933 lavit,
1271 863 1365 918 ubi
1378 864 1635 934 iubentur
1674 864 1788 919 illa:

170 973 297 1028 qua
322 955 653 1028 presbyteris
683 957 927 1028 analogte
940 968 1066 1013 sunt
1091 958 1416 1029 presbytides
1446 959 1664 1013 honesta
1683 958 1784 1011 do-

171 1065 315 1104 cere.
372 1047 507 1102 Vide
538 1064 660 1103 vero
700 1064 881 1103 annon
929 1049 1096 1103 etiam
1121 1049 1447 1103 laboriosum
1476 1049 1537 1118 fit
1569 1047 1786 1103 cuilibet

168 1143 448 1212 discipulo
473 1140 695 1206 Christi,
725 1139 921 1195 volenti
960 1139 1182 1210 implere
1219 1138 1531 1193 mandatum
1561 1139 1740 1191 dicens
1763 1152 1784 1190 :

166 1230 242 1286 Et
266 1247 376 1287 vos
416 1231 631 1287 debetis
681 1231 775 1286 alii
825 1230 1062 1285 aliorum
1101 1231 1286 1286 lavare
1335 1231 1522 1300 pedes,
1551 1232 1600 1285 si
1659 1230 1783 1285 velit

167 1323 493 1394 corporales
542 1337 607 1377 ac
630 1322 904 1378 sensibiles
958 1325 1189 1393 fratrum
1220 1323 1376 1393 pedes
1406 1323 1606 1387 lavare,
1634 1332 1692 1374 ut
1715 1323 1784 1391 ﬁ—

164 1415 319 1472 deles
350 1417 408 1471 in
435 1418 622 1486 quovis
647 1427 771 1472 vita:
792 1433 977 1487 genere
999 1419 1281 1471 existentes
1304 1416 1401 1470 hoc
1429 1415 1654 1483 faciant,
1675 1416 1782 1469 sive

163 1506 262 1575 qui
286 1506 541 1560 videntur
574 1522 686 1560 esse
708 1506 767 1560 in
803 1505 1136 1561 sublimitate
1160 1506 1522 1561 ecclesiastica
1549 1505 1780 1574 episcopi

164 1606 220 1649 et
246 1596 575 1667 presbyteri,
601 1598 709 1651 sive
737 1598 794 1651 in
834 1599 1153 1668 quibusdam
1196 1597 1323 1653 aliis
1376 1598 1661 1651 mundanis
1693 1597 1781 1650 di-

105 1751 109 1755 _
162 1689 515 1759 gnitatibus;
538 1690 672 1745 adeo
696 1701 755 1746 ut
780 1692 917 1745 lianc
942 1694 1006 1745 ob
1029 1706 1250 1746 causam
1292 1689 1551 1745 Dominus
1575 1706 1779 1761 quoque

1891 498 2140 553 incedunt
2170 509 2221 553 et
2245 507 2409 569 agunt
2431 500 2612 553 omnia
2637 516 2755 570 quae
2785 500 2878 555 illo
2907 503 3092 557 ordine
3119 503 3282 574 digna
3303 510 3424 556 sunt
3443 502 3471 556 2

1892 589 2012 657 (sed
2042 596 2102 644 ut
2141 588 2195 643 in
2243 603 2350 644 ms.
2387 597 2616 657 nostro,
2652 606 2772 660 quo:
2808 592 2866 644 in
2913 592 3009 648 illo
3044 594 3229 647 ordine
3256 591 3476 660 dignum

1887 681 2049 752 est?)
2090 679 2355 736 Similiter
2396 690 2574 735 autem
2619 689 2671 736 et
2732 682 2944 738 diaconi
2983 693 3139 754 putas
3185 681 3476 737 secundum

1888 774 2127 828 ordinem
2164 775 2452 828 ministerii
2482 776 2569 829 sui
2612 777 2909 832 incedunt?
2957 777 3029 831 Et
3056 776 3194 831 unde
3228 784 3306 831 est
3334 773 3475 846 quod

1886 882 2025 936 sarpe
2052 866 2301 921 audimus
2338 866 2702 937 blaspltemare
2730 860 2969 923 homines
3018 877 3069 922 et
3107 868 3301 922 dicere.
3334 864 3475 920 Ecce

1885 959 2067 1031 qualis
2089 960 2380 1028 episcopus
2405 1000 2419 1024 ,
2459 967 2555 1013 aut
2601 960 2780 1029 qualis
2824 961 3131 1033 presbyter,
3169 959 3258 1014 vel
3294 956 3475 1028 qualis

1883 1052 2153 1107 diaconus
2178 1052 2193 1105 ι
2232 1049 2424 1105 Nonne
2457 1053 2567 1106 licet:
2588 1052 2863 1118 dicuntur,
2898 1051 2989 1106 ubi
3019 1050 3098 1107 vel
3127 1050 3371 1105 sacerdos
3393 1048 3473 1104 vel

1883 1145 2133 1198 minister
2174 1143 2270 1197 Dei
2305 1146 2446 1197 visus
2500 1143 2663 1213 fuerit
2704 1144 2763 1197 in
2792 1142 2973 1214 aliquo
3001 1151 3188 1196 contra
3231 1141 3473 1196 ordinem

1882 1253 2039 1291 suum
2077 1236 2272 1298 venire,
2309 1244 2361 1290 et
2389 1235 2596 1307 aliquid
2626 1244 2815 1289 contra
2840 1234 3225 1289 sacerdotalem
3260 1233 3338 1287 vel
3367 1231 3472 1287 Le-

1882 1331 2098 1384 viticum
2127 1329 2367 1382 ordinem
2404 1330 2624 1399 gerere?
2649 1327 2852 1383 Verum
2875 1328 3157 1382 enimvero
3182 1324 3467 1398 Origenes,

1881 1419 1928 1477 si
1962 1418 2245 1474 Blondello
2278 1418 2612 1473 credendum
2647 1417 2742 1487 sit,
2762 1431 2884 1474 utut
2906 1417 3010 1470 tria
3038 1417 3094 1470 in
3135 1415 3276 1470 clero
3321 1416 3473 1485 capi-

1882 1523 1994 1568 tum
2024 1529 2234 1583 genera,
2259 1511 2630 1566 consuetudini
2653 1511 3000 1565 ecclesiarum
3032 1509 3235 1579 favens,
3268 1507 3470 1561 adurit-

1880 1617 1987 1661 tere
2009 1606 2211 1677 passim
2244 1604 2525 1668 videatur;
2571 1604 2661 1657 hic
2701 1613 2886 1657 tamen
2914 1643 2928 1666 ,
2962 1603 3112 1656 binos
3140 1609 3348 1654 tantum
3377 1615 3470 1655 sa-

1879 1697 2161 1752 cerdotum
2194 1704 2249 1750 et
2284 1695 2671 1758 diaconorum,
2706 1694 2952 1764 magistri
2982 1691 3268 1747 Clementis
3288 1705 3470 1745 exem-

161 1783 351 1835 ueniat
376 1783 451 1835 ad
488 1782 747 1837 lavandos
786 1784 940 1854 pedes
979 1786 1117 1839 servi
1149 1783 1431 1851 credentis,
1453 1792 1503 1836 et
1533 1793 1776 1853 parentes
1810 1783 1852 1841 Β
1880 1788 1989 1860 plo,
2030 1786 2229 1858 gradus
2260 1787 2520 1857 agnoscit.
2558 1784 2673 1856 Ego
2704 1801 2854 1851 vero,
2878 1792 2934 1838 et
2961 1783 3103 1853 apud
3135 1783 3471 1837 Clementem

161 1876 271 1945 filii
295 1895 317 1932 :
344 1877 490 1947 quod
524 1878 581 1931 in
612 1896 758 1933 more
781 1881 1011 1949 positum
1028 1889 1183 1945 erat;
1210 1880 1302 1935 sed
1325 1897 1464 1934 nunc
1488 1880 1669 1957 noriﬁt
1702 1879 1780 1934 vel

158 1985 332 2037 supra
360 1971 584 2023 modum
598 1972 875 2026 rarissime
899 1981 948 2027 et
965 1973 1107 2042 apud
1125 1973 1414 2026 admodum
1429 1972 1695 2042 simplices
1717 1988 1781 2026 ac

160 2062 481 2115 rusticiores
502 2064 587 2131 ﬁt.
611 2062 675 2117 Et
696 2078 760 2117 ea
784 2064 948 2119 etiam
980 2080 1103 2134 qua:
1133 2076 1282 2118 tomo
1306 2079 1359 2117 χι
1386 2063 1439 2117 in
1466 2062 1779 2117 Matthzeum

158 2155 374 2222 scripta
399 2163 534 2207 sunt
560 2171 574 2206 :
600 2154 673 2207 Τὸ
689 2154 736 2207 δ’
754 2156 938 2225 ὅμοιον
960 2158 1106 2228 ἐρεῖς
1126 2155 1221 2210 καὶ⁷
1236 2155 1329 2208 ἐπὶ
1339 2152 1434 2208 τοῦ
1450 2153 1777 2227 ὀρεγομένου

158 2242 482 2313 ἐπισκοπῆς
512 2242 603 2297 διὰ
631 2243 731 2315 τὴν
762 2245 915 2317 παρὰ
940 2243 1249 2313 ἀνθρώποις
1268 2231 1500 2316 δόξαν,ἢ
1535 2244 1633 2315 τὴν
1671 2242 1781 2297 ἀπὸ

160 2333 479 2405 ἀνθρώπων
534 2335 848 2403 κολακείαν,
907 2338 941 2410 ἢ
980 2338 1074 2391 τὸν
1112 2339 1222 2393 ἀπὸ
1271 2338 1382 2391 τῶν
1443 2337 1778 2409 προσιόντων

159 2425 309 2498 λόγῳ
334 2427 620 2499 πορισμὸν
642 2428 896 2483 διδόντων
930 2431 1203 2501 προφάσει
1229 2430 1328 2501 τῆς
1362 2429 1666 2493 εὐσεϐείας.
1719 2428 1778 2482 ’0

160 2517 296 2584 γοῦν
323 2516 576 2581 τοιοῦτος
607 2519 912 2584 ἐπίσκοπος
955 2522 1018 2574 οὐ
1068 2520 1261 2576 καλοῦ
1292 2521 1471 2591 ἔργου
1502 2518 1781 2589 ἐπιθυμεῖ

162 2609 288 2662 οὐδὲ
322 2609 557 2664 δύναται
605 2605 750 2665 εἶναι
794 2613 1240 2680 ἀνεπίληπτος,
1290 2612 1413 2666 οὐδὲ
1454 2609 1772 2677 νηφάλιος,

162 2701 288 2755 οὐδὲ
322 2702 621 2771 σώφρων,
665 2702 881 2774 μεθύων
928 2704 1035 2758 ὑπὸ
1078 2703 1240 2777 δόξης
1264 2744 1280 2769 ,
1315 2705 1410 2759 καὶ
1458 2704 1775 2767 ἀκολάστως

162 2794 341 2865 αὐτῆς
368 2794 818 2866 ἐμφορούμενοςο
853 2796 915 2849 τὸ
961 2796 1020 2849 δὲ
1059 2796 1193 2850 αὐτὸ
1227 2796 1323 2851 καὶ
1371 2796 1500 2869 περὶ
1535 2796 1774 2869 πρεσϐυ-

158 2886 343 2958 τέρων
376 2887 478 2940 καὶ
516 2887 787 2941 διακόνων
819 2890 984 2960 ἐρεῖς.
1016 2887 1283 2943 Similiter
1314 2898 1492 2944 autem
1537 2888 1681 2944 dices
1707 2889 1773 2943 de

159 2994 223 3034 eo
250 2980 349 3049 qui
381 2980 749 3050 episcopatum
775 2980 1063 3049 desiderat,
1091 2992 1149 3036 ut
1176 2982 1404 3054 gloriam
1436 2984 1578 3054 apud
1600 2983 1773 3037 homi-

160 3087 253 3126 nes
287 3081 671 3142 consequatur,
703 3073 780 3128 vel
810 3072 1087 3127 hominum
1129 3076 1540 3129 assentationem
1570 3084 1767 3144 captet,

1883 1883 2204 1954 magistrum
2229 1923 2245 1947 ,
2297 1881 2378 1935 sic
2428 1878 2593 1934 etiam
2632 1877 2775 1948 apud
2809 1875 3105 1947 Origenem
3139 1873 3470 1944 discipulum

1883 1985 1994 2031 tres
2023 1974 2227 2045 gradus
2258 1971 2503 2035 invenio,
2531 1985 2704 2025 unum
2745 1968 2965 2023 diaconi
2991 1968 3047 2022 in
3075 1966 3270 2022 ordine
3307 1966 3469 2020 mini-

1882 2068 2072 2133 sterii,
2118 2066 2296 2132 duos,
2348 2063 2591 2133 episcopi
2627 2061 2877 2128 scilicet,
2928 2069 2984 2115 et
3030 2058 3370 2131 presbyteri,
3412 2058 3470 2112 in

1881 2160 2072 2214 ordine
2093 2140 2508 2218 sacerdotiifut
2539 2162 2594 2208 et
2628 2155 2746 2224 ipse
2778 2169 2837 2207 se
2875 2151 3137 2223 explicat,
3161 2158 3218 2204 et
3253 2148 3470 2219 plenius

1880 2250 1940 2305 B.
1960 2249 2200 2322 Cyrillus
2216 2245 2602 2301 Alexandrina:
2613 2241 2875 2297 Ecclesiae
2894 2238 3208 2312 patriarcha
3230 2236 3329 2302 lib.
3372 2252 3470 2291 xm

1879 2342 1958 2396 De
1988 2341 2302 2394 adoratione
2329 2338 2387 2391 in
2410 2338 2607 2407 spiritu
2637 2344 2686 2389 et
2721 2334 2942 2388 veritate
2966 2348 2984 2386 :
3021 2332 3086 2384 Εἰ
3114 2330 3173 2384 δέ
3196 2346 3280 2393 τις
3297 2327 3474 2382 ἕλοιτο

1878 2433 1973 2486 καὶ
1993 2433 2093 2504 τῆς
2131 2430 2458 2502 Ἐκκλησίας
2502 2428 2600 2500 τὴν
2627 2426 2782 2493 τάξιν
2827 2424 3332 2496 πολυπραγμονεῖν,
3367 2419 3470 2492 τὴν

1877 2527 1935 2579 ὲν
1962 2527 2112 2597 νόμῳ
2131 2521 2588 2597 προανατύπωσιν
2620 2517 3099 2589 καταθαυμάσειεν
3132 2515 3198 2570 ἂν
3218 2512 3461 2576 εἰκότως

1890 2621 2241 2683 Ἑπισκόποις
2277 2619 2376 2690 μὲν
2416 2616 2549 2689 γὰρ,
2572 2614 2667 2673 ἅτε
2700 2614 2767 2686 δὴ
2805 2613 2928 2667 τότε
2972 2608 3331 2683 καθηγεῖσθαι
3375 2606 3471 2661 λα-

1875 2715 2098 2789 χοῦσιν,
2134 2713 2230 2767 καὶ
2275 2712 2375 2783 μὲν
2414 2712 2530 2772 τοῖς
2558 2709 2654 2762 ἐπὶ
2686 2706 2784 2779 τὴν
2833 2704 2970 2777 μείω
3000 2703 3247 2758 διέπουσι
3288 2698 3468 2767 τάξιν,

1876 2805 2272 2880 πρεσϐυτέροις
2299 2799 2357 2857 δέ
2388 2818 2557 2873 φημι,
2589 2798 2951 2873 πεπίστευται
2991 2794 3052 2848 τὸ
3088 2793 3471 2863 θυσιαστήριον

1874 2898 1969 2953 καὶ
1999 2896 2070 2950 τὰ
2092 2895 2202 2949 ἔσω
2231 2892 2328 2948 τοῦ
2362 2889 2878 2961 καταπετάσματος,
2919 2880 3001 2948 οἷς
3032 2883 3098 2937 ἂν
3128 2882 3332 2956 πρέποι
3368 2880 3469 2936 καὶ

1873 2989 2151 3059 λέγεσθαι,
2169 2987 2279 3041 Καὶ
2300 2983 2650 3055 φυλάξουσι
2668 2979 2781 3049 τὴν
2794 2976 3094 3046 ἱερατείαν
3108 2971 3309 3030 αὐτῶν
3319 2986 3340 3007 ο
3353 2972 3471 3026 δια-

1874 3082 2052 3145 κόνοις
2068 3097 2133 3149 γε
2153 3078 2251 3150 μὲν
2267 3077 2349 3142 τὸ,
2368 3072 2720 3140 Φυλάξουσι
2740 3070 2848 3136 τὰς
2871 3066 3153 3139 φυλακὰς
3171 3064 3283 3134 τῆς
3313 3078 3468 3133 σκη-

160 3164 241 3218 vel
262 3175 535 3227 questum
558 3165 623 3219 ab
639 3167 716 3220 eis
742 3168 992 3237 accipiat,
1021 3168 1114 3238 qui
1147 3184 1439 3222 sermonem
1478 3167 1604 3237 ﬁdei
1653 3182 1770 3220 am-
1797 3149 1838 3206 Ο
1870 3169 2009 3241 νῆς.
2029 3149 2183 3236 Quod
2205 3169 2253 3222 si
2277 3167 2394 3238 quis
2428 3165 2555 3220 velit
2584 3163 2745 3218 etiam
2775 3159 3030 3214 Ecclesia:
3068 3157 3309 3211 ordinem
3337 3171 3463 3225 per-

161 3256 455 3327 pleetentes
487 3258 708 3327 pietatis
733 3275 897 3312 causa
926 3258 1079 3313 dant.
1116 3258 1261 3312 Talis
1296 3260 1462 3330 igitur
1499 3259 1771 3329 episcopus

162 3349 377 3404 bonum
405 3364 554 3419 opus
583 3364 691 3402 non
720 3348 1032 3416 desiderat,
1060 3366 1226 3421 neque
1265 3359 1439 3418 potest
1482 3366 1595 3405 esse
1631 3350 1771 3405 irre-

160 3441 583 3511 prehensibilis,
608 3457 772 3512 neque
793 3442 1034 3508 sobrius,
1054 3459 1216 3514 neque
1238 3444 1562 3516 prudens",
1592 3452 1773 3514 utpote

161 3534 253 3602 qui
278 3532 462 3603 gloria
487 3532 667 3587 ebrius
692 3534 784 3600 sit,
810 3543 861 3588 et
886 3537 1302 3605 intemperanter
1328 3553 1390 3590 ea
1412 3537 1576 3607 fuerit
1596 3537 1776 3607 ingur-

164 3625 396 3695 gitutus.
419 3623 578 3679 Idem
600 3642 805 3697 quoque
834 3626 901 3681 de
928 3627 1251 3698 presbyteris
1271 3636 1322 3683 et
1349 3629 1588 3683 diaconis
1610 3629 1771 3682 dices.

162 3713 293 3770 Haec
325 3716 417 3770 vel
448 3731 516 3772 ex
551 3716 780 3782 Graecis,
815 3717 903 3771 vel
935 3718 1006 3772 ab
1040 3716 1377 3791 Hieronymo
1431 3720 1567 3774 satis
1597 3719 1775 3774 tideli—

166 3817 248 3862 ter
277 3810 465 3864 versis
505 3809 777 3880 producta
810 3826 825 3863 :
857 3812 1060 3881 quibus
1114 3821 1169 3866 et
1220 3812 1313 3867 illa
1363 3829 1487 3885 qua:
1517 3811 1775 3869 Ruilinus

164 3902 568 3973 interpretatus
621 3914 703 3959 est
756 3904 920 3958 etiam
974 3914 1342 3962 consentanea
1391 3915 1541 3962 sunt.
1593 3904 1662 3962 Ut
1705 3923 1774 3962 ex

165 3992 400 4049 bomilia
432 3996 492 4049 in
517 3993 788 4053 Numeros
812 3999 1076 4067 secunda,
1117 4014 1283 4068 quam
1317 3998 1537 4055 tandem
1572 4015 1602 4054 a
1633 3998 1776 4055 Rul-

166 4090 282 4146 lino
302 4105 530 4146 versam
589 4106 710 4147 esse
767 4103 1003 4158 constat,
1051 4107 1119 4146 ex
1156 4093 1386 4164 prologo
1430 4093 1487 4147 in
1539 4091 1776 4149 Emerici

168 4182 368 4254 Bigotii
413 4182 610 4240 codice
669 4195 884 4256 reperto
937 4195 994 4242 et
1034 4186 1105 4242 ab
1156 4185 1393 4242 Henrico
1438 4184 1661 4242 Valesio
1705 4185 1775 4242 ad

169 4275 475 4332 Eusebium
518 4277 690 4343 edito,
730 4279 826 4348 qui
874 4279 1041 4334 etiam
1090 4278 1146 4333 in
1184 4278 1518 4334 bibliotheca
1562 4278 1776 4351 collegii

174 4371 351 4425 nostri
386 4368 492 4424 SS.
530 4367 819 4426 Trinitatis
850 4384 1028 4427 exstat
1073 4388 1176 4427 ms.
1234 4370 1302 4427 Et
1331 4372 1525 4429 titulus
1549 4372 1774 4443 quidem

1874 3266 2104 3336 quirere,
2134 3261 2289 3316 illam
2311 3276 2429 3331 qua:
2456 3259 2513 3312 in
2556 3256 2666 3327 lege
2702 3264 2779 3308 est
2820 3250 3305 3323 prwﬁgurationem
3341 3247 3468 3318 jure

1874 3355 2260 3413 admirabitur.
2289 3350 2568 3423 Episcopis
2595 3347 2757 3414 enim,
2789 3362 2851 3399 ac
2875 3346 2921 3399 si
2959 3354 3082 3398 tunc
3106 3341 3468 3412 principatum

1873 3449 2048 3508 sortiti
2078 3454 2274 3510 essent,
2307 3454 2467 3514 atque
2495 3441 2657 3495 etiam
2687 3440 2755 3493 iis
2784 3439 2875 3510 qui
2900 3437 3211 3507 inferiorem
3240 3434 3469 3505 gradum

1875 3548 2087 3614 gerunt,
2127 3535 2446 3609 presbyteris
2482 3534 2739 3604 inquam,
2775 3528 3136 3585 concreditum
3175 3536 3253 3580 est
3296 3523 3470 3578 altare

1874 3646 1924 3691 et
1949 3649 2068 3706 qui!
2096 3640 2218 3687 sunt
2244 3631 2391 3684 intra
2417 3626 2609 3692 velum,
2638 3624 2827 3696 quibus
2853 3624 3015 3677 etiam
3045 3620 3155 3675 dici
3185 3617 3421 3673 convenit
3446 3633 3468 3671 :

1876 3726 1946 3782 Et
1996 3723 2312 3781 custodient
2375 3718 2743 3777 sacerdotium
2796 3730 3006 3782 suum;
3051 3712 3294 3766 diaconis
3347 3724 3470 3762 vero

1876 3819 2016 3874 illud
2041 3833 2060 3872 :
2092 3814 2423 3873 Custodient
2453 3810 2738 3868 custodias
2762 3805 3126 3864 tabernaculi.
3163 3803 3240 3858 Ex
3264 3800 3464 3856 Ruﬂini

1876 3910 2042 3965 etiam
2086 3907 2342 3963 versione
2393 3902 2649 3974 Origenis
2696 3897 3091 3956 Commentarii
3138 3897 3196 3951 in
3237 3893 3466 3949 Cantica

1876 3999 2219 4056 canticorum
2269 3995 2562 4051 habentur.
2595 3990 2657 4047 In
2708 3989 2934 4046 homilia
2982 3996 3191 4053 autem,
3222 3994 3284 4041 ut
3318 4000 3468 4041 nunc

1875 4100 2127 4158 vocatur,
2164 4087 2408 4146 secunda
2439 4088 2541 4142 ista
2574 4085 2848 4156 legimus:
2882 4082 3028 4137 Vidit
3064 4090 3115 4136 et
3137 4081 3310 4136 sedem
3337 4095 3472 4150 pue-

1876 4204 2060 4243 rorum
2083 4187 2222 4258 ejus,
2249 4186 2350 4257 (de
2379 4184 2572 4256 regina
2607 4180 2754 4237 Saba
2774 4189 2830 4237 et
2859 4179 3157 4235 Salomone
3186 4174 3470 4247 loquitur)

1878 4281 2335 4345 ecclesiasticum,
2377 4286 2505 4349 puto
2529 4318 2544 4344 ,
2577 4274 2817 4331 ordinem
2851 4273 3006 4339 dicit,
3049 4271 3141 4342 qui
3167 4271 3223 4324 in
3260 4269 3468 4339 episco-

1878 4385 2038 4446 potus
2068 4373 2148 4428 vel
2185 4371 2496 4444 presbyterii
2520 4370 2731 4424 sedibus
2772 4367 3016 4421 habetur.
3058 4362 3205 4418 Vidit
3238 4370 3290 4415 et
3321 4360 3470 4414 ordi-

172 4462 243 4517 ita
275 4479 338 4519 se
368 4463 542 4517 habet
578 4480 592 4519 :
626 4462 827 4534 Incipit
848 4464 1120 4536 prologue.
1163 4505 1180 4520 .
1222 4506 1239 4521 .
1285 4507 1299 4520 .
1340 4505 1358 4522 .
1401 4506 1416 4520 .
1508 4464 1776 4521 Numero-
1799 4498 1854 4559 Β
1880 4468 2121 4521 nationes
2147 4464 2227 4520 vel
2253 4464 2510 4519 stationes
2535 4462 2905 4516 ministrorum
2928 4456 3066 4527 ejus,
3093 4455 3468 4518 diaconorum,

171 4571 287 4609 rum
312 4555 388 4609 ad
418 4553 725 4609 Ursacium.

240 4648 480 4719 Reliqua
523 4649 670 4703 enim
726 4647 1014 4704 manifeste
1055 4656 1187 4704 sunt
1238 4663 1435 4714 erasa,
1473 4648 1545 4704 ob
1569 4647 1768 4704 Bullini

173 4757 403 4806 nomen,
432 4749 496 4795 ut
525 4741 763 4796 videtur.
801 4739 989 4796 Prima
1023 4740 1270 4811 epistolae
1303 4742 1600 4808 sententia,
1642 4751 1770 4796 utar

174 4835 339 4888 verbis
374 4832 511 4901 tibi,
554 4833 755 4902 frater,
805 4832 947 4888 beati
973 4834 1268 4904 martyris,
1311 4840 1436 4889 bene
1483 4835 1766 4899 admones,

175 4925 381 4982 Donate
420 4927 777 4992 charissime,
811 4925 868 4984 S.
918 4924 1252 4998 Cyprianum
1300 4937 1448 4983 certe
1492 4928 1766 4999 intelligit,

179 5023 336 5092 cujus
367 5021 465 5076 illa
508 5021 677 5076 verba
710 5030 840 5075 sunt
893 5020 950 5075 in
998 5021 1157 5075 initio
1195 5020 1451 5076 secundas
1480 5020 1767 5090 epistolae:

180 5111 315 5166 Bene
362 5112 652 5175 admones,
685 5110 894 5165 Donate
940 5110 1273 5165 charissime.
1305 5109 1534 5180 Reliqua
1568 5110 1625 5164 in
1659 5125 1765 5165 ms.

179 5216 369 5261 nostro
419 5221 550 5261 cum
600 5204 904 5276 Bigetianis
958 5221 1193 5277 prorsus
1240 5207 1615 5273 conveniunt,
1660 5206 1770 5261 nisi

181 5298 321 5366 quod
368 5313 474 5368 pro
511 5302 660 5351 breve
705 5297 890 5352 saltim
930 5297 1147 5369 legatur
1184 5296 1327 5352 brevi
1369 5297 1547 5364 saltu,
1576 5309 1631 5354 et
1666 5313 1770 5369 pro

183 5389 286 5444 hac
331 5400 654 5461 perurgente
674 5431 689 5455 ,
727 5390 901 5445 multo
934 5389 1161 5456 rectius,
1194 5389 1306 5444 haec
1333 5401 1647 5462 perurgente
1679 5400 1769 5457 te;

185 5478 472 5538 Ursacium
504 5483 654 5538 etrim
687 5482 1009 5552 alloquitur,
1039 5493 1101 5537 ut
1124 5483 1264 5539 bene
1285 5484 1600 5539 observavit
1623 5481 1772 5538 liue-

188 5577 305 5637 Iius.
341 5577 425 5633 Ex
466 5578 724 5633 versione
774 5579 940 5649 igitur
974 5577 1174 5634 Bullini
1207 5578 1325 5633 haec
1368 5575 1623 5648 Origenis
1664 5577 1769 5632 ha-

186 5672 414 5728 bentur:
452 5671 692 5727 Putasne
715 5673 808 5742 qui
837 5672 1134 5728 sacerdotio
1160 5672 1478 5743 funguntur,
1511 5680 1561 5726 et
1592 5670 1646 5725 in
1677 5687 1768 5727 sa-

256 5789 294 5820 "
322 5788 343 5842 l
367 5788 517 5844 Tim.
542 5805 626 5856 ιιι,
653 5788 712 5845 9..

1879 4569 1938 4614 ut
1973 4558 2107 4613 mihi
2136 4557 2369 4623 videtur,
2399 4554 2640 4610 ordinem
2667 4558 2926 4607 memorat
2960 4547 3254 4603 astantium
3284 4543 3471 4598 divino

1871 4652 2195 4708 ministerio.
2250 4647 2317 4703 Et
2365 4648 2532 4720 paulo
2579 4654 2753 4719 post:
2810 4643 2943 4699 Hazc
2991 4656 3114 4712 ergo
3158 4639 3338 4694 omnia
3371 4637 3464 4691 ubi

1871 4744 2002 4800 vidit
2053 4745 2111 4798 in
2144 4744 2300 4798 domo
2342 4741 2480 4812 regis
2524 4738 2771 4810 paciﬁci,
2815 4738 2923 4791 imo
2952 4730 3176 4789 Christi.
3221 4727 3303 4784 lla
3346 4735 3471 4783 tres

1873 4840 2103 4896 ordines
2140 4840 2198 4894 in
2230 4836 2477 4893 Ecclesia
2514 4832 2723 4889 Christi
2755 4831 2861 4887 sub
2892 4826 3079 4883 Veteri
3112 4824 3467 4880 Testamento

1872 4935 2257 5005 przellguratos
2299 4932 2480 4988 docet.
2510 4928 2659 4984 Duos
2697 4934 2909 4982 tantum
2952 4918 3268 4975 Blondellus
3300 4915 3465 4980 vidit,

1872 5027 2019 5095 quod
2047 5010 2207 5081 sedes
2227 5033 2344 5080 tum
2367 5019 2705 5092 presbyteris
2737 5026 2853 5073 tum
2893 5012 3167 5084 episcopis
3211 5008 3463 5064 tribuan-

1874 5125 1987 5170 tur.
2012 5115 2090 5171 De
2120 5130 2230 5186 qua
2261 5129 2322 5168 re
2353 5111 2506 5167 alibi.
2538 5108 2764 5165 interim
2799 5103 3054 5175 Origenis
3096 5098 3368 5157 sententia
3397 5095 3470 5150 de
3552 5174 3559 5178 δ

1872 5210 2094 5265 diverso
2123 5206 2297 5278 gradu
2321 5219 2538 5270 eorum,
2561 5201 2657 5274 qui
2693 5201 2748 5256 in
2784 5195 3063 5254 cathedris
3095 5190 3299 5263 populo
3326 5204 3468 5258 prie-

1873 5301 2145 5367 sidebant,
2174 5298 2309 5356 satis
2330 5307 2518 5368 aperta
2553 5305 2639 5350 est
2672 5308 2741 5348 ex
2772 5290 2840 5346 iis
2877 5303 3001 5358 quae
3033 5282 3263 5341 bomilia
3291 5295 3349 5335 ut
3408 5279 3465 5333 in

1875 5393 2163 5449 Jeremiam
2202 5390 2428 5463 protuli,
2464 5387 2561 5443 ubi
2597 5387 2839 5456 seipsum
2862 5386 3117 5435 numerat
3138 5370 3466 5463 interuallis-

1872 5484 2137 5557 ζομένους
2168 5462 2226 5537 ὲν
2254 5479 2683 5556 πρεσδυτερείῳ,
2707 5487 2762 5531 et
2790 5484 2973 5529 tamen
2993 5462 3347 5541 agnoscit‘tbv
3365 5462 3466 5557 τήν

1874 5556 2094 5634 πάντων
2109 5578 2143 5648 ἡ
2151 5576 2268 5648 μῶν
2283 5570 2764 5645 ἐγκεχειρισμένον
2777 5567 2952 5637 ἀρχήν
2972 5581 2985 5593 ο
3004 5562 3244 5629 alibique
3262 5556 3465 5648 distin-

1872 5671 1990 5744 guit
2021 5670 2074 5726 in
2082 5645 2163 5727 ter
2181 5662 2582 5737 ὲπισκοπικὸνβ
2591 5662 2743 5736 ρόνον
2770 5669 2824 5716 et
2838 5650 3263 5730 πρεσϐυτερείου
3276 5665 3327 5704 τι
3334 5645 3446 5719 μήν
