3864 6204
419 296 521 350 225

1443 293 1502 349 S.
1546 290 1891 349 lGNATlUS.
1927 320 1998 330 -
2051 282 2583 343 PROLEGOMENA.

3582 277 3697 333 Sit

489 415 593 470 Sed
615 416 920 474 Salmasius
943 415 995 472 id
1023 418 1077 473 in
1091 416 1325 490 Origene
1348 416 1664 486 vidit,quod
1684 415 1869 470 videre
1891 428 1999 467 non
2031 423 2078 479 Α
2107 408 2229 478 ipso
2261 406 2509 476 apostolo
2554 403 2868 469 derivasse;
2918 399 3209 472 Origenem
3257 399 3520 455 Demetrii
3555 413 3695 470 syn-

416 511 596 581 potuit
624 508 971 579 Blondellus,
1021 527 1134 582 quo
1168 513 1366 582 probet
1411 526 1584 566 unum
1632 519 1842 565 tantum
1878 509 1996 578 epi-

417 603 570 672 scopi
612 614 668 660 et
712 605 1019 678 presbyteri
1064 607 1294 676 gradum
1339 606 1407 661 ab
1441 605 1572 671 illo,
1603 615 1665 659 ut
1698 612 1751 659 et
1800 619 1832 658 a
1858 602 2000 673 .Cle-

417 712 636 765 meme,
681 699 960 769 proditum
991 718 1005 755 :
1042 698 1216 754 Unum
1261 700 1444 763 enim,
1476 699 1691 769 inquit,
1746 699 2000 769 σύστημα

418 791 691 859 agnoscit,
726 790 822 846 hoc
867 801 976 861 est,
1010 793 1288 865 collegium
1329 793 1601 847 hominum
1641 793 1748 847 vita
1794 801 2001 861 spectat

421 891 595 935 torum
631 891 680 936 et
720 882 989 947 doctrina,
1022 902 1055 939 a
1087 902 1189 956 quo
1219 885 1444 956 singulae
1478 885 1710 940 ecclesia:
1740 883 2000 955 guberna-

423 973 638 1030 bantur.
657 972 730 1029 Ut
756 977 1081 1032 sententiam
1100 974 1353 1050 Origenis
1377 977 1443 1033 de
1460 977 1563 1034 hnc
1579 994 1689 1033 uno
1707 984 2001 1048 systemate

420 1067 812 1136 gnbernatorio
867 1070 1154 1136 ostendat,
1203 1071 1383 1126 locum
1446 1072 1592 1125 hunc
1637 1086 1704 1124 ex
1747 1070 1843 1124 lib.
1899 1084 1999 1123 rm

421 1154 622 1212 Contra
670 1157 881 1214 Celsum
914 1161 1291 1217 infclicissime
1336 1163 1590 1217 addorrit:
1630 1163 1821 1234 Ἡμεῖς
1853 1162 1910 1215 δὲ
1943 1164 2001 1216 ἐν

420 1251 629 1325 ἑκάστῃ
655 1252 806 1307 πόλει
834 1253 961 1309 ἄλλο
994 1254 1245 1326 σύστημα
1280 1255 1557 1328 πατρίδος,
1591 1255 1809 1310 κτισθὲν
1856 1256 2001 1326 λόγῳ

420 1343 555 1397 Θεοῦ
581 1346 956 1417 ἐπιστάμενοι,
987 1349 1114 1411 τοὺς
1136 1348 1397 1414 δυνατοὺς
1425 1349 1567 1421 λόγῳ
1596 1352 1691 1404 καὶ
1732 1350 1831 1422 βίῳ
1862 1352 2004 1419 ὑγιεῖ

420 1434 737 1506 χρωμένους
764 1441 956 1510 ἄρχειν
984 1438 1078 1492 ἐπὶ
1106 1438 1168 1492 rb
1188 1437 1377 1511 ἄρχειν
1409 1438 1720 1512 ἐκκλησιῶν
1752 1456 2004 1512 παρακα-

419 1524 641 1599 λοῦμεν.
662 1526 836 1595 Quem
870 1528 947 1585 ita
977 1531 1044 1586 ad
1071 1545 1232 1586 suum
1257 1533 1599 1602 propositum
1627 1533 1804 1603 primo
1833 1523 2009 1589 inter?

419 1626 705 1688 prctalur:
740 1618 855 1673 Nos
877 1638 996 1677 vero
1022 1622 1076 1675 in
1108 1622 1333 1693 singulis
1357 1625 1662 1678 civitatibus
1701 1624 1852 1678 aliud
1884 1639 2003 1678 car-

420 1726 541 1781 pas,
577 1710 692 1766 sive
728 1711 1007 1783 collegium
1039 1715 1231 1784 patria:
1254 1714 1405 1769 rerbo
1432 1714 1531 1770 Dei
1569 1716 1871 1771 institutum
1900 1732 2000 1771 no-

2100 499 2395 563 chronum,
2431 496 2688 553 eumdem
2723 495 2971 549 ordinem
3015 510 3083 550 cx
3108 494 3254 564 typis
3292 492 3588 562 legalibus,
3620 507 3692 544 ex

2096 590 2265 645 dictis
2319 587 2644 653 Salvatoris,
2697 603 2766 642 ex
2814 587 3101 658 prteceptis
3149 585 3468 656 apostolicis
3511 584 3697 638 dedu-

2102 685 2253 740 xisse
2280 726 2296 751 ,
2329 699 2431 739 nec
2460 698 2706 753 unquam
2754 698 2878 737 cum
2914 682 3293 752 presbyteratu
3340 677 3692 738 confudisse,

2103 781 2198 836 sed
2230 779 2541 850 episcopos,
2576 776 2928 848 presbyteros
2952 814 2967 839 ,
2996 774 3265 829 diaconos
3300 788 3516 842 semper
3557 785 3691 825 cum

2101 870 2312 942 lgnalio
2355 886 2701 926 numerasse.
2742 866 2813 923 Ut
2856 876 3044 939 postea
3078 866 3321 923 Isidorus
3368 864 3691 925 Pelusiola,

2101 965 2386 1036 presbyter
2437 962 2767 1034 Egyptius,
2822 962 3135 1031 episcopum
3195 959 3365 1013 τύπον
3412 957 3506 1010 τοῦ
3552 957 3699 1026 Χριο

2104 1054 2233 1109 στοῦ
2271 1056 2509 1126 appellat
2554 1055 2650 1110 lib.
2688 1071 2735 1120 ι,
2771 1054 2932 1123 epist.
2980 1052 3079 1107 1⁸56
3103 1092 3118 1118 ,
3151 1051 3527 1122 episropatnm
3583 1048 3699 1118 τὴν

2101 1149 2195 1203 τοῦ
2228 1148 2486 1202 τοσούτου
2522 1147 2692 1217 ὕψους
2723 1146 2987 1201 ἀνάϐασιν
3006 1185 3022 1210 ,
3056 1146 3150 1200 lib.
3180 1162 3219 1211 I,
3249 1143 3412 1214 epist.
3454 1142 3555 1196 104
3584 1160 3598 1207 ;
3634 1150 3698 1194 et

2101 1239 2162 1294 rb
2210 1242 2310 1312 τῆς
2356 1241 2663 1311 ἐπισκοπῆς
2688 1240 2780 1293 καὶ
2821 1239 2993 1309 ὄνομα
3034 1238 3128 1311 καὶ
3169 1237 3404 1307 πρᾶγμα
3453 1233 3597 1287 θεῖον
3629 1236 3703 1292 ὃν

2102 1331 2196 1386 καὶ
2228 1334 2476 1404 κρεῖττον
2511 1331 2693 1401 πάσης
2725 1313 3000 1392 πολιτείας
3030 1345 3091 1380 τε
3123 1328 3218 1380 καὶ
3254 1325 3443 1393 ἀξίας,
3478 1325 3576 1381 lib.
3611 1339 3652 1377 li
3674 1364 3697 1390 ,

2102 1423 2265 1494 epist.
2303 1422 2441 1485 125,
2463 1432 2518 1477 et
2546 1437 2745 1477 nomen
2772 1431 2828 1476 et
2873 1436 2986 1475 rem
3030 1421 3202 1489 ipsam
3235 1419 3477 1473 divinam
3510 1431 3697 1485 agno-

2104 1517 2240 1582 scit,
2271 1526 2436 1587 prout
2482 1532 2513 1571 a
2549 1516 2924 1587 presbyteratu
2969 1513 3364 1584 distinguitur:
3397 1511 3508 1582 agit
3536 1510 3695 1562 enim

2103 1610 2172 1664 de
2214 1611 2569 1680 episcopatu,
2601 1624 2766 1679 quem
2807 1606 3006 1662 Hiera:
3052 1606 3338 1677 presbyter
3391 1604 3693 1659 recusavit.

2107 1701 2234 1758 llaec
2267 1703 2435 1772 igitur
2459 1702 2708 1756 doctrina
2756 1700 2826 1755 de
2864 1699 3209 1754 institutione
3241 1696 3541 1768 apostolica
3571 1695 3696 1764 epi-

421 1805 589 1858 uimus
617 1804 861 1861 doctrina
888 1817 937 1860 et
984 1808 1092 1862 vita
1113 1824 1246 1863 sana
1286 1809 1546 1862 utentium
1592 1819 1750 1879 atque
1799 1810 1869 1863 ad
1920 1826 2003 1863 re-

2107 1810 2396 1879 scoporum
2421 1810 2489 1847 ex
2519 1802 2702 1849 mente
2721 1792 2947 1858 Christi,
2963 1792 3030 1847 de
3055 1792 3223 1862 gradu
3246 1806 3277 1844 a
3309 1788 3694 1859 presbyteratu

421 1898 646 1968 gendum
673 1899 1005 1968 idoneorum,
1036 1918 1167 1972 quos
1213 1902 1499 1957 invitemus
1535 1903 1606 1957 ad
1629 1901 2003 1971 praefecturam

422 1992 765 2047 ecclesiarum
798 1996 1203 2063 capessendam.
1260 1996 1393 2051 Dein
1427 1997 1715 2062 observat,
1748 2013 1845 2068 per
1872 1996 2003 2052 illud

427 2082 681 2154 σύστημα
710 2086 768 2139 ὲν
806 2086 1012 2161 ἑκάστῃ
1046 2086 1198 2141 πόλει
1229 2088 1449 2143 κτισθὲν
1481 2088 1625 2161 λόγῳ
1654 2089 1790 2143 Θεοῦ
1824 2090 2001 2161 palam

422 2190 545 2230 esse
590 2191 717 2232 eum
766 2178 1067 2252 intelligere
1109 2182 1507 2255 presbyterium
1555 2182 1824 2254 cujusque
1861 2183 1999 2238 civi-

426 2269 552 2324 tatis
600 2285 631 2324 a
685 2269 796 2349 Deo
838 2288 936 2343 per
984 2275 1265 2344 apostolos
1311 2275 1646 2330 institutum.
1700 2278 1818 2331 imo
1870 2291 2001 2331 vero

423 2356 604 2427 palam
639 2369 723 2413 est
752 2361 868 2416 haec
899 2363 1083 2418 omnia
1115 2379 1237 2419 esse
1266 2349 1538 2432 contorta,
1561 2376 1616 2421 et
1644 2367 1845 2422 misere
1876 2382 2004 2422 coa-

423 2457 510 2502 cta
537 2466 550 2505 :
594 2465 702 2504 non
735 2454 881 2506 enim
915 2453 1237 2524 simpliciter
1267 2454 1519 2527 σύστημα
1543 2457 1682 2511 dixit
1716 2456 2005 2529 Origenes,

424 2554 533 2593 non
554 2539 831 2612 collegium
858 2542 1125 2598 hominum
1152 2547 1259 2600 vita
1284 2557 1639 2616 spectatorum
1667 2558 1716 2603 et
1736 2548 2002 2616 doctrina,

423 2645 456 2681 a
489 2645 592 2700 quo
616 2632 844 2703 singultu
881 2635 1115 2690 ecclesia:
1143 2636 1598 2708 gubernabantur,
1632 2650 1691 2694 ut
1720 2640 1845 2695 inde
1876 2656 2004 2711 pre-

424 2721 725 2794 sbyterium
761 2734 1020 2793 eruatur;
1056 2728 1151 2783 sed
1184 2728 1435 2801 σύστημα
1469 2731 1745 2804 πατρίδος,
1790 2742 1845 2788 et
1877 2735 2004 2804 qui-

423 2814 546 2869 dem
576 2815 724 2884 ᾶλλο,
756 2817 811 2872 id
840 2827 926 2874 est
965 2822 1272 2892 συστήματι
1304 2824 1565 2895 πατρίδος
1597 2825 1739 2895 apud
1776 2827 2004 2896 gentiles

426 2904 483 2958 in
512 2907 702 2961 eadem
749 2908 972 2964 civitate
1021 2912 1362 2981 Oppositum.
1407 2915 1714 2987 Προτρέπει
1758 2917 1804 2970 δ’
1836 2918 1987 2989 ἡμᾶς

424 2996 634 3061 Κέλσος
676 3000 771 3053 καὶ
820 3000 913 3053 ἐπὶ
941 2999 1002 3054 rb
1051 3001 1240 3075 ἄρχειν
1287 3003 1390 3075 τῆς
1439 3007 1719 3079 πατρίδος.
1752 3006 1892 3074 Quin
1933 3009 2005 3063 ad

425 3085 771 3155 magistratus
802 3088 858 3141 in
890 3091 1073 3159 patria
1097 3093 1351 3162 gerendas
1378 3093 1626 3150 hortatur
1658 3114 1752 3152 nos
1781 3096 1964 3154 Celsus
1983 3115 2003 3154 :

424 3179 721 3247 respondet
772 3178 1077 3253 Origenes,
1144 3184 1492 3243 Christianos
1550 3190 1702 3244 aliud
1771 3202 2002 3262 systema

422 3272 617 3340 patria
645 3288 964 3344 agnoscere,
994 3285 1050 3331 et
1082 3277 1136 3331 in
1189 3278 1284 3334 illo
1327 3288 1620 3352 system'ate
1647 3284 2002 3356 magistratus

424 3377 646 3432 creare;
700 3365 861 3436 plane
908 3376 971 3423 ut
1030 3369 1161 3425 alibi
1194 3372 1442 3443 loquitur
1479 3375 1547 3430 de
1590 3374 1850 3434 Ecclesiis
1882 3376 2000 3446 Dei,

425 3466 481 3512 ct
509 3457 763 3515 ecclesiis
803 3461 993 3532 populi
1031 3462 1090 3517 in
1144 3464 1335 3520 eadem
1365 3454 1584 3523 civitate
1610 3509 1626 3534 ,
1679 3469 1747 3525 de
1783 3486 1893 3541 qua
1942 3487 2004 3526 re

426 3564 616 3620 supra.
650 3548 958 3609 Salmasius
1009 3554 1220 3610 nullam
1255 3559 1586 3614 mentionem
1621 3559 1751 3615 facit
1778 3560 2001 3631 patriae,

425 3643 521 3698 sed
551 3642 824 3702 convertit
853 3646 908 3700 in
939 3658 1179 3719 systema
1210 3651 1603 3708 virorum'vita
1630 3664 1999 3724 spectatorum

425 3743 481 3791 et
511 3735 793 3805 doctrina,
818 3738 980 3809 plane
1009 3749 1199 3795 contra
1235 3742 1769 3817 mentem'Origenis,
1801 3756 1856 3801 et
1882 3763 2005 3801 ver—

426 3828 624 3884 borum
663 3833 1154 3889 constructionem.
1201 3834 1282 3890 Tu
1344 3837 1418 3892 ita
1469 3849 1650 3895 vertas
1683 3858 1696 3895 :
1732 3839 1849 3895 Nos
1884 3857 2003 3895 vero

426 3921 485 3974 in
506 3937 819 3993 unaquaque
850 3926 1059 3982 civitate
1088 3930 1236 3984 aliud
1267 3940 1500 4001 systema
1541 3933 1655 3987 sive
1683 3946 1875 3987 ccetum
1903 3950 2003 4002 pa-

428 4013 549 4067 tria:
582 4014 733 4068 verba
763 4015 861 4071 Dei
889 4020 1191 4074 institutum
1221 4035 1604 4094 cognoscentes,
1633 4035 1865 4093 potentes
1893 4043 2007 4080 ser-

428 4121 578 4160 mone
601 4116 651 4161 et
703 4109 812 4164 vita
867 4128 1003 4166 sana
1034 4123 1237 4170 utentes
1286 4116 1356 4169 ad
1409 4118 1784 4187 prarfecturam
1834 4119 2004 4173 eccle-

426 4199 632 4253 siarum
665 4200 1035 4258 adltortamur.
1072 4204 1233 4261 Prius
1262 4208 1481 4276 quidem
1509 4210 1698 4282 ἄρχειν
1727 4226 1851 4267 cum
1882 4227 2004 4266 ma-

427 4289 624 4347 nifeste
681 4294 981 4366 παρέλκοι,
1040 4296 1095 4351 in
1149 4297 1600 4369 interpretatione
1666 4303 1852 4358 omisi.
1913 4302 2006 4359 Sic

427 4394 611 4440 autem
646 4387 833 4441 omnia
867 4388 1014 4443 clara
1049 4398 1199 4456 sunt,
1234 4400 1289 4446 et
1311 4407 1404 4462 per
1436 4393 1568 4449 illud
1599 4393 1728 4448 ἄλλο
1752 4396 2006 4467 σύστημα

426 4478 684 4551 πατρίδος
727 4480 865 4535 nihil
896 4481 1042 4536 aliud
1084 4483 1311 4554 intelligi
1362 4494 1574 4555 potest,
1619 4502 1785 4558 quam
1822 4497 2004 4543 coetus
2033 4483 2079 4538 D

426 4570 686 4655 Ecclesiae
751 4574 1037 4645 gentilium
1093 4578 1329 4632 coetibus
1379 4581 1686 4649 oppositus.
1741 4582 1900 4648 Quod
1952 4590 2009 4637 et

426 4666 594 4721 verba
623 4681 747 4736 quae
777 4682 907 4722 mox
935 4681 1244 4739 sequuntur
1269 4670 1559 4726 manifeste
1590 4674 1829 4741 probant
1855 4690 1867 4727 :
1898 4673 2011 4727 Καὶ

426 4759 479 4811 εἰ
504 4758 762 4830 ἄρχουσιν
792 4761 843 4814 οἱ
870 4759 1053 4824 καλῶς
1083 4761 1343 4833 ἄρχοντες
1374 4763 1432 4816 ὲν
1455 4766 1522 4835 τῇ
1563 4764 1857 4836 Ἐκκλησία
1903 4764 2009 4818 ὑπὸ

428 4851 531 4921 τῆς
563 4850 704 4905 κατὰ
745 4851 876 4906 Θεὸν
921 4853 1200 4925 πατρίδος,
1244 4854 1388 4924 λέγω
1419 4856 1476 4909 δὲ
1498 4895 1513 4920 ,
1545 4856 1646 4926 τῆς
1688 4855 2010 4927 Ἑκκλησίας

429 4939 806 5011 ἐκλεγόμενοι·
831 4940 1061 5013 ἄρχουσι
1106 4942 1250 4996 κατὰ
1276 4944 1345 4998 τὰ
1391 4945 1496 4998 ὑπὸ
1522 4943 1616 4998 τοῦ
1653 4944 1788 5007 θεοῦ
1815 4961 2011 5017 προτε-

427 5027 699 5100 ταγμένα.
728 5029 804 5083 Ac
832 5031 900 5097 si,
917 5031 1009 5101 qui
1032 5031 1157 5087 bene
1186 5043 1423 5089 orwsunt
1470 5032 1743 5100 Ecclesia,
1773 5052 1806 5088 a
1830 5036 2010 5104 patria

427 5121 718 5175 secundum
751 5121 957 5193 Deum,
994 5124 1090 5180 hoc
1116 5136 1195 5182 est
1246 5126 1512 5196 Ecclesia,
1555 5128 1707 5183 electi
1750 5129 2005 5199 praesint,

420 5212 582 5282 juxta
605 5218 921 5287 prwscripta
935 5218 1274 5291 Dei'regunt.
1305 5222 1563 5293 Idemque
1595 5223 1835 5277 maxime
1871 5239 2007 5279 con-

431 5307 653 5362 firmant
696 5326 819 5380 qua:
869 5327 937 5367 ex
987 5314 1180 5369 eodem
1215 5313 1389 5386 Opere
1448 5314 1649 5371 Contra
1693 5316 1907 5372 Celsum
1940 5317 2010 5373 de

415 5399 665 5454 Ecclesia
705 5403 835 5471 Dei,
869 5413 925 5459 et
960 5406 1194 5463 ecclesia
1241 5407 1423 5478 populi
1473 5407 1530 5462 in
1562 5409 1755 5464 eadem
1791 5408 2010 5464 civitate

431 5496 562 5543 ante
591 5490 943 5552 adduximus.

504 5578 584 5635 Ex
619 5582 706 5640 his
734 5590 1083 5660 perspicuum
1113 5602 1199 5649 est
1218 5593 1554 5652 Clementem
1575 5595 2009 5653 Alexandrinum

433 5683 500 5722 ex
539 5669 740 5731 Schola
794 5677 1072 5751 Pantaeni,
1102 5695 1231 5741 ante
1276 5685 1614 5744 Demetrium
1666 5689 2009 5762 episcopum,

438 5762 786 5835 episcopatus
838 5774 1064 5841 gradum
1113 5779 1491 5850 presbyteratu
1549 5782 1888 5853 superiorem
1940 5784 2009 5839 ab

2103 1868 2395 1957 distincto,
2444 1888 2650 1957 illoque
2699 1886 3102 1951 eminentiore,
3150 1883 3328 1953 deque
3375 1880 3694 1937 obedientia

2105 1979 2240 2049 ipsis
2295 1989 2558 2049 tanquam
2608 1976 2868 2041 Patribus
2922 1994 2951 2032 a
2994 1977 3217 2032 Christo
3262 1973 3580 2029 constitutis
3622 1973 3695 2026 ab

2105 2071 2360 2127 omnibus
2404 2072 2809 2142 prmslanda,'a
2843 2070 2901 2127 S.
2958 2072 3167 2142 lgnalio
3207 2069 3277 2124 ad
3317 2067 3694 2139 quorumdam

2105 2161 2390 2218 hominum
2434 2164 2715 2233 fastidium
2748 2176 2911 2235 usque
2943 2165 3164 2233 repetita
3206 2173 3257 2216 et
3298 2160 3595 2224 inculcata,
3635 2159 3693 2212 in

2104 2254 2475 2309 Alexandrina
2528 2254 2771 2310 Ecclesia
2830 2254 2931 2309 fuit
2963 2254 3372 2324 receptissima,
3403 2254 3458 2306 in
3500 2253 3701 2308 schola

2104 2346 2441 2402 catechetica
2469 2346 2671 2400 eximia
2706 2346 2928 2416 quidem
2975 2346 3064 2400 illa
3098 2355 3151 2400 et
3196 2345 3438 2399 maxime
3475 2359 3695 2397 memo-

2104 2437 2266 2491 rabili
2293 2437 2363 2492 ab
2396 2437 2554 2493 initio
2584 2440 2898 2509 proposita,
2949 2455 2978 2493 a
3010 2439 3289 2494 Clemente
3322 2439 3577 2506 parcius,
3622 2440 3699 2493 ab

2104 2530 2344 2604 Origene
2377 2532 2443 2588 ad
2474 2533 2795 2589 eorumdem
2827 2535 3111 2588 hominum
3152 2533 3382 2588 fortasse
3404 2532 3694 2586 fastidium

2109 2626 2337 2694 repetita
2391 2635 2447 2681 et
2498 2626 2803 2692 inculcata;
2860 2626 3036 2680 forma
3076 2626 3240 2680 etiam
3291 2625 3576 2696 regiminis
3626 2628 3697 2678 ab

2106 2716 2315 2788 lgnalio
2365 2718 2420 2772 in
2468 2717 2729 2774 Asiaticis
2767 2718 3018 2774 ecclesiis
3065 2720 3226 2774 toties
3260 2718 3552 2772 decantata
3589 2718 3699 2771 fuit

2105 2808 2366 2864 omnibus
2422 2812 2672 2866 numeris
2719 2811 3064 2866 Alexandriae
3109 2819 3497 2881 repraesentata
3577 2810 3696 2863 imo

2106 2914 2217 2953 non
2262 2908 2474 2957 tantum
2517 2902 2798 2975 lgnatiana
2831 2901 3093 2958 Ecclesia:
3122 2902 3298 2958 forma
3329 2903 3399 2956 ah
3429 2900 3697 2971 Origene,

2105 2991 2468 3048 celeberrimo
2526 2994 3025 3051 Alexandrinorum
3104 2994 3410 3065 magistro.
3484 2996 3696 3062 ubique

2115 3090 2375 3153 tmquam
2397 3089 2767 3146 vetustissima
2791 3096 2845 3143 et
2868 3102 2898 3142 a
2926 3088 3143 3157 proavis
3191 3087 3420 3145 deducta
3446 3088 3703 3142 celebra-

2108 3182 2233 3241 tur;
2282 3178 2375 3231 sed
2405 3187 2459 3231 et
2496 3176 2689 3248 Ignatit
2722 3179 2969 3248 epistolae
3001 3179 3073 3232 ab
3112 3177 3233 3247 ipso
3256 3192 3516 3246 expresse
3560 3188 3695 3232 sunt

2103 3268 2303 3333 citata,
2330 3277 2390 3322 ut
2415 3269 2524 3324 late
2547 3269 2912 3326 ostendimus.
2942 3269 3086 3325 Fieri
3122 3270 3309 3340 itaque
3338 3284 3449 3322 non
3483 3278 3694 3337 potest,

2104 3368 2163 3412 ut
2196 3370 2582 3429 argumentum
2619 3362 2843 3432 aliquod
2884 3362 3183 3428 formetur,
3216 3361 3364 3431 quod
3414 3360 3695 3432 lgnatinm

2101 3454 2449 3521 epistolicum
2497 3454 2885 3511 Alexandrinis
2924 3454 3265 3525 incognitum
3310 3452 3483 3508 fuisse
3514 3468 3696 3523 usque

2103 3544 2172 3598 ad
2199 3544 2422 3602 Eusebii
2445 3556 2693 3617 tempora
2723 3546 3083 3602 demonstret.

2182 3666 2289 3721 Sed
2319 3666 2375 3719 id
2413 3666 2545 3720 satis
2578 3674 2824 3733 constat,
2870 3647 3164 3735 inquitvir
3196 3664 3559 3720 doctissimus
3584 3703 3600 3725 ,
3630 3679 3697 3717 ex

2103 3760 2337 3831 quadam
2387 3757 2653 3828 singulari
2698 3756 2845 3811 illius
2901 3755 3157 3811 Ecclesia:
3203 3755 3492 3808 traditione
3533 3753 3699 3822 plane

2104 3853 2418 3924 penitusque
2452 3850 2808 3916 aduersante;
2844 3847 3462 3919 camque‘traditionem
3503 3856 3696 3916 postea

2106 3959 2267 4000 usum
2292 3951 2471 3999 vocat.
2517 3941 2717 3997 Mirum
2746 3942 2965 4013 quidem
3000 3941 3045 3996 si
3086 3936 3292 4010 'aliQuis
3326 3955 3460 3994 usus
3485 3980 3501 4002 ,
3537 3938 3698 4007 isque

2105 4034 2437 4108 peculiaris,
2499 4034 2906 4090 demonstraret
2949 4033 3137 4088 omnia
3184 4049 3308 4102 quae
3358 4034 3427 4087 ab
3480 4030 3703 4103 lgnalio

2107 4129 2310 4198 scripta
2354 4128 2747 4199 perhibentur.
2803 4126 2976 4182 fuisse
3017 4124 3126 4180 illis
3152 4126 3411 4181 omnibus
3464 4140 3701 4194 prorsus

2105 4221 2412 4290 incognita,
2446 4220 2589 4291 apud
2619 4236 2760 4289 quos
2794 4236 2928 4274 usus
2958 4219 3048 4273 ille
3083 4218 3222 4273 forte
3246 4218 3512 4272 ‘ohtinnit.
3540 4216 3693 4282 Quid

2104 4314 2237 4367 mihi
2255 4313 2459 4383 profers
2491 4315 2647 4367 unius
2672 4311 2819 4366 urbis
2847 4310 3280 4366 consuetudinem
3298 4311 3324 4365 .’
3347 4311 3531 4366 aiebat
3558 4311 3697 4364 olim

2105 4402 2475 4477 Hieronymus
2510 4423 2523 4458 :
2555 4405 2853 4474 pmescrtim
2891 4404 2937 4458 si
2984 4404 3291 4474 cogitemus
3331 4403 3699 4456 consuetudi-

2110 4511 2262 4561 nem,
2303 4495 2420 4551 sive
2466 4509 2624 4549 usum
2640 4495 2794 4549 illum
2811 4507 2883 4547 ex
2907 4506 3097 4546 toruan
3120 4494 3390 4548 sententia
3421 4493 3517 4562 qui
3564 4509 3699 4547 eum

2109 4586 2474 4648 tradiderunt,
2519 4585 2611 4639 diu
2662 4595 2789 4639 ante
2835 4584 3136 4656 lgnatinm,
3178 4583 3249 4638 ab
3294 4584 3411 4654 ipsa
3456 4585 3701 4638 Alexan-

2109 4678 2283 4733 drinae
2321 4676 2579 4732 Ecclesiae
2632 4675 2956 4731 fundatione
3006 4686 3371 4746 usurpatum,
3410 4692 3579 4745 quam
3629 4676 3701 4730 ad

2108 4768 2496 4839 evangelistam
2548 4768 3005 4835 celeberrimum,
3047 4777 3103 4823 et
3243 4766 3390 4821 Petri
3433 4768 3699 4821 comitem

2109 4860 2441 4915 referebant.
2502 4858 2765 4915 Poterant
2820 4876 2954 4916 sane
3000 4860 3359 4915 Alexandrini
3402 4869 3458 4915 et
3500 4862 3703 4930 ignatii

2110 4953 2314 5023 scripta
2345 4952 2609 5022 recipere,
2631 4960 2687 5006 et
2720 4954 3052 5022 peculiarem
3084 4952 3324 5023 aliquem
3357 4968 3519 5008 usum
3550 4954 3699 5022 apud

2111 5046 2263 5116 ipsos
2296 5047 2365 5100 ab
2417 5046 2574 5100 initio
2606 5046 2968 5112 obtinentem,
2993 5046 3123 5101 licet
3168 5046 3276 5102 illis
3321 5044 3463 5101 forte
3503 5047 3704 5101 advero

2110 5148 2348 5203 santem,
2382 5140 2639 5194 retinere.
2666 5137 2833 5209 quue
2856 5139 3038 5193 facere
3061 5154 3156 5193 eos
3184 5138 3428 5193 voluisse
3456 5139 3545 5193 vel
3577 5139 3706 5194 inde

2111 5230 2372 5288 credibile
2418 5240 2525 5297 est,
2576 5232 2723 5301 quod
2787 5246 2925 5286 usus
2972 5232 3061 5285 ille
3107 5230 3400 5301 peculiaris
3448 5230 3702 5294 dicitur,

2112 5323 2360 5394 adeoque
2389 5325 2620 5379 aliarum
2643 5324 2890 5379 omnium
2923 5324 3283 5379 ecclesiarum
3308 5326 3705 5379 consuetudini

2114 5415 2436 5470 adversans.
2475 5413 2659 5482 Quare
2706 5415 2855 5470 enim
2907 5431 2976 5470 ex
3032 5416 3148 5471 sola
3177 5415 3373 5487 lgnatii
3424 5416 3706 5473 sententia

2114 5507 2218 5562 sibi
2254 5506 2553 5577 patefacta,
2597 5522 2725 5563 eum
2772 5507 3186 5577 relinquerent,
3233 5523 3396 5578 quem
3432 5508 3707 5565 adversus

2112 5599 2463 5655 traditionem
2523 5599 2785 5668 omnium
2816 5599 3175 5655 ecclesiarum
3232 5600 3506 5656 hactenus
3566 5600 3705 5656 reti—

2114 5692 2386 5747 nuerant?
2407 5692 2517 5746 Aut
2550 5693 2597 5748 si
2629 5694 2710 5747 vis
2747 5700 2897 5748 tanta
2930 5692 3243 5748 auctoritati
3265 5692 3566 5762 lgnatiana:
3606 5692 3707 5747 tri-

2116 5784 2330 5840 buenda
2365 5796 2485 5840 esse
2511 5784 2781 5855 rideatur,
2818 5784 2990 5840 multo
3025 5782 3233 5840 rectius
3262 5797 3330 5839 ex
3362 5798 3469 5839 usu
3498 5782 3618 5843 tali.
3655 5783 3705 5838 si
