3834 6206
193 361 303 413 225

936 355 988 410 J.
1021 349 1388 407 PEARSONII
1428 347 1755 405 VINDICIIE
1793 348 2219 405 ΙΟΝΑΊΊΑΙὯΕ.
2249 380 2318 393 -
2353 349 2535 405 PARS
2568 349 2609 406 l.

3357 353 3466 407 9‘26

193 478 326 547 quis
365 491 601 546 unquam
628 473 752 541 fuit,
777 473 1030 531 concludi
1067 472 1287 543 poterit,
1318 469 1587 540 lgnatium
1619 469 1772 523 illum
1804 475 1851 531 Α
1878 469 2202 541 Dionysium
2229 471 2285 526 in
2316 486 2459 525 more
2488 470 2584 525 illo
2614 472 2981 542 comprehendi
3015 472 3178 527 voluit
3201 471 3470 545 Hieronyo

199 569 543 645 cpistolicum
570 565 957 621 Alexandrinis
982 565 1153 619 fuisse
1184 565 1486 634 cognitum,
1520 563 1647 633 quia
1672 579 1782 616 non

198 662 292 718 diu
332 671 626 732 postquam
656 659 903 730 epistola:
937 658 1003 712 iis
1038 657 1294 711 videntur
1332 655 1622 724 evnlgatm,
1649 668 1784 707 usus

200 753 290 808 ille
320 754 545 817 eviluit,
594 751 708 806 imo
752 750 1005 816 evanuit;
1040 764 1166 801 nam
1192 789 1208 812 ,
1243 753 1382 802 teste
1424 744 1783 816 Hieronymo,

198 845 417 900 duravit
470 842 851 898 tantummodo
887 841 954 894 ad
998 839 1309 897 Heraclam.
1344 839 1461 907 qui,
1497 837 1620 891 vivo
1656 836 1781 891 Ori-

200 953 337 1008 gene
363 946 418 990 et
447 937 722 991 scribente
742 975 758 996 ,
807 934 987 1004 primo
1018 936 1160 1001 apud
1194 931 1599 985 Alexandrinos
1630 928 1788 1000 lgna-

200 1031 478 1081 tianorum
507 1036 667 1090 teste,
689 1026 867 1080 factus
892 1033 976 1079 est
1005 1023 1321 1092 episcopus,
1352 1031 1405 1075 et
1431 1020 1781 1092 Dionysium,

198 1121 295 1190 qui
323 1117 547 1190 Origeni
578 1120 817 1172 maxime
855 1116 1092 1171 favebat.

276 1212 383 1267 Sed
411 1213 696 1266 videamus
719 1210 937 1264 tandem
962 1209 1141 1279 qualis
1160 1208 1250 1262 ille
1282 1222 1414 1261 usus
1439 1204 1624 1267 fuerit,
1650 1220 1789 1274 quo-

199 1307 370 1359 modo
403 1306 615 1377 lgnatio
649 1304 988 1370 adversans;
1014 1304 1161 1372 quali
1198 1302 1591 1370 consequentia
1626 1301 1787 1369 lgna-

198 1400 482 1450 tianorum
531 1396 806 1464 ignoratio
837 1394 961 1447 inde
993 1403 1286 1463 sequatur,
1314 1401 1369 1445 et
1400 1391 1529 1459 quid
1576 1390 1665 1443 illa
1719 1390 1788 1443 ad

196 1490 459 1560 generale
478 1489 756 1544 silentium
777 1497 901 1542 ante
915 1484 1210 1541 Eusebium
1228 1485 1412 1549 faciat,
1431 1484 1516 1538 cui
1538 1470 1790 1535 innititur

197 1598 415 1649 negans
438 1588 845 1650 argumentum.
870 1576 1017 1633 Usus
1042 1576 1133 1630 ille
1163 1576 1459 1647 peculiaris
1483 1574 1787 1629 secundum

196 1672 603 1742 Hieronymum
649 1670 811 1740 epist.
861 1669 961 1735 85,
1015 1668 1105 1723 ubi
1137 1677 1327 1724 contra
1369 1684 1464 1722 eos
1513 1666 1787 1735 disputat,

192 1765 299 1834 qui
352 1764 618 1818 diaconos
666 1760 998 1833 presbyteris
1053 1756 1468 1824 anteferebant,
1520 1756 1608 1811 hic
1655 1764 1785 1811 est:

1886 578 2034 627 mus,
2087 561 2268 631 inquit
2321 563 2445 631 ille;
2484 564 2715 619 ultimus
2760 565 2928 635 igitur
2975 565 3279 621 secundum
3339 580 3466 620 eum

1887 668 2105 708 morem
2131 654 2311 709 tactus
2344 663 2430 709 est
2462 656 2754 726 episcopus
2784 656 3117 720 Demetrius,
3139 672 3285 712 anno
3312 657 3473 713 Com-

1889 745 2036 800 modi
2093 745 2179 808 ιο,
2231 744 2449 801 Domini
2495 747 2619 802 190.
2678 747 2949 814 Quocirca
2998 748 3363 820 Hieronymus
3413 756 3470 803 et

1888 836 2191 908 Eutychius
2237 854 2347 893 non
2388 840 2578 895 leviter
2622 841 2690 896 de
2726 852 2970 911 tempore
3015 842 3327 911 discrepare
3378 842 3465 897 di-

1890 929 2046 984 cendi
2078 939 2225 987 sunt.
2258 930 2446 1001 Itaque
2479 943 2536 987 ut
2572 934 2713 989 hanc
2758 934 2995 989 duorum
3027 936 3249 990 testium
3288 935 3469 991 disso-

1890 1022 2137 1074 nantiam
2186 1023 2431 1088 tolleret,
2465 1025 2660 1080 miram
2696 1025 3107 1080 distinctionem
3136 1026 3470 1097 excogitavit

1894 1112 2182 1176 Seldenus.
2216 1124 2429 1171 etcum
2475 1127 2706 1186 uterque
2755 1118 2823 1172 de
2857 1118 3034 1183 iacto,
3087 1118 3204 1174 sive
3243 1121 3311 1174 de
3364 1135 3468 1175 usu

1892 1207 2272 1262 tantummodo
2304 1208 2582 1278 loquatur,
2612 1219 2666 1264 et
2697 1211 2955 1266 historice
3003 1226 3118 1266 rem
3153 1211 3296 1266 nudc
3340 1228 3466 1267 nar-

1891 1309 1996 1367 rat,
2035 1301 2183 1355 Alter
2212 1301 2277 1356 de
2313 1301 2490 1371 facto,
2537 1302 2745 1371 inquit,
2785 1302 3021 1372 loquitur
3051 1304 3208 1357 simul
3247 1320 3310 1356 ac
3345 1304 3470 1372 jure

1890 1392 1994 1445 loci
2035 1394 2300 1463 simplici,
2355 1405 2635 1464 antequam
2657 1393 2769 1447 ulla
2804 1396 3015 1448 omnino
3046 1412 3175 1450 usus
3209 1406 3301 1450 aut
3338 1397 3472 1467 facti

1891 1486 2119 1539 mutatio
2144 1484 2220 1539 ibi
2263 1484 2721 1551 introduceretur;
2748 1486 2885 1540 alter
2910 1486 2973 1541 de
2990 1488 3116 1557 jure
3162 1490 3392 1557 simplici
3418 1500 3471 1545 et

1891 1577 2128 1630 instituti
2167 1577 2481 1633 mutatione.
2537 1576 2582 1632 0
2633 1577 2951 1646 praeclaram
3000 1587 3166 1648 atque
3214 1581 3469 1635 subtilem

1892 1669 2324 1735 distinctionem,
2358 1678 2413 1724 et
2460 1670 2677 1739 qualem
2732 1668 2971 1725 fortasse
3022 1670 3255 1728 diversis
3300 1670 3474 1728 Justi-

1894 1761 2235 1830 nianeijuris
2268 1761 2543 1830 periochis
2579 1762 2838 1831 adaptare
2880 1763 3125 1832 poteris:
3170 1763 3257 1819 his
3286 1773 3470 1819 autem

194 1855 355 1909 Nam
408 1865 458 1910 et
486 1841 826 1909 Alexandria:
858 1872 889 1907 a
931 1852 1119 1906 Marco
1145 1851 1498 1921 evangelista,
1525 1866 1686 1921 usque
1720 1848 1789 1902 ad
1823 1824 1865 1878 Β
1896 1853 2174 1907 historicis
2203 1854 2630 1908 narratiunculis
2661 1824 2941 1924 nunquam
2968 1855 3240 1925 quadrare
3283 1865 3473 1912 osten-

196 1948 500 2003 Heraclam
527 1958 577 2001 et
610 1946 929 2015 Dionysium
959 1945 1249 2013 episcopos,
1279 1942 1569 2012 presbyteri
1595 1955 1792 2008 semper

194 2059 368 2095 unum
399 2056 465 2095 ea:
510 2058 566 2094 se
604 2039 828 2094 electum
860 2039 913 2091 in
942 2036 1221 2092 excelsiori
1262 2036 1434 2107 gradu
1474 2033 1791 2087 collocatum

188 2136 508 2203 episcopum
553 2130 939 2194 nominabant;
965 2129 1225 2199 quomodo
1249 2129 1297 2180 si
1331 2127 1596 2181 exercitus
1626 2125 1795 2194 impe-

192 2236 440 2279 ratorem
468 2225 657 2294 faciat,
692 2232 785 2276 aut
814 2223 1025 2276 diaconi
1057 2222 1255 2292 eligant
1276 2219 1340 2273 de
1372 2236 1445 2285 se,
1462 2234 1612 2289 quem
1635 2217 1794 2270 indu-

190 2319 399 2372 strium
433 2318 693 2379 noverint,
713 2324 761 2369 et
800 2332 880 2368 art
897 2316 1235 2368 hidiaconum
1258 2322 1457 2367 vocent.
1478 2309 1790 2365 Secundum

192 2420 387 2463 autem
420 2407 748 2479 Eutychium
791 2405 1109 2477 huiusmodi
1153 2413 1273 2459 est:
1309 2404 1603 2459 Constituit
1635 2418 1794 2456 evan-

192 2502 399 2572 gelista
433 2499 649 2553 Marcus
679 2516 788 2553 una
828 2514 947 2551 cum
977 2497 1189 2551 Anania
1238 2496 1549 2565 patriarcha
1595 2493 1795 2548 duode-

195 2595 307 2647 cim
336 2592 689 2664 presbyteros,
709 2592 799 2661 qui
830 2607 1011 2659 nempe
1034 2606 1151 2643 cum
1167 2589 1474 2659 patriarcha
1498 2596 1791 2652 manerent,

195 2689 338 2739 adeo
377 2695 439 2739 ut
473 2702 591 2739 cum
621 2693 830 2739 vacaret
859 2683 1280 2753 patriarchatus,
1306 2698 1469 2735 unum
1499 2698 1527 2735 e
1558 2680 1626 2735 i2
1677 2696 1795 2745 pre-

195 2778 435 2847 sbyteris
456 2776 725 2846 eligerent,
751 2774 902 2843 cujus
932 2775 1092 2842 capiti
1127 2772 1316 2843 reliqui
1337 2772 1577 2826 undecim
1606 2787 1792 2825 manus

194 2870 537 2936 imponentes
581 2868 685 2936 ipsi
718 2864 1112 2930 benedicerent,
1153 2875 1204 2919 et
1242 2867 1603 2934 patriarcham
1646 2881 1789 2918 crea-

194 2970 347 3021 rent,
382 2960 576 3013 deinde
603 2961 773 3012 virum
800 2958 1030 3027 aliquem
1062 2959 1317 3026 insignem
1344 2956 1616 3027 eligerent,
1642 2971 1796 3027 quem

192 3070 381 3107 secum
418 3051 783 3122 presbyterum
811 3051 1209 3113 constituerent,
1227 3048 1341 3101 loco
1370 3049 1482 3117 ejus
1511 3050 1599 3118 qui
1622 3046 1795 3117 factus

190 3155 279 3200 est
323 3146 670 3214 patriarcha,
715 3153 773 3198 ut
809 3145 891 3197 ita
941 3159 1142 3213 semper
1184 3151 1451 3197 exstarent
1493 3141 1790 3195 duodecim.
1820 3173 1866 3233 ο

194 3236 395 3308 Neque
416 3237 574 3291 desiit
604 3234 947 3290 Alexandria?
972 3237 1277 3290 institutum
1304 3239 1400 3287 hoc
1422 3235 1485 3287 de
1524 3233 1794 3303 presbyte-

192 3330 302 3394 ris,
353 3337 417 3381 ut
466 3327 669 3381 scilicet
711 3327 1047 3395 patriarchas
1096 3333 1332 3379 crearent
1372 3339 1438 3378 ea:
1475 3325 1795 3394 presbyteris

191 3421 299 3487 12,
324 3437 497 3490 usque
529 3418 598 3472 ad
631 3428 868 3488 tempora
892 3418 1185 3472 Alexandri
1210 3416 1531 3488 patriarcha:
1557 3416 1761 3471 Alcman
1780 3446 1794 3457 -

187 3514 384 3577 drini,
419 3512 515 3582 qui
544 3512 649 3581 fuit
705 3525 769 3564 ea:
813 3527 1031 3564 numero
1071 3510 1167 3564 illo
1208 3524 1464 3564 cccxvm.
1516 3508 1629 3564 Hos
1681 3513 1796 3563 vult

189 3606 442 3661 Dalkeus
488 3606 545 3659 in
571 3603 896 3685 summarei
928 3604 1260 3668 consentire,
1292 3604 1358 3658 de
1383 3612 1627 3673 tempore
1660 3601 1792 3655 levi-

191 3710 282 3755 ter
310 3700 655 3769 discrepare.
702 3697 858 3764 Quod
900 3699 1040 3753 enim
1067 3700 1396 3759 institutum,
1435 3696 1633 3767 inquit,
1668 3694 1796 3749 Ilie-

190 3808 460 3863 ronymus
502 3792 575 3845 ad
596 3791 943 3861 Dionysium,
968 3793 1004 3846 i.
1036 3806 1086 3846 e.
1117 3794 1184 3845 ad
1244 3802 1297 3845 a.
1330 3790 1543 3856 D.,264,
1575 3790 1795 3843 durasse

187 3885 354 3950 dicit,
399 3887 458 3939 id
492 3883 788 3955 Eutychius
835 3882 905 3937 ad
932 3883 1316 3948 Alexandrum,
1348 3884 1387 3937 i.
1422 3899 1473 3936 e.
1506 3882 1575 3936 ad
1639 3897 1696 3936 a.
1727 3881 1793 3938 D.

189 3979 424 4034 circiter
455 3978 597 4041 308,
630 3993 986 4046 perseverasse
1012 3976 1141 4031 vult.

270 4071 482 4127 Verum
532 4071 669 4125 mihi
713 4086 829 4125 non
871 4071 1008 4126 adeo
1055 4070 1190 4125 levis
1230 4068 1594 4137 discrepantia
1645 4067 1795 4122 vide-

192 4173 286 4218 tur
314 4181 329 4218 :
358 4178 489 4217 cum
522 4163 671 4216 enim
705 4160 1070 4232 Hieronymus
1105 4176 1315 4217 morem
1347 4176 1475 4216 eum
1506 4175 1684 4231 usque
1722 4159 1790 4213 ad

194 4254 495 4310 lleraclam
523 4265 579 4310 et
629 4253 950 4325 Dionysium
992 4254 1225 4309 durasse
1266 4252 1438 4318 dicit,
1489 4262 1583 4307 aut
1626 4252 1793 4306 dura-

194 4348 408 4402 tionem
438 4355 703 4416 tanquam
734 4347 999 4402 incertam
1049 4345 1236 4409 tradit,
1273 4354 1370 4399 aut
1407 4354 1554 4401 certe
1586 4346 1793 4400 indicat

196 4436 494 4492 Heraclam
540 4435 715 4491 fuisse
758 4435 1015 4489 ultimum
1050 4435 1145 4504 qui
1199 4434 1417 4504 priori,
1470 4430 1788 4502 Dionysium

1893 1945 2069 2000 deris!
2108 1944 2353 1999 Priorem
2390 1955 2599 2015 partem
2634 1943 2969 2016 Hieronymo
3014 1949 3293 2018 assignat;
3345 1965 3473 2005 eum

1896 2039 2011 2093 vult
2048 2047 2162 2093 tum
2186 2039 2254 2093 de
2290 2037 2454 2102 iacto,
2486 2048 2599 2092 tum
2635 2038 2703 2092 de
2746 2039 2871 2108 jure
2904 2038 3007 2093 loci
3040 2041 3271 2109 simplici
3298 2041 3474 2096 disse-

1894 2145 2051 2197 rere,
2078 2146 2203 2185 cum
2240 2130 2364 2196 ille,
2398 2130 2546 2183 nulla
2596 2132 2821 2183 omnino
2849 2129 2919 2184 de
2953 2130 3078 2199 jure
3126 2129 3269 2186 facta
3314 2147 3462 2186 meu-

1898 2222 2063 2285 tione,
2094 2221 2162 2276 de
2198 2219 2344 2276 facto
2371 2220 2753 2274 tantummodo
2778 2221 3053 2291 loquatur,
3087 2222 3330 2292 illudque
3363 2232 3474 2278 tam

1896 2314 2135 2369 breviter
2168 2322 2389 2384 tamque
2440 2313 2676 2367 obscure
2732 2313 2943 2375 tradat,
2976 2322 3037 2367 ut
3076 2313 3168 2368 vix
3214 2315 3345 2384 quid
3382 2331 3478 2370 vo-

1896 2406 2060 2460 luerit
2093 2406 2381 2476 intelligas.
2432 2404 2734 2475 Presbyteri
2766 2421 2926 2459 unum
2970 2421 3035 2459 ea:
3070 2422 3125 2461 se
3165 2405 3387 2460 electum
3422 2408 3478 2461 in

1894 2499 2171 2553 ea‘celsiori
2212 2498 2383 2568 gradu
2414 2497 2732 2552 collocatum
2760 2498 3061 2568 episcopum
3092 2498 3476 2563 nominabant;

1896 2605 2006 2659 quo
2027 2591 2171 2659 jure,
2203 2605 2378 2660 quave
2402 2589 2600 2659 injuria
2628 2591 2731 2645 hoc
2761 2588 2964 2644 factum
2989 2591 3082 2653 sit,
3106 2588 3476 2662 Hieronymus

1898 2697 2005 2735 non
2043 2683 2212 2749 dicit;
2266 2683 2377 2736 imo
2428 2681 2560 2751 quid
2594 2681 2743 2736 aliud
2800 2680 3063 2747 fecerint,
3116 2697 3281 2752 quam
3327 2681 3477 2752 quod

1896 2775 2215 2843 episcopum
2261 2774 2636 2837 nominarint,
2690 2789 2800 2829 non
2843 2776 3022 2830 docet.
3072 2773 3202 2829 Vult
3252 2776 3475 2845 quidem

1899 2861 2168 2920 Seldenus
2219 2878 2286 2918 ex
2319 2864 2500 2918 verbis
2550 2861 2869 2935 Hieronymi
2899 2864 3084 2936 colligi
3131 2865 3331 2919 debere
3381 2881 3480 2936 pa-

1898 2955 2193 3010 triarcham
2221 2971 2249 3009 a
2276 2955 2611 3026 presbyteris
2625 2955 2855 3009 electum
2880 2964 2934 3011 et
2949 2957 3263 3011 ordinatum
3283 2957 3479 3025 fuisse,

1898 3062 2022 3101 cum
2068 3044 2434 3119 Hieronymus
2482 3056 2741 3102 neutrum
2792 3047 3006 3102 doceat.
3070 3047 3211 3103 Dicit
3253 3049 3479 3118 quidem

1898 3138 2220 3208 cpisc0pum
2253 3154 2317 3193 ex
2355 3139 2687 3211 presbyteris
2739 3137 3004 3204 electura,
3047 3155 3077 3194 a
3121 3139 3478 3211 presbyteris,

1900 3244 2008 3284 non
2044 3231 2240 3298 docet;
2290 3232 2469 3301 potuit
2518 3242 2700 3289 autem
2744 3248 2813 3288 ex
2861 3232 3194 3303 presbyteris
3240 3231 3310 3286 ab
3358 3233 3482 3288 aliis

1896 3323 2046 3393 eligi,
2074 3323 2159 3377 vel
2189 3338 2222 3377 a
2267 3324 2491 3393 populo,
2527 3324 2611 3378 vel
2648 3324 2716 3378 ab
2747 3324 3026 3394 episcOpis
3061 3323 3220 3390 aliis;
3256 3333 3311 3378 et
3348 3340 3482 3379 sane

1897 3415 2152 3470 videntur
2175 3414 2244 3469 ab
2270 3414 2670 3485 antiquissimis
2698 3416 3036 3485 temporibus
3066 3430 3097 3470 a
3130 3415 3333 3486 popqu
3351 3415 3481 3487 eligi

1895 3505 2242 3561 Alexandria:
2273 3506 2536 3576 episcopi.
2576 3506 2747 3576 quue
2794 3523 2862 3562 ex
2913 3508 3142 3576 antiqua
3175 3519 3479 3563 consuetu-

1895 3599 2024 3653 dine
2066 3599 2135 3654 ab
2170 3598 2480 3669 Epiphanio
2535 3598 2824 3654 observata
2871 3598 3057 3671 colligi
3098 3600 3327 3654 meliore
3354 3601 3481 3670 jure

1895 3697 2117 3759 potest;
2157 3689 2317 3758 cujus
2348 3688 2464 3743 haec
2495 3689 2659 3744 verba
2691 3699 2820 3745 sunt
2857 3689 3053 3745 haeresi
3085 3687 3154 3744 69
3183 3704 3198 3741 :
3235 3687 3396 3751 Ἔθος
3422 3688 3481 3741 δὲ

1895 3784 1953 3836 ὲν
1989 3781 2363 3854 Ἀλεξανδρείᾳ
2392 3782 2466 3853 μὴ
2487 3782 2757 3854 χρονίζειν
2791 3781 2930 3853 μετὰ
2960 3781 3220 3851 τελευτὴν
3255 3780 3481 3834 ἐπισκό-

1896 3894 2000 3930 που
2028 3877 2155 3939 τοὺς
2183 3874 2636 3946 καθισταμένους,
2670 3874 2785 3928 ἀλλ’
2822 3873 2940 3945 ἅμα
2982 3873 3224 3943 γίνεσθαι
3256 3873 3481 3945 εἰρήνης

1894 3965 2075 4029 ἕνεκα,
2099 3964 2193 4017 τοῦ
2224 3965 2297 4037 μὴ
2333 3963 2675 4035 παρατριϐὰς
2697 3962 2944 4031 γίνεσθαι
2976 3963 3031 4015 ἐν
3052 3964 3163 4024 τοῖς
3181 3961 3348 4025 λαοῖς,
3371 3959 3481 4013 τῶν

1897 4056 1995 4126 μὲν
2024 4056 2173 4109 τόνδε
2204 4054 2486 4119 θελόντων,
2515 4054 2624 4107 τῶν
2650 4055 2707 4108 δὲ
2730 4054 2900 4107 τόνδε.
2925 4053 3270 4107 Alexandria:
3300 4062 3481 4106 autem

1894 4149 2214 4202 consuetudo
2260 4155 2359 4205 est.
2398 4156 2454 4200 ut
2500 4156 2620 4216 post
2669 4147 2897 4216 episcopi
2950 4155 3173 4200 mortem
3206 4157 3480 4198 successor

1895 4256 1997 4292 non
2039 4240 2243 4293 diutius
2288 4238 2605 4307 differatur,
2651 4238 2743 4291 sed
2779 4236 3000 4292 subinde
3025 4277 3041 4302 ,
3081 4236 3228 4303 pacis
3267 4237 3478 4290 tuenda

1893 4331 2091 4401 gratia.
2137 4329 2449 4400 subrogetur
2468 4369 2481 4391 ,
2511 4345 2573 4383 ne
2601 4329 2724 4382 aliis
2754 4330 2913 4390 hunc,
2934 4328 3057 4382 aliis
3087 4327 3240 4382 illum
3287 4336 3476 4395 postu-

1894 4422 2156 4485 lantibus,
2196 4423 2250 4476 in
2268 4421 2460 4491 populo
2478 4422 2663 4491 jurgia
2693 4431 2743 4475 et
2758 4422 3119 4474 contentiones
3134 4419 3473 4475 exsisterent.

197 4541 387 4585 autem
420 4530 665 4599 primum
690 4527 784 4598 qui
822 4527 932 4582 alio
958 4541 1114 4582 more
1156 4524 1335 4580 factus
1363 4532 1449 4579 est
1470 4523 1786 4593 episcopus.
1825 4528 1866 4583 D
1963 4515 2090 4571 Haec
2133 4523 2314 4568 autem
2363 4512 2708 4567 consuetudo
2750 4512 3010 4581 supponit
3051 4511 3316 4580 populum
3345 4510 3476 4564 Ale-

197 4620 489 4684 Heraclas,
511 4619 814 4675 secundum
837 4617 1156 4682 Eusebium,
1180 4617 1473 4671 undecimo
1494 4614 1790 4670 Alexandri

195 4729 349 4768 anno
383 4721 605 4769 creatos
630 4719 718 4767 est
736 4711 1032 4781 episcopus
1074 4708 1507 4774 Alexandrinus,
1544 4708 1650 4762 hoc
1682 4716 1788 4773 est,

196 4810 264 4861 Α.
296 4806 363 4860 D.
395 4805 530 4861 352.
565 4804 638 4859 At
668 4802 970 4875 Eutychius
1003 4802 1374 4857 Alexandrum
1407 4800 1786 4871 pat’riarcham

194 4899 446 4955 vetuisse
474 4898 664 4963 tradit,
696 4911 768 4953 ne
793 4896 1053 4966 deinceps
1082 4894 1457 4965 patriarcham
1484 4891 1789 4963 presbvteri

194 4998 493 5058 emrent;
523 4989 736 5060 primus
790 4988 959 5059 igitur
1004 4988 1098 5057 qui
1149 4986 1260 5040 alio
1292 5000 1445 5040 more
1491 4983 1669 5039 factus
1707 4991 1793 5038 est

196 5079 552 5136 Alexandriae
583 5078 910 5149 episcopus,
946 5078 1248 5133 secundum
1282 5075 1615 5149 Eutychium
1638 5116 1653 5141 ,
1685 5073 1790 5129 fuit

197 5171 503 5227 Alexandri
531 5184 820 5225 successor
838 5168 1197 5231 Athanasius,
1226 5169 1321 5237 qui
1342 5165 1409 5221 Α.
1428 5164 1493 5221 D.
1517 5164 1643 5232 526,
1667 5172 1791 5234 post

195 5265 500 5320 concilium
527 5261 808 5318 Nicaeum
849 5270 1068 5317 creatus
1098 5268 1200 5316 est.
1237 5257 1386 5313 [nter
1437 5258 1604 5325 igitur
1634 5272 1791 5313 crea-

198 5359 411 5413 tionem
440 5355 723 5420 ﬂeraclte,
751 5355 848 5426 qui
891 5352 1121 5408 ultimus
1151 5367 1184 5407 ιι
1228 5350 1562 5423 presbyteris
1609 5348 1787 5404 factus

200 5460 305 5515 cst,
320 5458 550 5504 auctore
561 5446 916 5518 Hieronymo,
931 5456 986 5500 et
1004 5444 1476 5502 consecrationem
1497 5440 1787 5497 Athanasii

201 5543 295 5609 qui
336 5542 553 5612 primus
580 5541 652 5595 ab
697 5537 974 5609 episcopis
1016 5543 1376 5591 consecratus
1415 5543 1523 5601 est,
1557 5543 1787 5588 auctore

203 5631 494 5706 Eutychio,
529 5634 660 5688 anni
707 5631 881 5688 ferme
910 5637 1131 5685 centum
1162 5639 1311 5685 sunt.
1346 5629 1470 5685 lmo
1514 5626 1784 5696 majorem

204 5723 627 5795 discrepantiam
651 5723 746 5778 hic
778 5721 1027 5793 agnoscit
1054 5718 1345 5786 Seldcnus,
1380 5718 1593 5789 primus
1623 5717 1787 5787 hujus

205 5817 508 5887 argumemi
550 5816 942 5872 architectus:
995 5810 1105 5867 Nec
1158 5813 1297 5868 enim
1352 5810 1642 5868 Uerarlam
1693 5825 1784 5865 nec

1892 4608 2156 4674 xandriaz,
2187 4617 2248 4661 ut
2278 4607 2334 4660 in
2362 4604 2486 4660 aliis
2515 4603 2790 4669 ccclesiis,
2824 4618 2954 4657 suas
2985 4602 3040 4657 in
3071 4602 3324 4672 eligendo
3359 4602 3479 4673 epi-

1890 4716 2059 4772 scopo
2091 4699 2399 4770 antiquitus
2428 4710 2610 4768 partes
2653 4697 2932 4752 habuisse.
2959 4695 3121 4750 Certe
3154 4694 3475 4762 Eusebiani,

1889 4795 1985 4865 qui
2031 4793 2367 4850 creationem
2418 4791 2477 4846 S.
2521 4789 2807 4845 Athanasii
2843 4789 3109 4858 abrOgare
3160 4787 3475 4853 voluerunt,

1887 4886 2163 4942 defectum
2213 4883 2498 4955 popularis
2550 4881 2835 4937 elecuonis
2879 4880 3248 4949 objiciebant,
3279 4888 3333 4935 et
3359 4880 3478 4949 epi-

1891 4978 2044 5048 scopi
2083 4976 2341 5048 Egypti,
2386 4975 2442 5028 in
2489 4973 2699 5045 synodo
2745 4970 3096 5042 congrrgati,
3127 4970 3358 5041 epistola
3406 4971 3475 5025 ad

1888 5085 2084 5127 omnes
2134 5068 2392 5125 Ecclesia!
2434 5065 2721 5122 catholica:
2768 5064 3057 5133 episcopos
3091 5062 3293 5132 scripta
3342 5077 3476 5117 eon-

1890 5164 2120 5219 trarium
2168 5176 2367 5232 magna
2417 5158 2589 5215 animi
2634 5156 2987 5212 contentione
3026 5162 3381 5210 asseruerunt
3420 5163 3476 5208 et

1888 5255 2070 5312 testati
2113 5263 2272 5320 sunt,
2302 5254 2385 5306 ὅτι
2416 5253 2473 5306 δὲ
2504 5253 2613 5305 πᾶν
2660 5250 2723 5303 τὸ
2766 5247 2972 5319 πλῆθος
3011 5248 3109 5301 καὶ
3151 5249 3260 5311 πᾶς
3289 5249 3319 5301 ὁ
3346 5245 3476 5311 λαὸς

1884 5348 1988 5420 τῆς
2026 5346 2323 5417 manus];
2367 5340 2720 5414 Ἐκκλησιας,
2768 5338 2960 5411 ὥσπερ
3006 5339 3071 5391 ὲκ
3118 5338 3247 5408 μιᾶς
3293 5336 3475 5408 ψυχῆς

1882 5439 1982 5492 καὶ
2026 5436 2277 5508 σώματος
2324 5430 2740 5503 συνεληλυθότες
2784 5427 3044 5490 ἀνεϐόων,
3092 5423 3355 5497 ἔκραζον,
3386 5426 3475 5477 ai-

1884 5530 2105 5593 τοῦντες
2147 5528 2462 5582 Ἀθανάσιον
2512 5524 2813 5578 ἐπίσκοπον
2859 5516 3263 5591 τῇἘκκλησίᾳ.
3317 5514 3473 5580 Quod

1886 5622 2057 5678 omnis
2100 5620 2426 5683 multitudo,
2471 5618 2745 5686 omnisque
2787 5611 3013 5683 populus
3059 5608 3333 5664 catholith
3365 5606 3472 5660 Ec-

1886 5715 2081 5776 clesiae,
2110 5722 2361 5783 tanquam
2385 5724 2451 5765 ea:
2493 5725 2602 5763 una
2631 5708 2812 5762 anima
2839 5715 2890 5760 et
2917 5720 3135 5774 corpore
3170 5699 3475 5772 congregati

1890 5804 2208 5862 clamoribus
2243 5802 2813 5872 vociferationibusque
2857 5797 3195 5868 postularunt
3224 5794 3471 5850 Athana-
