3864 6204
443 349 548 402 227

1447 349 1504 404 S.
1544 347 1890 405 lGNATIUS.
1928 376 1999 389 —-
2035 349 2568 409 PROLEGOMLNA.

3596 361 3706 415 δὲΞὸ

443 470 586 524 sium
625 468 879 524 Ecclesia:
925 471 1224 540 episcopum
1268 470 1425 538 dari;
1453 470 1601 541 quod
1634 484 1809 542 neque
1843 471 1897 525 hi
1928 486 2025 525 ne-
2053 483 2100 537 Α
2132 471 2473 542 Heracleaui,
2505 487 2579 530 tot
2606 493 2821 532 numero
2853 478 3086 537 instituti
3105 490 3249 545 sunt,
3297 481 3408 534 sine
3440 481 3705 550 episcopis

443 577 554 634 que
591 562 669 617 illl
721 561 1015 628 fecissent,
1048 561 1096 617 si
1146 562 1328 631 populi
1381 560 1642 631 suﬂ‘ragia
1690 562 1743 615 in
1773 562 2023 631 eligendo

443 654 702 725 episcopo
734 655 1042 724 antiquitus
1082 654 1262 707 locum
1291 654 1499 707 nullum
1541 653 1882 708 habuissent.
1908 651 2023 707 lmo

441 743 742 816 Gregorius
786 743 1166 800 Nazianzenus
1214 753 1354 799 orat.
1402 744 1468 799 21
1517 744 1658 800 banc
1701 746 2021 801 electionem

444 852 556 891 non
601 837 908 907 prioribus,
941 837 1034 891 sed
1065 836 1466 906 posterioribus
1508 838 1766 907 opponit,
1792 853 2025 908 eamque

444 928 798 997 apostolicam
847 928 1100 996 appellat.
1138 926 1294 980 Οὕτω
1335 927 1435 998 μὲν
1466 922 1560 980 οὖν
1592 928 1687 982 καὶ
1718 928 1806 982 διὰ
1826 928 2020 992 ταῦτα,

441 1017 609 1090 ψήφῳ
651 1016 744 1071 τοῦ
788 1017 916 1070 λαοῦ
950 1018 1151 1081 παντὸς
1172 1056 1189 1081 ,
1223 1020 1285 1071 οὐ
1311 1018 1454 1072 κατά
1492 1018 1584 1072 τὸν
1617 1018 1842 1091 ὕστερον
1868 1023 2023 1093 νική-

444 1126 611 1162 σαντα
644 1110 947 1181 πονηρὸν“,
971 1110 1093 1164 οὐδὲ
1136 1110 1374 1179 φονικῶς
1417 1127 1478 1164 τε
1529 1112 1624 1165 καὶ
1663 1115 2018 1185 τυραννικῶς,

438 1202 554 1256 ἀλλ’
575 1201 947 1267 ἀποστολικῶς
982 1220 1045 1256 τε
1082 1202 1179 1256 καὶ
1209 1202 1595 1274 πνευματικῶς
1620 1204 1714 1256 ἐπὶ
1747 1205 1839 1258 τὸν
1866 1206 2024 1278 Μάρ-

438 1310 541 1347 κου
569 1293 756 1365 θρόνον
805 1293 1084 1362 ἀνάγεται.
1124 1291 1214 1348 Sic
1245 1294 1435 1363 igitur,
1478 1310 1635 1364 atque
1662 1295 1727 1348 ob
1761 1313 1850 1350 eas
1891 1314 2023 1351 cau-

436 1402 558 1453 sas,
595 1387 756 1439 totius
787 1385 968 1456 populi
1015 1385 1322 1455 suffragiis,
1355 1402 1458 1439 non
1506 1397 1683 1439 autem
1729 1391 2019 1442 secundum

434 1492 659 1545 pravum
694 1474 992 1545 exemplum
1017 1475 1154 1545 quod
1207 1484 1391 1543 postea
1434 1475 1685 1540 inolevit,
1723 1492 1885 1547 neque
1926 1494 2020 1546 per

436 1568 541 1622 vim
575 1584 637 1621 ac
676 1567 871 1622 aedem
892 1608 908 1634 ,
936 1566 1027 1621 sed
1057 1566 1349 1636 apostolico
1380 1576 1429 1621 et
1465 1566 1736 1635 spirituali
1763 1569 1918 1622 modo
1947 1570 2017 1622 ad

437 1658 614 1714 Marci
645 1658 891 1712 thronum
919 1658 1173 1713 evehitur.
1212 1657 1352 1713 Cum
1394 1658 1562 1729 igitur
1605 1667 1757 1714 totus
1786 1660 2018 1730 populus

431 1751 695 1807 electioni
741 1750 981 1822 episcopi
1023 1765 1081 1805 se
1128 1750 1419 1814 insereret.
1468 1759 1523 1806 et
1568 1751 1761 1807 civitas
1794 1754 2018 1824 amplis-

435 1845 575 1899 sima
623 1852 809 1909 esset,
865 1853 920 1898 et
964 1843 1210 1898 maximo
1269 1841 1713 1899 Christianorum
1786 1861 2016 1902 numero
2046 1840 2090 1895 Β

430 1934 761 2002 abundaret,
804 1943 859 1990 et
890 1944 1152 2005 praeterea
1181 1935 1481 2007 presbyteri
1523 1952 1654 1993 suos
1689 1937 1764 1993 ibi
1818 1938 2015 1995 distin-

432 2037 555 2083 ctos
607 2036 787 2083 cretus
831 2027 948 2083 sive
1004 2026 1281 2083 Ecclesiae
1333 2028 1599 2085 haberent
1650 2030 2014 2102 (observante

432 2117 759 2188 Epiphanio,
793 2118 923 2173 liter.
956 2116 1066 2173 69:
1107 2117 1264 2172 Ὅσαι
1298 2117 1406 2190 γὰρ
1436 2118 1721 2191 ἐκκλησίαι
1742 2122 1842 2194 τῆς
1878 2124 2014 2178 καθ-

426 2207 621 2279 ολικῆς
665 2208 988 2282 Ἐκκλησίας
1042 2210 1102 2263 ὲν
1160 2209 1536 2283 Ἀλεξανδρείᾳ
1581 2213 1686 2265 ὑπὸ
1725 2213 1821 2267 ἕνα
1859 2215 2016 2288 ἀρχι-

432 2300 734 2353 επίσκοπον
755 2296 932 2366 οὖσαι,
967 2301 1060 2354 καὶ
1088 2303 1207 2355 κατ’
1243 2302 1377 2356 ἰδίαν
1400 2302 1624 2367 ταύταις
1653 2306 1907 2377 ὲπιτεταγ
1918 2307 2015 2379 μέ-

428 2409 512 2446 νοι
541 2390 679 2446 εἰσίν
709 2392 1089 2464 πρεσϐύτεροι,
1111 2393 1198 2447 διὰ
1225 2394 1324 2458 τὰς
1347 2396 1805 2468 ὲκκλησιαστικὰς
1827 2399 2014 2472 χρείας

427 2481 538 2536 τῶν
570 2483 891 2555 οἰκητόρων.
926 2483 1140 2539 Etenim
1172 2496 1426 2556 quotquot
1464 2488 1805 2544 Alexandria:
1834 2490 2013 2544 catho-

426 2576 550 2631 lica:
594 2577 976 2631 communionis
1020 2576 1273 2632 Ecclesia:
1320 2589 1471 2646 sunt,
1500 2582 1591 2633 uni
1624 2582 2011 2652 archiepiscopo

427 2669 706 2737 subjectae,
739 2685 866 2723 suus
896 2670 1081 2740 cuique
1109 2671 1423 2740 prtepositus
1450 2682 1527 2725 est
1561 2672 1849 2743 presbyter,
1886 2691 2012 2744 pro-

390 2816 395 2823 _
428 2770 547 2831 pter
574 2762 960 2817 ecclesiasticas
997 2762 1355 2817 habitantium
1383 2766 1755 2830 necessitates;
1787 2775 2012 2823 notante

426 2854 593 2909 etiam
649 2853 993 2920 Sozomeno,
1044 2854 1141 2909 lib.
1191 2870 1242 2919 ι,
1289 2870 1409 2924 cap.
1467 2856 1535 2911 l5
1578 2852 1776 2911 :Eivai
1809 2856 1921 2931 γὰρ
1952 2860 2012 2914 ὲν

440 2944 816 3018 ’Δλεξανδρείᾳ
845 2944 984 3010 ἔθος,
1019 2944 1268 3017 καθάπερ
1296 2946 1391 2999 καὶ
1428 2944 1523 2998 νῦν
1542 2986 1556 3011 ,
1587 2946 1704 3011 ἑνὸς
1736 2948 1888 3013 ὄντος
1915 2949 2010 3003 τοῦ

425 3037 572 3093 κατὰ
594 3038 810 3092 πάντων
837 3037 1167 3103 ἐπισκόπου,
1195 3037 1599 3110 πρεσϐυτέρους
1636 3039 1742 3111 ἰδίᾳ
1780 3040 1881 3105 τὰς
1918 3042 2011 3095 ἐκ-

426 3131 657 3202 κλησίας
690 3130 960 3202 κατέχειν,
1000 3131 1096 3184 καὶ⁸
1139 3130 1230 3184 τὸν
1257 3132 1316 3185 ὲν
1345 3130 1534 3195 αὐταῖς
1572 3131 1699 3186 λαὸν
1737 3133 2004 3203 συνάγειν.

427 3222 587 3277 Hunc
614 3224 755 3278 enim
798 3238 998 3277 morem
1043 3238 1154 3277 esse
1201 3220 1566 3289 Alexandriae,
1595 3224 1685 3293 qui
1714 3225 2006 3280 etiamnum

424 3322 622 3381 manet,
654 3322 734 3380 ut,
762 3330 882 3368 cum
921 3329 1057 3367 unus
1089 3314 1359 3383 episcopus
1388 3316 1628 3368 omnibus
1652 3317 1858 3384 pressit,
1887 3333 2008 3387 pre-

421 3405 623 3477 sbyteri
649 3405 937 3476 separatim
970 3404 1218 3459 ecclesias
1249 3405 1542 3474 obtineant,
1573 3416 1624 3460 et
1648 3408 1904 3478 populum
1935 3410 2005 3464 ad

420 3497 552 3552 illas
586 3497 857 3551 convenire
885 3497 1107 3552 solitum
1134 3496 1439 3567 colligant);
1474 3497 1705 3567 ideoque
1735 3500 1876 3569 apud
1907 3515 2005 3570 po-

423 3590 615 3660 pulum
663 3597 826 3643 suum
852 3603 1111 3659 magnam
1146 3588 1382 3658 quisque
1430 3589 1810 3644 auctoritatem
1860 3591 2006 3646 obti-

424 3690 599 3746 neret,
630 3680 924 3736 electiones
970 3680 1154 3735 subito
1184 3679 1354 3734 factas
1398 3696 1522 3735 esse
1568 3681 1866 3751 putandum
1897 3692 2001 3748 est,

410 3786 495 3841 Ine
563 3787 720 3826 mora
785 3771 1111 3827 tumultibus
1160 3770 1604 3843 factionibusque
1656 3774 2000 3829 occasionem

423 3864 712 3933 prteberet.
761 3861 998 3931 Indeque
1051 3872 1239 3916 natum
1295 3878 1501 3917 morem
1555 3863 1710 3917 illum
1760 3865 2001 3919 Alexan—

416 3954 600 4031 Idrinis
625 3961 773 4007 certe
803 3954 1131 4023 peculiarem
1162 3969 1258 4023 par
1284 3962 1367 4008 est
1398 3955 1642 4020 credere,
1677 3970 1840 4025 quem
1882 3971 2000 4009 me—

423 4053 605 4098 morat
646 4040 932 4098 Liberatus
963 4044 1017 4098 in
1064 4043 1342 4099 Brevia-rio
1376 4063 1388 4098 :
1430 4044 1764 4100 Consuetudo
1790 4036 1999 4116 quidem

423 4144 504 4189 est
544 4134 909 4199 Alexandrina,
953 4135 1107 4189 illum
1148 4136 1238 4207 qui
1277 4136 1526 4206 defuncto
1555 4138 1807 4204 succedit,
1840 4153 2000 4191 excu-

423 4227 541 4280 bias
569 4242 727 4296 super
763 4226 999 4295 defuncti
1026 4242 1217 4296 corpus
1247 4244 1421 4298 agere,
1456 4244 1773 4298 manumque
1816 4228 1998 4282 dexte-

423 4335 543 4372 ram
582 4318 696 4388 ejus
733 4319 898 4389 capiti
945 4335 1041 4373 suo
1088 4321 1374 4387 imponere,
1413 4331 1464 4374 et
1515 4321 1719 4390 sepulto
1754 4321 1996 4375 manibus

420 4409 533 4463 suis
566 4409 802 4479 accipere
845 4409 982 4463 collo
1028 4426 1125 4464 suo
1165 4410 1230 4467 Β.
1275 4411 1449 4466 Marci
1479 4411 1738 4480 pallium,
1783 4421 1834 4466 et
1874 4421 1997 4465 tunc

418 4498 653 4570 legitime
697 4501 891 4556 sedere.
943 4501 1071 4556 Erat
1117 4501 1285 4573 igitur
1313 4501 1655 4558 Alexandriae
1703 4518 1900 4574 magna
1936 4503 1990 4557 iu
2027 4522 2069 4577 ι)

418 4590 671 4661 eligendo
699 4591 982 4661 episcopo,
1007 4592 1162 4662 pacis
1193 4592 1389 4663 gratia,
1434 4590 1735 4660 festinatio,
1765 4602 1819 4647 et
1846 4593 1996 4647 inso—

420 4682 516 4737 lita
547 4697 661 4753 pra:
688 4683 899 4738 honore
931 4681 992 4737 S.
1046 4682 1236 4750 Marci,
1276 4684 1334 4738 in
1377 4685 1616 4740 creando
1645 4685 1990 4740 eset-emunia.

422 4774 530 4829 Sed
558 4773 925 4847 Hieronymus
969 4791 1148 4846 neque
1188 4776 1411 4831 modum
1448 4776 1505 4831 in
1532 4777 1817 4844 electione,
1846 4777 1993 4846 quod

419 4862 489 4918 ad
519 4862 779 4935 suﬂragia
810 4864 1025 4931 attinet,
1059 4880 1236 4935 neque
1259 4867 1614 4922 caeremonias
1635 4866 1691 4921 in
1716 4867 1996 4921 creatione

417 4955 713 5022 adhibitas,
754 4972 931 5027 neque
961 4957 1054 5028 jus
1087 4957 1256 5013 ullum
1285 4974 1398 5028 prae
1421 4958 1634 5014 caeteris
1659 4958 1995 5030 presbyterio

420 5049 610 5103 datum
649 5057 746 5103 aut
783 5064 1107 5105 concessum
1155 5058 1570 5116 commemorat,
1606 5050 1712 5105 nisi
1744 5050 1890 5120 quod
1925 5066 1990 5104 ex

418 5142 558 5213 ipsis
585 5141 653 5197 de
684 5140 829 5197 iacto
849 5158 1027 5213 usque
1057 5142 1125 5197 ad
1164 5141 1451 5198 Heraclam
1496 5142 1786 5213 episcopus
1824 5141 1992 5211 elige-

420 5242 595 5299 retur,
624 5241 680 5288 et
704 5232 775 5288 ab
805 5233 940 5304 ipsis
967 5233 1429 5305 promulgaretur.

492 5322 630 5378 Nam
671 5324 818 5394 quod
847 5323 1114 5380 Seldenus
1140 5324 1577 5381 comminiscitur
1603 5323 1991 5397 Hieronymum

420 5430 663 5469 securum
693 5416 758 5470 de
784 5425 1010 5487 tempore
1035 5415 1319 5471 Heraclam
1342 5426 1707 5484 antevertente,
1733 5418 1990 5488 quoniam

421 5505 681 5574 cognovit
716 5507 924 5561 nullum
963 5507 1018 5561 in
1053 5506 1293 5579 Egypto
1330 5517 1458 5563 ante
1504 5518 1749 5579 tempora
1798 5509 1992 5564 Deme-

424 5595 515 5647 trii
545 5595 858 5665 episcopum
909 5597 1102 5665 fuisse,
1154 5599 1222 5652 ad
1250 5600 1500 5653 citeriora
1548 5600 1856 5654 descendere
1898 5616 1992 5653 no-

423 5686 585 5740 luisse
608 5696 872 5758 tempora:
901 5692 1027 5761 quia
1064 5693 1151 5746 uia:
1174 5692 1357 5761 forsan
1377 5693 1520 5748 credi
1550 5693 1808 5760 potuisset
1839 5694 1989 5746 ordi-

406 5776 691 5832 stationem
717 5781 1122 5839 oetriarchalem
1143 5821 1158 5851 ,
1191 5792 1468 5853 postquam
1510 5783 1758 5852 episcopi,
1796 5784 1984 5840 saltem

2127 565 2327 636 factum
2349 584 2481 628 esse,
2513 568 2828 637 conjectura
2866 570 3026 639 plane
3048 581 3132 625 est
3150 572 3301 625 omni
3324 571 3709 627 verisimilitu-

2126 659 2255 715 dine
2278 660 2562 715 destituta.
2588 659 2748 729 Nam,
2778 663 2995 718 etiamsi
3027 661 3429 719 ordinationem
3461 664 3709 734 patriar—

2124 754 2359 820 chalem,
2378 769 2503 809 cum
2537 756 2591 810 in
2610 754 2844 828 Egypto
2865 757 3049 827 plures
3072 758 3317 828 episcopi
3343 767 3549 823 essent,
3584 757 3711 812 sine

2122 849 2395 919 episc0pis
2427 848 2623 905 factam
2637 866 2760 905 esse
2786 852 2969 905 credet
2996 866 3179 915 nemo,
3206 851 3330 921 quis
3358 860 3540 905 tamen
3562 865 3711 920 pra-

2124 941 2308 1007 stabit,
2337 940 2670 1013 Hieronymo
2694 952 2883 996 notum
2907 940 3100 1006 fuisse,
3123 953 3250 998 ante
3274 942 3530 997 Demetrii
3561 952 3709 997 ιεως

2122 1049 2256 1104 pora
2287 1034 2498 1089 nullum
2530 1035 2584 1089 in
2616 1033 2851 1107 Egypto
2878 1047 3079 1106 praeter
3109 1036 3331 1091 unicum
3371 1036 3708 1091 Alexandri.

2122 1143 2255 1182 num
2284 1128 2561 1197 exstitisse
2589 1129 2902 1198 episcopum
2927 1127 3273 1199 ?Eutycbius
3304 1129 3553 1182 omnium
3579 1127 3704 1197 pri—

2122 1238 2248 1279 mus
2272 1224 2378 1278 hoc
2416 1223 2723 1294 prodidisse
2759 1221 3218 1292 deprehenditur,
3251 1236 3284 1275 a
3334 1236 3445 1290 quo
3494 1219 3670 1277 Hiero

2121 1331 2321 1386 nymus
2348 1317 2490 1370 idem
2522 1315 2735 1371 discere
2788 1330 2898 1369 non
2951 1313 3151 1384 potuit.
3196 1312 3311 1370 Ima
3352 1315 3477 1383 quis
3509 1313 3697 1368 credet

2120 1407 2537 1481 Hieronymum,
2559 1409 2605 1463 si
2625 1409 2727 1463 hoc
2750 1408 3015 1473 novisset,
3030 1408 3114 1462 vel
3141 1408 3188 1461 si
3207 1406 3371 1461 fando
3398 1407 3709 1476 aliquando

2118 1504 2454 1571 audivisset,
2514 1503 2567 1559 id
2597 1503 2668 1558 ab
2694 1502 2929 1573 Evagrio
2970 1503 3151 1558 celare
3187 1503 3428 1558 voluisse
3476 1504 3530 1556 in
3588 1503 3703 1556 hoc

2118 1607 2465 1668 argumento,
2488 1596 2635 1667 quod
2666 1594 2841 1665 magis
2860 1593 2929 1649 ad
2957 1595 3331 1668 exornandam
3361 1595 3636 1666 presbyter
3655 1594 3697 1647 ii

2117 1654 2463 1762 dignitatem,
2485 1654 2661 1745 multo
2713 1654 2970 1748 iecisset?
3011 1687 3199 1760 Neque
3422 1654 3700 1758 Hierony-

2118 1798 2244 1838 mus
2273 1784 2341 1838 de
2367 1783 2446 1839 rei
2467 1782 2593 1853 jure
2625 1783 2927 1854 quidquam
2955 1783 3198 1854 scripsit,
3228 1797 3408 1852 neque
3446 1782 3513 1837 de
3542 1781 3696 1837 iacto

2119 1888 2334 1951 tempus
2359 1889 2473 1935 tam
2500 1880 2816 1951 scrupulose
2869 1878 3144 1942 limitavit,
3193 1877 3288 1934 sed
3305 1876 3696 1931 tantummodo

2114 1983 2358 2030 veterem
2390 1973 2685 2043 quamdam
2704 1972 3077 2039 traditionem,
3101 1986 3268 2044 quam
3299 1985 3332 2024 a
3359 1969 3548 2025 nescio
3578 1984 3696 2039 quo

2115 2076 2421 2137 acceperat,
2456 2066 2592 2122 satis
2616 2067 2851 2123 obscure
2871 2065 3181 2135 descripsit,
3206 2073 3261 2121 et
3287 2064 3356 2119 ad
3391 2064 3697 2119 retunden-

2114 2159 2241 2215 dam
2290 2160 2648 2215 diaconorum
2694 2161 3060 2229 quorumdam
3110 2158 3374 2214 Romanae
3404 2156 3695 2218 Ecclesiae

2115 2251 2463 2307 insolentiam
2494 2253 2800 2322 usurpavit.

2183 2341 2370 2413 Neque
2391 2343 2565 2414 magis
2595 2342 2952 2414 Eutychiaua:
2978 2343 3281 2399 narrationi
3333 2343 3569 2399 alterum
3596 2343 3687 2399 di-

2113 2435 2426 2490 stinctionis
2455 2436 2766 2489 membrum
2819 2435 3155 2506 respondet;
3187 2436 3488 2508 Eutychius
3532 2438 3691 2493 enim

2113 2543 2226 2584 non
2249 2528 2317 2582 de
2337 2528 2466 2598 jure
2488 2527 2753 2598 disputat,
2782 2531 2878 2584 sed
2906 2529 2973 2583 de
2988 2527 3153 2595 facto,
3187 2531 3255 2585 de
3280 2545 3430 2584 more
3453 2530 3692 2598 scilicet,

2112 2629 2278 2690 atque
2312 2622 2602 2676 duratione
2635 2631 2689 2678 et
2729 2622 3101 2692 exspiratione
3122 2622 3279 2693 ejus,
3327 2639 3491 2694 quam
3520 2628 3692 2678 attri-

2111 2713 2234 2769 buit
2262 2714 2440 2771 edicto
2467 2714 2765 2770 Alexandri
2801 2716 3146 2785 patriarchae.
3175 2714 3355 2785 Neque
3395 2716 3577 2783 desiit,
3602 2718 3697 2771 in-

2110 2808 2250 2877 quit,
2272 2823 2384 2863 mos
2411 2807 2500 2862 ille
2524 2808 2947 2878 presbyterorum
2964 2807 3306 2863 Alexandria:
3329 2808 3692 2862 constituendi

2110 2898 2475 2967 patriarcham
2521 2913 2586 2952 ea:
2616 2898 2682 2951 iis
2710 2898 2988 2952 duodecim
3039 2899 3352 2969 presbyteris
3396 2914 3560 2969 usque
3618 2898 3691 2951 ad

2112 3000 2315 3060 tempus
2342 2989 2657 3044 Alexandri.
2679 2987 2818 3044 Male
2839 2999 3022 3045 autem
3044 2992 3203 3047 docet
3230 2991 3495 3045 Seldenus
3525 2988 3692 3061 Euty-

2111 3087 2298 3141 chium
2320 3084 2599 3142 decretum
2633 3084 2945 3140 Alexandro
2964 3085 3222 3149 tribuere.
3241 3086 3389 3155 quod
3414 3082 3691 3139 aNicaeuo

2034 3181 2077 3239 C
2109 3180 2348 3236 concilio
2402 3176 2610 3234 factum
2663 3187 2771 3245 est,
2828 3193 3043 3235 canone
3089 3189 3321 3248 quarto;
3379 3178 3689 3251 Eutychius

2107 3274 2256 3329 enim
2284 3272 2450 3328 tradit
2486 3272 2881 3339 Alexandrum,
2942 3288 3053 3329 non
3112 3283 3320 3328 tantum
3374 3274 3687 3330 instituisse

2107 3368 2440 3423 creationem
2496 3367 2823 3437 patriarchae
2870 3381 2967 3436 per
3015 3367 3326 3437 episcopos,
3385 3366 3484 3424 sed
3510 3369 3684 3423 etiam

2104 3461 2425 3516 electionem
2453 3475 2521 3515 ex
2542 3460 2668 3514 aliis
2701 3474 2869 3531 quam
2899 3458 3287 3516 Alexandrinis
3322 3461 3682 3531 presbyteris,

2105 3555 2172 3610 de
2190 3569 2301 3625 qua
2344 3569 2405 3609 re
2429 3553 2566 3608 nihil
2614 3554 2779 3609 habet
2804 3569 2983 3608 canon
3033 3554 3124 3609 ille
3170 3552 3459 3608 Nicaeuus:
3503 3568 3687 3622 neque

2105 3656 2251 3702 recte
2276 3646 2523 3717 conjicit,
2550 3662 2816 3703 canonem
2874 3648 3029 3701 illum
3084 3662 3153 3700 ex
3180 3657 3309 3702 voto
3357 3646 3682 3711 Alexandri,

2103 3750 2200 3795 aut
2221 3755 2374 3795 more
2402 3740 2494 3794 illo
2513 3740 2883 3794 Alexandrino
2915 3749 3097 3794 ortum
3123 3739 3412 3805 habuisse;
3453 3737 3686 3792 minime

2101 3834 2247 3888 enim
2288 3833 2646 3889 dubitandum
2669 3841 2755 3888 est
2783 3834 2914 3903 quin
2938 3834 3149 3903 primus
3184 3848 3386 3900 canon,
3414 3833 3510 3903 qui
3536 3833 3683 3887 dici-

2101 3938 2193 3983 tur
2226 3929 2585 3998 apostolicus.
2615 3928 2708 3983 diu
2734 3937 2861 3983 ante
2901 3929 3055 3981 illum
3091 3942 3358 3982 canonem
3392 3925 3680 3981 Nicsenum

2099 4025 2354 4081 conditus
2377 4025 2476 4080 sit:
2524 4024 2852 4087 Ἐπίσκοπος
2884 4022 3295 4094 χειροτονείσθω
3323 4022 3429 4075 ὑπὸ
3449 4022 3680 4075 ἐπισκό-

2101 4135 2219 4171 πων
2236 4117 2331 4171 δύο
2362 4118 2394 4187 ἦ
2430 4116 2616 4188 τριῶν.
2645 4115 2816 4171 Nemo
2832 4118 3001 4182 enim,
3030 4125 3319 4186 postquam
3348 4114 3553 4170 Nicanii
3573 4113 3683 4170 Pa-

2098 4225 2211 4271 tres
2238 4223 2348 4269 tres
2376 4215 2664 4284 episcopos
2711 4213 2780 4267 ad
2827 4212 3225 4267 ordinationem
3278 4212 3678 4282 postulassent,

2097 4311 2237 4365 duos
2267 4308 2515 4365 sullicere
2544 4309 2794 4363 dixisset.
2847 4307 2989 4373 Quid
3022 4308 3169 4376 quod
3211 4322 3339 4376 pars
3362 4305 3571 4362 decreti
3605 4308 3681 4363 ab

2097 4401 2407 4456 Alexandro
2453 4399 2622 4464 facti,
2673 4415 2775 4455 nec
2828 4400 2895 4453 ad
2925 4414 3191 4453 canonem
3241 4396 3524 4453 Nicasnum
3562 4400 3680 4453 ullo

2099 4493 2261 4549 modo
2280 4492 2579 4563 pertinens,
2606 4492 2847 4546 maxime
2875 4492 3110 4546 notanda
3136 4490 3228 4557 sit,
3252 4489 3400 4560 quod
3421 4490 3679 4545 videatur

2096 4586 2425 4655 restringere
2472 4600 2683 4641 morem
2721 4585 3009 4654 antiquum
3045 4583 3113 4639 de
3146 4583 3397 4655 eligendo
3433 4585 3676 4654 patriar-

2096 4678 2198 4732 cha
2224 4694 2332 4733 non
2351 4677 2420 4733 ad
2443 4677 2762 4733 electionem
2791 4692 2823 4731 a
2846 4676 3199 4748 presbyteris,
3223 4676 3319 4731 sed
3339 4692 3406 4731 ex
3438 4676 3678 4747 presby—

2095 4770 2227 4826 teris
2252 4769 2475 4835 factam,
2501 4769 2571 4825 de
2598 4785 2704 4840 qua
2737 4769 2805 4824 ad
2838 4769 3003 4824 verba
3036 4767 3352 4840 Hieronymi
3401 4768 3672 4824 diximus.

2093 4862 2394 4933 Antiquum
2414 4863 2559 4917 enim
2589 4877 2795 4917 morem
2820 4862 3053 4918 desiisse
3071 4862 3255 4930 tradit,
3279 4877 3344 4917 eo
3367 4863 3515 4933 quod
3543 4863 3678 4918 Ale-

2094 4958 2303 5013 xander
2328 4956 2555 5011 decrevit
2582 4966 2661 5022 ut,
2709 4968 2925 5011 vacante
2972 4958 3363 5026 patriarchatu,
3416 4957 3676 5029 eligerent

2091 5065 2483 5121 exquacunqae
2507 5049 2717 5103 tandem
2756 5051 2985 5120 regione,
3003 5052 3111 5104 sive
3150 5067 3216 5105 ea:
3250 5052 3528 5105 duodecim
3556 5053 3673 5109 illis

2091 5139 2548 5208 presbyteris,sive
2561 5138 2686 5192 aliis
2714 5140 2886 5192 virum
2908 5139 3137 5210 aliquem
3158 5142 3432 5207 eximium,
3455 5160 3676 5214 perspe-

2092 5243 2191 5286 ctas
2212 5232 2516 5302 probitatis,
2537 5249 2758 5304 eumque
2780 5234 3143 5303 patriarcham
3173 5245 3434 5289 crearent.
3457 5235 3675 5294 Electio

2092 5324 2259 5396 igitur
2282 5324 2384 5378 viri
2408 5323 2715 5395 cujuSpiam
2755 5326 2981 5392 eximii,
3034 5338 3333 5396 perspectas
3373 5330 3674 5398 probitatis

2091 5415 2377 5484 antiquum
2410 5431 2617 5471 morem
2647 5417 2960 5484 evacuavit;
3006 5433 3118 5487 quo
3158 5431 3438 5489 spectasse
3466 5423 3670 5478 viden-

2091 5516 2181 5562 tur
2205 5507 2294 5562 illa
2338 5510 2852 5576 pseudo-Ambrosii
2902 5511 2957 5564 in
2987 5526 3108 5581 cap.
3159 5512 3195 5566 4
3232 5514 3300 5568 ad
3355 5513 3665 5585 Ephesios:

2091 5598 2326 5670 Denique
2378 5599 2519 5671 apud
2563 5598 2855 5672 Egyptum
2900 5603 3189 5674 presbyteri
3239 5608 3591 5677 consignant,
3620 5612 3671 5665 si

2090 5708 2319 5761 presens
2366 5709 2472 5746 non
2514 5694 2583 5749 sit
2630 5697 2923 5764 episcopus.
2969 5694 3074 5751 Sed
3123 5698 3249 5768 quia
3274 5711 3541 5769 eceperunt
3575 5719 3675 5757 se-a

2090 5792 2302 5854 quentes
2327 5786 2614 5855 presbyteri
2634 5788 2836 5856 indigni
2863 5789 3088 5845 inueniri
3107 5791 3177 5846 ad
3195 5792 3456 5850 primatus
3476 5803 3671 5849 tenen-v
