  <div class='ocr_page' id='page_1' title='image "/cluster/home/n/w/nwhite01/storage/ocr_20150623/5/nnc1.0046978607/122.png"; bbox 0 0 3864 6204; ppageno 0'>
   <div class='ocr_carea' id='block_1_1' title="bbox 203 306 329 365">
    <p class='ocr_par' dir='ltr' id='par_1_1' title="bbox 203 306 329 365">
     <span class='ocr_line' id='line_1_1' title="bbox 203 306 329 365; baseline -0.008 0"><span class='ocrx_word' id='word_1_1' title='bbox 203 306 329 365; x_wconf 65' lang='grc' dir='ltr'><strong><em>’Ξὲθ</em></strong></span> 
     </span>
    </p>
   </div>
   <div class='ocr_carea' id='block_1_2' title="bbox 939 304 2610 368">
    <p class='ocr_par' dir='ltr' id='par_1_2' title="bbox 939 304 2610 368">
     <span class='ocr_line' id='line_1_2' title="bbox 939 304 2610 368; baseline 0 -3"><span class='ocrx_word' id='word_1_2' title='bbox 939 311 988 365; x_wconf 79' lang='lat' dir='ltr'><strong><em>J.</em></strong></span> <span class='ocrx_word' id='word_1_3' title='bbox 1030 304 1389 366; x_wconf 80' lang='lat' dir='ltr'><strong><em>PEARSONII</em></strong></span> <span class='ocrx_word' id='word_1_4' title='bbox 1427 307 1752 366; x_wconf 66' lang='lat' dir='ltr'><strong><em>VlNDlCle</em></strong></span> <span class='ocrx_word' id='word_1_5' title='bbox 1790 307 2210 364; x_wconf 72' lang='grc' dir='ltr'><strong><em>ΙΟΝΑἸΊΑΝᾹΞ.</em></strong></span> <span class='ocrx_word' id='word_1_6' title='bbox 2243 341 2312 352; x_wconf 94' lang='grc'><strong><em>-</em></strong></span> <span class='ocrx_word' id='word_1_7' title='bbox 2349 308 2532 368; x_wconf 76' lang='lat' dir='ltr'><strong><em>PARS</em></strong></span> <span class='ocrx_word' id='word_1_8' title='bbox 2572 313 2610 366; x_wconf 93' lang='lat' dir='ltr'><strong><em>l.</em></strong></span> 
     </span>
    </p>
   </div>
   <div class='ocr_carea' id='block_1_3' title="bbox 3393 305 3496 358">
    <p class='ocr_par' dir='ltr' id='par_1_3' title="bbox 3393 305 3496 358">
     <span class='ocr_line' id='line_1_3' title="bbox 3393 305 3496 358; baseline 0.019 -2"><span class='ocrx_word' id='word_1_9' title='bbox 3393 305 3496 358; x_wconf 67' lang='lat' dir='ltr'><strong><em>9.3L</em></strong></span> 
     </span>
    </p>
   </div>
   <div class='ocr_carea' id='block_1_4' title="bbox 216 408 3500 506">
    <p class='ocr_par' dir='ltr' id='par_1_4' title="bbox 216 408 3500 506">
     <span class='ocr_line' id='line_1_4' title="bbox 216 408 3500 506; baseline 0.001 -20"><span class='ocrx_word' id='word_1_10' title='bbox 216 435 338 496; x_wconf 81' lang='lat' dir='ltr'><strong><em>dos,</em></strong></span> <span class='ocrx_word' id='word_1_11' title='bbox 370 436 654 487; x_wconf 74' lang='lat' dir='ltr'><strong><em>immutata</em></strong></span> <span class='ocrx_word' id='word_1_12' title='bbox 676 446 753 488; x_wconf 86' lang='lat' dir='ltr'><strong><em>est</em></strong></span> <span class='ocrx_word' id='word_1_13' title='bbox 787 434 946 497; x_wconf 90' lang='lat' dir='ltr'><strong><em>ratio,</em></strong></span> <span class='ocrx_word' id='word_1_14' title='bbox 980 434 1328 502; x_wconf 88' lang='lat' dir='ltr'><strong><em>prospiciente</em></strong></span> <span class='ocrx_word' id='word_1_15' title='bbox 1353 435 1598 499; x_wconf 84' lang='lat' dir='ltr'><strong><em>concilio,</em></strong></span> <span class='ocrx_word' id='word_1_16' title='bbox 1631 444 1688 488; x_wconf 91' lang='lat' dir='ltr'><strong><em>ut</em></strong></span> <span class='ocrx_word' id='word_1_17' title='bbox 1708 451 1809 488; x_wconf 88' lang='lat' dir='ltr'><strong><em>non</em></strong></span> <span class='ocrx_word' id='word_1_18' title='bbox 1842 437 1888 491; x_wconf 80' lang='grc' dir='ltr'><strong>Α</strong></span> <span class='ocrx_word' id='word_1_19' title='bbox 1985 433 2126 498; x_wconf 87' lang='lat' dir='ltr'><strong><em>Quid</em></strong></span> <span class='ocrx_word' id='word_1_20' title='bbox 2195 408 2403 502; x_wconf 68' lang='lat' dir='ltr'><strong><em>praeter</em></strong></span> <span class='ocrx_word' id='word_1_21' title='bbox 2425 435 2748 489; x_wconf 72' lang='lat' dir='ltr'><strong><em>electionem</em></strong></span> <span class='ocrx_word' id='word_1_22' title='bbox 2799 433 3100 506; x_wconf 76' lang='lat' dir='ltr'><strong><em>presbyteri</em></strong></span> <span class='ocrx_word' id='word_1_23' title='bbox 3157 433 3500 491; x_wconf 63' lang='lat' dir='ltr'><strong><em>Alexandria;</em></strong></span> 
     </span>
    </p>
   </div>
   <div class='ocr_carea' id='block_1_5' title="bbox 217 525 1816 594">
    <p class='ocr_par' dir='ltr' id='par_1_5' title="bbox 217 525 1816 594">
     <span class='ocr_line' id='line_1_5' title="bbox 217 525 1816 594; baseline 0.001 -18"><span class='ocrx_word' id='word_1_24' title='bbox 217 527 376 588; x_wconf 82' lang='lat' dir='ltr'><strong><em>ordo,</em></strong></span> <span class='ocrx_word' id='word_1_25' title='bbox 401 527 492 580; x_wconf 86' lang='lat' dir='ltr'><strong><em>sed</em></strong></span> <span class='ocrx_word' id='word_1_26' title='bbox 517 525 764 579; x_wconf 91' lang='lat' dir='ltr'><strong><em>meritum</em></strong></span> <span class='ocrx_word' id='word_1_27' title='bbox 783 534 985 579; x_wconf 88' lang='lat' dir='ltr'><strong><em>crearet</em></strong></span> <span class='ocrx_word' id='word_1_28' title='bbox 1008 526 1307 594; x_wconf 74' lang='lat' dir='ltr'><strong><em>episcopum</em></strong></span> <span class='ocrx_word' id='word_1_29' title='bbox 1325 525 1616 579; x_wconf 84' lang='lat' dir='ltr'><strong><em>multorum</em></strong></span> <span class='ocrx_word' id='word_1_30' title='bbox 1639 542 1816 580; x_wconf 87' lang='lat' dir='ltr'><strong><em>sacer-</em></strong></span> 
     </span>
    </p>
   </div>
   <div class='ocr_carea' id='block_1_6' title="bbox 216 617 1816 690">
    <p class='ocr_par' dir='ltr' id='par_1_6' title="bbox 216 617 1816 690">
     <span class='ocr_line' id='line_1_6' title="bbox 216 617 1816 690; baseline 0.002 -22"><span class='ocrx_word' id='word_1_31' title='bbox 216 617 626 686; x_wconf 85' lang='lat' dir='ltr'><strong><em>dotumjudicio</em></strong></span> <span class='ocrx_word' id='word_1_32' title='bbox 658 619 1031 681; x_wconf 88' lang='lat' dir='ltr'><strong><em>constitutum,</em></strong></span> <span class='ocrx_word' id='word_1_33' title='bbox 1056 634 1118 670; x_wconf 89' lang='lat' dir='ltr'><strong><em>ne</em></strong></span> <span class='ocrx_word' id='word_1_34' title='bbox 1142 619 1395 690; x_wconf 86' lang='lat' dir='ltr'><strong><em>indignus</em></strong></span> <span class='ocrx_word' id='word_1_35' title='bbox 1442 627 1629 672; x_wconf 89' lang='lat' dir='ltr'><strong><em>temere</em></strong></span> <span class='ocrx_word' id='word_1_36' title='bbox 1658 634 1816 672; x_wconf 84' lang='lat' dir='ltr'><strong><em>usur-</em></strong></span> 
     </span>
    </p>
   </div>
   <div class='ocr_carea' id='block_1_7' title="bbox 214 710 1212 775">
    <p class='ocr_par' dir='ltr' id='par_1_7' title="bbox 214 710 1212 775">
     <span class='ocr_line' id='line_1_7' title="bbox 214 710 1212 775; baseline 0.002 -15"><span class='ocrx_word' id='word_1_37' title='bbox 214 719 396 775; x_wconf 85' lang='lat' dir='ltr'><strong><em>paret,</em></strong></span> <span class='ocrx_word' id='word_1_38' title='bbox 426 721 476 764; x_wconf 90' lang='lat' dir='ltr'><strong><em>et</em></strong></span> <span class='ocrx_word' id='word_1_39' title='bbox 499 720 633 764; x_wconf 80' lang='lat' dir='ltr'><strong><em>esset</em></strong></span> <span class='ocrx_word' id='word_1_40' title='bbox 657 710 843 764; x_wconf 90' lang='lat' dir='ltr'><strong><em>multis</em></strong></span> <span class='ocrx_word' id='word_1_41' title='bbox 872 710 1212 763; x_wconf 78' lang='lat' dir='ltr'><strong><em>scandalum.</em></strong></span> 
     </span>
    </p>
   </div>
   <div class='ocr_carea' id='block_1_8' title="bbox 290 801 1816 876">
    <p class='ocr_par' dir='ltr' id='par_1_8' title="bbox 290 801 1816 876">
     <span class='ocr_line' id='line_1_8' title="bbox 290 801 1816 876; baseline 0.003 -20"><span class='ocrx_word' id='word_1_42' title='bbox 290 803 402 857; x_wconf 86' lang='lat' dir='ltr'><strong><em>Sed</em></strong></span> <span class='ocrx_word' id='word_1_43' title='bbox 427 819 774 874; x_wconf 69' lang='lat' dir='ltr'><strong><em>quaecunque</em></strong></span> <span class='ocrx_word' id='word_1_44' title='bbox 804 803 876 858; x_wconf 92' lang='lat' dir='ltr'><strong><em>sit</em></strong></span> <span class='ocrx_word' id='word_1_45' title='bbox 911 802 1056 856; x_wconf 86' lang='lat' dir='ltr'><strong><em>inter</em></strong></span> <span class='ocrx_word' id='word_1_46' title='bbox 1088 801 1482 874; x_wconf 85' lang='lat' dir='ltr'><strong><em>Hieronymum</em></strong></span> <span class='ocrx_word' id='word_1_47' title='bbox 1543 813 1600 859; x_wconf 89' lang='lat' dir='ltr'><strong><em>et</em></strong></span> <span class='ocrx_word' id='word_1_48' title='bbox 1647 804 1816 876; x_wconf 84' lang='lat' dir='ltr'><strong><em>Euty-</em></strong></span> 
     </span>
    </p>
   </div>
   <div class='ocr_carea' id='block_1_9' title="bbox 215 896 1815 965">
    <p class='ocr_par' dir='ltr' id='par_1_9' title="bbox 215 896 1815 965">
     <span class='ocr_line' id='line_1_9' title="bbox 215 896 1815 965; baseline 0.001 -15"><span class='ocrx_word' id='word_1_49' title='bbox 215 896 411 950; x_wconf 88' lang='lat' dir='ltr'><strong><em>chium</em></strong></span> <span class='ocrx_word' id='word_1_50' title='bbox 463 897 859 965; x_wconf 88' lang='lat' dir='ltr'><strong><em>discrepantia,</em></strong></span> <span class='ocrx_word' id='word_1_51' title='bbox 905 911 970 950; x_wconf 85' lang='lat' dir='ltr'><strong><em>ex</em></strong></span> <span class='ocrx_word' id='word_1_52' title='bbox 997 911 1212 950; x_wconf 88' lang='lat' dir='ltr'><strong><em>summa</em></strong></span> <span class='ocrx_word' id='word_1_53' title='bbox 1241 896 1318 950; x_wconf 85' lang='lat' dir='ltr'><strong><em>rei</em></strong></span> <span class='ocrx_word' id='word_1_54' title='bbox 1347 897 1419 950; x_wconf 87' lang='lat' dir='ltr'><strong><em>ita</em></strong></span> <span class='ocrx_word' id='word_1_55' title='bbox 1454 897 1699 964; x_wconf 87' lang='lat' dir='ltr'><strong><em>disputat</em></strong></span> <span class='ocrx_word' id='word_1_56' title='bbox 1731 898 1815 951; x_wconf 86' lang='lat' dir='ltr'><strong><em>vir</em></strong></span> 
     </span>
    </p>
   </div>
   <div class='ocr_carea' id='block_1_10' title="bbox 215 985 1812 1058">
    <p class='ocr_par' dir='ltr' id='par_1_10' title="bbox 215 985 1812 1058">
     <span class='ocr_line' id='line_1_10' title="bbox 215 985 1812 1058; baseline 0.002 -21"><span class='ocrx_word' id='word_1_57' title='bbox 215 986 614 1041; x_wconf 82' lang='lat' dir='ltr'><strong><em>doctissimus:</em></strong></span> <span class='ocrx_word' id='word_1_58' title='bbox 653 985 900 1056; x_wconf 86' lang='lat' dir='ltr'><strong><em>lgnatius</em></strong></span> <span class='ocrx_word' id='word_1_59' title='bbox 921 998 1074 1058; x_wconf 85' lang='lat' dir='ltr'><strong><em>negat</em></strong></span> <span class='ocrx_word' id='word_1_60' title='bbox 1103 989 1216 1042; x_wconf 91' lang='lat' dir='ltr'><strong><em>sine</em></strong></span> <span class='ocrx_word' id='word_1_61' title='bbox 1238 990 1480 1057; x_wconf 82' lang='lat' dir='ltr'><strong><em>episeopo</em></strong></span> <span class='ocrx_word' id='word_1_62' title='bbox 1519 990 1812 1058; x_wconf 78' lang='lat' dir='ltr'><strong><em>quidquam</em></strong></span> 
     </span>
    </p>
   </div>
   <div class='ocr_carea' id='block_1_11' title="bbox 216 1074 1813 1146">
    <p class='ocr_par' dir='ltr' id='par_1_11' title="bbox 216 1074 1813 1146">
     <span class='ocr_line' id='line_1_11' title="bbox 216 1074 1813 1146; baseline 0.003 -20"><span class='ocrx_word' id='word_1_63' title='bbox 216 1074 552 1143; x_wconf 84' lang='lat' dir='ltr'><strong><em>faciendum.</em></strong></span> <span class='ocrx_word' id='word_1_64' title='bbox 595 1076 753 1144; x_wconf 78' lang='lat' dir='ltr'><strong><em>Apud</em></strong></span> <span class='ocrx_word' id='word_1_65' title='bbox 778 1077 1162 1129; x_wconf 74' lang='lat' dir='ltr'><strong><em>Alexandriam</em></strong></span> <span class='ocrx_word' id='word_1_66' title='bbox 1185 1079 1496 1146; x_wconf 78' lang='lat' dir='ltr'><strong><em>presbyteri,</em></strong></span> <span class='ocrx_word' id='word_1_67' title='bbox 1545 1078 1658 1130; x_wconf 85' lang='lat' dir='ltr'><strong><em>sine</em></strong></span> <span class='ocrx_word' id='word_1_68' title='bbox 1702 1079 1813 1142; x_wconf 87' lang='lat' dir='ltr'><strong><em>epi-</em></strong></span> 
     </span>
    </p>
   </div>
   <div class='ocr_carea' id='block_1_12' title="bbox 213 1169 1808 1239">
    <p class='ocr_par' dir='ltr' id='par_1_12' title="bbox 213 1169 1808 1239">
     <span class='ocr_line' id='line_1_12' title="bbox 213 1169 1808 1239; baseline 0.003 -22"><span class='ocrx_word' id='word_1_69' title='bbox 213 1181 399 1232; x_wconf 82' lang='lat' dir='ltr'><strong><em>scopo,</em></strong></span> <span class='ocrx_word' id='word_1_70' title='bbox 461 1183 562 1218; x_wconf 90' lang='lat' dir='ltr'><strong><em>non</em></strong></span> <span class='ocrx_word' id='word_1_71' title='bbox 604 1176 813 1220; x_wconf 90' lang='lat' dir='ltr'><strong><em>tantum</em></strong></span> <span class='ocrx_word' id='word_1_72' title='bbox 861 1169 1246 1239; x_wconf 84' lang='lat' dir='ltr'><strong><em>presbyterum,</em></strong></span> <span class='ocrx_word' id='word_1_73' title='bbox 1293 1170 1381 1222; x_wconf 87' lang='lat' dir='ltr'><strong><em>sed</em></strong></span> <span class='ocrx_word' id='word_1_74' title='bbox 1429 1171 1611 1231; x_wconf 86' lang='lat' dir='ltr'><strong><em>etiam,</em></strong></span> <span class='ocrx_word' id='word_1_75' title='bbox 1671 1171 1808 1239; x_wconf 87' lang='lat' dir='ltr'><strong><em>quod</em></strong></span> 
     </span>
    </p>
   </div>
   <div class='ocr_carea' id='block_1_13' title="bbox 212 1260 1811 1330">
    <p class='ocr_par' dir='ltr' id='par_1_13' title="bbox 212 1260 1811 1330">
     <span class='ocr_line' id='line_1_13' title="bbox 212 1260 1811 1330; baseline 0.003 -21"><span class='ocrx_word' id='word_1_76' title='bbox 212 1260 919 1326; x_wconf 70' lang='lat' dir='ltr'><strong><em>maximum,patriarcltam</em></strong></span> <span class='ocrx_word' id='word_1_77' title='bbox 951 1262 1180 1329; x_wconf 78' lang='lat' dir='ltr'><strong><em>faciunt.</em></strong></span> <span class='ocrx_word' id='word_1_78' title='bbox 1238 1261 1474 1315; x_wconf 68' lang='lat' dir='ltr'><strong><em>Nescit&#39;it</em></strong></span> <span class='ocrx_word' id='word_1_79' title='bbox 1525 1278 1646 1330; x_wconf 81' lang='lat' dir='ltr'><strong><em>ergo</em></strong></span> <span class='ocrx_word' id='word_1_80' title='bbox 1687 1263 1811 1314; x_wconf 84' lang='lat' dir='ltr'><strong><em>Ale-</em></strong></span> 
     </span>
    </p>
   </div>
   <div class='ocr_carea' id='block_1_14' title="bbox 213 1351 1805 1422">
    <p class='ocr_par' dir='ltr' id='par_1_14' title="bbox 213 1351 1805 1422">
     <span class='ocr_line' id='line_1_14' title="bbox 213 1351 1805 1422; baseline 0.004 -20"><span class='ocrx_word' id='word_1_81' title='bbox 213 1351 452 1402; x_wconf 63' lang='lat' dir='ltr'><strong><em>xandria</em></strong></span> <span class='ocrx_word' id='word_1_82' title='bbox 510 1354 840 1404; x_wconf 88' lang='lat' dir='ltr'><strong><em>contrarium</em></strong></span> <span class='ocrx_word' id='word_1_83' title='bbox 893 1371 1048 1406; x_wconf 86' lang='lat' dir='ltr'><strong><em>usum</em></strong></span> <span class='ocrx_word' id='word_1_84' title='bbox 1123 1371 1235 1408; x_wconf 87' lang='lat' dir='ltr'><strong><em>esse</em></strong></span> <span class='ocrx_word' id='word_1_85' title='bbox 1274 1371 1388 1408; x_wconf 86' lang='lat' dir='ltr'><strong><em>vere</em></strong></span> <span class='ocrx_word' id='word_1_86' title='bbox 1433 1355 1805 1422; x_wconf 87' lang='lat' dir='ltr'><strong><em>apostolicum.</em></strong></span> 
     </span>
    </p>
   </div>
   <div class='ocr_carea' id='block_1_15' title="bbox 214 1439 1592 1513">
    <p class='ocr_par' dir='ltr' id='par_1_15' title="bbox 214 1439 1592 1513">
     <span class='ocr_line' id='line_1_15' title="bbox 214 1439 1592 1513; baseline 0.005 -19"><span class='ocrx_word' id='word_1_87' title='bbox 214 1439 500 1511; x_wconf 83' lang='lat' dir='ltr'><strong><em>Ignatium</em></strong></span> <span class='ocrx_word' id='word_1_88' title='bbox 525 1461 648 1513; x_wconf 84' lang='lat' dir='ltr'><strong><em>ergo</em></strong></span> <span class='ocrx_word' id='word_1_89' title='bbox 673 1446 1009 1513; x_wconf 86' lang='lat' dir='ltr'><strong><em>epistolicum</em></strong></span> <span class='ocrx_word' id='word_1_90' title='bbox 1034 1458 1218 1500; x_wconf 89' lang='lat' dir='ltr'><strong><em>notum</em></strong></span> <span class='ocrx_word' id='word_1_91' title='bbox 1252 1464 1354 1500; x_wconf 88' lang='lat' dir='ltr'><strong><em>non</em></strong></span> <span class='ocrx_word' id='word_1_92' title='bbox 1386 1448 1592 1501; x_wconf 80' lang='lat' dir='ltr'><strong><em>habuit.</em></strong></span> 
     </span>
    </p>
   </div>
   <div class='ocr_carea' id='block_1_16' title="bbox 287 1533 1804 1605">
    <p class='ocr_par' dir='ltr' id='par_1_16' title="bbox 287 1533 1804 1605">
     <span class='ocr_line' id='line_1_16' title="bbox 287 1533 1804 1605; baseline 0.005 -19"><span class='ocrx_word' id='word_1_93' title='bbox 287 1533 620 1604; x_wconf 62' lang='lat' dir='ltr'><strong><em>Respondet)</em></strong></span> <span class='ocrx_word' id='word_1_94' title='bbox 646 1537 845 1605; x_wconf 87' lang='lat' dir='ltr'><strong><em>primo,</em></strong></span> <span class='ocrx_word' id='word_1_95' title='bbox 875 1537 1281 1592; x_wconf 86' lang='lat' dir='ltr'><strong><em>Hammondum</em></strong></span> <span class='ocrx_word' id='word_1_96' title='bbox 1323 1547 1574 1592; x_wconf 87' lang='lat' dir='ltr'><strong><em>nostrum</em></strong></span> <span class='ocrx_word' id='word_1_97' title='bbox 1607 1539 1804 1594; x_wconf 88' lang='lat' dir='ltr'><strong><em>disser.</em></strong></span> 
     </span>
    </p>
   </div>
   <div class='ocr_carea' id='block_1_17' title="bbox 209 1622 1809 1696">
    <p class='ocr_par' dir='ltr' id='par_1_17' title="bbox 209 1622 1809 1696">
     <span class='ocr_line' id='line_1_17' title="bbox 209 1622 1809 1696; baseline 0.005 -20"><span class='ocrx_word' id='word_1_98' title='bbox 209 1622 266 1684; x_wconf 76' lang='lat'><strong><em>3,</em></strong></span> <span class='ocrx_word' id='word_1_99' title='bbox 300 1639 426 1692; x_wconf 85' lang='lat' dir='ltr'><strong><em>cap.</em></strong></span> <span class='ocrx_word' id='word_1_100' title='bbox 464 1624 552 1688; x_wconf 70' lang='lat'><strong><em>10,</em></strong></span> <span class='ocrx_word' id='word_1_101' title='bbox 593 1625 720 1679; x_wconf 87' lang='lat' dir='ltr'><strong><em>huic</em></strong></span> <span class='ocrx_word' id='word_1_102' title='bbox 753 1627 857 1696; x_wconf 88' lang='lat' dir='ltr'><strong><em>ipsi</em></strong></span> <span class='ocrx_word' id='word_1_103' title='bbox 883 1638 1207 1696; x_wconf 78' lang='lat' dir='ltr'><strong><em>argumento</em></strong></span> <span class='ocrx_word' id='word_1_104' title='bbox 1240 1643 1270 1681; x_wconf 89' lang='lat' dir='ltr'><strong><em>a</em></strong></span> <span class='ocrx_word' id='word_1_105' title='bbox 1298 1627 1580 1682; x_wconf 91' lang='lat' dir='ltr'><strong><em>Blondello</em></strong></span> <span class='ocrx_word' id='word_1_106' title='bbox 1611 1646 1675 1683; x_wconf 83' lang='lat' dir='ltr'><strong><em>ex</em></strong></span> <span class='ocrx_word' id='word_1_107' title='bbox 1707 1629 1809 1685; x_wconf 86' lang='lat' dir='ltr'><strong><em>Eu-</em></strong></span> 
     </span>
    </p>
   </div>
   <div class='ocr_carea' id='block_1_18' title="bbox 207 1715 1801 1790">
    <p class='ocr_par' dir='ltr' id='par_1_18' title="bbox 207 1715 1801 1790">
     <span class='ocr_line' id='line_1_18' title="bbox 207 1715 1801 1790; baseline 0.006 -24"><span class='ocrx_word' id='word_1_108' title='bbox 207 1715 384 1783; x_wconf 78' lang='lat' dir='ltr'><strong><em>tychii</em></strong></span> <span class='ocrx_word' id='word_1_109' title='bbox 419 1717 726 1771; x_wconf 81' lang='lat' dir='ltr'><strong><em>Annalibus</em></strong></span> <span class='ocrx_word' id='word_1_110' title='bbox 748 1719 1037 1788; x_wconf 86' lang='lat' dir='ltr'><strong><em>desumpto</em></strong></span> <span class='ocrx_word' id='word_1_111' title='bbox 1069 1735 1179 1772; x_wconf 91' lang='lat' dir='ltr'><strong><em>non</em></strong></span> <span class='ocrx_word' id='word_1_112' title='bbox 1211 1721 1404 1788; x_wconf 87' lang='lat' dir='ltr'><strong><em>paucis</em></strong></span> <span class='ocrx_word' id='word_1_113' title='bbox 1431 1721 1801 1790; x_wconf 75' lang='lat' dir='ltr'><strong><em>respondisse,</em></strong></span> 
     </span>
    </p>
   </div>
   <div class='ocr_carea' id='block_1_19' title="bbox 1915 525 3498 595">
    <p class='ocr_par' dir='ltr' id='par_1_19' title="bbox 1915 525 3498 595">
     <span class='ocr_line' id='line_1_19' title="bbox 1915 525 3498 595; baseline 0.003 -17"><span class='ocrx_word' id='word_1_114' title='bbox 1915 525 2176 595; x_wconf 88' lang='lat' dir='ltr'><strong><em>episeopo</em></strong></span> <span class='ocrx_word' id='word_1_115' title='bbox 2227 527 2583 593; x_wconf 83' lang='lat' dir='ltr'><strong><em>contulerint,</em></strong></span> <span class='ocrx_word' id='word_1_116' title='bbox 2644 527 2911 581; x_wconf 91' lang='lat' dir='ltr'><strong><em>incertum</em></strong></span> <span class='ocrx_word' id='word_1_117' title='bbox 2951 535 3062 581; x_wconf 91' lang='lat' dir='ltr'><strong><em>est:</em></strong></span> <span class='ocrx_word' id='word_1_118' title='bbox 3109 525 3174 580; x_wconf 92' lang='lat' dir='ltr'><strong><em>In</em></strong></span> <span class='ocrx_word' id='word_1_119' title='bbox 3221 527 3498 582; x_wconf 74' lang='lat' dir='ltr'><strong><em>excelsiori</em></strong></span> 
     </span>
    </p>
   </div>
   <div class='ocr_carea' id='block_1_20' title="bbox 1914 617 3498 690">
    <p class='ocr_par' dir='ltr' id='par_1_20' title="bbox 1914 617 3498 690">
     <span class='ocr_line' id='line_1_20' title="bbox 1914 617 3498 690; baseline 0.004 -23"><span class='ocrx_word' id='word_1_120' title='bbox 1914 617 2085 686; x_wconf 86' lang='lat' dir='ltr'><strong><em>gradu</em></strong></span> <span class='ocrx_word' id='word_1_121' title='bbox 2144 618 2463 672; x_wconf 88' lang='lat' dir='ltr'><strong><em>collocatum</em></strong></span> <span class='ocrx_word' id='word_1_122' title='bbox 2528 621 2829 688; x_wconf 79' lang='lat' dir='ltr'><strong><em>episcopum</em></strong></span> <span class='ocrx_word' id='word_1_123' title='bbox 2887 619 3254 683; x_wconf 83' lang='lat' dir='ltr'><strong><em>nominabant,</em></strong></span> <span class='ocrx_word' id='word_1_124' title='bbox 3317 621 3498 690; x_wconf 78' lang='lat' dir='ltr'><strong><em>inquit</em></strong></span> 
     </span>
    </p>
   </div>
   <div class='ocr_carea' id='block_1_21' title="bbox 1915 706 3499 780">
    <p class='ocr_par' dir='ltr' id='par_1_21' title="bbox 1915 706 3499 780">
     <span class='ocr_line' id='line_1_21' title="bbox 1915 706 3499 780; baseline 0.003 -20"><span class='ocrx_word' id='word_1_125' title='bbox 1915 706 2302 780; x_wconf 85' lang='lat' dir='ltr'><strong><em>Hieronymus.</em></strong></span> <span class='ocrx_word' id='word_1_126' title='bbox 2334 707 2413 763; x_wconf 84' lang='lat' dir='ltr'><strong><em>Ex</em></strong></span> <span class='ocrx_word' id='word_1_127' title='bbox 2452 717 2563 764; x_wconf 90' lang='lat' dir='ltr'><strong><em>tam</em></strong></span> <span class='ocrx_word' id='word_1_128' title='bbox 2598 707 3159 780; x_wconf 74' lang='lat' dir='ltr'><strong><em>generalibus&#39;verbis</em></strong></span> <span class='ocrx_word' id='word_1_129' title='bbox 3184 710 3314 780; x_wconf 90' lang='lat' dir='ltr'><strong><em>quid</em></strong></span> <span class='ocrx_word' id='word_1_130' title='bbox 3359 726 3499 780; x_wconf 53' lang='lat' dir='ltr'><strong><em>pra.~</em></strong></span> 
     </span>
    </p>
   </div>
   <div class='ocr_carea' id='block_1_22' title="bbox 1914 797 3493 870">
    <p class='ocr_par' dir='ltr' id='par_1_22' title="bbox 1914 797 3493 870">
     <span class='ocr_line' id='line_1_22' title="bbox 1914 797 3493 870; baseline 0.004 -21"><span class='ocrx_word' id='word_1_131' title='bbox 1914 803 1999 849; x_wconf 86' lang='lat' dir='ltr'><strong><em>ter</em></strong></span> <span class='ocrx_word' id='word_1_132' title='bbox 2021 797 2344 852; x_wconf 84' lang='lat' dir='ltr'><strong><em>electionem</em></strong></span> <span class='ocrx_word' id='word_1_133' title='bbox 2372 798 2736 853; x_wconf 89' lang='lat' dir='ltr'><strong><em>determinate</em></strong></span> <span class='ocrx_word' id='word_1_134' title='bbox 2784 799 2988 854; x_wconf 81' lang='lat' dir='ltr'><strong><em>factum</em></strong></span> <span class='ocrx_word' id='word_1_135' title='bbox 3021 800 3092 854; x_wconf 92' lang='lat' dir='ltr'><strong><em>sit</em></strong></span> <span class='ocrx_word' id='word_1_136' title='bbox 3122 801 3348 870; x_wconf 91' lang='lat' dir='ltr'><strong><em>intelligi</em></strong></span> <span class='ocrx_word' id='word_1_137' title='bbox 3382 815 3493 855; x_wconf 92' lang='lat' dir='ltr'><strong><em>non</em></strong></span> 
     </span>
    </p>
   </div>
   <div class='ocr_carea' id='block_1_23' title="bbox 1913 886 3496 959">
    <p class='ocr_par' dir='ltr' id='par_1_23' title="bbox 1913 886 3496 959">
     <span class='ocr_line' id='line_1_23' title="bbox 1913 886 3496 959; baseline 0.006 -22"><span class='ocrx_word' id='word_1_138' title='bbox 1913 895 2112 954; x_wconf 80' lang='lat' dir='ltr'><strong><em>potest.</em></strong></span> <span class='ocrx_word' id='word_1_139' title='bbox 2149 886 2448 958; x_wconf 86' lang='lat' dir='ltr'><strong><em>Eutychius</em></strong></span> <span class='ocrx_word' id='word_1_140' title='bbox 2477 888 2649 954; x_wconf 88' lang='lat' dir='ltr'><strong><em>addit,</em></strong></span> <span class='ocrx_word' id='word_1_141' title='bbox 2684 890 2904 944; x_wconf 90' lang='lat' dir='ltr'><strong><em>eosdem</em></strong></span> <span class='ocrx_word' id='word_1_142' title='bbox 2933 889 3099 959; x_wconf 84' lang='lat' dir='ltr'><strong><em>capiti</em></strong></span> <span class='ocrx_word' id='word_1_143' title='bbox 3152 891 3496 958; x_wconf 69' lang='lat' dir='ltr'><strong><em>ejus’manus</em></strong></span> 
     </span>
    </p>
   </div>
   <div class='ocr_carea' id='block_1_24' title="bbox 1913 977 3493 1050">
    <p class='ocr_par' dir='ltr' id='par_1_24' title="bbox 1913 977 3493 1050">
     <span class='ocr_line' id='line_1_24' title="bbox 1913 977 3493 1050; baseline 0.006 -20"><span class='ocrx_word' id='word_1_144' title='bbox 1913 977 2268 1046; x_wconf 88' lang='lat' dir='ltr'><strong><em>imposuisse,</em></strong></span> <span class='ocrx_word' id='word_1_145' title='bbox 2314 980 2678 1047; x_wconf 81' lang='lat' dir='ltr'><strong><em>benedixisse,</em></strong></span> <span class='ocrx_word' id='word_1_146' title='bbox 2726 989 2781 1034; x_wconf 88' lang='lat' dir='ltr'><strong><em>et</em></strong></span> <span class='ocrx_word' id='word_1_147' title='bbox 2843 981 3211 1050; x_wconf 87' lang='lat' dir='ltr'><strong><em>patriarcham</em></strong></span> <span class='ocrx_word' id='word_1_148' title='bbox 3255 998 3493 1040; x_wconf 84' lang='lat' dir='ltr'><strong><em>creasse.</em></strong></span> 
     </span>
    </p>
   </div>
   <div class='ocr_carea' id='block_1_25' title="bbox 1870 1069 3495 1160">
    <p class='ocr_par' dir='ltr' id='par_1_25' title="bbox 1870 1069 3495 1160">
     <span class='ocr_line' id='line_1_25' title="bbox 1870 1069 3495 1160; baseline 0.007 -37"><span class='ocrx_word' id='word_1_149' title='bbox 1870 1069 2019 1160; x_wconf 38' lang='lat' dir='ltr'><strong><em>“Sed</em></strong></span> <span class='ocrx_word' id='word_1_150' title='bbox 2072 1069 2402 1141; x_wconf 88' lang='lat' dir='ltr'><strong><em>Eutychium</em></strong></span> <span class='ocrx_word' id='word_1_151' title='bbox 2472 1088 2540 1127; x_wconf 82' lang='lat' dir='ltr'><strong><em>ex</em></strong></span> <span class='ocrx_word' id='word_1_152' title='bbox 2601 1089 2755 1128; x_wconf 90' lang='lat' dir='ltr'><strong><em>more</em></strong></span> <span class='ocrx_word' id='word_1_153' title='bbox 2825 1074 2912 1127; x_wconf 91' lang='lat' dir='ltr'><strong><em>sui</em></strong></span> <span class='ocrx_word' id='word_1_154' title='bbox 2982 1077 3167 1130; x_wconf 76' lang='lat' dir='ltr'><strong><em>saeculi</em></strong></span> <span class='ocrx_word' id='word_1_155' title='bbox 3250 1079 3495 1134; x_wconf 86' lang='lat' dir='ltr'><strong><em>locutum</em></strong></span> 
     </span>
    </p>
   </div>
   <div class='ocr_carea' id='block_1_26' title="bbox 1912 1162 3496 1241">
    <p class='ocr_par' dir='ltr' id='par_1_26' title="bbox 1912 1162 3496 1241">
     <span class='ocr_line' id='line_1_26' title="bbox 1912 1162 3496 1241; baseline 0.007 -26"><span class='ocrx_word' id='word_1_156' title='bbox 1912 1162 2112 1226; x_wconf 86' lang='lat' dir='ltr'><strong><em>fuisse,</em></strong></span> <span class='ocrx_word' id='word_1_157' title='bbox 2145 1164 2380 1218; x_wconf 87' lang='lat' dir='ltr'><strong><em>dubitari</em></strong></span> <span class='ocrx_word' id='word_1_158' title='bbox 2415 1181 2522 1218; x_wconf 92' lang='lat' dir='ltr'><strong><em>non</em></strong></span> <span class='ocrx_word' id='word_1_159' title='bbox 2556 1174 2752 1234; x_wconf 86' lang='lat' dir='ltr'><strong><em>potest.</em></strong></span> <span class='ocrx_word' id='word_1_160' title='bbox 2809 1164 3144 1223; x_wconf 70' lang='lat' dir='ltr'><strong><em>Patriarchze</em></strong></span> <span class='ocrx_word' id='word_1_161' title='bbox 3189 1172 3334 1224; x_wconf 90' lang='lat' dir='ltr'><strong><em>enim</em></strong></span> <span class='ocrx_word' id='word_1_162' title='bbox 3383 1172 3496 1241; x_wconf 90' lang='lat' dir='ltr'><strong><em>pri-</em></strong></span> 
     </span>
    </p>
   </div>
   <div class='ocr_carea' id='block_1_27' title="bbox 1911 1252 3496 1327">
    <p class='ocr_par' dir='ltr' id='par_1_27' title="bbox 1911 1252 3496 1327">
     <span class='ocr_line' id='line_1_27' title="bbox 1911 1252 3496 1327; baseline 0.006 -20"><span class='ocrx_word' id='word_1_163' title='bbox 1911 1253 2099 1308; x_wconf 69' lang='lat' dir='ltr'><strong><em>maavis</em></strong></span> <span class='ocrx_word' id='word_1_164' title='bbox 2138 1252 2395 1309; x_wconf 65' lang='lat' dir='ltr'><strong><em>Ecclesiae</em></strong></span> <span class='ocrx_word' id='word_1_165' title='bbox 2423 1256 2806 1311; x_wconf 69' lang='lat' dir='ltr'><strong><em>Alexandrinae</em></strong></span> <span class='ocrx_word' id='word_1_166' title='bbox 2835 1260 3178 1327; x_wconf 87' lang='lat' dir='ltr'><strong><em>temporibus</em></strong></span> <span class='ocrx_word' id='word_1_167' title='bbox 3222 1263 3356 1317; x_wconf 89' lang='lat' dir='ltr'><strong><em>nulli</em></strong></span> <span class='ocrx_word' id='word_1_168' title='bbox 3405 1263 3496 1316; x_wconf 84' lang='lat' dir='ltr'><strong><em>in-</em></strong></span> 
     </span>
    </p>
   </div>
   <div class='ocr_carea' id='block_1_28' title="bbox 1910 1345 3494 1423">
    <p class='ocr_par' dir='ltr' id='par_1_28' title="bbox 1910 1345 3494 1423">
     <span class='ocr_line' id='line_1_28' title="bbox 1910 1345 3494 1423; baseline 0.008 -25"><span class='ocrx_word' id='word_1_169' title='bbox 1910 1354 1994 1400; x_wconf 90' lang='lat' dir='ltr'><strong><em>ter</em></strong></span> <span class='ocrx_word' id='word_1_170' title='bbox 2045 1345 2394 1401; x_wconf 86' lang='lat' dir='ltr'><strong><em>Christianos</em></strong></span> <span class='ocrx_word' id='word_1_171' title='bbox 2451 1347 2623 1403; x_wconf 80' lang='lat' dir='ltr'><strong><em>fuere.</em></strong></span> <span class='ocrx_word' id='word_1_172' title='bbox 2686 1350 2831 1403; x_wconf 87' lang='lat' dir='ltr'><strong><em>Idem</em></strong></span> <span class='ocrx_word' id='word_1_173' title='bbox 2877 1359 2990 1404; x_wconf 91' lang='lat' dir='ltr'><strong><em>tum</em></strong></span> <span class='ocrx_word' id='word_1_174' title='bbox 3041 1352 3108 1406; x_wconf 86' lang='lat' dir='ltr'><strong><em>de</em></strong></span> <span class='ocrx_word' id='word_1_175' title='bbox 3146 1354 3494 1423; x_wconf 62' lang='lat' dir='ltr'><strong><em>impositione</em></strong></span> 
     </span>
    </p>
   </div>
   <div class='ocr_carea' id='block_1_29' title="bbox 1909 1440 3489 1500">
    <p class='ocr_par' dir='ltr' id='par_1_29' title="bbox 1909 1440 3489 1500">
     <span class='ocr_line' id='line_1_29' title="bbox 1909 1440 3489 1500; baseline 0.004 -7"><span class='ocrx_word' id='word_1_176' title='bbox 1909 1455 2194 1497; x_wconf 86' lang='lat' dir='ltr'><strong><em>manuum,</em></strong></span> <span class='ocrx_word' id='word_1_177' title='bbox 2221 1449 2334 1492; x_wconf 90' lang='lat' dir='ltr'><strong><em>tum</em></strong></span> <span class='ocrx_word' id='word_1_178' title='bbox 2365 1440 2430 1493; x_wconf 93' lang='lat' dir='ltr'><strong><em>de</em></strong></span> <span class='ocrx_word' id='word_1_179' title='bbox 2463 1441 2837 1495; x_wconf 83' lang='lat' dir='ltr'><strong><em>benedictione</em></strong></span> <span class='ocrx_word' id='word_1_180' title='bbox 2877 1443 3043 1496; x_wconf 91' lang='lat' dir='ltr'><strong><em>sentit</em></strong></span> <span class='ocrx_word' id='word_1_181' title='bbox 3099 1442 3404 1500; x_wconf 88' lang='lat' dir='ltr'><strong><em>Salmasius</em></strong></span> <span class='ocrx_word' id='word_1_182' title='bbox 3435 1447 3489 1500; x_wconf 87' lang='lat' dir='ltr'><strong><em>in</em></strong></span> 
     </span>
    </p>
   </div>
   <div class='ocr_carea' id='block_1_30' title="bbox 1906 1529 3493 1602">
    <p class='ocr_par' dir='ltr' id='par_1_30' title="bbox 1906 1529 3493 1602">
     <span class='ocr_line' id='line_1_30' title="bbox 1906 1529 3493 1602; baseline 0.004 -19"><span class='ocrx_word' id='word_1_183' title='bbox 1906 1530 2183 1600; x_wconf 82' lang='lat' dir='ltr'><strong><em>Apparatu</em></strong></span> <span class='ocrx_word' id='word_1_184' title='bbox 2209 1546 2228 1582; x_wconf 89' lang='lat'><strong><em>:</em></strong></span> <span class='ocrx_word' id='word_1_185' title='bbox 2274 1529 2434 1591; x_wconf 88' lang='lat' dir='ltr'><strong><em>Puto,</em></strong></span> <span class='ocrx_word' id='word_1_186' title='bbox 2467 1531 2664 1600; x_wconf 85' lang='lat' dir='ltr'><strong><em>inquit,</em></strong></span> <span class='ocrx_word' id='word_1_187' title='bbox 2692 1531 3017 1602; x_wconf 84' lang='lat' dir='ltr'><strong><em>Eutycltium</em></strong></span> <span class='ocrx_word' id='word_1_188' title='bbox 3049 1535 3118 1587; x_wconf 88' lang='lat' dir='ltr'><strong><em>ad</em></strong></span> <span class='ocrx_word' id='word_1_189' title='bbox 3145 1551 3298 1588; x_wconf 88' lang='lat' dir='ltr'><strong><em>suam</em></strong></span> <span class='ocrx_word' id='word_1_190' title='bbox 3359 1546 3493 1590; x_wconf 75' lang='lat' dir='ltr'><strong><em>ceta-</em></strong></span> 
     </span>
    </p>
   </div>
   <div class='ocr_carea' id='block_1_31' title="bbox 1909 1621 3493 1694">
    <p class='ocr_par' dir='ltr' id='par_1_31' title="bbox 1909 1621 3493 1694">
     <span class='ocr_line' id='line_1_31' title="bbox 1909 1621 3493 1694; baseline 0.003 -20"><span class='ocrx_word' id='word_1_191' title='bbox 1909 1632 2012 1674; x_wconf 84' lang='lat' dir='ltr'><strong><em>tem</em></strong></span> <span class='ocrx_word' id='word_1_192' title='bbox 2034 1622 2339 1690; x_wconf 65' lang='lat' dir='ltr'><strong><em>respexisse,</em></strong></span> <span class='ocrx_word' id='word_1_193' title='bbox 2373 1638 2478 1691; x_wconf 86' lang='lat' dir='ltr'><strong><em>qua</em></strong></span> <span class='ocrx_word' id='word_1_194' title='bbox 2506 1621 2622 1690; x_wconf 83' lang='lat' dir='ltr'><strong><em>jam</em></strong></span> <span class='ocrx_word' id='word_1_195' title='bbox 2650 1622 2713 1674; x_wconf 89' lang='lat' dir='ltr'><strong><em>ab</em></strong></span> <span class='ocrx_word' id='word_1_196' title='bbox 2747 1622 3038 1676; x_wconf 71' lang='lat' dir='ltr'><strong><em>Alexandri</em></strong></span> <span class='ocrx_word' id='word_1_197' title='bbox 3065 1641 3225 1694; x_wconf 88' lang='lat' dir='ltr'><strong><em>usque</em></strong></span> <span class='ocrx_word' id='word_1_198' title='bbox 3255 1627 3493 1693; x_wconf 63' lang='lat' dir='ltr'><strong><em>patriar.</em></strong></span> 
     </span>
    </p>
   </div>
   <div class='ocr_carea' id='block_1_32' title="bbox 1907 1711 3488 1784">
    <p class='ocr_par' dir='ltr' id='par_1_32' title="bbox 1907 1711 3488 1784">
     <span class='ocr_line' id='line_1_32' title="bbox 1907 1711 3488 1784; baseline 0.003 -20"><span class='ocrx_word' id='word_1_199' title='bbox 1907 1711 2020 1765; x_wconf 79' lang='lat' dir='ltr'><strong><em>clue</em></strong></span> <span class='ocrx_word' id='word_1_200' title='bbox 2075 1722 2124 1766; x_wconf 90' lang='lat' dir='ltr'><strong><em>et</em></strong></span> <span class='ocrx_word' id='word_1_201' title='bbox 2180 1711 2390 1765; x_wconf 72' lang='grc' dir='ltr'><strong><em>Νίσαξηὶ</em></strong></span> <span class='ocrx_word' id='word_1_202' title='bbox 2428 1712 2640 1764; x_wconf 82' lang='lat' dir='ltr'><strong><em>concilii</em></strong></span> <span class='ocrx_word' id='word_1_203' title='bbox 2668 1711 2988 1782; x_wconf 83' lang='lat' dir='ltr'><strong><em>temporibus</em></strong></span> <span class='ocrx_word' id='word_1_204' title='bbox 3011 1715 3240 1782; x_wconf 89' lang='lat' dir='ltr'><strong><em>episcopi</em></strong></span> <span class='ocrx_word' id='word_1_205' title='bbox 3266 1715 3488 1784; x_wconf 87' lang='lat' dir='ltr'><strong><em>imposi-</em></strong></span> 
     </span>
    </p>
   </div>
   <div class='ocr_carea' id='block_1_33' title="bbox 209 1800 3488 1880">
    <p class='ocr_par' dir='ltr' id='par_1_33' title="bbox 209 1800 3488 1880">
     <span class='ocr_line' id='line_1_33' title="bbox 209 1800 3488 1880; baseline 0.003 -31"><span class='ocrx_word' id='word_1_206' title='bbox 209 1809 280 1860; x_wconf 65' lang='grc' dir='ltr'><strong><em>ευ]</em></strong></span> <span class='ocrx_word' id='word_1_207' title='bbox 317 1824 444 1877; x_wconf 60' lang='lat' dir='ltr'><strong><em>qua;</em></strong></span> <span class='ocrx_word' id='word_1_208' title='bbox 480 1809 619 1863; x_wconf 69' lang='lat' dir='ltr'><strong><em>nihil</em></strong></span> <span class='ocrx_word' id='word_1_209' title='bbox 678 1811 765 1865; x_wconf 64' lang='lat' dir='ltr'><strong><em>hic</em></strong></span> <span class='ocrx_word' id='word_1_210' title='bbox 817 1811 1031 1880; x_wconf 70' lang='grc' dir='ltr'><strong><em>τεροηίι</em></strong></span> <span class='ocrx_word' id='word_1_211' title='bbox 1066 1810 1320 1868; x_wconf 54' lang='lat' dir='ltr'><strong><em>balneus,</em></strong></span> <span class='ocrx_word' id='word_1_212' title='bbox 1375 1811 1550 1878; x_wconf 73' lang='lat' dir='ltr'><strong><em>Quam</em></strong></span> <span class='ocrx_word' id='word_1_213' title='bbox 1601 1814 1806 1868; x_wconf 74' lang='lat' dir='ltr'><strong><em>silemii</em></strong></span> <span class='ocrx_word' id='word_1_214' title='bbox 1839 1800 1882 1854; x_wconf 87' lang='grc' dir='ltr'><strong>Β</strong></span> <span class='ocrx_word' id='word_1_215' title='bbox 1912 1805 2052 1857; x_wconf 88' lang='lat' dir='ltr'><strong><em>tione</em></strong></span> <span class='ocrx_word' id='word_1_216' title='bbox 2084 1821 2336 1863; x_wconf 82' lang='lat' dir='ltr'><strong><em>manuum</em></strong></span> <span class='ocrx_word' id='word_1_217' title='bbox 2383 1807 2862 1870; x_wconf 78' lang='lat' dir='ltr'><strong><em>consecrabantur,</em></strong></span> <span class='ocrx_word' id='word_1_218' title='bbox 2911 1817 2961 1860; x_wconf 93' lang='lat' dir='ltr'><strong><em>et</em></strong></span> <span class='ocrx_word' id='word_1_219' title='bbox 3010 1807 3257 1859; x_wconf 85' lang='lat' dir='ltr'><strong><em>similiter</em></strong></span> <span class='ocrx_word' id='word_1_220' title='bbox 3299 1808 3488 1860; x_wconf 76' lang='lat' dir='ltr'><strong><em>existi-</em></strong></span> 
     </span>
    </p>
   </div>
   <div class='ocr_carea' id='block_1_34' title="bbox 206 1899 1808 1974">
    <p class='ocr_par' dir='ltr' id='par_1_34' title="bbox 206 1899 1808 1974">
     <span class='ocr_line' id='line_1_34' title="bbox 206 1899 1808 1974; baseline 0.007 -25"><span class='ocrx_word' id='word_1_221' title='bbox 206 1913 442 1965; x_wconf 47' lang='lat' dir='ltr'><strong><em>causam</em></strong></span> <span class='ocrx_word' id='word_1_222' title='bbox 471 1899 761 1966; x_wconf 80' lang='lat' dir='ltr'><strong><em>habuerit,</em></strong></span> <span class='ocrx_word' id='word_1_223' title='bbox 803 1902 1021 1963; x_wconf 87' lang='lat' dir='ltr'><strong><em>nescio;</em></strong></span> <span class='ocrx_word' id='word_1_224' title='bbox 1071 1903 1411 1972; x_wconf 82' lang='lat' dir='ltr'><strong><em>diligentiam</em></strong></span> <span class='ocrx_word' id='word_1_225' title='bbox 1465 1906 1656 1959; x_wconf 88' lang='lat' dir='ltr'><strong><em>saltem</em></strong></span> <span class='ocrx_word' id='word_1_226' title='bbox 1686 1906 1808 1974; x_wconf 83' lang='lat' dir='ltr'><strong><em>ejus</em></strong></span> 
     </span>
    </p>
   </div>
   <div class='ocr_carea' id='block_1_35' title="bbox 203 1990 1805 2064">
    <p class='ocr_par' dir='ltr' id='par_1_35' title="bbox 203 1990 1805 2064">
     <span class='ocr_line' id='line_1_35' title="bbox 203 1990 1805 2064; baseline 0.007 -24"><span class='ocrx_word' id='word_1_227' title='bbox 203 1990 432 2042; x_wconf 87' lang='lat' dir='ltr'><strong><em>solitam</em></strong></span> <span class='ocrx_word' id='word_1_228' title='bbox 462 1990 550 2045; x_wconf 85' lang='lat' dir='ltr'><strong><em>hic</em></strong></span> <span class='ocrx_word' id='word_1_229' title='bbox 573 1992 982 2048; x_wconf 86' lang='lat' dir='ltr'><strong><em>desideramus.</em></strong></span> <span class='ocrx_word' id='word_1_230' title='bbox 1007 1993 1335 2064; x_wconf 82' lang='lat' dir='ltr'><strong><em>Respondeo</em></strong></span> <span class='ocrx_word' id='word_1_231' title='bbox 1358 1997 1624 2061; x_wconf 84' lang='lat' dir='ltr'><strong><em>secundo,</em></strong></span> <span class='ocrx_word' id='word_1_232' title='bbox 1646 2013 1805 2052; x_wconf 90' lang='lat' dir='ltr'><strong><em>nsum</em></strong></span> 
     </span>
    </p>
   </div>
   <div class='ocr_carea' id='block_1_36' title="bbox 204 2079 1807 2158">
    <p class='ocr_par' dir='ltr' id='par_1_36' title="bbox 204 2079 1807 2158">
     <span class='ocr_line' id='line_1_36' title="bbox 204 2079 1807 2158; baseline 0.009 -27"><span class='ocrx_word' id='word_1_233' title='bbox 204 2079 360 2135; x_wconf 83' lang='lat' dir='ltr'><strong><em>hunc</em></strong></span> <span class='ocrx_word' id='word_1_234' title='bbox 385 2081 822 2138; x_wconf 78' lang='lat' dir='ltr'><strong><em>Alexandrinum</em></strong></span> <span class='ocrx_word' id='word_1_235' title='bbox 851 2128 866 2152; x_wconf 96' lang='lat'><strong><em>,</em></strong></span> <span class='ocrx_word' id='word_1_236' title='bbox 891 2087 1072 2155; x_wconf 89' lang='lat' dir='ltr'><strong><em>qualis</em></strong></span> <span class='ocrx_word' id='word_1_237' title='bbox 1099 2089 1278 2158; x_wconf 86' lang='lat' dir='ltr'><strong><em>qualis</em></strong></span> <span class='ocrx_word' id='word_1_238' title='bbox 1337 2087 1458 2154; x_wconf 78' lang='lat' dir='ltr'><strong><em>fuit,</em></strong></span> <span class='ocrx_word' id='word_1_239' title='bbox 1522 2106 1630 2143; x_wconf 90' lang='lat' dir='ltr'><strong><em>non</em></strong></span> <span class='ocrx_word' id='word_1_240' title='bbox 1683 2106 1807 2146; x_wconf 87' lang='lat' dir='ltr'><strong><em>esse</em></strong></span> 
     </span>
    </p>
   </div>
   <div class='ocr_carea' id='block_1_37' title="bbox 202 2171 1808 2245">
    <p class='ocr_par' dir='ltr' id='par_1_37' title="bbox 202 2171 1808 2245">
     <span class='ocr_line' id='line_1_37' title="bbox 202 2171 1808 2245; baseline 0.008 -21"><span class='ocrx_word' id='word_1_241' title='bbox 202 2171 521 2241; x_wconf 63' lang='lat' dir='ltr'><strong><em>disciplinae</em></strong></span> <span class='ocrx_word' id='word_1_242' title='bbox 543 2175 842 2242; x_wconf 68' lang='lat' dir='ltr'><strong><em>lgnatiana:</em></strong></span> <span class='ocrx_word' id='word_1_243' title='bbox 875 2179 1011 2232; x_wconf 90' lang='lat' dir='ltr'><strong><em>adeo</em></strong></span> <span class='ocrx_word' id='word_1_244' title='bbox 1045 2181 1410 2245; x_wconf 88' lang='lat' dir='ltr'><strong><em>contrarium,</em></strong></span> <span class='ocrx_word' id='word_1_245' title='bbox 1439 2189 1493 2234; x_wconf 83' lang='lat' dir='ltr'><strong><em>et</em></strong></span> <span class='ocrx_word' id='word_1_246' title='bbox 1516 2197 1580 2236; x_wconf 76' lang='lat' dir='ltr'><strong><em>ex</em></strong></span> <span class='ocrx_word' id='word_1_247' title='bbox 1598 2182 1808 2237; x_wconf 87' lang='lat' dir='ltr'><strong><em>diame-</em></strong></span> 
     </span>
    </p>
   </div>
   <div class='ocr_carea' id='block_1_38' title="bbox 204 2268 1803 2342">
    <p class='ocr_par' dir='ltr' id='par_1_38' title="bbox 204 2268 1803 2342">
     <span class='ocr_line' id='line_1_38' title="bbox 204 2268 1803 2342; baseline 0.008 -26"><span class='ocrx_word' id='word_1_248' title='bbox 204 2274 292 2317; x_wconf 86' lang='lat' dir='ltr'><strong><em>tro</em></strong></span> <span class='ocrx_word' id='word_1_249' title='bbox 323 2268 669 2334; x_wconf 87' lang='lat' dir='ltr'><strong><em>oppositum,</em></strong></span> <span class='ocrx_word' id='word_1_250' title='bbox 708 2278 768 2322; x_wconf 91' lang='lat' dir='ltr'><strong><em>ut</em></strong></span> <span class='ocrx_word' id='word_1_251' title='bbox 817 2269 944 2324; x_wconf 90' lang='lat' dir='ltr'><strong><em>inde</em></strong></span> <span class='ocrx_word' id='word_1_252' title='bbox 977 2271 1251 2340; x_wconf 81' lang='lat' dir='ltr'><strong><em>ignoratio</em></strong></span> <span class='ocrx_word' id='word_1_253' title='bbox 1289 2271 1483 2342; x_wconf 84' lang='lat' dir='ltr'><strong><em>Ignatii</em></strong></span> <span class='ocrx_word' id='word_1_254' title='bbox 1532 2275 1803 2342; x_wconf 84' lang='lat' dir='ltr'><strong><em>epistolici</em></strong></span> 
     </span>
    </p>
   </div>
   <div class='ocr_carea' id='block_1_39' title="bbox 203 2358 1807 2430">
    <p class='ocr_par' dir='ltr' id='par_1_39' title="bbox 203 2358 1807 2430">
     <span class='ocr_line' id='line_1_39' title="bbox 203 2358 1807 2430; baseline 0.003 -19"><span class='ocrx_word' id='word_1_255' title='bbox 203 2358 393 2428; x_wconf 75' lang='lat' dir='ltr'><strong><em>Culligi</em></strong></span> <span class='ocrx_word' id='word_1_256' title='bbox 429 2360 626 2427; x_wconf 82' lang='lat' dir='ltr'><strong><em>possit.</em></strong></span> <span class='ocrx_word' id='word_1_257' title='bbox 665 2359 915 2414; x_wconf 88' lang='lat' dir='ltr'><strong><em>Obtiuuit</em></strong></span> <span class='ocrx_word' id='word_1_258' title='bbox 947 2361 1094 2414; x_wconf 91' lang='lat' dir='ltr'><strong><em>enim</em></strong></span> <span class='ocrx_word' id='word_1_259' title='bbox 1127 2363 1183 2416; x_wconf 89' lang='lat' dir='ltr'><strong><em>in</em></strong></span> <span class='ocrx_word' id='word_1_260' title='bbox 1215 2364 1506 2418; x_wconf 82' lang='lat' dir='ltr'><strong><em>vacatione</em></strong></span> <span class='ocrx_word' id='word_1_261' title='bbox 1549 2364 1718 2430; x_wconf 87' lang='lat' dir='ltr'><strong><em>sedis,</em></strong></span> <span class='ocrx_word' id='word_1_262' title='bbox 1751 2373 1807 2417; x_wconf 90' lang='lat' dir='ltr'><strong><em>et</em></strong></span> 
     </span>
    </p>
   </div>
   <div class='ocr_carea' id='block_1_40' title="bbox 207 2450 1806 2525">
    <p class='ocr_par' dir='ltr' id='par_1_40' title="bbox 207 2450 1806 2525">
     <span class='ocr_line' id='line_1_40' title="bbox 207 2450 1806 2525; baseline 0.004 -21"><span class='ocrx_word' id='word_1_263' title='bbox 207 2450 276 2504; x_wconf 83' lang='lat' dir='ltr'><strong><em>ad</em></strong></span> <span class='ocrx_word' id='word_1_264' title='bbox 310 2450 643 2504; x_wconf 87' lang='lat' dir='ltr'><strong><em>electionem</em></strong></span> <span class='ocrx_word' id='word_1_265' title='bbox 672 2461 768 2505; x_wconf 87' lang='lat' dir='ltr'><strong><em>aut</em></strong></span> <span class='ocrx_word' id='word_1_266' title='bbox 799 2453 1196 2520; x_wconf 85' lang='lat' dir='ltr'><strong><em>promotionem</em></strong></span> <span class='ocrx_word' id='word_1_267' title='bbox 1229 2467 1441 2508; x_wconf 88' lang='lat' dir='ltr'><strong><em>tantum</em></strong></span> <span class='ocrx_word' id='word_1_268' title='bbox 1471 2476 1481 2507; x_wconf 89' lang='lat' dir='ltr'><strong><em>l</em></strong></span> <span class='ocrx_word' id='word_1_269' title='bbox 1509 2466 1683 2525; x_wconf 86' lang='lat' dir='ltr'><strong><em>pectat</em></strong></span> <span class='ocrx_word' id='word_1_270' title='bbox 1712 2475 1724 2509; x_wconf 91' lang='lat'><strong>:</strong></span> <span class='ocrx_word' id='word_1_271' title='bbox 1751 2465 1806 2510; x_wconf 90' lang='lat' dir='ltr'><strong><em>at</em></strong></span> 
     </span>
    </p>
   </div>
   <div class='ocr_carea' id='block_1_41' title="bbox 209 2542 1803 2616">
    <p class='ocr_par' dir='ltr' id='par_1_41' title="bbox 209 2542 1803 2616">
     <span class='ocr_line' id='line_1_41' title="bbox 209 2542 1803 2616; baseline 0.003 -20"><span class='ocrx_word' id='word_1_272' title='bbox 209 2543 276 2596; x_wconf 85' lang='lat' dir='ltr'><strong><em>de</em></strong></span> <span class='ocrx_word' id='word_1_273' title='bbox 301 2542 596 2596; x_wconf 87' lang='lat' dir='ltr'><strong><em>vacatione</em></strong></span> <span class='ocrx_word' id='word_1_274' title='bbox 648 2543 796 2597; x_wconf 85' lang='lat' dir='ltr'><strong><em>sedis</em></strong></span> <span class='ocrx_word' id='word_1_275' title='bbox 821 2586 836 2608; x_wconf 96' lang='lat'><strong><em>,</em></strong></span> <span class='ocrx_word' id='word_1_276' title='bbox 872 2545 939 2597; x_wconf 89' lang='lat' dir='ltr'><strong><em>de</em></strong></span> <span class='ocrx_word' id='word_1_277' title='bbox 984 2545 1274 2608; x_wconf 85' lang='lat' dir='ltr'><strong><em>electione,</em></strong></span> <span class='ocrx_word' id='word_1_278' title='bbox 1312 2557 1406 2600; x_wconf 91' lang='lat' dir='ltr'><strong><em>aut</em></strong></span> <span class='ocrx_word' id='word_1_279' title='bbox 1458 2548 1803 2616; x_wconf 79' lang='lat' dir='ltr'><strong><em>promotione</em></strong></span> 
     </span>
    </p>
   </div>
   <div class='ocr_carea' id='block_1_42' title="bbox 211 2637 1798 2710">
    <p class='ocr_par' dir='ltr' id='par_1_42' title="bbox 211 2637 1798 2710">
     <span class='ocr_line' id='line_1_42' title="bbox 211 2637 1798 2710; baseline 0.004 -22"><span class='ocrx_word' id='word_1_280' title='bbox 211 2638 457 2707; x_wconf 84' lang='lat' dir='ltr'><strong><em>episcopi</em></strong></span> <span class='ocrx_word' id='word_1_281' title='bbox 495 2638 632 2691; x_wconf 85' lang='lat' dir='ltr'><strong><em>nihil</em></strong></span> <span class='ocrx_word' id='word_1_282' title='bbox 660 2638 882 2707; x_wconf 90' lang='lat' dir='ltr'><strong><em>scripsit</em></strong></span> <span class='ocrx_word' id='word_1_283' title='bbox 907 2637 1166 2705; x_wconf 78' lang='lat' dir='ltr'><strong><em>Ignatins.</em></strong></span> <span class='ocrx_word' id='word_1_284' title='bbox 1196 2639 1516 2709; x_wconf 74' lang='lat' dir='ltr'><strong><em>Alloquitur</em></strong></span> <span class='ocrx_word' id='word_1_285' title='bbox 1538 2641 1798 2710; x_wconf 86' lang='lat' dir='ltr'><strong><em>populum</em></strong></span> 
     </span>
    </p>
   </div>
   <div class='ocr_carea' id='block_1_43' title="bbox 208 2730 1800 2802">
    <p class='ocr_par' dir='ltr' id='par_1_43' title="bbox 208 2730 1800 2802">
     <span class='ocr_line' id='line_1_43' title="bbox 208 2730 1800 2802; baseline 0.003 -19"><span class='ocrx_word' id='word_1_286' title='bbox 208 2730 866 2798; x_wconf 86' lang='lat' dir='ltr'><strong><em>Cbristianum,eumque</em></strong></span> <span class='ocrx_word' id='word_1_287' title='bbox 890 2730 955 2783; x_wconf 89' lang='lat' dir='ltr'><strong><em>ad</em></strong></span> <span class='ocrx_word' id='word_1_288' title='bbox 988 2731 1355 2784; x_wconf 87' lang='lat' dir='ltr'><strong><em>obedientiam</em></strong></span> <span class='ocrx_word' id='word_1_289' title='bbox 1378 2733 1655 2802; x_wconf 86' lang='lat' dir='ltr'><strong><em>episcopis</em></strong></span> <span class='ocrx_word' id='word_1_290' title='bbox 1683 2734 1800 2789; x_wconf 89' lang='lat' dir='ltr'><strong><em>suis</em></strong></span> 
     </span>
    </p>
   </div>
   <div class='ocr_carea' id='block_1_44' title="bbox 209 2823 1798 2893">
    <p class='ocr_par' dir='ltr' id='par_1_44' title="bbox 209 2823 1798 2893">
     <span class='ocr_line' id='line_1_44' title="bbox 209 2823 1798 2893; baseline 0.004 -17"><span class='ocrx_word' id='word_1_291' title='bbox 209 2823 314 2877; x_wconf 86' lang='lat' dir='ltr'><strong><em>sibi</em></strong></span> <span class='ocrx_word' id='word_1_292' title='bbox 360 2824 670 2893; x_wconf 60' lang='lat' dir='ltr'><strong><em>pra-positis</em></strong></span> <span class='ocrx_word' id='word_1_293' title='bbox 694 2825 1061 2891; x_wconf 62' lang='lat' dir='ltr'><strong><em>praestandam</em></strong></span> <span class='ocrx_word' id='word_1_294' title='bbox 1107 2825 1398 2889; x_wconf 89' lang='lat' dir='ltr'><strong><em>hortatur,</em></strong></span> <span class='ocrx_word' id='word_1_295' title='bbox 1448 2835 1503 2881; x_wconf 89' lang='lat' dir='ltr'><strong><em>et</em></strong></span> <span class='ocrx_word' id='word_1_296' title='bbox 1547 2829 1683 2882; x_wconf 90' lang='lat' dir='ltr'><strong><em>nihil</em></strong></span> <span class='ocrx_word' id='word_1_297' title='bbox 1743 2831 1798 2883; x_wconf 89' lang='lat' dir='ltr'><strong><em>in</em></strong></span> 
     </span>
    </p>
   </div>
   <div class='ocr_carea' id='block_1_45' title="bbox 206 2914 1794 2986">
    <p class='ocr_par' dir='ltr' id='par_1_45' title="bbox 206 2914 1794 2986">
     <span class='ocr_line' id='line_1_45' title="bbox 206 2914 1794 2986; baseline 0.006 -20"><span class='ocrx_word' id='word_1_298' title='bbox 206 2915 609 2968; x_wconf 85' lang='lat' dir='ltr'><strong><em>ecclesiasticis</em></strong></span> <span class='ocrx_word' id='word_1_299' title='bbox 646 2914 879 2983; x_wconf 85' lang='lat' dir='ltr'><strong><em>negotiis</em></strong></span> <span class='ocrx_word' id='word_1_300' title='bbox 916 2915 1035 2968; x_wconf 91' lang='lat' dir='ltr'><strong><em>sine</em></strong></span> <span class='ocrx_word' id='word_1_301' title='bbox 1093 2915 1202 2969; x_wconf 91' lang='lat' dir='ltr'><strong><em>illis</em></strong></span> <span class='ocrx_word' id='word_1_302' title='bbox 1235 2917 1503 2986; x_wconf 88' lang='lat' dir='ltr'><strong><em>agendum</em></strong></span> <span class='ocrx_word' id='word_1_303' title='bbox 1561 2932 1748 2974; x_wconf 88' lang='lat' dir='ltr'><strong><em>monet</em></strong></span> <span class='ocrx_word' id='word_1_304' title='bbox 1779 2939 1794 2986; x_wconf 89' lang='lat'><strong>;</strong></span> 
     </span>
    </p>
   </div>
   <div class='ocr_carea' id='block_1_46' title="bbox 207 3007 1798 3076">
    <p class='ocr_par' dir='ltr' id='par_1_46' title="bbox 207 3007 1798 3076">
     <span class='ocr_line' id='line_1_46' title="bbox 207 3007 1798 3076; baseline 0.005 -16"><span class='ocrx_word' id='word_1_305' title='bbox 207 3007 366 3075; x_wconf 85' lang='lat' dir='ltr'><strong><em>quid,</em></strong></span> <span class='ocrx_word' id='word_1_306' title='bbox 397 3007 661 3076; x_wconf 79' lang='lat' dir='ltr'><strong><em>episcopo</em></strong></span> <span class='ocrx_word' id='word_1_307' title='bbox 687 3008 972 3074; x_wconf 80' lang='lat' dir='ltr'><strong><em>defuncto,</em></strong></span> <span class='ocrx_word' id='word_1_308' title='bbox 1002 3008 1313 3063; x_wconf 80' lang='lat' dir='ltr'><strong><em>faciendum</em></strong></span> <span class='ocrx_word' id='word_1_309' title='bbox 1333 3012 1423 3074; x_wconf 92' lang='lat' dir='ltr'><strong><em>sit,</em></strong></span> <span class='ocrx_word' id='word_1_310' title='bbox 1458 3011 1684 3066; x_wconf 91' lang='lat' dir='ltr'><strong><em>minime</em></strong></span> <span class='ocrx_word' id='word_1_311' title='bbox 1698 3015 1798 3068; x_wconf 87' lang='lat' dir='ltr'><strong><em>do-</em></strong></span> 
     </span>
    </p>
   </div>
   <div class='ocr_carea' id='block_1_47' title="bbox 205 3097 1794 3172">
    <p class='ocr_par' dir='ltr' id='par_1_47' title="bbox 205 3097 1794 3172">
     <span class='ocr_line' id='line_1_47' title="bbox 205 3097 1794 3172; baseline 0.006 -24"><span class='ocrx_word' id='word_1_312' title='bbox 205 3105 312 3149; x_wconf 84' lang='lat' dir='ltr'><strong><em>cet.</em></strong></span> <span class='ocrx_word' id='word_1_313' title='bbox 349 3097 665 3166; x_wconf 81' lang='lat' dir='ltr'><strong><em>Alloquitur</em></strong></span> <span class='ocrx_word' id='word_1_314' title='bbox 687 3113 788 3152; x_wconf 90' lang='lat' dir='ltr'><strong><em>eos</em></strong></span> <span class='ocrx_word' id='word_1_315' title='bbox 816 3099 883 3152; x_wconf 92' lang='lat' dir='ltr'><strong><em>ad</em></strong></span> <span class='ocrx_word' id='word_1_316' title='bbox 913 3114 1054 3168; x_wconf 93' lang='lat' dir='ltr'><strong><em>quos</em></strong></span> <span class='ocrx_word' id='word_1_317' title='bbox 1090 3099 1284 3154; x_wconf 90' lang='lat' dir='ltr'><strong><em>scribit</em></strong></span> <span class='ocrx_word' id='word_1_318' title='bbox 1316 3102 1384 3155; x_wconf 91' lang='lat' dir='ltr'><strong><em>de</em></strong></span> <span class='ocrx_word' id='word_1_319' title='bbox 1414 3103 1686 3172; x_wconf 80' lang='lat' dir='ltr'><strong><em>episcOpis</em></strong></span> <span class='ocrx_word' id='word_1_320' title='bbox 1710 3105 1794 3157; x_wconf 92' lang='lat' dir='ltr'><strong><em>vi-</em></strong></span> 
     </span>
    </p>
   </div>
   <div class='ocr_carea' id='block_1_48' title="bbox 203 3191 1794 3259">
    <p class='ocr_par' dir='ltr' id='par_1_48' title="bbox 203 3191 1794 3259">
     <span class='ocr_line' id='line_1_48' title="bbox 203 3191 1794 3259; baseline 0.007 -18"><span class='ocrx_word' id='word_1_321' title='bbox 203 3191 488 3256; x_wconf 74' lang='lat' dir='ltr'><strong><em>ventibus,</em></strong></span> <span class='ocrx_word' id='word_1_322' title='bbox 521 3206 627 3244; x_wconf 91' lang='lat' dir='ltr'><strong><em>non</em></strong></span> <span class='ocrx_word' id='word_1_323' title='bbox 658 3191 725 3244; x_wconf 89' lang='lat' dir='ltr'><strong><em>de</em></strong></span> <span class='ocrx_word' id='word_1_324' title='bbox 751 3191 1004 3256; x_wconf 88' lang='lat' dir='ltr'><strong><em>mortuis,</em></strong></span> <span class='ocrx_word' id='word_1_325' title='bbox 1037 3193 1105 3246; x_wconf 91' lang='lat' dir='ltr'><strong><em>de</em></strong></span> <span class='ocrx_word' id='word_1_326' title='bbox 1129 3193 1266 3259; x_wconf 90' lang='lat' dir='ltr'><strong><em>suis,</em></strong></span> <span class='ocrx_word' id='word_1_327' title='bbox 1301 3209 1409 3246; x_wconf 89' lang='lat' dir='ltr'><strong><em>non</em></strong></span> <span class='ocrx_word' id='word_1_328' title='bbox 1459 3194 1526 3248; x_wconf 91' lang='lat' dir='ltr'><strong><em>de</em></strong></span> <span class='ocrx_word' id='word_1_329' title='bbox 1578 3196 1794 3252; x_wconf 80' lang='lat' dir='ltr'><strong><em>alienis.</em></strong></span> 
     </span>
    </p>
   </div>
   <div class='ocr_carea' id='block_1_49' title="bbox 208 3280 1792 3356">
    <p class='ocr_par' dir='ltr' id='par_1_49' title="bbox 208 3280 1792 3356">
     <span class='ocr_line' id='line_1_49' title="bbox 208 3280 1792 3356; baseline 0.005 -22"><span class='ocrx_word' id='word_1_330' title='bbox 208 3280 471 3349; x_wconf 81' lang='lat' dir='ltr'><strong><em>Seipsutn</em></strong></span> <span class='ocrx_word' id='word_1_331' title='bbox 524 3282 658 3335; x_wconf 78' lang='lat' dir='ltr'><strong><em>satis</em></strong></span> <span class='ocrx_word' id='word_1_332' title='bbox 689 3283 926 3352; x_wconf 78' lang='lat' dir='ltr'><strong><em>explicat</em></strong></span> <span class='ocrx_word' id='word_1_333' title='bbox 985 3283 1226 3352; x_wconf 83' lang='lat' dir='ltr'><strong><em>Epistula</em></strong></span> <span class='ocrx_word' id='word_1_334' title='bbox 1262 3285 1330 3337; x_wconf 91' lang='lat' dir='ltr'><strong><em>ad</em></strong></span> <span class='ocrx_word' id='word_1_335' title='bbox 1388 3283 1792 3356; x_wconf 84' lang='lat' dir='ltr'><strong><em>Smyrnenses:</em></strong></span> 
     </span>
    </p>
   </div>
   <div class='ocr_carea' id='block_1_50' title="bbox 207 3373 1794 3450">
    <p class='ocr_par' dir='ltr' id='par_1_50' title="bbox 207 3373 1794 3450">
     <span class='ocr_line' id='line_1_50' title="bbox 207 3373 1794 3450; baseline 0.007 -25"><span class='ocrx_word' id='word_1_336' title='bbox 207 3373 413 3427; x_wconf 77' lang='lat' dir='ltr'><strong><em>Nullus</em></strong></span> <span class='ocrx_word' id='word_1_337' title='bbox 457 3376 573 3427; x_wconf 85' lang='lat' dir='ltr'><strong><em>sine</em></strong></span> <span class='ocrx_word' id='word_1_338' title='bbox 632 3377 877 3444; x_wconf 89' lang='lat' dir='ltr'><strong><em>episcopo</em></strong></span> <span class='ocrx_word' id='word_1_339' title='bbox 933 3376 1138 3446; x_wconf 87' lang='lat' dir='ltr'><strong><em>aliquid</em></strong></span> <span class='ocrx_word' id='word_1_340' title='bbox 1186 3387 1430 3445; x_wconf 89' lang='lat' dir='ltr'><strong><em>operetur</em></strong></span> <span class='ocrx_word' id='word_1_341' title='bbox 1463 3395 1645 3433; x_wconf 85' lang='lat' dir='ltr'><strong><em>eorum</em></strong></span> <span class='ocrx_word' id='word_1_342' title='bbox 1673 3399 1794 3450; x_wconf 81' lang='lat' dir='ltr'><strong><em>qute</em></strong></span> 
     </span>
    </p>
   </div>
   <div class='ocr_carea' id='block_1_51' title="bbox 199 3467 1796 3540">
    <p class='ocr_par' dir='ltr' id='par_1_51' title="bbox 199 3467 1796 3540">
     <span class='ocr_line' id='line_1_51' title="bbox 199 3467 1796 3540; baseline 0.006 -22"><span class='ocrx_word' id='word_1_343' title='bbox 199 3468 520 3519; x_wconf 76' lang='lat' dir='ltr'><strong><em>conueniunt</em></strong></span> <span class='ocrx_word' id='word_1_344' title='bbox 549 3468 620 3519; x_wconf 88' lang='lat' dir='ltr'><strong><em>ad</em></strong></span> <span class='ocrx_word' id='word_1_345' title='bbox 644 3467 960 3529; x_wconf 84' lang='lat' dir='ltr'><strong><em>Ecclesiam,</em></strong></span> <span class='ocrx_word' id='word_1_346' title='bbox 999 3471 1147 3522; x_wconf 87' lang='lat' dir='ltr'><strong><em>verbi</em></strong></span> <span class='ocrx_word' id='word_1_347' title='bbox 1179 3471 1374 3538; x_wconf 83' lang='lat' dir='ltr'><strong><em>gratia,</em></strong></span> <span class='ocrx_word' id='word_1_348' title='bbox 1397 3471 1495 3524; x_wconf 87' lang='lat' dir='ltr'><strong><em>illa</em></strong></span> <span class='ocrx_word' id='word_1_349' title='bbox 1521 3473 1680 3540; x_wconf 76' lang='lat' dir='ltr'><strong><em>firma</em></strong></span> <span class='ocrx_word' id='word_1_350' title='bbox 1700 3474 1796 3527; x_wconf 84' lang='lat' dir='ltr'><strong><em>de-</em></strong></span> 
     </span>
    </p>
   </div>
   <div class='ocr_carea' id='block_1_52' title="bbox 198 3557 1794 3629">
    <p class='ocr_par' dir='ltr' id='par_1_52' title="bbox 198 3557 1794 3629">
     <span class='ocr_line' id='line_1_52' title="bbox 198 3557 1794 3629; baseline 0.006 -22"><span class='ocrx_word' id='word_1_351' title='bbox 198 3573 353 3608; x_wconf 72' lang='lat' dir='ltr'><strong><em>nsum</em></strong></span> <span class='ocrx_word' id='word_1_352' title='bbox 404 3557 733 3610; x_wconf 81' lang='lat' dir='ltr'><strong><em>eucltaristia</em></strong></span> <span class='ocrx_word' id='word_1_353' title='bbox 792 3571 1063 3625; x_wconf 81' lang='lat' dir='ltr'><strong><em>repntetnr</em></strong></span> <span class='ocrx_word' id='word_1_354' title='bbox 1091 3598 1106 3624; x_wconf 91' lang='lat'><strong><em>,</em></strong></span> <span class='ocrx_word' id='word_1_355' title='bbox 1145 3576 1263 3627; x_wconf 74' lang='lat' dir='ltr'><strong><em>quw</em></strong></span> <span class='ocrx_word' id='word_1_356' title='bbox 1298 3559 1392 3612; x_wconf 87' lang='lat' dir='ltr'><strong><em>sub</em></strong></span> <span class='ocrx_word' id='word_1_357' title='bbox 1423 3563 1538 3629; x_wconf 88' lang='lat' dir='ltr'><strong><em>ipso</em></strong></span> <span class='ocrx_word' id='word_1_358' title='bbox 1586 3572 1683 3627; x_wconf 90' lang='lat' dir='ltr'><strong><em>est,</em></strong></span> <span class='ocrx_word' id='word_1_359' title='bbox 1716 3563 1794 3617; x_wconf 83' lang='lat' dir='ltr'><strong><em>uel</em></strong></span> 
     </span>
    </p>
   </div>
   <div class='ocr_carea' id='block_1_53' title="bbox 199 3651 1793 3720">
    <p class='ocr_par' dir='ltr' id='par_1_53' title="bbox 199 3651 1793 3720">
     <span class='ocr_line' id='line_1_53' title="bbox 199 3651 1793 3720; baseline 0.006 -19"><span class='ocrx_word' id='word_1_360' title='bbox 199 3666 363 3717; x_wconf 80' lang='lat' dir='ltr'><strong><em>quam</em></strong></span> <span class='ocrx_word' id='word_1_361' title='bbox 391 3651 576 3719; x_wconf 81' lang='lat' dir='ltr'><strong><em>utique</em></strong></span> <span class='ocrx_word' id='word_1_362' title='bbox 603 3652 714 3720; x_wconf 88' lang='lat' dir='ltr'><strong><em>ipse</em></strong></span> <span class='ocrx_word' id='word_1_363' title='bbox 739 3654 1071 3704; x_wconf 83' lang='lat' dir='ltr'><strong><em>concesserit.</em></strong></span> <span class='ocrx_word' id='word_1_364' title='bbox 1133 3651 1255 3704; x_wconf 79' lang='lat' dir='ltr'><strong><em>Non</em></strong></span> <span class='ocrx_word' id='word_1_365' title='bbox 1293 3653 1501 3706; x_wconf 87' lang='lat' dir='ltr'><strong><em>licitunt</em></strong></span> <span class='ocrx_word' id='word_1_366' title='bbox 1556 3665 1632 3708; x_wconf 85' lang='lat' dir='ltr'><strong><em>est</em></strong></span> <span class='ocrx_word' id='word_1_367' title='bbox 1680 3657 1793 3710; x_wconf 87' lang='lat' dir='ltr'><strong><em>sine</em></strong></span> 
     </span>
    </p>
   </div>
   <div class='ocr_carea' id='block_1_54' title="bbox 199 3742 1791 3812">
    <p class='ocr_par' dir='ltr' id='par_1_54' title="bbox 199 3742 1791 3812">
     <span class='ocr_line' id='line_1_54' title="bbox 199 3742 1791 3812; baseline 0.005 -19"><span class='ocrx_word' id='word_1_368' title='bbox 199 3742 451 3808; x_wconf 82' lang='lat' dir='ltr'><strong><em>episcopo</em></strong></span> <span class='ocrx_word' id='word_1_369' title='bbox 471 3759 634 3812; x_wconf 87' lang='lat' dir='ltr'><strong><em>neque</em></strong></span> <span class='ocrx_word' id='word_1_370' title='bbox 666 3743 959 3811; x_wconf 82' lang='lat' dir='ltr'><strong><em>baptizare,</em></strong></span> <span class='ocrx_word' id='word_1_371' title='bbox 1006 3759 1168 3812; x_wconf 88' lang='lat' dir='ltr'><strong><em>neque</em></strong></span> <span class='ocrx_word' id='word_1_372' title='bbox 1192 3760 1393 3811; x_wconf 77' lang='lat' dir='ltr'><strong><em>agapen</em></strong></span> <span class='ocrx_word' id='word_1_373' title='bbox 1435 3746 1648 3812; x_wconf 81' lang='lat' dir='ltr'><strong><em>facere;</em></strong></span> <span class='ocrx_word' id='word_1_374' title='bbox 1687 3747 1791 3801; x_wconf 89' lang='lat' dir='ltr'><strong><em>hoc</em></strong></span> 
     </span>
    </p>
   </div>
   <div class='ocr_carea' id='block_1_55' title="bbox 199 3834 1788 3907">
    <p class='ocr_par' dir='ltr' id='par_1_55' title="bbox 199 3834 1788 3907">
     <span class='ocr_line' id='line_1_55' title="bbox 199 3834 1788 3907; baseline 0.003 -19"><span class='ocrx_word' id='word_1_375' title='bbox 199 3843 311 3892; x_wconf 70' lang='lat' dir='ltr'><strong><em>est.</em></strong></span> <span class='ocrx_word' id='word_1_376' title='bbox 347 3834 523 3887; x_wconf 84' lang='lat' dir='ltr'><strong><em>ollicia</em></strong></span> <span class='ocrx_word' id='word_1_377' title='bbox 560 3835 740 3888; x_wconf 88' lang='lat' dir='ltr'><strong><em>divina</em></strong></span> <span class='ocrx_word' id='word_1_378' title='bbox 767 3850 877 3887; x_wconf 91' lang='lat' dir='ltr'><strong><em>non</em></strong></span> <span class='ocrx_word' id='word_1_379' title='bbox 907 3849 1037 3888; x_wconf 87' lang='lat' dir='ltr'><strong><em>sunt</em></strong></span> <span class='ocrx_word' id='word_1_380' title='bbox 1085 3836 1138 3888; x_wconf 92' lang='lat' dir='ltr'><strong><em>in</em></strong></span> <span class='ocrx_word' id='word_1_381' title='bbox 1195 3834 1438 3890; x_wconf 81' lang='lat' dir='ltr'><strong><em>Ecclesia</em></strong></span> <span class='ocrx_word' id='word_1_382' title='bbox 1484 3840 1788 3907; x_wconf 75' lang='lat' dir='ltr'><strong><em>peragenda</em></strong></span> 
     </span>
    </p>
   </div>
   <div class='ocr_carea' id='block_1_56' title="bbox 191 3923 1788 3998">
    <p class='ocr_par' dir='ltr' id='par_1_56' title="bbox 191 3923 1788 3998">
     <span class='ocr_line' id='line_1_56' title="bbox 191 3923 1788 3998; baseline 0.005 -23"><span class='ocrx_word' id='word_1_383' title='bbox 191 3923 326 3976; x_wconf 77' lang='lat' dir='ltr'><strong><em>sine</em></strong></span> <span class='ocrx_word' id='word_1_384' title='bbox 341 3925 625 3992; x_wconf 89' lang='lat' dir='ltr'><strong><em>episcopo,</em></strong></span> <span class='ocrx_word' id='word_1_385' title='bbox 645 3935 742 3979; x_wconf 89' lang='lat' dir='ltr'><strong><em>aut</em></strong></span> <span class='ocrx_word' id='word_1_386' title='bbox 769 3926 893 3994; x_wconf 87' lang='lat' dir='ltr'><strong><em>ejus</em></strong></span> <span class='ocrx_word' id='word_1_387' title='bbox 917 3925 1299 3980; x_wconf 87' lang='lat' dir='ltr'><strong><em>concessione.</em></strong></span> <span class='ocrx_word' id='word_1_388' title='bbox 1329 3925 1405 3980; x_wconf 87' lang='lat' dir='ltr'><strong><em>Ita</em></strong></span> <span class='ocrx_word' id='word_1_389' title='bbox 1428 3925 1788 3998; x_wconf 87' lang='lat' dir='ltr'><strong><em>Polycarpum</em></strong></span> 
     </span>
    </p>
   </div>
   <div class='ocr_carea' id='block_1_57' title="bbox 198 4016 1786 4089">
    <p class='ocr_par' dir='ltr' id='par_1_57' title="bbox 198 4016 1786 4089">
     <span class='ocr_line' id='line_1_57' title="bbox 198 4016 1786 4089; baseline 0.004 -19"><span class='ocrx_word' id='word_1_390' title='bbox 198 4016 528 4084; x_wconf 75' lang='lat' dir='ltr'><strong><em>episcopum</em></strong></span> <span class='ocrx_word' id='word_1_391' title='bbox 559 4028 767 4083; x_wconf 88' lang='lat' dir='ltr'><strong><em>monet,</em></strong></span> <span class='ocrx_word' id='word_1_392' title='bbox 802 4027 861 4071; x_wconf 92' lang='lat' dir='ltr'><strong><em>ut</em></strong></span> <span class='ocrx_word' id='word_1_393' title='bbox 888 4019 1023 4071; x_wconf 87' lang='lat' dir='ltr'><strong><em>nihil</em></strong></span> <span class='ocrx_word' id='word_1_394' title='bbox 1047 4020 1167 4072; x_wconf 91' lang='lat' dir='ltr'><strong><em>sine</em></strong></span> <span class='ocrx_word' id='word_1_395' title='bbox 1213 4021 1481 4074; x_wconf 89' lang='lat' dir='ltr'><strong><em>sententia</em></strong></span> <span class='ocrx_word' id='word_1_396' title='bbox 1523 4021 1644 4089; x_wconf 84' lang='lat' dir='ltr'><strong><em>ejus</em></strong></span> <span class='ocrx_word' id='word_1_397' title='bbox 1674 4023 1786 4076; x_wconf 77' lang='lat' dir='ltr'><strong><em>fiat.</em></strong></span> 
     </span>
    </p>
   </div>
   <div class='ocr_carea' id='block_1_58' title="bbox 197 4104 1789 4180">
    <p class='ocr_par' dir='ltr' id='par_1_58' title="bbox 197 4104 1789 4180">
     <span class='ocr_line' id='line_1_58' title="bbox 197 4104 1789 4180; baseline 0.003 -20"><span class='ocrx_word' id='word_1_398' title='bbox 197 4104 273 4160; x_wconf 74' lang='lat' dir='ltr'><strong><em>Ut</em></strong></span> <span class='ocrx_word' id='word_1_399' title='bbox 302 4119 490 4160; x_wconf 86' lang='lat' dir='ltr'><strong><em>autem</em></strong></span> <span class='ocrx_word' id='word_1_400' title='bbox 525 4107 639 4161; x_wconf 60' lang='lat' dir='ltr'><strong><em>haec</em></strong></span> <span class='ocrx_word' id='word_1_401' title='bbox 664 4108 968 4161; x_wconf 86' lang='lat' dir='ltr'><strong><em>admonitio</em></strong></span> <span class='ocrx_word' id='word_1_402' title='bbox 1017 4107 1322 4179; x_wconf 87' lang='lat' dir='ltr'><strong><em>Polycarpo</em></strong></span> <span class='ocrx_word' id='word_1_403' title='bbox 1357 4112 1484 4165; x_wconf 86' lang='lat' dir='ltr'><strong><em>data</em></strong></span> <span class='ocrx_word' id='word_1_404' title='bbox 1539 4119 1789 4180; x_wconf 88' lang='lat' dir='ltr'><strong><em>spectare</em></strong></span> 
     </span>
    </p>
   </div>
   <div class='ocr_carea' id='block_1_59' title="bbox 200 4201 1788 4270">
    <p class='ocr_par' dir='ltr' id='par_1_59' title="bbox 200 4201 1788 4270">
     <span class='ocr_line' id='line_1_59' title="bbox 200 4201 1788 4270; baseline 0.003 -18"><span class='ocrx_word' id='word_1_405' title='bbox 200 4217 313 4253; x_wconf 87' lang='lat' dir='ltr'><strong><em>non</em></strong></span> <span class='ocrx_word' id='word_1_406' title='bbox 344 4203 525 4268; x_wconf 91' lang='lat' dir='ltr'><strong><em>potuit</em></strong></span> <span class='ocrx_word' id='word_1_407' title='bbox 553 4201 620 4253; x_wconf 87' lang='lat' dir='ltr'><strong><em>ad</em></strong></span> <span class='ocrx_word' id='word_1_408' title='bbox 647 4214 734 4262; x_wconf 89' lang='lat' dir='ltr'><strong><em>ea,</em></strong></span> <span class='ocrx_word' id='word_1_409' title='bbox 775 4215 898 4268; x_wconf 76' lang='lat' dir='ltr'><strong><em>qua:</em></strong></span> <span class='ocrx_word' id='word_1_410' title='bbox 948 4201 1066 4270; x_wconf 91' lang='lat' dir='ltr'><strong><em>ipso</em></strong></span> <span class='ocrx_word' id='word_1_411' title='bbox 1090 4211 1310 4256; x_wconf 89' lang='lat' dir='ltr'><strong><em>mortuo</em></strong></span> <span class='ocrx_word' id='word_1_412' title='bbox 1353 4201 1409 4255; x_wconf 90' lang='lat' dir='ltr'><strong><em>in</em></strong></span> <span class='ocrx_word' id='word_1_413' title='bbox 1468 4217 1788 4257; x_wconf 87' lang='lat' dir='ltr'><strong><em>successore</em></strong></span> 
     </span>
    </p>
   </div>
   <div class='ocr_carea' id='block_1_60' title="bbox 197 4291 1785 4363">
    <p class='ocr_par' dir='ltr' id='par_1_60' title="bbox 197 4291 1785 4363">
     <span class='ocr_line' id='line_1_60' title="bbox 197 4291 1785 4363; baseline 0.002 -19"><span class='ocrx_word' id='word_1_414' title='bbox 197 4291 596 4345; x_wconf 82' lang='lat' dir='ltr'><strong><em>constituendo</em></strong></span> <span class='ocrx_word' id='word_1_415' title='bbox 621 4291 931 4362; x_wconf 81' lang='lat' dir='ltr'><strong><em>peragenda</em></strong></span> <span class='ocrx_word' id='word_1_416' title='bbox 962 4302 1169 4355; x_wconf 87' lang='lat' dir='ltr'><strong><em>essent,</em></strong></span> <span class='ocrx_word' id='word_1_417' title='bbox 1194 4294 1267 4346; x_wconf 89' lang='lat' dir='ltr'><strong><em>ita</em></strong></span> <span class='ocrx_word' id='word_1_418' title='bbox 1288 4308 1390 4346; x_wconf 90' lang='lat' dir='ltr'><strong><em>nec</em></strong></span> <span class='ocrx_word' id='word_1_419' title='bbox 1428 4293 1672 4363; x_wconf 63' lang='lat' dir='ltr'><strong><em>reliqum.</em></strong></span> <span class='ocrx_word' id='word_1_420' title='bbox 1729 4293 1785 4347; x_wconf 90' lang='lat' dir='ltr'><strong><em>Si</em></strong></span> 
     </span>
    </p>
   </div>
   <div class='ocr_carea' id='block_1_61' title="bbox 193 4382 1786 4456">
    <p class='ocr_par' dir='ltr' id='par_1_61' title="bbox 193 4382 1786 4456">
     <span class='ocr_line' id='line_1_61' title="bbox 193 4382 1786 4456; baseline 0.004 -19"><span class='ocrx_word' id='word_1_421' title='bbox 193 4383 578 4437; x_wconf 76' lang='lat' dir='ltr'><strong><em>extendantur</em></strong></span> <span class='ocrx_word' id='word_1_422' title='bbox 621 4383 787 4437; x_wconf 87' lang='lat' dir='ltr'><strong><em>verba</em></strong></span> <span class='ocrx_word' id='word_1_423' title='bbox 817 4382 1009 4453; x_wconf 91' lang='lat' dir='ltr'><strong><em>Ignatii</em></strong></span> <span class='ocrx_word' id='word_1_424' title='bbox 1059 4384 1200 4438; x_wconf 83' lang='lat' dir='ltr'><strong><em>ultra</em></strong></span> <span class='ocrx_word' id='word_1_425' title='bbox 1230 4401 1393 4439; x_wconf 87' lang='lat' dir='ltr'><strong><em>suum</em></strong></span> <span class='ocrx_word' id='word_1_426' title='bbox 1447 4388 1786 4456; x_wconf 89' lang='lat' dir='ltr'><strong><em>propositum</em></strong></span> 
     </span>
    </p>
   </div>
   <div class='ocr_carea' id='block_1_62' title="bbox 1911 1891 3488 1964">
    <p class='ocr_par' dir='ltr' id='par_1_62' title="bbox 1911 1891 3488 1964">
     <span class='ocr_line' id='line_1_62' title="bbox 1911 1891 3488 1964; baseline 0.005 -22"><span class='ocrx_word' id='word_1_427' title='bbox 1911 1906 2082 1943; x_wconf 87' lang='lat' dir='ltr'><strong><em>masse</em></strong></span> <span class='ocrx_word' id='word_1_428' title='bbox 2120 1891 2331 1960; x_wconf 86' lang='lat' dir='ltr'><strong><em>quando</em></strong></span> <span class='ocrx_word' id='word_1_429' title='bbox 2378 1893 2669 1961; x_wconf 83' lang='lat' dir='ltr'><strong><em>presbyteri</em></strong></span> <span class='ocrx_word' id='word_1_430' title='bbox 2719 1893 2977 1964; x_wconf 84' lang='lat' dir='ltr'><strong><em>eligebant</em></strong></span> <span class='ocrx_word' id='word_1_431' title='bbox 3035 1897 3336 1964; x_wconf 84' lang='lat' dir='ltr'><strong><em>episcopum</em></strong></span> <span class='ocrx_word' id='word_1_432' title='bbox 3391 1897 3488 1951; x_wconf 74' lang='lat' dir='ltr'><strong><em>hoc</em></strong></span> 
     </span>
    </p>
   </div>
   <div class='ocr_carea' id='block_1_63' title="bbox 1908 1979 3488 2050">
    <p class='ocr_par' dir='ltr' id='par_1_63' title="bbox 1908 1979 3488 2050">
     <span class='ocr_line' id='line_1_63' title="bbox 1908 1979 3488 2050; baseline 0.003 -18"><span class='ocrx_word' id='word_1_433' title='bbox 1908 1979 2087 2032; x_wconf 83' lang='lat' dir='ltr'><strong><em>eodem</em></strong></span> <span class='ocrx_word' id='word_1_434' title='bbox 2115 1982 2221 2032; x_wconf 88' lang='lat' dir='ltr'><strong><em>ritu</em></strong></span> <span class='ocrx_word' id='word_1_435' title='bbox 2253 1997 2375 2032; x_wconf 86' lang='lat' dir='ltr'><strong><em>usos</em></strong></span> <span class='ocrx_word' id='word_1_436' title='bbox 2403 1997 2532 2034; x_wconf 89' lang='lat' dir='ltr'><strong><em>esse.</em></strong></span> <span class='ocrx_word' id='word_1_437' title='bbox 2560 1980 2768 2033; x_wconf 82' lang='lat' dir='ltr'><strong><em>Diserte</em></strong></span> <span class='ocrx_word' id='word_1_438' title='bbox 2800 1992 2972 2034; x_wconf 78' lang='lat' dir='ltr'><strong><em>tamen</em></strong></span> <span class='ocrx_word' id='word_1_439' title='bbox 2998 1981 3350 2050; x_wconf 81' lang='lat' dir='ltr'><strong><em>Hieronymus</em></strong></span> <span class='ocrx_word' id='word_1_440' title='bbox 3374 1984 3488 2037; x_wconf 82' lang='lat' dir='ltr'><strong><em>sine</em></strong></span> 
     </span>
    </p>
   </div>
   <div class='ocr_carea' id='block_1_64' title="bbox 1909 2068 3486 2142">
    <p class='ocr_par' dir='ltr' id='par_1_64' title="bbox 1909 2068 3486 2142">
     <span class='ocr_line' id='line_1_64' title="bbox 1909 2068 3486 2142; baseline 0.003 -20"><span class='ocrx_word' id='word_1_441' title='bbox 1909 2072 2319 2134; x_wconf 87' lang='lat' dir='ltr'><strong><em>consecratione,</em></strong></span> <span class='ocrx_word' id='word_1_442' title='bbox 2353 2070 2447 2122; x_wconf 81' lang='lat' dir='ltr'><strong><em>hoc</em></strong></span> <span class='ocrx_word' id='word_1_443' title='bbox 2470 2079 2546 2124; x_wconf 90' lang='lat' dir='ltr'><strong><em>est</em></strong></span> <span class='ocrx_word' id='word_1_444' title='bbox 2569 2068 2678 2121; x_wconf 88' lang='lat' dir='ltr'><strong><em>sine</em></strong></span> <span class='ocrx_word' id='word_1_445' title='bbox 2705 2084 2956 2120; x_wconf 87' lang='lat' dir='ltr'><strong><em>manuunt</em></strong></span> <span class='ocrx_word' id='word_1_446' title='bbox 2983 2069 3336 2142; x_wconf 81' lang='lat' dir='ltr'><strong><em>impositione,</em></strong></span> <span class='ocrx_word' id='word_1_447' title='bbox 3369 2075 3486 2141; x_wconf 84' lang='lat' dir='ltr'><strong><em>epi-</em></strong></span> 
     </span>
    </p>
   </div>
   <div class='ocr_carea' id='block_1_65' title="bbox 1908 2161 3484 2234">
    <p class='ocr_par' dir='ltr' id='par_1_65' title="bbox 1908 2161 3484 2234">
     <span class='ocr_line' id='line_1_65' title="bbox 1908 2161 3484 2234; baseline 0.003 -20"><span class='ocrx_word' id='word_1_448' title='bbox 1908 2179 2121 2232; x_wconf 88' lang='lat' dir='ltr'><strong><em>scopttm</em></strong></span> <span class='ocrx_word' id='word_1_449' title='bbox 2142 2162 2206 2214; x_wconf 89' lang='lat' dir='ltr'><strong><em>de</em></strong></span> <span class='ocrx_word' id='word_1_450' title='bbox 2227 2178 2280 2214; x_wconf 86' lang='lat' dir='ltr'><strong><em>se</em></strong></span> <span class='ocrx_word' id='word_1_451' title='bbox 2307 2162 2523 2231; x_wconf 85' lang='lat' dir='ltr'><strong><em>elegisse</em></strong></span> <span class='ocrx_word' id='word_1_452' title='bbox 2552 2173 2756 2215; x_wconf 87' lang='lat' dir='ltr'><strong><em>narrat.</em></strong></span> <span class='ocrx_word' id='word_1_453' title='bbox 2793 2161 3068 2232; x_wconf 85' lang='lat' dir='ltr'><strong><em>Quidquid</em></strong></span> <span class='ocrx_word' id='word_1_454' title='bbox 3107 2163 3276 2234; x_wconf 79' lang='lat' dir='ltr'><strong><em>igitur</em></strong></span> <span class='ocrx_word' id='word_1_455' title='bbox 3326 2164 3484 2218; x_wconf 83' lang='lat' dir='ltr'><strong><em>dixe-</em></strong></span> 
     </span>
    </p>
   </div>
   <div class='ocr_carea' id='block_1_66' title="bbox 1908 2250 3486 2325">
    <p class='ocr_par' dir='ltr' id='par_1_66' title="bbox 1908 2250 3486 2325">
     <span class='ocr_line' id='line_1_66' title="bbox 1908 2250 3486 2325; baseline 0.003 -20"><span class='ocrx_word' id='word_1_456' title='bbox 1908 2251 1982 2305; x_wconf 91' lang='lat' dir='ltr'><strong><em>rit</em></strong></span> <span class='ocrx_word' id='word_1_457' title='bbox 2010 2250 2378 2322; x_wconf 83' lang='lat' dir='ltr'><strong><em>Hieronymus</em></strong></span> <span class='ocrx_word' id='word_1_458' title='bbox 2403 2253 2470 2305; x_wconf 87' lang='lat' dir='ltr'><strong><em>de</em></strong></span> <span class='ocrx_word' id='word_1_459' title='bbox 2524 2253 2812 2315; x_wconf 86' lang='lat' dir='ltr'><strong><em>electione,</em></strong></span> <span class='ocrx_word' id='word_1_460' title='bbox 2867 2254 3133 2324; x_wconf 87' lang='lat' dir='ltr'><strong><em>quidquid</em></strong></span> <span class='ocrx_word' id='word_1_461' title='bbox 3185 2252 3486 2325; x_wconf 83' lang='lat' dir='ltr'><strong><em>Eutycbius</em></strong></span> 
     </span>
    </p>
   </div>
   <div class='ocr_carea' id='block_1_67' title="bbox 1907 2344 3486 2416">
    <p class='ocr_par' dir='ltr' id='par_1_67' title="bbox 1907 2344 3486 2416">
     <span class='ocr_line' id='line_1_67' title="bbox 1907 2344 3486 2416; baseline 0.003 -17"><span class='ocrx_word' id='word_1_462' title='bbox 1907 2360 1970 2399; x_wconf 82' lang='lat' dir='ltr'><strong><em>ex</em></strong></span> <span class='ocrx_word' id='word_1_463' title='bbox 2029 2344 2220 2399; x_wconf 89' lang='lat' dir='ltr'><strong><em>eadem</em></strong></span> <span class='ocrx_word' id='word_1_464' title='bbox 2267 2344 2598 2409; x_wconf 86' lang='lat' dir='ltr'><strong><em>traditione,</em></strong></span> <span class='ocrx_word' id='word_1_465' title='bbox 2641 2356 2700 2398; x_wconf 93' lang='lat' dir='ltr'><strong><em>ut</em></strong></span> <span class='ocrx_word' id='word_1_466' title='bbox 2753 2346 2983 2410; x_wconf 91' lang='lat' dir='ltr'><strong><em>volunt,</em></strong></span> <span class='ocrx_word' id='word_1_467' title='bbox 3037 2347 3106 2400; x_wconf 92' lang='lat' dir='ltr'><strong><em>de</em></strong></span> <span class='ocrx_word' id='word_1_468' title='bbox 3137 2347 3486 2416; x_wconf 67' lang='lat' dir='ltr'><strong><em>impositlone</em></strong></span> 
     </span>
    </p>
   </div>
   <div class='ocr_carea' id='block_1_68' title="bbox 1907 2435 3485 2502">
    <p class='ocr_par' dir='ltr' id='par_1_68' title="bbox 1907 2435 3485 2502">
     <span class='ocr_line' id='line_1_68' title="bbox 1907 2435 3485 2502; baseline 0.004 -16"><span class='ocrx_word' id='word_1_469' title='bbox 1907 2449 2170 2487; x_wconf 86' lang='lat' dir='ltr'><strong><em>manuum</em></strong></span> <span class='ocrx_word' id='word_1_470' title='bbox 2199 2435 2402 2499; x_wconf 86' lang='lat' dir='ltr'><strong><em>addita,</em></strong></span> <span class='ocrx_word' id='word_1_471' title='bbox 2427 2449 2592 2502; x_wconf 87' lang='lat' dir='ltr'><strong><em>quam</em></strong></span> <span class='ocrx_word' id='word_1_472' title='bbox 2621 2450 2686 2488; x_wconf 78' lang='lat' dir='ltr'><strong><em>ex</em></strong></span> <span class='ocrx_word' id='word_1_473' title='bbox 2719 2435 2803 2488; x_wconf 89' lang='lat' dir='ltr'><strong><em>sui</em></strong></span> <span class='ocrx_word' id='word_1_474' title='bbox 2842 2435 3026 2490; x_wconf 81' lang='lat' dir='ltr'><strong><em>saeculi</em></strong></span> <span class='ocrx_word' id='word_1_475' title='bbox 3057 2451 3210 2490; x_wconf 86' lang='lat' dir='ltr'><strong><em>more</em></strong></span> <span class='ocrx_word' id='word_1_476' title='bbox 3242 2446 3485 2492; x_wconf 84' lang='lat' dir='ltr'><strong><em>tantum-</em></strong></span> 
     </span>
    </p>
   </div>
   <div class='ocr_carea' id='block_1_69' title="bbox 1908 2525 3482 2598">
    <p class='ocr_par' dir='ltr' id='par_1_69' title="bbox 1908 2525 3482 2598">
     <span class='ocr_line' id='line_1_69' title="bbox 1908 2525 3482 2598; baseline 0.004 -20"><span class='ocrx_word' id='word_1_477' title='bbox 1908 2525 2074 2580; x_wconf 89' lang='lat' dir='ltr'><strong><em>modo</em></strong></span> <span class='ocrx_word' id='word_1_478' title='bbox 2103 2526 2453 2595; x_wconf 78' lang='lat' dir='ltr'><strong><em>excogitavit,</em></strong></span> <span class='ocrx_word' id='word_1_479' title='bbox 2481 2536 2534 2580; x_wconf 91' lang='lat' dir='ltr'><strong><em>et</em></strong></span> <span class='ocrx_word' id='word_1_480' title='bbox 2573 2528 2907 2598; x_wconf 86' lang='lat' dir='ltr'><strong><em>presbyteris</em></strong></span> <span class='ocrx_word' id='word_1_481' title='bbox 2944 2544 3229 2598; x_wconf 88' lang='lat' dir='ltr'><strong><em>perperam</em></strong></span> <span class='ocrx_word' id='word_1_482' title='bbox 3271 2531 3482 2594; x_wconf 81' lang='lat' dir='ltr'><strong><em>allixit;</em></strong></span> 
     </span>
    </p>
   </div>
   <div class='ocr_carea' id='block_1_70' title="bbox 1904 2618 3482 2691">
    <p class='ocr_par' dir='ltr' id='par_1_70' title="bbox 1904 2618 3482 2691">
     <span class='ocr_line' id='line_1_70' title="bbox 1904 2618 3482 2691; baseline 0.004 -20"><span class='ocrx_word' id='word_1_483' title='bbox 1904 2618 2022 2672; x_wconf 85' lang='lat' dir='ltr'><strong><em>ﬁeri</em></strong></span> <span class='ocrx_word' id='word_1_484' title='bbox 2053 2627 2226 2688; x_wconf 89' lang='lat' dir='ltr'><strong><em>potest</em></strong></span> <span class='ocrx_word' id='word_1_485' title='bbox 2255 2628 2313 2672; x_wconf 93' lang='lat' dir='ltr'><strong><em>ut</em></strong></span> <span class='ocrx_word' id='word_1_486' title='bbox 2331 2619 2438 2673; x_wconf 88' lang='lat' dir='ltr'><strong><em>alia</em></strong></span> <span class='ocrx_word' id='word_1_487' title='bbox 2463 2619 2682 2674; x_wconf 88' lang='lat' dir='ltr'><strong><em>traditio</em></strong></span> <span class='ocrx_word' id='word_1_488' title='bbox 2704 2621 2868 2674; x_wconf 82' lang='lat' dir='ltr'><strong><em>etiam</em></strong></span> <span class='ocrx_word' id='word_1_489' title='bbox 2899 2637 3027 2675; x_wconf 91' lang='lat' dir='ltr'><strong><em>vera</em></strong></span> <span class='ocrx_word' id='word_1_490' title='bbox 3055 2623 3146 2684; x_wconf 86' lang='lat' dir='ltr'><strong><em>sit,</em></strong></span> <span class='ocrx_word' id='word_1_491' title='bbox 3169 2638 3290 2691; x_wconf 69' lang='lat' dir='ltr'><strong><em>quae</em></strong></span> <span class='ocrx_word' id='word_1_492' title='bbox 3315 2624 3482 2678; x_wconf 87' lang='lat' dir='ltr'><strong><em>etiam</em></strong></span> 
     </span>
    </p>
   </div>
   <div class='ocr_carea' id='block_1_71' title="bbox 1905 2712 3480 2783">
    <p class='ocr_par' dir='ltr' id='par_1_71' title="bbox 1905 2712 3480 2783">
     <span class='ocr_line' id='line_1_71' title="bbox 1905 2712 3480 2783; baseline 0.003 -19"><span class='ocrx_word' id='word_1_493' title='bbox 1905 2718 2044 2772; x_wconf 88' lang='lat' dir='ltr'><strong><em>tum,</em></strong></span> <span class='ocrx_word' id='word_1_494' title='bbox 2083 2727 2207 2765; x_wconf 91' lang='lat' dir='ltr'><strong><em>cum</em></strong></span> <span class='ocrx_word' id='word_1_495' title='bbox 2236 2728 2302 2765; x_wconf 80' lang='lat' dir='ltr'><strong><em>ex</em></strong></span> <span class='ocrx_word' id='word_1_496' title='bbox 2339 2712 2672 2783; x_wconf 85' lang='lat' dir='ltr'><strong><em>presbyteris</em></strong></span> <span class='ocrx_word' id='word_1_497' title='bbox 2701 2713 2904 2770; x_wconf 90' lang='lat' dir='ltr'><strong><em>electos</em></strong></span> <span class='ocrx_word' id='word_1_498' title='bbox 2926 2714 3103 2769; x_wconf 81' lang='lat' dir='ltr'><strong><em>fuisse</em></strong></span> <span class='ocrx_word' id='word_1_499' title='bbox 3133 2716 3324 2769; x_wconf 86' lang='lat' dir='ltr'><strong><em>volunt</em></strong></span> <span class='ocrx_word' id='word_1_500' title='bbox 3351 2715 3480 2769; x_wconf 80' lang='lat' dir='ltr'><strong><em>Hie-</em></strong></span> 
     </span>
    </p>
   </div>
   <div class='ocr_carea' id='block_1_72' title="bbox 1904 2802 3483 2875">
    <p class='ocr_par' dir='ltr' id='par_1_72' title="bbox 1904 2802 3483 2875">
     <span class='ocr_line' id='line_1_72' title="bbox 1904 2802 3483 2875; baseline 0.004 -20"><span class='ocrx_word' id='word_1_501' title='bbox 1904 2818 2168 2873; x_wconf 89' lang='lat' dir='ltr'><strong><em>ronymus</em></strong></span> <span class='ocrx_word' id='word_1_502' title='bbox 2199 2813 2253 2858; x_wconf 90' lang='lat' dir='ltr'><strong><em>et</em></strong></span> <span class='ocrx_word' id='word_1_503' title='bbox 2299 2802 2622 2874; x_wconf 85' lang='lat' dir='ltr'><strong><em>Eutycbius,</em></strong></span> <span class='ocrx_word' id='word_1_504' title='bbox 2657 2806 2949 2875; x_wconf 90' lang='lat' dir='ltr'><strong><em>episcopos</em></strong></span> <span class='ocrx_word' id='word_1_505' title='bbox 2980 2805 3381 2862; x_wconf 81' lang='lat' dir='ltr'><strong><em>Alexandrinos</em></strong></span> <span class='ocrx_word' id='word_1_506' title='bbox 3412 2810 3483 2862; x_wconf 89' lang='lat' dir='ltr'><strong><em>ab</em></strong></span> 
     </span>
    </p>
   </div>
   <div class='ocr_carea' id='block_1_73' title="bbox 1901 2896 3480 2968">
    <p class='ocr_par' dir='ltr' id='par_1_73' title="bbox 1901 2896 3480 2968">
     <span class='ocr_line' id='line_1_73' title="bbox 1901 2896 3480 2968; baseline 0.004 -20"><span class='ocrx_word' id='word_1_507' title='bbox 1901 2896 2026 2950; x_wconf 89' lang='lat' dir='ltr'><strong><em>aliis</em></strong></span> <span class='ocrx_word' id='word_1_508' title='bbox 2055 2896 2340 2951; x_wconf 90' lang='lat' dir='ltr'><strong><em>ordinatos</em></strong></span> <span class='ocrx_word' id='word_1_509' title='bbox 2366 2896 2538 2952; x_wconf 81' lang='lat' dir='ltr'><strong><em>fuisse</em></strong></span> <span class='ocrx_word' id='word_1_510' title='bbox 2566 2899 2835 2968; x_wconf 87' lang='lat' dir='ltr'><strong><em>perhibet.</em></strong></span> <span class='ocrx_word' id='word_1_511' title='bbox 2894 2897 3062 2952; x_wconf 86' lang='lat' dir='ltr'><strong><em>Libro</em></strong></span> <span class='ocrx_word' id='word_1_512' title='bbox 3089 2901 3234 2953; x_wconf 88' lang='lat' dir='ltr'><strong><em>enim</em></strong></span> <span class='ocrx_word' id='word_1_513' title='bbox 3266 2900 3480 2954; x_wconf 84' lang='lat' dir='ltr'><strong><em>Consti-</em></strong></span> 
     </span>
    </p>
   </div>
   <div class='ocr_carea' id='block_1_74' title="bbox 1902 2989 3481 3063">
    <p class='ocr_par' dir='ltr' id='par_1_74' title="bbox 1902 2989 3481 3063">
     <span class='ocr_line' id='line_1_74' title="bbox 1902 2989 3481 3063; baseline 0.001 -21"><span class='ocrx_word' id='word_1_514' title='bbox 1902 2989 2166 3042; x_wconf 86' lang='lat' dir='ltr'><strong><em>tutionum</em></strong></span> <span class='ocrx_word' id='word_1_515' title='bbox 2203 2989 2617 3058; x_wconf 86' lang='lat' dir='ltr'><strong><em>apostolicarum</em></strong></span> <span class='ocrx_word' id='word_1_516' title='bbox 2653 3005 2751 3054; x_wconf 85' lang='lat' dir='ltr'><strong><em>vn,</em></strong></span> <span class='ocrx_word' id='word_1_517' title='bbox 2783 3005 2906 3060; x_wconf 88' lang='lat' dir='ltr'><strong><em>cap.</em></strong></span> <span class='ocrx_word' id='word_1_518' title='bbox 2938 2990 3030 3056; x_wconf 73' lang='grc'><strong><em>48,</em></strong></span> <span class='ocrx_word' id='word_1_519' title='bbox 3064 2991 3324 3060; x_wconf 84' lang='lat' dir='ltr'><strong><em>legimus:</em></strong></span> <span class='ocrx_word' id='word_1_520' title='bbox 3371 2991 3481 3063; x_wconf 71' lang='grc' dir='ltr'><strong><em>Τῆς</em></strong></span> 
     </span>
    </p>
   </div>
   <div class='ocr_carea' id='block_1_75' title="bbox 1900 3080 3478 3154">
    <p class='ocr_par' dir='ltr' id='par_1_75' title="bbox 1900 3080 3478 3154">
     <span class='ocr_line' id='line_1_75' title="bbox 1900 3080 3478 3154; baseline 0.003 -20"><span class='ocrx_word' id='word_1_521' title='bbox 1900 3081 1957 3134; x_wconf 86' lang='grc' dir='ltr'><strong><em>δὲ</em></strong></span> <span class='ocrx_word' id='word_1_522' title='bbox 2004 3080 2395 3153; x_wconf 80' lang='grc' dir='ltr'><strong><em>Ἀλεξανδρέων</em></strong></span> <span class='ocrx_word' id='word_1_523' title='bbox 2459 3081 2730 3146; x_wconf 83' lang='grc' dir='ltr'><strong><em>Ἀννιανὺς</em></strong></span> <span class='ocrx_word' id='word_1_524' title='bbox 2777 3082 2992 3154; x_wconf 81' lang='grc' dir='ltr'><strong><em>πρῶτος</em></strong></span> <span class='ocrx_word' id='word_1_525' title='bbox 3041 3083 3148 3136; x_wconf 87' lang='grc' dir='ltr'><strong><em>ἀπὸ</em></strong></span> <span class='ocrx_word' id='word_1_526' title='bbox 3198 3081 3312 3153; x_wconf 85' lang='lat' dir='ltr'><strong><em>(vel</em></strong></span> <span class='ocrx_word' id='word_1_527' title='bbox 3340 3085 3478 3154; x_wconf 85' lang='grc' dir='ltr'><strong><em>ὑπὸ)</em></strong></span> 
     </span>
    </p>
   </div>
   <div class='ocr_carea' id='block_1_76' title="bbox 1825 3142 3479 3247">
    <p class='ocr_par' dir='ltr' id='par_1_76' title="bbox 1825 3142 3479 3247">
     <span class='ocr_line' id='line_1_76' title="bbox 1825 3142 3479 3247; baseline 0.002 -20"><span class='ocrx_word' id='word_1_528' title='bbox 1825 3142 1867 3198; x_wconf 75' lang='lat' dir='ltr'><strong>C</strong></span> <span class='ocrx_word' id='word_1_529' title='bbox 1900 3142 2151 3245; x_wconf 61' lang='lat' dir='ltr'><strong><em>Mdpuoo</em></strong></span> <span class='ocrx_word' id='word_1_530' title='bbox 2175 3142 2563 3243; x_wconf 62' lang='grc' dir='ltr'>εὐάγγελιστοῦ</span> <span class='ocrx_word' id='word_1_531' title='bbox 2609 3142 3048 3246; x_wconf 35' lang='grc' dir='ltr'>κεχειρουτὸνηεεαι</span> <span class='ocrx_word' id='word_1_532' title='bbox 3071 3192 3086 3204; x_wconf 68' lang='grc' dir='ltr'>θ</span> <span class='ocrx_word' id='word_1_533' title='bbox 3121 3142 3369 3247; x_wconf 57' lang='grc' dir='ltr'><strong><em>δεδτερκς</em></strong></span> 
     </span>
    </p>
   </div>
   <div class='ocr_carea' id='block_1_77' title="bbox 1913 3267 3481 3336">
    <p class='ocr_par' dir='ltr' id='par_1_77' title="bbox 1913 3267 3481 3336">
     <span class='ocr_line' id='line_1_77' title="bbox 1913 3267 3481 3336; baseline 0.002 -16"><span class='ocrx_word' id='word_1_534' title='bbox 1913 3268 2174 3332; x_wconf 81' lang='grc' dir='ltr'><strong><em>Ἀὅίλλιος</em></strong></span> <span class='ocrx_word' id='word_1_535' title='bbox 2211 3268 2317 3320; x_wconf 83' lang='grc' dir='ltr'>ὑπὸ</span> <span class='ocrx_word' id='word_1_536' title='bbox 2350 3269 2534 3321; x_wconf 80' lang='grc' dir='ltr'>Λουκᾶ</span> <span class='ocrx_word' id='word_1_537' title='bbox 2566 3267 2659 3320; x_wconf 75' lang='grc' dir='ltr'><strong><em>καὶ</em></strong></span> <span class='ocrx_word' id='word_1_538' title='bbox 2693 3267 2856 3320; x_wconf 80' lang='grc' dir='ltr'>αὐτοῦ</span> <span class='ocrx_word' id='word_1_539' title='bbox 2891 3268 3302 3336; x_wconf 79' lang='grc' dir='ltr'><strong><em>εὐαγγελιστοῦ.</em></strong></span> <span class='ocrx_word' id='word_1_540' title='bbox 3354 3269 3481 3323; x_wconf 84' lang='lat' dir='ltr'><strong><em>Ale-</em></strong></span> 
     </span>
    </p>
   </div>
   <div class='ocr_carea' id='block_1_78' title="bbox 1897 3356 3476 3430">
    <p class='ocr_par' dir='ltr' id='par_1_78' title="bbox 1897 3356 3476 3430">
     <span class='ocr_line' id='line_1_78' title="bbox 1897 3356 3476 3430; baseline 0.002 -19"><span class='ocrx_word' id='word_1_541' title='bbox 1897 3359 2179 3411; x_wconf 72' lang='lat' dir='ltr'><strong><em>xandrina:</em></strong></span> <span class='ocrx_word' id='word_1_542' title='bbox 2202 3356 2456 3412; x_wconf 73' lang='lat' dir='ltr'><strong><em>Ecclesia:</em></strong></span> <span class='ocrx_word' id='word_1_543' title='bbox 2479 3359 2680 3428; x_wconf 89' lang='lat' dir='ltr'><strong><em>primus</em></strong></span> <span class='ocrx_word' id='word_1_544' title='bbox 2716 3358 2954 3412; x_wconf 75' lang='lat' dir='ltr'><strong><em>Aniunus</em></strong></span> <span class='ocrx_word' id='word_1_545' title='bbox 2977 3377 3008 3412; x_wconf 90' lang='lat' dir='ltr'><strong><em>a</em></strong></span> <span class='ocrx_word' id='word_1_546' title='bbox 3033 3359 3215 3413; x_wconf 79' lang='lat' dir='ltr'><strong><em>Marco</em></strong></span> <span class='ocrx_word' id='word_1_547' title='bbox 3254 3377 3476 3430; x_wconf 86' lang='lat' dir='ltr'><strong><em>evange-</em></strong></span> 
     </span>
    </p>
   </div>
   <div class='ocr_carea' id='block_1_79' title="bbox 1896 3450 3476 3514">
    <p class='ocr_par' dir='ltr' id='par_1_79' title="bbox 1896 3450 3476 3514">
     <span class='ocr_line' id='line_1_79' title="bbox 1896 3450 3476 3514; baseline 0.001 -11"><span class='ocrx_word' id='word_1_548' title='bbox 1896 3451 2024 3503; x_wconf 87' lang='lat' dir='ltr'><strong><em>lista</em></strong></span> <span class='ocrx_word' id='word_1_549' title='bbox 2054 3451 2332 3504; x_wconf 89' lang='lat' dir='ltr'><strong><em>ordinatus</em></strong></span> <span class='ocrx_word' id='word_1_550' title='bbox 2361 3461 2472 3514; x_wconf 89' lang='lat' dir='ltr'><strong><em>est;</em></strong></span> <span class='ocrx_word' id='word_1_551' title='bbox 2504 3451 2762 3503; x_wconf 87' lang='lat' dir='ltr'><strong><em>secundus</em></strong></span> <span class='ocrx_word' id='word_1_552' title='bbox 2793 3460 2968 3503; x_wconf 89' lang='lat' dir='ltr'><strong><em>autem</em></strong></span> <span class='ocrx_word' id='word_1_553' title='bbox 2996 3450 3202 3503; x_wconf 84' lang='lat' dir='ltr'><strong><em>Abilius</em></strong></span> <span class='ocrx_word' id='word_1_554' title='bbox 3253 3468 3286 3504; x_wconf 89' lang='lat' dir='ltr'><strong><em>a</em></strong></span> <span class='ocrx_word' id='word_1_555' title='bbox 3328 3450 3476 3504; x_wconf 74' lang='lat' dir='ltr'><strong><em>Luca</em></strong></span> 
     </span>
    </p>
   </div>
   <div class='ocr_carea' id='block_1_80' title="bbox 1896 3539 3479 3609">
    <p class='ocr_par' dir='ltr' id='par_1_80' title="bbox 1896 3539 3479 3609">
     <span class='ocr_line' id='line_1_80' title="bbox 1896 3539 3479 3609; baseline 0.001 -17"><span class='ocrx_word' id='word_1_556' title='bbox 1896 3540 2080 3592; x_wconf 88' lang='lat' dir='ltr'><strong><em>itidem</em></strong></span> <span class='ocrx_word' id='word_1_557' title='bbox 2101 3541 2441 3609; x_wconf 85' lang='lat' dir='ltr'><strong><em>evangelista.</em></strong></span> <span class='ocrx_word' id='word_1_558' title='bbox 2462 3539 2670 3605; x_wconf 84' lang='lat' dir='ltr'><strong><em>Quarto</em></strong></span> <span class='ocrx_word' id='word_1_559' title='bbox 2686 3539 2980 3594; x_wconf 89' lang='lat' dir='ltr'><strong><em>Domitiani</em></strong></span> <span class='ocrx_word' id='word_1_560' title='bbox 3014 3556 3158 3594; x_wconf 89' lang='lat' dir='ltr'><strong><em>anno</em></strong></span> <span class='ocrx_word' id='word_1_561' title='bbox 3177 3581 3191 3605; x_wconf 89' lang='lat'><strong><em>,</em></strong></span> <span class='ocrx_word' id='word_1_562' title='bbox 3226 3542 3280 3594; x_wconf 92' lang='lat' dir='ltr'><strong><em>in</em></strong></span> <span class='ocrx_word' id='word_1_563' title='bbox 3305 3539 3479 3594; x_wconf 87' lang='lat' dir='ltr'><strong><em>Chro-</em></strong></span> 
     </span>
    </p>
   </div>
   <div class='ocr_carea' id='block_1_81' title="bbox 1895 3630 3474 3702">
    <p class='ocr_par' dir='ltr' id='par_1_81' title="bbox 1895 3630 3474 3702">
     <span class='ocr_line' id='line_1_81' title="bbox 1895 3630 3474 3702; baseline 0.001 -17"><span class='ocrx_word' id='word_1_564' title='bbox 1895 3633 2020 3686; x_wconf 84' lang='lat' dir='ltr'><strong><em>nico</em></strong></span> <span class='ocrx_word' id='word_1_565' title='bbox 2049 3630 2384 3702; x_wconf 82' lang='lat' dir='ltr'><strong><em>Hieronymi,</em></strong></span> <span class='ocrx_word' id='word_1_566' title='bbox 2423 3631 2658 3697; x_wconf 89' lang='lat' dir='ltr'><strong><em>Abilius,</em></strong></span> <span class='ocrx_word' id='word_1_567' title='bbox 2691 3643 2752 3686; x_wconf 91' lang='lat' dir='ltr'><strong><em>ut</em></strong></span> <span class='ocrx_word' id='word_1_568' title='bbox 2785 3634 2900 3701; x_wconf 86' lang='lat' dir='ltr'><strong><em>ipse</em></strong></span> <span class='ocrx_word' id='word_1_569' title='bbox 2930 3632 3065 3696; x_wconf 89' lang='lat' dir='ltr'><strong><em>vult,</em></strong></span> <span class='ocrx_word' id='word_1_570' title='bbox 3093 3647 3160 3687; x_wconf 78' lang='lat' dir='ltr'><strong><em>ex</em></strong></span> <span class='ocrx_word' id='word_1_571' title='bbox 3192 3633 3474 3702; x_wconf 73' lang='lat' dir='ltr'><strong><em>presbyte-</em></strong></span> 
     </span>
    </p>
   </div>
   <div class='ocr_carea' id='block_1_82' title="bbox 1895 3723 3468 3788">
    <p class='ocr_par' dir='ltr' id='par_1_82' title="bbox 1895 3723 3468 3788">
     <span class='ocr_line' id='line_1_82' title="bbox 1895 3723 3468 3788; baseline 0.001 -12"><span class='ocrx_word' id='word_1_572' title='bbox 1895 3724 1974 3777; x_wconf 88' lang='lat' dir='ltr'><strong><em>ris</em></strong></span> <span class='ocrx_word' id='word_1_573' title='bbox 2006 3725 2233 3788; x_wconf 87' lang='lat' dir='ltr'><strong><em>elcctus,</em></strong></span> <span class='ocrx_word' id='word_1_574' title='bbox 2267 3726 2568 3778; x_wconf 86' lang='lat' dir='ltr'><strong><em>secundum</em></strong></span> <span class='ocrx_word' id='word_1_575' title='bbox 2599 3723 2914 3778; x_wconf 68' lang='lat' dir='ltr'><strong><em>Graecorum</em></strong></span> <span class='ocrx_word' id='word_1_576' title='bbox 2958 3723 3309 3778; x_wconf 89' lang='lat' dir='ltr'><strong><em>traditionem</em></strong></span> <span class='ocrx_word' id='word_1_577' title='bbox 3339 3740 3370 3777; x_wconf 92' lang='lat' dir='ltr'><strong><em>a</em></strong></span> <span class='ocrx_word' id='word_1_578' title='bbox 3410 3725 3468 3778; x_wconf 89' lang='lat' dir='ltr'><strong><em>S.</em></strong></span> 
     </span>
    </p>
   </div>
   <div class='ocr_carea' id='block_1_83' title="bbox 1894 3814 3473 3885">
    <p class='ocr_par' dir='ltr' id='par_1_83' title="bbox 1894 3814 3473 3885">
     <span class='ocr_line' id='line_1_83' title="bbox 1894 3814 3473 3885; baseline 0.001 -17"><span class='ocrx_word' id='word_1_579' title='bbox 1894 3814 2041 3869; x_wconf 84' lang='lat' dir='ltr'><strong><em>Luca</em></strong></span> <span class='ocrx_word' id='word_1_580' title='bbox 2074 3817 2362 3870; x_wconf 81' lang='lat' dir='ltr'><strong><em>ordinatus</em></strong></span> <span class='ocrx_word' id='word_1_581' title='bbox 2385 3825 2488 3870; x_wconf 90' lang='lat' dir='ltr'><strong><em>est.</em></strong></span> <span class='ocrx_word' id='word_1_582' title='bbox 2525 3815 2708 3869; x_wconf 82' lang='lat' dir='ltr'><strong><em>Abilio</em></strong></span> <span class='ocrx_word' id='word_1_583' title='bbox 2735 3817 2926 3885; x_wconf 88' lang='lat' dir='ltr'><strong><em>(quem</em></strong></span> <span class='ocrx_word' id='word_1_584' title='bbox 2956 3815 3174 3869; x_wconf 78' lang='lat' dir='ltr'><strong><em>Melium</em></strong></span> <span class='ocrx_word' id='word_1_585' title='bbox 3199 3817 3473 3885; x_wconf 87' lang='lat' dir='ltr'><strong><em>appellare</em></strong></span> 
     </span>
    </p>
   </div>
   <div class='ocr_carea' id='block_1_84' title="bbox 1892 3906 3469 3978">
    <p class='ocr_par' dir='ltr' id='par_1_84' title="bbox 1892 3906 3469 3978">
     <span class='ocr_line' id='line_1_84' title="bbox 1892 3906 3469 3978; baseline 0.001 -18"><span class='ocrx_word' id='word_1_586' title='bbox 1892 3909 2106 3961; x_wconf 84' lang='lat' dir='ltr'><strong><em>videtur</em></strong></span> <span class='ocrx_word' id='word_1_587' title='bbox 2135 3917 2326 3962; x_wconf 83' lang='lat' dir='ltr'><strong><em>auctor</em></strong></span> <span class='ocrx_word' id='word_1_588' title='bbox 2365 3907 2498 3963; x_wconf 67' lang='lat' dir='ltr'><strong><em>Vita:</em></strong></span> <span class='ocrx_word' id='word_1_589' title='bbox 2541 3906 2599 3960; x_wconf 93' lang='lat' dir='ltr'><strong><em>S.</em></strong></span> <span class='ocrx_word' id='word_1_590' title='bbox 2639 3908 2811 3960; x_wconf 81' lang='lat' dir='ltr'><strong><em>Marci</em></strong></span> <span class='ocrx_word' id='word_1_591' title='bbox 2838 3925 3168 3978; x_wconf 88' lang='lat' dir='ltr'><strong><em>anonymus,</em></strong></span> <span class='ocrx_word' id='word_1_592' title='bbox 3214 3924 3319 3961; x_wconf 89' lang='lat' dir='ltr'><strong><em>non</em></strong></span> <span class='ocrx_word' id='word_1_593' title='bbox 3347 3917 3469 3962; x_wconf 87' lang='lat' dir='ltr'><strong><em>tan-</em></strong></span> 
     </span>
    </p>
   </div>
   <div class='ocr_carea' id='block_1_85' title="bbox 1893 4000 3467 4070">
    <p class='ocr_par' dir='ltr' id='par_1_85' title="bbox 1893 4000 3467 4070">
     <span class='ocr_line' id='line_1_85' title="bbox 1893 4000 3467 4070; baseline 0 -18"><span class='ocrx_word' id='word_1_594' title='bbox 1893 4009 2006 4053; x_wconf 86' lang='lat' dir='ltr'><strong><em>tum</em></strong></span> <span class='ocrx_word' id='word_1_595' title='bbox 2036 4002 2164 4069; x_wconf 91' lang='lat' dir='ltr'><strong><em>quia</em></strong></span> <span class='ocrx_word' id='word_1_596' title='bbox 2201 4002 2254 4053; x_wconf 92' lang='lat' dir='ltr'><strong><em>in</em></strong></span> <span class='ocrx_word' id='word_1_597' title='bbox 2280 4017 2439 4054; x_wconf 90' lang='lat' dir='ltr'><strong><em>manu</em></strong></span> <span class='ocrx_word' id='word_1_598' title='bbox 2467 4001 2703 4054; x_wconf 76' lang='lat' dir='ltr'><strong><em>exaratis</em></strong></span> <span class='ocrx_word' id='word_1_599' title='bbox 2758 4001 3025 4053; x_wconf 87' lang='lat' dir='ltr'><strong><em>codicibus</em></strong></span> <span class='ocrx_word' id='word_1_600' title='bbox 3060 4000 3090 4070; x_wconf 87' lang='grc' dir='ltr'>β</span> <span class='ocrx_word' id='word_1_601' title='bbox 3118 4009 3171 4054; x_wconf 91' lang='lat' dir='ltr'><strong><em>et</em></strong></span> <span class='ocrx_word' id='word_1_602' title='bbox 3201 4018 3240 4070; x_wconf 87' lang='grc' dir='ltr'><strong>μ</strong></span> <span class='ocrx_word' id='word_1_603' title='bbox 3279 4001 3467 4055; x_wconf 86' lang='lat' dir='ltr'><strong><em>eadem</em></strong></span> 
     </span>
    </p>
   </div>
   <div class='ocr_carea' id='block_1_86' title="bbox 1891 4090 3468 4162">
    <p class='ocr_par' dir='ltr' id='par_1_86' title="bbox 1891 4090 3468 4162">
     <span class='ocr_line' id='line_1_86' title="bbox 1891 4090 3468 4162; baseline 0 -18"><span class='ocrx_word' id='word_1_604' title='bbox 1891 4090 2003 4145; x_wconf 83' lang='lat' dir='ltr'><strong><em>fere</em></strong></span> <span class='ocrx_word' id='word_1_605' title='bbox 2034 4093 2206 4162; x_wconf 76' lang='lat' dir='ltr'><strong><em>ﬁgura</em></strong></span> <span class='ocrx_word' id='word_1_606' title='bbox 2223 4093 2438 4162; x_wconf 83' lang='lat' dir='ltr'><strong><em>pingere</em></strong></span> <span class='ocrx_word' id='word_1_607' title='bbox 2463 4109 2574 4146; x_wconf 91' lang='lat' dir='ltr'><strong><em>mos</em></strong></span> <span class='ocrx_word' id='word_1_608' title='bbox 2600 4093 2724 4160; x_wconf 77' lang='lat' dir='ltr'><strong><em>fuit,</em></strong></span> <span class='ocrx_word' id='word_1_609' title='bbox 2746 4103 2804 4146; x_wconf 91' lang='lat' dir='ltr'><strong><em>ut</em></strong></span> <span class='ocrx_word' id='word_1_610' title='bbox 2833 4102 2990 4146; x_wconf 89' lang='lat' dir='ltr'><strong><em>notat</em></strong></span> <span class='ocrx_word' id='word_1_611' title='bbox 3015 4092 3345 4150; x_wconf 83' lang='lat' dir='ltr'><strong><em>Blondellus.</em></strong></span> <span class='ocrx_word' id='word_1_612' title='bbox 3373 4092 3468 4146; x_wconf 88' lang='lat' dir='ltr'><strong><em>sed</em></strong></span> 
     </span>
    </p>
   </div>
   <div class='ocr_carea' id='block_1_87' title="bbox 1889 4185 3469 4256">
    <p class='ocr_par' dir='ltr' id='par_1_87' title="bbox 1889 4185 3469 4256">
     <span class='ocr_line' id='line_1_87' title="bbox 1889 4185 3469 4256; baseline -0.001 -19"><span class='ocrx_word' id='word_1_613' title='bbox 1889 4185 2052 4237; x_wconf 89' lang='lat' dir='ltr'><strong><em>etiam</em></strong></span> <span class='ocrx_word' id='word_1_614' title='bbox 2085 4187 2230 4254; x_wconf 92' lang='lat' dir='ltr'><strong><em>quod</em></strong></span> <span class='ocrx_word' id='word_1_615' title='bbox 2255 4202 2291 4256; x_wconf 89' lang='grc' dir='ltr'><strong>η</strong></span> <span class='ocrx_word' id='word_1_616' title='bbox 2325 4194 2379 4240; x_wconf 89' lang='lat' dir='ltr'><strong><em>et</em></strong></span> <span class='ocrx_word' id='word_1_617' title='bbox 2407 4201 2512 4240; x_wconf 80' lang='lat' dir='ltr'><strong><em>tex</em></strong></span> <span class='ocrx_word' id='word_1_618' title='bbox 2545 4185 2807 4239; x_wconf 86' lang='lat' dir='ltr'><strong><em>all‘mitate</em></strong></span> <span class='ocrx_word' id='word_1_619' title='bbox 2833 4185 3303 4254; x_wconf 87' lang='lat' dir='ltr'><strong><em>pronuntiationis</em></strong></span> <span class='ocrx_word' id='word_1_620' title='bbox 3326 4194 3469 4251; x_wconf 63' lang='lat' dir='ltr'><strong><em>saepe</em></strong></span> 
     </span>
    </p>
   </div>
   <div class='ocr_carea' id='block_1_88' title="bbox 1890 4276 3466 4347">
    <p class='ocr_par' dir='ltr' id='par_1_88' title="bbox 1890 4276 3466 4347">
     <span class='ocr_line' id='line_1_88' title="bbox 1890 4276 3466 4347; baseline 0 -17"><span class='ocrx_word' id='word_1_621' title='bbox 1890 4276 1944 4330; x_wconf 90' lang='lat' dir='ltr'><strong><em>in</em></strong></span> <span class='ocrx_word' id='word_1_622' title='bbox 1971 4293 2103 4331; x_wconf 91' lang='lat' dir='ltr'><strong><em>mss.</em></strong></span> <span class='ocrx_word' id='word_1_623' title='bbox 2138 4278 2452 4346; x_wconf 82' lang='lat' dir='ltr'><strong><em>prorniscue</em></strong></span> <span class='ocrx_word' id='word_1_624' title='bbox 2483 4292 2852 4346; x_wconf 89' lang='lat' dir='ltr'><strong><em>usurpentur:</em></strong></span> <span class='ocrx_word' id='word_1_625' title='bbox 2903 4293 3078 4347; x_wconf 89' lang='lat' dir='ltr'><strong><em>neque</em></strong></span> <span class='ocrx_word' id='word_1_626' title='bbox 3106 4277 3332 4330; x_wconf 85' lang='lat' dir='ltr'><strong><em>Latinus</em></strong></span> <span class='ocrx_word' id='word_1_627' title='bbox 3361 4276 3466 4330; x_wconf 88' lang='lat' dir='ltr'><strong><em>Le-</em></strong></span> 
     </span>
    </p>
   </div>
   <div class='ocr_carea' id='block_1_89' title="bbox 1889 4371 3466 4440">
    <p class='ocr_par' dir='ltr' id='par_1_89' title="bbox 1889 4371 3466 4440">
     <span class='ocr_line' id='line_1_89' title="bbox 1889 4371 3466 4440; baseline -0.001 -16"><span class='ocrx_word' id='word_1_628' title='bbox 1889 4371 2173 4440; x_wconf 88' lang='lat' dir='ltr'><strong><em>gendarius</em></strong></span> <span class='ocrx_word' id='word_1_629' title='bbox 2207 4387 2273 4425; x_wconf 81' lang='lat' dir='ltr'><strong><em>ex</em></strong></span> <span class='ocrx_word' id='word_1_630' title='bbox 2299 4372 2482 4426; x_wconf 84' lang='lat' dir='ltr'><strong><em>Abilio</em></strong></span> <span class='ocrx_word' id='word_1_631' title='bbox 2511 4371 2732 4425; x_wconf 87' lang='lat' dir='ltr'><strong><em>Melium</em></strong></span> <span class='ocrx_word' id='word_1_632' title='bbox 2777 4371 2926 4436; x_wconf 80' lang='lat' dir='ltr'><strong><em>fecit,</em></strong></span> <span class='ocrx_word' id='word_1_633' title='bbox 2982 4371 3077 4426; x_wconf 91' lang='lat' dir='ltr'><strong><em>sed</em></strong></span> <span class='ocrx_word' id='word_1_634' title='bbox 3103 4412 3118 4437; x_wconf 99' lang='lat'><strong><em>,</em></strong></span> <span class='ocrx_word' id='word_1_635' title='bbox 3149 4371 3362 4439; x_wconf 88' lang='lat' dir='ltr'><strong><em>opinor,</em></strong></span> <span class='ocrx_word' id='word_1_636' title='bbox 3397 4371 3466 4423; x_wconf 92' lang='lat' dir='ltr'><strong><em>ab</em></strong></span> 
     </span>
    </p>
   </div>
   <div class='ocr_carea' id='block_1_90' title="bbox 197 4461 3466 4546">
    <p class='ocr_par' dir='ltr' id='par_1_90' title="bbox 197 4461 3466 4546">
     <span class='ocr_line' id='line_1_90' title="bbox 197 4461 3466 4546; baseline -0.003 -20"><span class='ocrx_word' id='word_1_637' title='bbox 197 4475 369 4528; x_wconf 85' lang='lat' dir='ltr'><strong><em>etiam</em></strong></span> <span class='ocrx_word' id='word_1_638' title='bbox 407 4474 478 4528; x_wconf 91' lang='lat' dir='ltr'><strong><em>ad</em></strong></span> <span class='ocrx_word' id='word_1_639' title='bbox 504 4489 796 4543; x_wconf 80' lang='lat' dir='ltr'><strong><em>episcopos</em></strong></span> <span class='ocrx_word' id='word_1_640' title='bbox 834 4476 1064 4541; x_wconf 89' lang='lat' dir='ltr'><strong><em>alienos,</em></strong></span> <span class='ocrx_word' id='word_1_641' title='bbox 1112 4493 1254 4546; x_wconf 87' lang='lat' dir='ltr'><strong><em>quos</em></strong></span> <span class='ocrx_word' id='word_1_642' title='bbox 1295 4478 1385 4532; x_wconf 80' lang='lat' dir='ltr'><strong><em>ille</em></strong></span> <span class='ocrx_word' id='word_1_643' title='bbox 1418 4488 1598 4534; x_wconf 68' lang='lat' dir='ltr'><strong><em>tamen</em></strong></span> <span class='ocrx_word' id='word_1_644' title='bbox 1642 4497 1784 4535; x_wconf 77' lang='lat' dir='ltr'><strong><em>mm-</em></strong></span> <span class='ocrx_word' id='word_1_645' title='bbox 1815 4481 1862 4536; x_wconf 73' lang='grc' dir='ltr'><strong><em>υ</em></strong></span> <span class='ocrx_word' id='word_1_646' title='bbox 1891 4463 2292 4531; x_wconf 83' lang='lat' dir='ltr'><strong><em>antiquioribus</em></strong></span> <span class='ocrx_word' id='word_1_647' title='bbox 2341 4464 2414 4518; x_wconf 88' lang='lat' dir='ltr'><strong><em>ita</em></strong></span> <span class='ocrx_word' id='word_1_648' title='bbox 2458 4465 2723 4532; x_wconf 86' lang='lat' dir='ltr'><strong><em>scriptum</em></strong></span> <span class='ocrx_word' id='word_1_649' title='bbox 2782 4463 3023 4529; x_wconf 85' lang='lat' dir='ltr'><strong><em>invenit;</em></strong></span> <span class='ocrx_word' id='word_1_650' title='bbox 3053 4471 3198 4516; x_wconf 92' lang='lat' dir='ltr'><strong><em>certe</em></strong></span> <span class='ocrx_word' id='word_1_651' title='bbox 3229 4461 3466 4515; x_wconf 84' lang='lat' dir='ltr'><strong><em>Severus</em></strong></span> 
     </span>
    </p>
   </div>
   <div class='ocr_carea' id='block_1_91' title="bbox 198 4566 1782 4638">
    <p class='ocr_par' dir='ltr' id='par_1_91' title="bbox 198 4566 1782 4638">
     <span class='ocr_line' id='line_1_91' title="bbox 198 4566 1782 4638; baseline 0.005 -21"><span class='ocrx_word' id='word_1_652' title='bbox 198 4579 368 4632; x_wconf 86' lang='lat' dir='ltr'><strong><em>quam</em></strong></span> <span class='ocrx_word' id='word_1_653' title='bbox 391 4567 652 4634; x_wconf 80' lang='lat' dir='ltr'><strong><em>respexit,</em></strong></span> <span class='ocrx_word' id='word_1_654' title='bbox 686 4566 842 4630; x_wconf 89' lang='lat' dir='ltr'><strong><em>illud,</em></strong></span> <span class='ocrx_word' id='word_1_655' title='bbox 878 4567 1014 4620; x_wconf 87' lang='lat' dir='ltr'><strong><em>nihil</em></strong></span> <span class='ocrx_word' id='word_1_656' title='bbox 1042 4569 1154 4622; x_wconf 88' lang='lat' dir='ltr'><strong><em>sine</em></strong></span> <span class='ocrx_word' id='word_1_657' title='bbox 1182 4571 1426 4638; x_wconf 92' lang='lat' dir='ltr'><strong><em>episcopo</em></strong></span> <span class='ocrx_word' id='word_1_658' title='bbox 1461 4573 1782 4638; x_wconf 81' lang='lat' dir='ltr'><strong><em>Iaciendum,</em></strong></span> 
     </span>
    </p>
   </div>
   <div class='ocr_carea' id='block_1_92' title="bbox 198 4658 1782 4734">
    <p class='ocr_par' dir='ltr' id='par_1_92' title="bbox 198 4658 1782 4734">
     <span class='ocr_line' id='line_1_92' title="bbox 198 4658 1782 4734; baseline 0.006 -24"><span class='ocrx_word' id='word_1_659' title='bbox 198 4673 312 4711; x_wconf 88' lang='lat' dir='ltr'><strong><em>nou</em></strong></span> <span class='ocrx_word' id='word_1_660' title='bbox 337 4666 522 4726; x_wconf 87' lang='lat' dir='ltr'><strong><em>potest</em></strong></span> <span class='ocrx_word' id='word_1_661' title='bbox 541 4659 802 4727; x_wconf 89' lang='lat' dir='ltr'><strong><em>applicari</em></strong></span> <span class='ocrx_word' id='word_1_662' title='bbox 836 4658 904 4712; x_wconf 86' lang='lat' dir='ltr'><strong><em>ad</em></strong></span> <span class='ocrx_word' id='word_1_663' title='bbox 937 4660 1262 4715; x_wconf 90' lang='lat' dir='ltr'><strong><em>electionem</em></strong></span> <span class='ocrx_word' id='word_1_664' title='bbox 1305 4661 1475 4717; x_wconf 85' lang='lat' dir='ltr'><strong><em>futuri</em></strong></span> <span class='ocrx_word' id='word_1_665' title='bbox 1510 4666 1782 4734; x_wconf 90' lang='lat' dir='ltr'><strong><em>episc0pi;</em></strong></span> 
     </span>
    </p>
   </div>
   <div class='ocr_carea' id='block_1_93' title="bbox 198 4747 1781 4822">
    <p class='ocr_par' dir='ltr' id='par_1_93' title="bbox 198 4747 1781 4822">
     <span class='ocr_line' id='line_1_93' title="bbox 198 4747 1781 4822; baseline 0.006 -22"><span class='ocrx_word' id='word_1_666' title='bbox 198 4747 251 4800; x_wconf 89' lang='lat' dir='ltr'><strong><em>id</em></strong></span> <span class='ocrx_word' id='word_1_667' title='bbox 276 4748 426 4801; x_wconf 86' lang='lat' dir='ltr'><strong><em>enim</em></strong></span> <span class='ocrx_word' id='word_1_668' title='bbox 462 4748 515 4801; x_wconf 91' lang='lat' dir='ltr'><strong><em>in</em></strong></span> <span class='ocrx_word' id='word_1_669' title='bbox 558 4749 950 4804; x_wconf 83' lang='lat' dir='ltr'><strong><em>vetustissimis</em></strong></span> <span class='ocrx_word' id='word_1_670' title='bbox 975 4751 1224 4806; x_wconf 84' lang='lat' dir='ltr'><strong><em>ecclesiis</em></strong></span> <span class='ocrx_word' id='word_1_671' title='bbox 1260 4768 1545 4822; x_wconf 86' lang='lat' dir='ltr'><strong><em>nunquam</em></strong></span> <span class='ocrx_word' id='word_1_672' title='bbox 1577 4754 1781 4810; x_wconf 80' lang='lat' dir='ltr'><strong><em>factum</em></strong></span> 
     </span>
    </p>
   </div>
   <div class='ocr_carea' id='block_1_94' title="bbox 197 4840 1784 4914">
    <p class='ocr_par' dir='ltr' id='par_1_94' title="bbox 197 4840 1784 4914">
     <span class='ocr_line' id='line_1_94' title="bbox 197 4840 1784 4914; baseline 0.005 -22"><span class='ocrx_word' id='word_1_673' title='bbox 197 4848 302 4901; x_wconf 86' lang='lat' dir='ltr'><strong><em>est,</em></strong></span> <span class='ocrx_word' id='word_1_674' title='bbox 352 4848 414 4891; x_wconf 91' lang='lat' dir='ltr'><strong><em>ut</em></strong></span> <span class='ocrx_word' id='word_1_675' title='bbox 469 4855 579 4893; x_wconf 89' lang='lat' dir='ltr'><strong><em>non</em></strong></span> <span class='ocrx_word' id='word_1_676' title='bbox 611 4841 732 4894; x_wconf 91' lang='lat' dir='ltr'><strong><em>sine</em></strong></span> <span class='ocrx_word' id='word_1_677' title='bbox 764 4840 1022 4910; x_wconf 91' lang='lat' dir='ltr'><strong><em>episcopo</em></strong></span> <span class='ocrx_word' id='word_1_678' title='bbox 1043 4842 1363 4911; x_wconf 87' lang='lat' dir='ltr'><strong><em>episcopum</em></strong></span> <span class='ocrx_word' id='word_1_679' title='bbox 1407 4844 1605 4914; x_wconf 83' lang='lat' dir='ltr'><strong><em>eligere</em></strong></span> <span class='ocrx_word' id='word_1_680' title='bbox 1633 4854 1784 4900; x_wconf 86' lang='lat' dir='ltr'><strong><em>tene-</em></strong></span> 
     </span>
    </p>
   </div>
   <div class='ocr_carea' id='block_1_95' title="bbox 197 4927 1781 5000">
    <p class='ocr_par' dir='ltr' id='par_1_95' title="bbox 197 4927 1781 5000">
     <span class='ocr_line' id='line_1_95' title="bbox 197 4927 1781 5000; baseline 0.003 -19"><span class='ocrx_word' id='word_1_681' title='bbox 197 4938 413 4983; x_wconf 88' lang='lat' dir='ltr'><strong><em>rentur.</em></strong></span> <span class='ocrx_word' id='word_1_682' title='bbox 447 4927 528 4981; x_wconf 84' lang='lat' dir='ltr'><strong><em>An</em></strong></span> <span class='ocrx_word' id='word_1_683' title='bbox 566 4929 618 4982; x_wconf 90' lang='lat' dir='ltr'><strong><em>id</em></strong></span> <span class='ocrx_word' id='word_1_684' title='bbox 635 4928 842 4984; x_wconf 79' lang='lat' dir='ltr'><strong><em>dixisse</em></strong></span> <span class='ocrx_word' id='word_1_685' title='bbox 861 4928 1107 4999; x_wconf 88' lang='lat' dir='ltr'><strong><em>lgnatius</em></strong></span> <span class='ocrx_word' id='word_1_686' title='bbox 1146 4931 1467 4999; x_wconf 89' lang='lat' dir='ltr'><strong><em>cpistolicus</em></strong></span> <span class='ocrx_word' id='word_1_687' title='bbox 1506 4933 1781 5000; x_wconf 88' lang='lat' dir='ltr'><strong><em>putandus</em></strong></span> 
     </span>
    </p>
   </div>
   <div class='ocr_carea' id='block_1_96' title="bbox 195 5020 1782 5092">
    <p class='ocr_par' dir='ltr' id='par_1_96' title="bbox 195 5020 1782 5092">
     <span class='ocr_line' id='line_1_96' title="bbox 195 5020 1782 5092; baseline 0.001 -20"><span class='ocrx_word' id='word_1_688' title='bbox 195 5029 315 5072; x_wconf 89' lang='lat' dir='ltr'><strong><em>est:</em></strong></span> <span class='ocrx_word' id='word_1_689' title='bbox 356 5020 493 5073; x_wconf 85' lang='lat' dir='ltr'><strong><em>Sine</em></strong></span> <span class='ocrx_word' id='word_1_690' title='bbox 528 5021 787 5090; x_wconf 87' lang='lat' dir='ltr'><strong><em>episeopo</em></strong></span> <span class='ocrx_word' id='word_1_691' title='bbox 845 5021 1124 5075; x_wconf 90' lang='lat' dir='ltr'><strong><em>neminem</em></strong></span> <span class='ocrx_word' id='word_1_692' title='bbox 1184 5022 1504 5091; x_wconf 90' lang='lat' dir='ltr'><strong><em>episcopum</em></strong></span> <span class='ocrx_word' id='word_1_693' title='bbox 1557 5021 1782 5092; x_wconf 88' lang='lat' dir='ltr'><strong><em>eligite?</em></strong></span> 
     </span>
    </p>
   </div>
   <div class='ocr_carea' id='block_1_97' title="bbox 195 5109 1777 5183">
    <p class='ocr_par' dir='ltr' id='par_1_97' title="bbox 195 5109 1777 5183">
     <span class='ocr_line' id='line_1_97' title="bbox 195 5109 1777 5183; baseline -0.001 -17"><span class='ocrx_word' id='word_1_694' title='bbox 195 5109 350 5178; x_wconf 87' lang='lat' dir='ltr'><strong><em>Quod</em></strong></span> <span class='ocrx_word' id='word_1_695' title='bbox 385 5112 457 5164; x_wconf 87' lang='lat' dir='ltr'><strong><em>ad</em></strong></span> <span class='ocrx_word' id='word_1_696' title='bbox 485 5111 806 5166; x_wconf 88' lang='lat' dir='ltr'><strong><em>electionem</em></strong></span> <span class='ocrx_word' id='word_1_697' title='bbox 835 5113 1001 5183; x_wconf 83' lang='lat' dir='ltr'><strong><em>igitur</em></strong></span> <span class='ocrx_word' id='word_1_698' title='bbox 1027 5113 1244 5178; x_wconf 87' lang='lat' dir='ltr'><strong><em>attinet,</em></strong></span> <span class='ocrx_word' id='word_1_699' title='bbox 1277 5114 1648 5167; x_wconf 87' lang='lat' dir='ltr'><strong><em>certissimum</em></strong></span> <span class='ocrx_word' id='word_1_700' title='bbox 1672 5123 1777 5178; x_wconf 83' lang='lat' dir='ltr'><strong><em>est,</em></strong></span> 
     </span>
    </p>
   </div>
   <div class='ocr_carea' id='block_1_98' title="bbox 194 5203 1779 5274">
    <p class='ocr_par' dir='ltr' id='par_1_98' title="bbox 194 5203 1779 5274">
     <span class='ocr_line' id='line_1_98' title="bbox 194 5203 1779 5274; baseline 0.001 -17"><span class='ocrx_word' id='word_1_701' title='bbox 194 5218 313 5257; x_wconf 83' lang='lat' dir='ltr'><strong><em>eam</em></strong></span> <span class='ocrx_word' id='word_1_702' title='bbox 337 5218 441 5272; x_wconf 88' lang='lat' dir='ltr'><strong><em>per</em></strong></span> <span class='ocrx_word' id='word_1_703' title='bbox 469 5204 818 5274; x_wconf 80' lang='lat' dir='ltr'><strong><em>presbyteros</em></strong></span> <span class='ocrx_word' id='word_1_704' title='bbox 849 5204 931 5258; x_wconf 85' lang='lat' dir='ltr'><strong><em>vel</em></strong></span> <span class='ocrx_word' id='word_1_705' title='bbox 952 5219 1018 5258; x_wconf 79' lang='lat' dir='ltr'><strong><em>ex</em></strong></span> <span class='ocrx_word' id='word_1_706' title='bbox 1043 5203 1377 5274; x_wconf 88' lang='lat' dir='ltr'><strong><em>presbyteris</em></strong></span> <span class='ocrx_word' id='word_1_707' title='bbox 1424 5204 1621 5257; x_wconf 85' lang='lat' dir='ltr'><strong><em>laetam</em></strong></span> <span class='ocrx_word' id='word_1_708' title='bbox 1659 5203 1779 5258; x_wconf 87' lang='lat' dir='ltr'><strong><em>sine</em></strong></span> 
     </span>
    </p>
   </div>
   <div class='ocr_carea' id='block_1_99' title="bbox 194 5292 1773 5366">
    <p class='ocr_par' dir='ltr' id='par_1_99' title="bbox 194 5292 1773 5366">
     <span class='ocr_line' id='line_1_99' title="bbox 194 5292 1773 5366; baseline 0.001 -20"><span class='ocrx_word' id='word_1_709' title='bbox 194 5295 478 5363; x_wconf 87' lang='lat' dir='ltr'><strong><em>episcopo,</em></strong></span> <span class='ocrx_word' id='word_1_710' title='bbox 501 5309 612 5348; x_wconf 92' lang='lat' dir='ltr'><strong><em>non</em></strong></span> <span class='ocrx_word' id='word_1_711' title='bbox 645 5292 814 5350; x_wconf 81' lang='lat' dir='ltr'><strong><em>fuisse</em></strong></span> <span class='ocrx_word' id='word_1_712' title='bbox 839 5295 1074 5350; x_wconf 91' lang='lat' dir='ltr'><strong><em>consilio</em></strong></span> <span class='ocrx_word' id='word_1_713' title='bbox 1106 5295 1391 5366; x_wconf 80' lang='lat' dir='ltr'><strong><em>lgnatiano</em></strong></span> <span class='ocrx_word' id='word_1_714' title='bbox 1415 5295 1773 5349; x_wconf 88' lang='lat' dir='ltr'><strong><em>contrariam.</em></strong></span> 
     </span>
    </p>
   </div>
   <div class='ocr_carea' id='block_1_100' title="bbox 198 5385 1777 5458">
    <p class='ocr_par' dir='ltr' id='par_1_100' title="bbox 198 5385 1777 5458">
     <span class='ocr_line' id='line_1_100' title="bbox 198 5385 1777 5458; baseline -0.002 -16"><span class='ocrx_word' id='word_1_715' title='bbox 198 5385 527 5458; x_wconf 86' lang='lat' dir='ltr'><strong><em>Ubicunque</em></strong></span> <span class='ocrx_word' id='word_1_716' title='bbox 557 5387 699 5441; x_wconf 83' lang='lat' dir='ltr'><strong><em>facta</em></strong></span> <span class='ocrx_word' id='word_1_717' title='bbox 723 5398 807 5443; x_wconf 91' lang='lat' dir='ltr'><strong><em>est</em></strong></span> <span class='ocrx_word' id='word_1_718' title='bbox 851 5388 966 5442; x_wconf 90' lang='lat' dir='ltr'><strong><em>sive</em></strong></span> <span class='ocrx_word' id='word_1_719' title='bbox 999 5403 1097 5456; x_wconf 91' lang='lat' dir='ltr'><strong><em>per</em></strong></span> <span class='ocrx_word' id='word_1_720' title='bbox 1144 5389 1516 5458; x_wconf 86' lang='lat' dir='ltr'><strong><em>presbyteros.</em></strong></span> <span class='ocrx_word' id='word_1_721' title='bbox 1547 5386 1634 5441; x_wconf 91' lang='lat' dir='ltr'><strong><em>vel</em></strong></span> <span class='ocrx_word' id='word_1_722' title='bbox 1664 5386 1777 5454; x_wconf 90' lang='lat' dir='ltr'><strong><em>ple-</em></strong></span> 
     </span>
    </p>
   </div>
   <div class='ocr_carea' id='block_1_101' title="bbox 194 5479 1747 5550">
    <p class='ocr_par' dir='ltr' id='par_1_101' title="bbox 194 5479 1747 5550">
     <span class='ocr_line' id='line_1_101' title="bbox 194 5479 1747 5550; baseline 0 -18"><span class='ocrx_word' id='word_1_723' title='bbox 194 5479 334 5544; x_wconf 86' lang='lat' dir='ltr'><strong><em>bem,</em></strong></span> <span class='ocrx_word' id='word_1_724' title='bbox 372 5480 493 5534; x_wconf 85' lang='lat' dir='ltr'><strong><em>sive</em></strong></span> <span class='ocrx_word' id='word_1_725' title='bbox 536 5494 604 5534; x_wconf 76' lang='lat' dir='ltr'><strong><em>ex</em></strong></span> <span class='ocrx_word' id='word_1_726' title='bbox 662 5479 1014 5550; x_wconf 84' lang='lat' dir='ltr'><strong><em>presbyteris,</em></strong></span> <span class='ocrx_word' id='word_1_727' title='bbox 1058 5480 1174 5534; x_wconf 90' lang='lat' dir='ltr'><strong><em>sive</em></strong></span> <span class='ocrx_word' id='word_1_728' title='bbox 1207 5494 1272 5533; x_wconf 83' lang='lat' dir='ltr'><strong><em>ex</em></strong></span> <span class='ocrx_word' id='word_1_729' title='bbox 1305 5479 1467 5542; x_wconf 85' lang='lat' dir='ltr'><strong><em>aliis,</em></strong></span> <span class='ocrx_word' id='word_1_730' title='bbox 1499 5479 1617 5533; x_wconf 90' lang='lat' dir='ltr'><strong><em>sine</em></strong></span> <span class='ocrx_word' id='word_1_731' title='bbox 1659 5493 1747 5546; x_wconf 79' lang='lat' dir='ltr'><strong><em>ept</em></strong></span> 
     </span>
    </p>
   </div>
   <div class='ocr_carea' id='block_1_102' title="bbox 196 5569 1775 5643">
    <p class='ocr_par' dir='ltr' id='par_1_102' title="bbox 196 5569 1775 5643">
     <span class='ocr_line' id='line_1_102' title="bbox 196 5569 1775 5643; baseline -0.001 -16"><span class='ocrx_word' id='word_1_732' title='bbox 196 5589 358 5643; x_wconf 79' lang='lat' dir='ltr'><strong><em>scepo</em></strong></span> <span class='ocrx_word' id='word_1_733' title='bbox 387 5573 619 5627; x_wconf 86' lang='lat' dir='ltr'><strong><em>omnino</em></strong></span> <span class='ocrx_word' id='word_1_734' title='bbox 643 5573 757 5626; x_wconf 84' lang='lat' dir='ltr'><strong><em>lieti</em></strong></span> <span class='ocrx_word' id='word_1_735' title='bbox 786 5571 982 5641; x_wconf 92' lang='lat' dir='ltr'><strong><em>potuit.</em></strong></span> <span class='ocrx_word' id='word_1_736' title='bbox 1021 5569 1165 5626; x_wconf 88' lang='lat' dir='ltr'><strong><em>Usus</em></strong></span> <span class='ocrx_word' id='word_1_737' title='bbox 1197 5571 1365 5642; x_wconf 89' lang='lat' dir='ltr'><strong><em>igitur</em></strong></span> <span class='ocrx_word' id='word_1_738' title='bbox 1404 5571 1492 5626; x_wconf 83' lang='lat' dir='ltr'><strong><em>hic</em></strong></span> <span class='ocrx_word' id='word_1_739' title='bbox 1517 5569 1775 5625; x_wconf 68' lang='lat' dir='ltr'><strong><em>Ecclesia:</em></strong></span> 
     </span>
    </p>
   </div>
   <div class='ocr_carea' id='block_1_103' title="bbox 195 5661 1772 5733">
    <p class='ocr_par' dir='ltr' id='par_1_103' title="bbox 195 5661 1772 5733">
     <span class='ocr_line' id='line_1_103' title="bbox 195 5661 1772 5733; baseline -0.001 -16"><span class='ocrx_word' id='word_1_740' title='bbox 195 5664 576 5719; x_wconf 67' lang='lat' dir='ltr'><strong><em>Alexandrina:</em></strong></span> <span class='ocrx_word' id='word_1_741' title='bbox 629 5663 684 5716; x_wconf 91' lang='lat' dir='ltr'><strong><em>in</em></strong></span> <span class='ocrx_word' id='word_1_742' title='bbox 721 5663 970 5733; x_wconf 84' lang='lat' dir='ltr'><strong><em>eligendo</em></strong></span> <span class='ocrx_word' id='word_1_743' title='bbox 1004 5662 1262 5731; x_wconf 79' lang='lat' dir='ltr'><strong><em>episcopo</em></strong></span> <span class='ocrx_word' id='word_1_744' title='bbox 1293 5661 1405 5715; x_wconf 87' lang='lat' dir='ltr'><strong><em>dici</em></strong></span> <span class='ocrx_word' id='word_1_745' title='bbox 1456 5677 1562 5716; x_wconf 89' lang='lat' dir='ltr'><strong><em>non</em></strong></span> <span class='ocrx_word' id='word_1_746' title='bbox 1596 5670 1772 5732; x_wconf 85' lang='lat' dir='ltr'><strong><em>potest</em></strong></span> 
     </span>
    </p>
   </div>
   <div class='ocr_carea' id='block_1_104' title="bbox 195 5752 1437 5825">
    <p class='ocr_par' dir='ltr' id='par_1_104' title="bbox 195 5752 1437 5825">
     <span class='ocr_line' id='line_1_104' title="bbox 195 5752 1437 5825; baseline -0.003 -16"><span class='ocrx_word' id='word_1_747' title='bbox 195 5755 492 5825; x_wconf 74' lang='lat' dir='ltr'><strong><em>disciplina:</em></strong></span> <span class='ocrx_word' id='word_1_748' title='bbox 523 5754 594 5810; x_wconf 85' lang='lat' dir='ltr'><strong><em>ab</em></strong></span> <span class='ocrx_word' id='word_1_749' title='bbox 625 5752 836 5824; x_wconf 80' lang='lat' dir='ltr'><strong><em>lgnatio</em></strong></span> <span class='ocrx_word' id='word_1_750' title='bbox 861 5753 1075 5808; x_wconf 70' lang='lat' dir='ltr'><strong><em>tradita:</em></strong></span> <span class='ocrx_word' id='word_1_751' title='bbox 1101 5752 1437 5809; x_wconf 71' lang='lat' dir='ltr'><strong><em>contrarius.</em></strong></span> 
     </span>
    </p>
   </div>
   <div class='ocr_carea' id='block_1_105' title="bbox 1887 4551 3464 4622">
    <p class='ocr_par' dir='ltr' id='par_1_105' title="bbox 1887 4551 3464 4622">
     <span class='ocr_line' id='line_1_105' title="bbox 1887 4551 3464 4622; baseline -0.003 -16"><span class='ocrx_word' id='word_1_752' title='bbox 1887 4568 1954 4606; x_wconf 82' lang='lat' dir='ltr'><strong><em>ex</em></strong></span> <span class='ocrx_word' id='word_1_753' title='bbox 1981 4553 2354 4622; x_wconf 89' lang='lat' dir='ltr'><strong><em>antiquiorum</em></strong></span> <span class='ocrx_word' id='word_1_754' title='bbox 2384 4553 2758 4608; x_wconf 82' lang='lat' dir='ltr'><strong><em>monumentis</em></strong></span> <span class='ocrx_word' id='word_1_755' title='bbox 2804 4568 2930 4606; x_wconf 92' lang='lat' dir='ltr'><strong><em>eum</em></strong></span> <span class='ocrx_word' id='word_1_756' title='bbox 2961 4551 3254 4605; x_wconf 84' lang='lat' dir='ltr'><strong><em>Melianum</em></strong></span> <span class='ocrx_word' id='word_1_757' title='bbox 3281 4559 3464 4615; x_wconf 88' lang='lat' dir='ltr'><strong><em>vocat,</em></strong></span> 
     </span>
    </p>
   </div>
   <div class='ocr_carea' id='block_1_106' title="bbox 1887 4641 3465 4717">
    <p class='ocr_par' dir='ltr' id='par_1_106' title="bbox 1887 4641 3465 4717">
     <span class='ocr_line' id='line_1_106' title="bbox 1887 4641 3465 4717; baseline -0.003 -19"><span class='ocrx_word' id='word_1_758' title='bbox 1887 4661 2050 4715; x_wconf 92' lang='lat' dir='ltr'><strong><em>quem</em></strong></span> <span class='ocrx_word' id='word_1_759' title='bbox 2077 4646 2168 4698; x_wconf 87' lang='lat' dir='ltr'><strong><em>alii</em></strong></span> <span class='ocrx_word' id='word_1_760' title='bbox 2199 4646 2462 4710; x_wconf 87' lang='lat' dir='ltr'><strong><em>Abilium,</em></strong></span> <span class='ocrx_word' id='word_1_761' title='bbox 2495 4644 2798 4717; x_wconf 86' lang='lat' dir='ltr'><strong><em>Eutycbius</em></strong></span> <span class='ocrx_word' id='word_1_762' title='bbox 2828 4643 3162 4709; x_wconf 88' lang='lat' dir='ltr'><strong><em>Pbiletium)</em></strong></span> <span class='ocrx_word' id='word_1_763' title='bbox 3198 4641 3465 4695; x_wconf 88' lang='lat' dir='ltr'><strong><em>successit</em></strong></span> 
     </span>
    </p>
   </div>
   <div class='ocr_carea' id='block_1_107' title="bbox 1885 4732 3464 4807">
    <p class='ocr_par' dir='ltr' id='par_1_107' title="bbox 1885 4732 3464 4807">
     <span class='ocr_line' id='line_1_107' title="bbox 1885 4732 3464 4807; baseline -0.004 -16"><span class='ocrx_word' id='word_1_764' title='bbox 1885 4736 2120 4802; x_wconf 83' lang='lat' dir='ltr'><strong><em>Cerdon,</em></strong></span> <span class='ocrx_word' id='word_1_765' title='bbox 2145 4736 2213 4790; x_wconf 92' lang='lat' dir='ltr'><strong><em>ad</em></strong></span> <span class='ocrx_word' id='word_1_766' title='bbox 2240 4737 2399 4807; x_wconf 88' lang='lat' dir='ltr'><strong><em>cujus</em></strong></span> <span class='ocrx_word' id='word_1_767' title='bbox 2430 4737 2840 4791; x_wconf 86' lang='lat' dir='ltr'><strong><em>ordinationem</em></strong></span> <span class='ocrx_word' id='word_1_768' title='bbox 2885 4743 2945 4788; x_wconf 88' lang='lat' dir='ltr'><strong><em>ut</em></strong></span> <span class='ocrx_word' id='word_1_769' title='bbox 2980 4741 3034 4786; x_wconf 89' lang='lat' dir='ltr'><strong><em>et</em></strong></span> <span class='ocrx_word' id='word_1_770' title='bbox 3074 4732 3307 4785; x_wconf 87' lang='lat' dir='ltr'><strong><em>aliorum</em></strong></span> <span class='ocrx_word' id='word_1_771' title='bbox 3340 4741 3464 4799; x_wconf 87' lang='lat' dir='ltr'><strong><em>post</em></strong></span> 
     </span>
    </p>
   </div>
   <div class='ocr_carea' id='block_1_108' title="bbox 1883 4823 3462 4896">
    <p class='ocr_par' dir='ltr' id='par_1_108' title="bbox 1883 4823 3462 4896">
     <span class='ocr_line' id='line_1_108' title="bbox 1883 4823 3462 4896; baseline -0.006 -13"><span class='ocrx_word' id='word_1_772' title='bbox 1883 4839 2101 4892; x_wconf 89' lang='lat' dir='ltr'><strong><em>eum,et</em></strong></span> <span class='ocrx_word' id='word_1_773' title='bbox 2127 4839 2253 4884; x_wconf 89' lang='lat' dir='ltr'><strong><em>ante</em></strong></span> <span class='ocrx_word' id='word_1_774' title='bbox 2281 4828 2640 4894; x_wconf 88' lang='lat' dir='ltr'><strong><em>Demetrium,</em></strong></span> <span class='ocrx_word' id='word_1_775' title='bbox 2664 4826 2906 4896; x_wconf 89' lang='lat' dir='ltr'><strong><em>episcopi</em></strong></span> <span class='ocrx_word' id='word_1_776' title='bbox 2937 4841 3000 4879; x_wconf 83' lang='lat' dir='ltr'><strong><em>ex</em></strong></span> <span class='ocrx_word' id='word_1_777' title='bbox 3026 4840 3088 4878; x_wconf 92' lang='lat' dir='ltr'><strong><em>ea</em></strong></span> <span class='ocrx_word' id='word_1_778' title='bbox 3119 4823 3340 4892; x_wconf 82' lang='lat' dir='ltr'><strong><em>regione</em></strong></span> <span class='ocrx_word' id='word_1_779' title='bbox 3369 4838 3462 4875; x_wconf 86' lang='lat' dir='ltr'><strong><em>ac-</em></strong></span> 
     </span>
    </p>
   </div>
   <div class='ocr_carea' id='block_1_109' title="bbox 1883 4914 3462 4990">
    <p class='ocr_par' dir='ltr' id='par_1_109' title="bbox 1883 4914 3462 4990">
     <span class='ocr_line' id='line_1_109' title="bbox 1883 4914 3462 4990; baseline -0.006 -13"><span class='ocrx_word' id='word_1_780' title='bbox 1883 4932 2190 4987; x_wconf 84' lang='lat' dir='ltr'><strong><em>cesserunt,</em></strong></span> <span class='ocrx_word' id='word_1_781' title='bbox 2221 4931 2281 4977; x_wconf 91' lang='lat' dir='ltr'><strong><em>ut</em></strong></span> <span class='ocrx_word' id='word_1_782' title='bbox 2309 4922 2475 4976; x_wconf 88' lang='lat' dir='ltr'><strong><em>tradit</em></strong></span> <span class='ocrx_word' id='word_1_783' title='bbox 2511 4920 2770 4983; x_wconf 89' lang='lat' dir='ltr'><strong><em>Severus,</em></strong></span> <span class='ocrx_word' id='word_1_784' title='bbox 2803 4919 2896 4990; x_wconf 91' lang='lat' dir='ltr'><strong><em>qui</em></strong></span> <span class='ocrx_word' id='word_1_785' title='bbox 2921 4917 3154 4972; x_wconf 78' lang='lat' dir='ltr'><strong><em>Arabice</em></strong></span> <span class='ocrx_word' id='word_1_786' title='bbox 3188 4914 3338 4970; x_wconf 85' lang='lat' dir='ltr'><strong><em>Vitas</em></strong></span> <span class='ocrx_word' id='word_1_787' title='bbox 3365 4931 3462 4984; x_wconf 86' lang='lat' dir='ltr'><strong><em>pa-</em></strong></span> 
     </span>
    </p>
   </div>
   <div class='ocr_carea' id='block_1_110' title="bbox 1883 5005 3461 5078">
    <p class='ocr_par' dir='ltr' id='par_1_110' title="bbox 1883 5005 3461 5078">
     <span class='ocr_line' id='line_1_110' title="bbox 1883 5005 3461 5078; baseline -0.008 -10"><span class='ocrx_word' id='word_1_788' title='bbox 1883 5014 2248 5069; x_wconf 88' lang='lat' dir='ltr'><strong><em>triarcharum</em></strong></span> <span class='ocrx_word' id='word_1_789' title='bbox 2265 5013 2764 5068; x_wconf 80' lang='lat' dir='ltr'><strong><em>Alexandrinorum</em></strong></span> <span class='ocrx_word' id='word_1_790' title='bbox 2795 5011 3038 5078; x_wconf 80' lang='lat' dir='ltr'><strong><em>scripsit,</em></strong></span> <span class='ocrx_word' id='word_1_791' title='bbox 3072 5007 3214 5077; x_wconf 88' lang='lat' dir='ltr'><strong><em>apud</em></strong></span> <span class='ocrx_word' id='word_1_792' title='bbox 3243 5005 3461 5060; x_wconf 80' lang='lat' dir='ltr'><strong><em>Ecclu-l-</em></strong></span> 
     </span>
    </p>
   </div>
   <div class='ocr_carea' id='block_1_111' title="bbox 1880 5096 3458 5173">
    <p class='ocr_par' dir='ltr' id='par_1_111' title="bbox 1880 5096 3458 5173">
     <span class='ocr_line' id='line_1_111' title="bbox 1880 5096 3458 5173; baseline -0.007 -15"><span class='ocrx_word' id='word_1_793' title='bbox 1880 5105 2108 5160; x_wconf 89' lang='lat' dir='ltr'><strong><em>lensem.</em></strong></span> <span class='ocrx_word' id='word_1_794' title='bbox 2141 5103 2394 5158; x_wconf 89' lang='lat' dir='ltr'><strong><em>Nondum</em></strong></span> <span class='ocrx_word' id='word_1_795' title='bbox 2425 5104 2592 5173; x_wconf 88' lang='lat' dir='ltr'><strong><em>igitur</em></strong></span> <span class='ocrx_word' id='word_1_796' title='bbox 2620 5110 2786 5172; x_wconf 88' lang='lat' dir='ltr'><strong><em>patet,</em></strong></span> <span class='ocrx_word' id='word_1_797' title='bbox 2838 5100 3186 5170; x_wconf 89' lang='lat' dir='ltr'><strong><em>presbyteros</em></strong></span> <span class='ocrx_word' id='word_1_798' title='bbox 3221 5096 3458 5150; x_wconf 79' lang='lat' dir='ltr'><strong><em>Alexan-</em></strong></span> 
     </span>
    </p>
   </div>
   <div class='ocr_carea' id='block_1_112' title="bbox 1880 5192 3458 5264">
    <p class='ocr_par' dir='ltr' id='par_1_112' title="bbox 1880 5192 3458 5264">
     <span class='ocr_line' id='line_1_112' title="bbox 1880 5192 3458 5264; baseline -0.006 -15"><span class='ocrx_word' id='word_1_799' title='bbox 1880 5195 2016 5250; x_wconf 67' lang='lat' dir='ltr'><strong><em>driae</em></strong></span> <span class='ocrx_word' id='word_1_800' title='bbox 2047 5196 2415 5264; x_wconf 86' lang='lat' dir='ltr'><strong><em>patriarcham</em></strong></span> <span class='ocrx_word' id='word_1_801' title='bbox 2470 5194 2688 5260; x_wconf 82' lang='lat' dir='ltr'><strong><em>fecisse,</em></strong></span> <span class='ocrx_word' id='word_1_802' title='bbox 2718 5192 2858 5262; x_wconf 87' lang='lat' dir='ltr'><strong><em>quod</em></strong></span> <span class='ocrx_word' id='word_1_803' title='bbox 2909 5192 3203 5244; x_wconf 65' lang='lat' dir='ltr'><strong><em>matr-imum</em></strong></span> <span class='ocrx_word' id='word_1_804' title='bbox 3245 5199 3345 5252; x_wconf 87' lang='lat' dir='ltr'><strong><em>est,</em></strong></span> <span class='ocrx_word' id='word_1_805' title='bbox 3399 5197 3458 5240; x_wconf 94' lang='lat' dir='ltr'><strong><em>ut</em></strong></span> 
     </span>
    </p>
   </div>
   <div class='ocr_carea' id='block_1_113' title="bbox 1879 5279 3457 5359">
    <p class='ocr_par' dir='ltr' id='par_1_113' title="bbox 1879 5279 3457 5359">
     <span class='ocr_line' id='line_1_113' title="bbox 1879 5279 3457 5359; baseline -0.007 -16"><span class='ocrx_word' id='word_1_806' title='bbox 1879 5289 2058 5359; x_wconf 91' lang='lat' dir='ltr'><strong><em>inquit</em></strong></span> <span class='ocrx_word' id='word_1_807' title='bbox 2107 5287 2382 5342; x_wconf 66' lang='lat' dir='ltr'><strong><em>Dallaaus:</em></strong></span> <span class='ocrx_word' id='word_1_808' title='bbox 2438 5287 2613 5340; x_wconf 92' lang='lat' dir='ltr'><strong><em>multo</em></strong></span> <span class='ocrx_word' id='word_1_809' title='bbox 2646 5286 2827 5339; x_wconf 89' lang='lat' dir='ltr'><strong><em>minus</em></strong></span> <span class='ocrx_word' id='word_1_810' title='bbox 2882 5291 3050 5352; x_wconf 84' lang='lat' dir='ltr'><strong><em>patet.</em></strong></span> <span class='ocrx_word' id='word_1_811' title='bbox 3107 5279 3457 5350; x_wconf 85' lang='lat' dir='ltr'><strong><em>presbyteros</em></strong></span> 
     </span>
    </p>
   </div>
   <div class='ocr_carea' id='block_1_114' title="bbox 1877 5363 3456 5453">
    <p class='ocr_par' dir='ltr' id='par_1_114' title="bbox 1877 5363 3456 5453">
     <span class='ocr_line' id='line_1_114' title="bbox 1877 5363 3456 5453; baseline -0.008 -18"><span class='ocrx_word' id='word_1_812' title='bbox 1877 5383 2255 5453; x_wconf 81' lang='lat' dir='ltr'><strong><em>presbyterum</em></strong></span> <span class='ocrx_word' id='word_1_813' title='bbox 2289 5381 2504 5446; x_wconf 79' lang='lat' dir='ltr'><strong><em>fecisse,</em></strong></span> <span class='ocrx_word' id='word_1_814' title='bbox 2535 5363 2680 5450; x_wconf 88' lang='lat' dir='ltr'><strong><em>quod</em></strong></span> <span class='ocrx_word' id='word_1_815' title='bbox 2705 5379 2822 5434; x_wconf 84' lang='lat' dir='ltr'><strong><em>sine</em></strong></span> <span class='ocrx_word' id='word_1_816' title='bbox 2840 5374 3178 5446; x_wconf 88' lang='lat' dir='ltr'><strong><em>Hieronymi,</em></strong></span> <span class='ocrx_word' id='word_1_817' title='bbox 3205 5373 3323 5427; x_wconf 89' lang='lat' dir='ltr'><strong><em>sine</em></strong></span> <span class='ocrx_word' id='word_1_818' title='bbox 3346 5371 3456 5424; x_wconf 87' lang='lat' dir='ltr'><strong><em>Eu-</em></strong></span> 
     </span>
    </p>
   </div>
   <div class='ocr_carea' id='block_1_115' title="bbox 1878 5461 3454 5544">
    <p class='ocr_par' dir='ltr' id='par_1_115' title="bbox 1878 5461 3454 5544">
     <span class='ocr_line' id='line_1_115' title="bbox 1878 5461 3454 5544; baseline -0.008 -17"><span class='ocrx_word' id='word_1_819' title='bbox 1878 5473 2066 5544; x_wconf 88' lang='lat' dir='ltr'><strong><em>tychii,</em></strong></span> <span class='ocrx_word' id='word_1_820' title='bbox 2094 5473 2214 5527; x_wconf 83' lang='lat' dir='ltr'><strong><em>sine</em></strong></span> <span class='ocrx_word' id='word_1_821' title='bbox 2239 5470 2547 5541; x_wconf 75' lang='lat' dir='ltr'><strong><em>cuiuspiam</em></strong></span> <span class='ocrx_word' id='word_1_822' title='bbox 2582 5469 2906 5523; x_wconf 88' lang='lat' dir='ltr'><strong><em>auctoritate</em></strong></span> <span class='ocrx_word' id='word_1_823' title='bbox 2943 5465 3127 5520; x_wconf 89' lang='lat' dir='ltr'><strong><em>tradit.</em></strong></span> <span class='ocrx_word' id='word_1_824' title='bbox 3186 5461 3454 5517; x_wconf 88' lang='lat' dir='ltr'><strong><em>Seldenus</em></strong></span> 
     </span>
    </p>
   </div>
   <div class='ocr_carea' id='block_1_116' title="bbox 1875 5553 3450 5635">
    <p class='ocr_par' dir='ltr' id='par_1_116' title="bbox 1875 5553 3450 5635">
     <span class='ocr_line' id='line_1_116' title="bbox 1875 5553 3450 5635; baseline -0.01 -16"><span class='ocrx_word' id='word_1_825' title='bbox 1875 5565 2096 5635; x_wconf 90' lang='lat' dir='ltr'><strong><em>quidem</em></strong></span> <span class='ocrx_word' id='word_1_826' title='bbox 2127 5579 2194 5618; x_wconf 78' lang='lat' dir='ltr'><strong><em>ex</em></strong></span> <span class='ocrx_word' id='word_1_827' title='bbox 2229 5579 2294 5618; x_wconf 89' lang='lat' dir='ltr'><strong><em>eo</em></strong></span> <span class='ocrx_word' id='word_1_828' title='bbox 2319 5559 2636 5632; x_wconf 81' lang='lat' dir='ltr'><strong><em>Hieronymi</em></strong></span> <span class='ocrx_word' id='word_1_829' title='bbox 2664 5561 2782 5614; x_wconf 92' lang='lat' dir='ltr'><strong><em>loco</em></strong></span> <span class='ocrx_word' id='word_1_830' title='bbox 2806 5559 2984 5629; x_wconf 82' lang='lat' dir='ltr'><strong><em>palam</em></strong></span> <span class='ocrx_word' id='word_1_831' title='bbox 3007 5571 3128 5611; x_wconf 89' lang='lat' dir='ltr'><strong><em>esse</em></strong></span> <span class='ocrx_word' id='word_1_832' title='bbox 3153 5553 3288 5617; x_wconf 93' lang='lat' dir='ltr'><strong><em>vult,</em></strong></span> <span class='ocrx_word' id='word_1_833' title='bbox 3321 5553 3450 5622; x_wconf 82' lang='lat' dir='ltr'><strong><em>legi-</em></strong></span> 
     </span>
    </p>
   </div>
   <div class='ocr_carea' id='block_1_117' title="bbox 1875 5644 3451 5724">
    <p class='ocr_par' dir='ltr' id='par_1_117' title="bbox 1875 5644 3451 5724">
     <span class='ocr_line' id='line_1_117' title="bbox 1875 5644 3451 5724; baseline -0.011 -15"><span class='ocrx_word' id='word_1_834' title='bbox 1875 5659 2064 5710; x_wconf 82' lang='lat' dir='ltr'><strong><em>timani</em></strong></span> <span class='ocrx_word' id='word_1_835' title='bbox 2092 5654 2222 5709; x_wconf 89' lang='lat' dir='ltr'><strong><em>olim</em></strong></span> <span class='ocrx_word' id='word_1_836' title='bbox 2249 5652 2584 5724; x_wconf 87' lang='lat' dir='ltr'><strong><em>presbyteris</em></strong></span> <span class='ocrx_word' id='word_1_837' title='bbox 2614 5648 3000 5706; x_wconf 82' lang='lat' dir='ltr'><strong><em>Alexandrinis</em></strong></span> <span class='ocrx_word' id='word_1_838' title='bbox 3022 5644 3310 5701; x_wconf 90' lang='lat' dir='ltr'><strong><em>ordinandi</em></strong></span> <span class='ocrx_word' id='word_1_839' title='bbox 3338 5651 3451 5694; x_wconf 86' lang='lat' dir='ltr'><strong><em>tum</em></strong></span> 
     </span>
    </p>
   </div>
   <div class='ocr_carea' id='block_1_118' title="bbox 1875 5731 3450 5820">
    <p class='ocr_par' dir='ltr' id='par_1_118' title="bbox 1875 5731 3450 5820">
     <span class='ocr_line' id='line_1_118' title="bbox 1875 5731 3450 5820; baseline -0.013 -16"><span class='ocrx_word' id='word_1_840' title='bbox 1875 5748 2191 5818; x_wconf 85' lang='lat' dir='ltr'><strong><em>episcopum</em></strong></span> <span class='ocrx_word' id='word_1_841' title='bbox 2222 5742 2677 5811; x_wconf 75' lang='lat' dir='ltr'><strong><em>Alexandrinum,</em></strong></span> <span class='ocrx_word' id='word_1_842' title='bbox 2703 5751 2818 5796; x_wconf 89' lang='lat' dir='ltr'><strong><em>tum</em></strong></span> <span class='ocrx_word' id='word_1_843' title='bbox 2857 5737 3206 5810; x_wconf 84' lang='lat' dir='ltr'><strong><em>presbyteros</em></strong></span> <span class='ocrx_word' id='word_1_844' title='bbox 3260 5731 3450 5820; x_wconf 68' lang='lat' dir='ltr'><strong><em>saltem</em></strong></span> 
     </span>
    </p>
   </div>
  </div>
