3864 6204
389 271 486 324 931

1420 273 1475 326 S.
1524 272 1874 331 ICNATIUS.
1910 307 1978 316 —
2001 273 2541 330 PBOLEGOMENA.

3560 277 3670 332 952

393 395 445 444 in
487 390 730 445 Ecclesia
759 391 1129 446 Alexandrina
1160 392 1473 448 facultatem
1525 395 1768 450 habitam
1817 413 1974 459 esse;
2010 409 2052 460 Α
2082 409 2131 449 ct
2158 399 2410 459 castella;
2443 397 2776 464 mutropolim
2803 407 2982 449 autem
3012 397 3164 449 habrt
3219 395 3401 452 Tomes
3422 441 3437 460 .
3488 403 3672 452 urbem

389 485 486 537 sed
513 483 794 552 quomodo
840 485 965 538 inde
996 486 1180 552 colligi
1221 487 1414 555 possit,
1451 503 1561 541 non
1591 488 1772 544 docet.
1816 489 1978 544 Certe

390 574 761 646 Hieronymus
785 576 852 631 de
897 577 1246 631 ordinatione
1271 579 1578 650 presbyteri
1611 596 1719 635 non
1748 582 1977 636 omnino

389 667 650 732 louuitur,
684 668 790 722 hoc
829 677 934 732 est,
969 670 1035 722 de
1070 669 1391 740 presbytero
1425 687 1520 740 per
1574 672 1975 726 ordinationem

387 764 554 825 facto,
581 759 692 813 imo
725 775 901 830 neque
931 763 994 816 de
1023 762 1370 816 ordinatione
1389 763 1701 834 cujuspiam
1733 782 1826 834 per
1852 783 1975 836 pre-

387 854 668 923 sbyterum
697 852 838 908 facta
859 869 925 907 eo
955 854 1058 907 loci
1093 854 1318 924 intelligi
1359 866 1581 924 potest,
1637 859 1766 927 quia
1808 860 1972 914 verba

385 963 510 1016 qua:
553 947 801 1016 proxime
842 956 1187 1016 sequuntur,
1227 958 1281 1002 et
1314 949 1626 1018 perioebam
1683 952 1969 1017 claudunt,

387 1041 501 1094 haec
535 1049 690 1093 sunt:
729 1038 869 1104 Quid
893 1042 1032 1094 enim
1058 1041 1210 1108 facit,
1229 1055 1446 1110 excepta
1471 1043 1830 1110 ordinatione,
1861 1048 1972 1114 epi-

383 1150 570 1202 scopus
599 1176 615 1198 ,
659 1136 798 1204 quod
826 1135 1094 1203 presbyter
1131 1152 1234 1188 non
1282 1137 1558 1205 facit?Ad
1602 1139 1972 1209 quodcunque

384 1225 529 1279 enim
566 1233 780 1294 tempus
811 1226 926 1280 hzec
960 1227 1120 1279 verba
1155 1227 1486 1291 refcrantur,
1539 1230 1587 1284 si
1633 1230 1702 1284 de
1745 1231 1972 1285 ordina-

385 1315 532 1370 tione
569 1332 663 1386 per
697 1316 1078 1384 presbyterum
1111 1315 1254 1372 facta
1287 1319 1504 1374 locutus
1521 1317 1739 1387 fuisset,
1767 1320 1858 1376 hic
1887 1321 1970 1376 lo-

382 1426 508 1465 cum
555 1411 758 1466 habere
797 1427 906 1465 non
936 1421 1181 1480 possent.

453 1503 590 1557 Cum
649 1503 814 1572 igitur
844 1521 977 1559 usus
1003 1506 1091 1560 ille
1117 1506 1185 1559 de
1233 1505 1504 1560 electione
1536 1515 1590 1560 et
1619 1508 1968 1575 promotione

382 1596 625 1665 episcopi
669 1594 1048 1659 Alexandrini,
1090 1597 1476 1666 qualisqualis
1526 1595 1712 1658 fuerit.
1748 1601 1968 1668 (neque

384 1689 529 1742 enim
561 1688 963 1742 ordinationem
1027 1687 1354 1753 Salmasius,
1414 1703 1592 1758 neque
1641 1689 1964 1744 electionem

385 1782 627 1837 admittit
653 1780 1002 1849 Blondellus)
1035 1783 1168 1836 nulli
1217 1781 1380 1835 eﬂ‘ato
1440 1780 1722 1851 lgnatiano
1763 1785 1969 1839 directe

385 1886 732 1945 Opponatur,
763 1888 818 1929 et
863 1883 1136 1943 supponat
1166 1875 1332 1928 etiam
1391 1876 1638 1929 eamdem
1689 1876 1971 1946 regiminis

384 1968 618 2023 formam
643 1967 987 2021 Alexandria:
1010 1967 1078 2021 ab
1097 1967 1253 2021 initio
1272 1982 1487 2036 semper
1503 1966 1778 2032 ﬂoruisse,
1802 1985 1967 2038 quam

387 2061 620 2131 requirit
666 2071 720 2114 et
752 2059 939 2112 laudat
971 2059 1251 2128 lgnatius;
1285 2075 1523 2130 cumque
1576 2061 1814 2116 durante
1865 2063 1970 2117 hoc

387 2170 514 2218 usu,
547 2153 651 2207 sub
682 2162 928 2223 tempora
963 2152 1243 2217 Demetrii,
1299 2150 1584 2223 Origenes,
1626 2155 1971 2210 Alexandria:

386 2246 591 2302 schola:
607 2245 1002 2300 celeberrimus
1031 2243 1353 2309 catcchista,
1374 2243 1564 2314 lgoatii
1590 2247 1852 2316 epistolas
1879 2265 1971 2303 no-

386 2337 527 2391 verit
569 2337 1058 2406 citaveritque;ex
1085 2335 1191 2390 hoc
1234 2338 1340 2389 ritu
1383 2337 1564 2406 colligi
1617 2339 1769 2392 nullo
1804 2341 1969 2394 modo

388 2438 592 2500 potest,
622 2429 891 2500 lgnatium
929 2429 1280 2498 epistolicum
1310 2431 1408 2484 toti
1455 2433 1838 2488 Alexandrina:
1875 2433 1970 2489 Ec-

387 2525 570 2581 clesiae
601 2526 820 2594 penitus
845 2526 1090 2594 ignotum
1125 2523 1316 2577 fuisse.

460 2618 570 2672 Sed
594 2628 650 2672 et
673 2617 822 2671 aliud
849 2619 1128 2687 quiddam,
1157 2619 1337 2687 inquit
1377 2616 1634 2684 Dallreus,
1660 2635 1762 2673 non
1794 2621 1967 2674 minus

387 2709 632 2763 mirabile
661 2713 809 2763 docet
846 2708 1169 2782 Eutychius,
1200 2727 1394 2781 nempe
1428 2715 1582 2764 annis
1630 2729 1662 2765 a
1689 2711 1871 2765 Marco
1901 2715 1968 2766 ad

387 2799 714 2854 Demetrium
743 2811 1150 2872 praeterpropter
1180 2803 1287 2857 120
1307 2845 1322 2868 ,
1348 2802 1556 2856 nullum
1597 2813 1765 2857 totum
1798 2802 1969 2874 Egy-

386 2895 554 2946 otiam
584 2892 876 2948 Ecclesium
903 2896 1202 2964 episcopum
1229 2906 1422 2965 praeter
1458 2913 1618 2949 unum
1645 2897 1969 2951 Alexandri-

388 3000 514 3037 num
546 2984 807 3040 habuisse.
866 2984 1020 3040 Unde
1053 2987 1134 3041 sic
1177 2986 1451 3056 disputat:
1509 2985 1756 3058 Ignatius
1793 3005 1970 3042 neces-

386 3079 590 3134 sarium
621 3095 732 3132 esse
753 3078 960 3148 deﬁnit,
993 3081 1126 3134 nihil
1151 3081 1346 3150 absque
1365 3082 1606 3150 episcopo
1635 3084 1864 3150 operari.
1899 3085 1967 3136 At
1998 3108 2042 3167 ο

387 3189 541 3226 omne
576 3173 930 3225 ministerium
982 3173 1399 3227 ecclesiasticum
1425 3183 1618 3244 absque
1643 3177 1887 3244 episcopo
1915 3177 1969 3230 in

385 3263 630 3317 omnibus
668 3262 932 3333 Egypti,
981 3276 1199 3333 excepta
1248 3265 1578 3319 Alexandria
1607 3306 1621 3329 ,
1668 3267 1970 3321 civitatibus

386 3355 459 3408 ad
490 3356 553 3409 Α.
586 3354 646 3408 ι).
673 3355 775 3409 190
795 3368 1067 3424 peractum
1092 3365 1190 3409 est.
1214 3356 1540 3427 gyptiaca
1586 3359 1755 3427 igitur
1781 3358 1970 3414 Eccle-

389 3448 471 3500 sia
497 3446 773 3518 Ignatium
793 3447 1128 3517 epistolicum
1157 3466 1263 3502 non
1291 3451 1455 3503 novit.

463 3539 792 3610 Respondeo
825 3542 1024 3610 primo,
1054 3541 1303 3597 mirabile
1326 3543 1548 3611 quidem
1594 3551 1678 3598 est
1705 3543 1851 3613 quod
1873 3544 1972 3598 do-

386 3643 475 3686 eet
498 3631 822 3702 Eutychius,
861 3631 955 3692 sed
986 3631 1030 3685 si
1067 3647 1257 3686 verum
1292 3633 1456 3686 etiam
1485 3642 1652 3696 esset,
1691 3649 1798 3687 non
1848 3635 1972 3688 inde

389 3735 734 3793 sequeretur,
788 3731 958 3778 totam
1003 3721 1379 3794 Egyptiacam
1429 3723 1731 3779 Ecclesiam
1775 3727 1970 3795 lgnatii

389 3816 653 3885 epistolas
697 3815 1000 3884 ignorasse.
1050 3815 1253 3871 Omnes
1291 3817 1438 3870 enim
1490 3816 1750 3872 Ecclesiae
1801 3818 1970 3890 Egy-

390 3911 604 3980 ptiacaa,
632 3910 747 3963 sive
768 3910 1005 3978 aliquem
1037 3910 1351 3980 episcopum
1375 3910 1684 3976 habuerint,
1712 3911 1825 3966 sive
1852 3913 1973 3965 nul-

391 4000 528 4062 lum,
555 3999 815 4068 subjectae
857 4008 1013 4052 erant
1045 4000 1306 4068 episcopo
1358 4000 1765 4068 Alexandrino;
1799 4020 1973 4073 neque

391 4091 499 4144 hoc
531 4097 692 4159 negat
727 4087 1048 4158 Eutychius.
1075 4087 1318 4158 lgnatius
1340 4088 1562 4158 quidem
1587 4092 1806 4151 asserit.
1841 4093 1970 4144 illud

388 4183 612 4236 demum
660 4182 1027 4235 ministerium
1065 4181 1503 4236 ecclesiasticum
1558 4190 1709 4236 recte
1764 4182 1970 4250 peragi,

389 4273 540 4344 quod
571 4273 652 4326 vel
677 4271 781 4326 sub
808 4271 926 4340 ipso
959 4271 1215 4340 episcopo
1252 4271 1332 4336 fit,
1360 4271 1445 4326 vel
1487 4273 1636 4342 quod
1671 4272 1790 4340 ipse
1835 4288 1972 4326 con-

391 4365 642 4420 cesserit.
679 4364 750 4417 At
804 4363 913 4418 hoc
939 4363 1056 4417 fieri
1087 4363 1266 4433 potuit
1311 4363 1366 4417 in
1400 4362 1746 4435 {Egyptiaeis
1794 4365 1974 4418 eccle-

2085 505 2337 557 magnam
2365 499 2415 541 et
2447 487 2774 558 opulentam.
2805 529 2819 543 .
2845 529 2860 543 .
2889 528 2903 542 .
2933 528 2948 542 .
2995 487 3152 542 Vetus
3185 502 3363 543 autem
3395 490 3508 544 illic
3541 509 3673 544 con-

2081 585 2305 638 suetudo
2323 585 2616 639 etiamnum
2647 595 2859 651 manet,
2903 597 2960 639 ut
2993 588 3153 640 totius
3195 587 3363 656 gentis
3417 587 3674 641 ecclesias

2080 694 2216 732 unus
2250 689 2458 732 tantum
2483 688 2627 748 regat
2651 680 2944 748 episcopus.
2973 677 3100 733 Haec
3129 678 3470 732 Sozomenus
3501 676 3676 730 refert

2079 769 2148 823 ad
2190 786 2254 824 ea
2302 781 2568 840 tempora,
2596 772 2798 841 quibus
2827 769 3085 824 Vetranio
3115 769 3415 823 Tomorum
3448 771 3675 839 episco-

2078 871 2182 924 pus
2212 856 2336 920 fuit,
2363 859 2460 927 qui
2488 857 2720 914 Nicaeum
2750 859 2946 929 synodi
2971 859 3275 914 doctrinam
3295 858 3673 928 amplecteba-

2077 960 2188 1004 tur.
2237 950 2430 1006 Plures
2482 961 2666 1006 autem
2713 953 2959 1008 ecclesirc
2987 953 3038 1006 in
3073 952 3297 1023 Scythia
3326 963 3455 1007 tunc
3489 952 3673 1006 fuisse

2077 1041 2353 1105 videntur,
2381 1057 2548 1110 quam
2579 1042 2802 1097 fuerunt
2825 1045 2877 1097 in
2899 1042 3132 1114 Egypto
3150 1053 3281 1098 ante
3305 1042 3672 1098 Demetrium.

2075 1131 2211 1188 Nam
2241 1135 2561 1204 quicunque
2587 1137 2953 1206 cogitaverit,
2985 1153 3150 1204 quam
3176 1136 3672 1205 superstitionibus

2075 1227 2375 1295 gentilibus
2403 1243 2467 1281 ea
2509 1243 2643 1297 gens
2673 1229 2852 1282 dedita
2914 1228 3097 1290 fuerit.
3148 1239 3285 1296 quot
3340 1227 3669 1283 Judzeorum

2074 1317 2243 1369 millia
2265 1316 2592 1371 Christianae
2616 1317 2862 1386 religioni
2884 1317 3093 1370 infensa
3126 1316 3236 1370 illic
3268 1315 3668 1380 habitaverint,

2073 1418 2335 1478 quantam
2363 1409 2688 1464 seditionem
2715 1411 2794 1464 illi
2813 1412 2915 1465 sub
2938 1409 3177 1476 Traiano
3203 1410 3254 1462 in
3284 1408 3471 1479 Libya,
3489 1407 3671 1479 Egy—

2071 1509 2165 1568 pto
2201 1507 2256 1553 et
2292 1500 2655 1568 Alexandria,
2691 1501 2901 1573 Cyrene
2928 1511 2982 1554 et
3004 1501 3302 1566 Thebaide,
3337 1509 3468 1556 teste
3491 1499 3671 1554 Euse-

2073 1590 2185 1656 bio,
2220 1591 2607 1659 excitaverint,
2631 1609 2908 1663 quamque
2940 1604 3052 1647 tota
3083 1592 3252 1661 Libya
3299 1602 3421 1645 tunc
3444 1634 3460 1657 ,
3489 1593 3669 1646 inter-

2073 1684 2226 1752 fectis
2258 1684 2576 1751 cultoribus,
2597 1685 2843 1739 desolata
2863 1688 2955 1747 sit,
2983 1696 3041 1739 ut
3058 1688 3159 1740 nisi
3183 1696 3363 1756 postea
3388 1687 3666 1742 Adrianus

2078 1775 2370 1844 imperator
2395 1775 2646 1831 collectas
2674 1777 2803 1830 illuc
2832 1777 3046 1831 aliunde
3071 1777 3306 1830 colonias
3331 1777 3663 1841 deduxisset.

2073 1884 2240 1922 vacua
2266 1870 2478 1938 penitus
2511 1879 2680 1935 terra,
2705 1872 2900 1924 abroso
2932 1871 3232 1923 habitatore
3264 1880 3562 1936 mansisset,
3598 1878 3667 1923 ιιι

2073 1958 2242 2013 refert
2264 1959 2519 2024 Orosius,
2546 1959 2706 2016 facile
2731 1963 3061 2028 consentiet,
3081 1962 3268 2031 plures
3293 1963 3347 2016 in
3371 1964 3664 2032 provincia

2075 2052 2315 2124 Scythia:
2343 2053 2690 2109 Christianos
2722 2053 2891 2109 fuisse
2916 2056 3018 2109 sub
3053 2055 3296 2121 Valente,
3337 2071 3501 2125 quam
3535 2055 3665 2109 fue-

2073 2153 2197 2198 rant
2223 2155 2350 2198 ante
2392 2153 2638 2215 tempora
2669 2146 2931 2201 Demetrii
2967 2149 3021 2201 in
3053 2147 3377 2219 Egyptiaca
3403 2148 3658 2203 dioecesi.

2070 2237 2210 2291 Cum
2241 2237 2389 2290 enim
2417 2235 2620 2292 Valens
2648 2236 3038 2293 Vetranionem
3073 2239 3390 2309 episcopum
3423 2239 3476 2294 iu
3502 2239 3661 2294 exsi-

2071 2328 2206 2381 lium
2233 2327 2435 2382 ahduci
2470 2328 2749 2398 jussisset,
2797 2329 2868 2382 ab
2904 2330 3158 2384 instituto
3186 2331 3414 2394 destitit,
3443 2345 3511 2385 ne
3540 2338 3663 2383 tota

2073 2420 2160 2473 illa
2193 2421 2474 2489 provincia
2507 2421 2767 2490 episcopo
2808 2422 3054 2490 subjecta
3098 2422 3457 2477 defectionem
3489 2422 3663 2474 moli-

2075 2522 2241 2567 retur.
2295 2512 2434 2568 Huic
2469 2512 2809 2578 Vetranioni,
2853 2515 3071 2583 Opinor,
3111 2515 3378 2569 successit
3427 2513 3659 2568 Theoti-

2073 2620 2228 2670 nms,
2265 2603 2499 2674 Scythia:
2554 2605 2837 2659 Tomorum
2866 2608 3170 2675 episcopus,
3213 2608 3307 2676 qui
3349 2610 3401 2662 in
3455 2623 3661 2660 morem

2071 2699 2404 2768 dialogorum
2427 2713 2475 2752 et
2510 2702 2694 2752 veteris
2721 2699 3032 2768 eloquentiae
3066 2699 3240 2753 breues
3287 2700 3663 2751 commaticos-

2069 2805 2168 2860 que
2226 2800 2485 2843 tractatus
2520 2792 2688 2845 edidit
2719 2829 2732 2853 .
2791 2791 3006 2860 aliaque
3037 2791 3282 2858 scripsit,
3319 2798 3376 2843 ut
3411 2791 3664 2858 loquitur

2073 2879 2439 2952 Hieronymus
2463 2883 2516 2935 in
2542 2882 2826 2952 Catalogo.
2849 2881 2949 2935 llic
2971 2891 3150 2936 autem
3176 2880 3232 2936 S.
3259 2881 3664 2952 Chrysostotno

2073 2976 2311 3030 maxime
2347 2975 2501 3039 favit,
2549 2986 2604 3030 et
2655 2977 2961 3045 Epiphanio
2997 2975 3319 3030 adversatus
3348 2984 3467 3039 est,
3503 2975 3663 3044 quod

2071 3066 2324 3138 Origenis
2343 3071 2545 3138 scripta
2566 3070 2980 3131 condemnaret,
3002 3069 3161 3138 cujus
3187 3069 3359 3122 libros
3393 3068 3509 3138 ipse
3539 3077 3666 3122 stn-

2073 3159 2228 3214 diose
2258 3159 2526 3226 defendit;
2587 3160 2731 3215 unde
2758 3160 3068 3227 colligimus
3100 3175 3249 3221 cum,
3304 3160 3393 3212 illa
3427 3174 3666 3228 preser-

2075 3253 2170 3308 tim
2222 3263 2423 3319 aetate,
2482 3252 2750 3323 lgnatium
2785 3255 3000 3308 nescire
3053 3269 3164 3307 non
3210 3253 3476 3322 potuisse,
3531 3252 3665 3306 licet

2075 3353 2240 3399 tantze
2269 3346 2568 3414 provincia:
2594 3346 2790 3400 unicus
2813 3345 3108 3414 episcopus
3138 3353 3412 3413 praeesset.

2145 3437 2465 3508 Rcspondeo
2495 3441 2758 3506 secundo,
2804 3441 3147 3495 historiolam
3179 3441 3326 3494 illam
3373 3439 3440 3493 de
3476 3439 3664 3493 tribus

2071 3531 2347 3600 episcopis
2377 3547 2405 3584 a
2432 3531 2706 3586 Demetrio
2731 3534 2970 3602 primum
3002 3532 3055 3586 in
3083 3530 3319 3602 Egypto
3353 3529 3512 3585 factis
3545 3531 3659 3583 mi-

2075 3626 2221 3678 nime
2261 3625 2364 3677 lidc
2391 3624 2614 3693 dignam
2670 3641 2814 3690 esse,
2857 3626 2975 3681 sive
3024 3633 3333 3689 auctorem,
3383 3624 3500 3678 sive
3539 3639 3660 3677 rem

2075 3718 2247 3786 ipsam
2280 3727 2514 3786 spectes.
2560 3716 2780 3772 Primus
2813 3718 3083 3772 mirabilis
3124 3717 3288 3786 hujus
3319 3714 3665 3769 narrationis

2073 3822 2268 3864 auctor
2296 3819 2381 3864 est
2405 3809 2731 3881 Eutychius,
2783 3811 3096 3879 patriarcha
3155 3811 3375 3879 quidem
3411 3809 3661 3862 Alexan-

2072 3902 2287 3965 drinus,
2315 3901 2410 3954 sed
2441 3901 2606 3955 nimis
2651 3902 2722 3954 ab
2749 3901 3057 3970 originibus
3093 3901 3240 3956 illius
3267 3899 3527 3954 Ecclesia:
3567 3914 3664 3953 re-

2074 4003 2273 4059 motus,
2298 4003 2485 4062 utpote
2513 3993 2713 4048 decimi
2737 3995 2923 4048 saeculi
2953 3995 3187 4062 scriptor
3220 4011 3233 4048 :
3275 3993 3662 4048 Melchitarum

2071 4090 2291 4158 quidem
2333 4087 2646 4157 episcopus,
2680 4087 2773 4142 sed
2820 4102 2932 4157 quo
2987 4088 3161 4142 multo
3191 4087 3369 4156 major
3396 4085 3500 4140 fuit
3521 4083 3660 4140 Ale-

2072 4179 2316 4235 xandria:
2363 4177 2556 4233 eodem
2618 4187 2862 4248 tempore
2915 4178 3292 4234 Jacobitarum
3360 4180 3663 4248 episcopus

2073 4271 2366 4336 Macarius,
2392 4279 2447 4324 et
2471 4271 2560 4325 cui
2588 4271 2755 4324 etiam
2781 4287 2906 4325 cum
2939 4273 3303 4341 p0pulo'suo,
3363 4271 3658 4335 Melchitis,

2074 4364 2321 4434 inquam,
2353 4362 2556 4432 quibus
2593 4363 2830 4432 praefuit,
2863 4365 3099 4417 maxima
3141 4365 3394 4418 simultas
3420 4365 3538 4419 fuit.
3577 4365 3662 4419 lla

393 4458 492 4514 siis
525 4457 787 4527 episcopo
810 4455 1180 4509 Alexandrino
1210 4453 1494 4523 subjectis,
1534 4468 1657 4523 quae
1689 4453 1840 4507 nullo
1863 4455 1972 4506 alio
2005 4470 2049 4526 ι)
2077 4458 2224 4511 enim
2261 4456 2328 4510 de
2363 4455 2469 4510 hoc
2513 4453 2783 4526 Eutychio
2818 4456 3068 4524 loquitur
3101 4454 3438 4512 Elmacinus.
3475 4455 3662 4525 Hujus

391 4553 654 4622 episeopo
684 4548 1007 4620 gauderent.
1040 4546 1179 4602 llinc
1207 4547 1372 4616 igitur
1417 4547 1690 4618 ignoratio
1740 4545 1973 4617 lgnatia-

390 4659 591 4697 norum
648 4657 758 4696 non
809 4639 1079 4708 sequitur.
1131 4637 1458 4709 Scytharum
1485 4639 1780 4706 episcopus
1810 4639 1974 4691 inter-

384 4733 497 4788 fuit
525 4732 759 4788 concilio
783 4729 865 4783 Nic
883 4745 1023 4794 aeno,
1057 4729 1260 4782 Euseb.
1281 4727 1356 4782 De
1378 4728 1487 4781 vita
1505 4726 1843 4781 Constantini
1875 4726 1968 4778 lib.

395 4840 482 4891 ιιι,
511 4840 561 4879 c.
593 4823 650 4889 7,
683 4837 806 4876 cum
841 4821 1122 4891 lgnatiana
1144 4830 1328 4875 essent
1351 4819 1664 4875 notissima.
1695 4817 1850 4873 Unus
1873 4834 1972 4878 au-

395 4927 506 4973 tem
534 4917 589 4970 in
618 4925 732 4970 tota
756 4913 981 4986 Scythia
1010 4913 1307 4982 episcopus
1338 4910 1462 4966 fuit.
1500 4911 1842 4965 Sozomenus
1871 4911 1968 4963 lib.

394 5027 492 5074 vn,
515 5025 567 5064 c.
600 5009 696 5062 l9:
744 5006 960 5078 ’Δμέλει
988 5005 1192 5060 Σκύθαι
1219 5004 1410 5057 πολλαὶ
1445 5005 1628 5066 πόλεις
1679 5003 1833 5064 ὄντες
1877 5002 1974 5056 ἕνα

393 5103 597 5164 πάντες
630 5099 928 5154 ἐπίσκοπον
962 5098 1167 5170 ἔχουσι.
1205 5098 1360 5153 Certe
1417 5100 1471 5150 in
1517 5097 1791 5166 prorincia
1842 5094 1975 5164 Scy-

395 5196 544 5261 thiae,
561 5194 796 5264 quamvis
827 5191 1010 5246 multa!
1033 5190 1184 5243 urbes
1201 5192 1329 5252 sint,
1349 5207 1482 5243 unus
1504 5199 1579 5241 est
1610 5189 1841 5239 antliam
1859 5190 1973 5255 epi-

395 5304 606 5356 scopus.
641 5287 703 5342 Et
732 5287 828 5340 lib.
868 5302 944 5351 \‘l,
976 5301 1097 5354 cap.
1133 5285 1236 5338 21:
1280 5282 1452 5336 Τοῦτο
1479 5281 1538 5335 τὸ
1589 5281 1740 5344 ἔθνος
1773 5279 1974 5343 πολλὰς

398 5379 499 5448 μὲν
526 5378 638 5448 ἔχει
671 5378 764 5431 καὶ
797 5377 977 5439 πόλεις
997 5377 1092 5430 xui.
1125 5374 1317 5446 κώμας
1337 5375 1430 5429 καὶ
1464 5375 1697 5446 φρούρια.
1719 5391 1733 5404 ο
1774 5375 1976 5446 μητρό-

399 5462 555 5526 πολις
586 5464 642 5516 δέ
677 5467 792 5517 ἐστι
827 5466 1015 5535 Τόμις,
1051 5465 1204 5527 πόλις
1240 5463 1448 5535 μεγάλη
1483 5467 1576 5518 καὶ
1609 5463 1969 5534 subdurum...

405 5553 586 5607 Εἱσέτι
619 5554 673 5606 δὲ
708 5555 801 5606 καὶ
835 5555 928 5606 νῦν
980 5554 1098 5617 ἔθος
1133 5555 1360 5606 παλαιὸν
1413 5553 1595 5607 ἐνθάδε
1636 5557 1830 5624 κρατεί
1879 5554 1972 5606 τοῦ

401 5648 602 5708 παντὸς
647 5646 827 5709 ἔθνους
859 5648 954 5700 ἕνα
985 5647 1084 5710 τὰς
1118 5647 1413 5718 ἐκκλησίας
1447 5649 1786 5699 ἐπισκοπεῖν.
1849 5647 1972 5700 "we

396 5735 671 5793 provincia
695 5737 1018 5800 Scytharum
1048 5738 1244 5791 multas
1279 5739 1432 5792 urbes
1461 5748 1511 5792 et
1557 5740 1693 5790 vicus
1744 5739 1968 5786 continet

2075 4558 2304 4614 tempore
2334 4547 2502 4600 multa
2538 4547 2751 4614 fuerunt
2777 4547 3032 4612 dissidia,
3061 4557 3110 4600 et
3137 4549 3444 4600 continuum
3473 4549 3663 4601 odium

2073 4641 2214 4693 inter
2242 4642 2416 4708 ipsum
2451 4648 2501 4691 et
2539 4640 2790 4708 populant
2834 4639 2971 4708 ejus.
3019 4640 3177 4706 Quod
3225 4641 3389 4693 etiam
3424 4651 3665 4696 testatur

2074 4728 2191 4783 Ebn
2217 4729 2319 4783 Abi
2357 4727 2638 4783 Osaibeaae
2670 4729 2724 4782 in
2757 4728 2878 4784 Vita
2923 4729 3197 4801 Eutychii.
3224 4729 3293 4786 Ut
3323 4741 3501 4785 autem
3536 4748 3663 4785 rna-

2071 4819 2250 4886 jorcm
2285 4821 2412 4873 huic
2458 4820 2698 4873 Arabico
2747 4821 3002 4889 scriptori
3045 4823 3204 4876 fidem
3235 4824 3491 4877 conciliet
3537 4821 3667 4876 Sel-

2076 4912 2280 4974 denus,
2306 4911 2358 4963 Μ
2367 4911 2442 4963 illi
2471 4927 2615 4972 sane,
2644 4913 2842 4980 inquit,
2871 4911 3166 4984 Eutychius
3194 4915 3249 4967 in
3269 4915 3410 4968 hisce
3442 4925 3518 4968 est
3550 4916 3666 4968 vcl-

2076 5005 2155 5056 uti
2179 5003 2327 5057 Beda
2371 5003 2524 5072 plane
2555 5002 2864 5073 Egyptius,
2901 5014 2957 5059 et
2999 5021 3228 5060 rursus:
3265 5005 3496 5059 Annales
3539 5006 3662 5074 ejus

2075 5098 2205 5166 ipsis
2234 5097 2487 5151 Ecclesitc
2517 5098 2890 5152 Alexandrina
2931 5099 3161 5152 archivis
3207 5098 3441 5166 plurima
3473 5097 3666 5152 debere

2076 5191 2256 5244 nullus
2287 5191 2492 5244 dubito.
2553 5190 2699 5244 Satis
2731 5191 2950 5259 quidem
2987 5189 3272 5256 magnifice
3296 5191 3362 5244 de
3390 5189 3666 5261 Eutychio

2075 5293 2129 5336 et
2149 5283 2453 5337 Annalibus
2481 5283 2602 5351 ejus
2639 5283 2753 5336 haec
2781 5283 2926 5335 dicta
2955 5291 3084 5336 sunt
3110 5300 3123 5345 ;
3155 5281 3248 5336 sed
3279 5282 3398 5336 sine
3426 5283 3532 5335 ulla
3567 5299 3665 5337 ve-

2075 5375 2256 5429 ritatis
2279 5375 2478 5443 specie.
2505 5375 2680 5428 Arabs
2705 5375 2852 5427 enim
2887 5375 2975 5426 ille
3009 5388 3115 5425 non
3143 5383 3352 5427 tantum
3389 5373 3529 5426 Beda
3563 5391 3665 5427 no-

2078 5477 2194 5520 stro
2248 5468 2408 5537 longe
2461 5466 2648 5534 jnnior
2704 5465 2828 5528 fuit,
2866 5474 2921 5519 et
2951 5466 3019 5519 ab
3052 5465 3359 5534 originibus
3403 5465 3665 5521 Ecclesia:

2076 5558 2338 5610 remotior
2392 5563 2603 5624 (utpote
2632 5557 2725 5625 qui
2759 5565 2918 5609 natus
2946 5557 3020 5609 sit
3067 5555 3132 5609 A.
3168 5556 3229 5610 D.
3258 5556 3386 5621 876,
3412 5573 3536 5610 cum
3564 5574 3664 5612 na-

2079 5646 2203 5701 talis
2245 5645 2401 5700 Bedu:
2445 5649 2563 5701 dies
2607 5649 2672 5700 ad
2724 5647 2788 5699 A.
2824 5646 2888 5699 D.
2915 5648 3022 5699 675
3058 5646 3352 5711 referatur,
3389 5657 3448 5702 ut
3499 5651 3664 5704 annis

2079 5719 2326 5792 pluribus
2349 5755 2512 5807 quam
2545 5739 2651 5791 2m
2684 5758 2704 5794 ε
2725 5749 2875 5793 mter
2906 5741 3155 5807 superior
3183 5744 3504 5801 auuareat);
3566 5742 3662 5796 sed
