3864 6204
117 321 223 375 255

819 317 870 373 J.
906 317 1272 374 PEARSONII
1312 313 1633 371 VlNDICle
1673 310 2094 371 lGNATlANzE.
2130 349 2198 358 --
2230 315 2411 372 PARS
2438 316 2482 372 Ι.

3257 319 3364 374 ΞΜ

115 443 280 496 etiam
304 439 372 495 ad
400 440 753 510 antiquitates
793 439 1052 495 Ecclesia
1083 453 1198 496 sua
1241 437 1511 494 eruendas
1531 446 1695 506 atque
1722 436 1770 494 Α
1797 451 2023 506 scopum
2053 435 2387 501 Rohensem,
2442 435 2779 491 Thaddaum
2821 436 3136 509 episcopum
3167 437 3362 494 Massi-

112 531 472 602 explieandas
507 532 684 586 multo
727 529 1046 600 imparatior
1074 537 1130 584 et
1172 527 1408 597 ineptior
1436 533 1574 580 erat.
1615 522 1692 578 De

111 625 358 682 archivis
403 632 590 677 autem
646 622 1014 684 Alexandria,
1071 619 1274 690 quibus
1311 617 1556 672 Annales
1610 623 1693 670 tot

113 719 313 775 debere
340 726 519 788 putat,
551 731 782 786 prorsus
826 713 1145 770 incredibile
1180 720 1286 767 est.
1317 709 1468 765 Libri
1499 724 1691 765 omnes

114 810 470 866 bibliotheca
516 807 921 872 Alexandrina,
949 821 1108 876 capta
1137 821 1168 860 a
1195 803 1493 860 Meslemiis
1533 801 1689 867 urbe,

112 907 302 962 statim
333 905 644 976 perierunt.
701 902 879 957 Jussit
910 903 1106 956 Amrus
1139 900 1330 955 Ebno’l
1355 898 1429 953 As
1458 895 1692 967 dispergi

110 1017 197 1053 eos
225 1015 323 1068 per
353 998 544 1052 balnea
577 996 920 1051 Alexandria!
949 1003 1103 1066 atque
1152 993 1263 1047 illis
1291 991 1692 1061 calefaciendis,

109 1091 357 1145 comburi
385 1106 402 1144 :
427 1091 507 1144 ita
534 1089 709 1158 spatio
743 1087 980 1142 semestri
998 1085 1294 1155 consumpti
1323 1092 1466 1150 sunt,
1500 1091 1695 1138 uttra-

108 1183 517 1255 ditGregorius
551 1181 926 1238 Abulfaraius.
958 1180 1099 1235 Audi
1128 1178 1257 1249 quid
1281 1178 1481 1248 factum
1510 1175 1694 1246 fuerit,

108 1275 294 1344 inquit
331 1274 448 1339 ille,
486 1281 537 1327 et
563 1272 781 1326 mirare.
811 1269 925 1326 lmo
971 1270 1146 1340 magis
1185 1269 1373 1324 mirari
1397 1276 1693 1339 eporteret,

106 1368 154 1423 si
197 1374 334 1437 post
372 1381 550 1421 annos
596 1365 768 1420 ferme
818 1362 927 1418 200
974 1378 1277 1434 paucorum
1315 1360 1692 1417 Melchitarum

105 1460 408 1530 episcopus
449 1457 691 1529 origines
735 1455 992 1512 Ecclesia
1020 1455 1405 1510 Alexandrina
1433 1453 1506 1507 ibi
1545 1453 1700 1507 inve-

106 1551 274 1604 niret.
302 1548 473 1602 Certe
501 1556 615 1600 tam
656 1545 992 1616 negligenter
1022 1541 1410 1598 Alexandrina
1439 1538 1700 1594 Ecclesia

107 1640 411 1694 historiam
446 1637 744 1708 pertexuit,
777 1643 838 1691 ut
877 1649 985 1690 non
1011 1635 1188 1705 magis
1219 1632 1384 1703 hujus
1430 1645 1595 1701 quam
1626 1629 1702 1684 al-

106 1733 285 1787 terius
337 1729 651 1800 cujuspiam
704 1735 1062 1782 monumenta
1113 1725 1219 1795 ipsi
1272 1724 1490 1795 cognita
1528 1721 1701 1776 fuisse

108 1793 677 1894 appareatjhlarcum
701 1819 1092 1891 evangelistam
1122 1793 1294 1872 tradit
1315 1793 1463 1871 nono
1483 1814 1695 1870 Claudii
1728 1793 1771 1848 Β

108 1931 256 1971 anno
301 1917 697 1971 Alexandriam
751 1914 989 1976 venisse,
1034 1911 1215 1983 primo
1239 1909 1474 1964 Neronis
1499 1908 1700 1964 ibidem

110 2009 384 2081 martyrio
410 2017 736 2064 coronatum
782 2021 937 2072 esse;
984 2016 1040 2060 et
1087 2013 1268 2058 tamen
1319 2002 1462 2057 idem
1511 1999 1698 2066 refert,

111 2108 364 2170 tempore
416 2099 652 2154 Neronis
721 2097 944 2152 Petrum
1018 2095 1308 2164 scripsisse
1347 2092 1701 2162 Evangelium

112 2191 306 2256 Iarci,
340 2191 587 2246 dictante
619 2189 824 2257 Marco,
865 2189 921 2243 in
959 2188 1094 2244 urbe
1119 2186 1318 2242 Roma.
1347 2183 1472 2240 Hac
1501 2199 1610 2239 non
1633 2197 1699 2238 ex

112 2284 469 2341 Aiszandria
511 2283 781 2350 archivis,
808 2282 901 2338 sed
927 2280 1160 2338 diversis
1202 2279 1583 2351 scriptoribus,
1608 2278 1702 2349 qui

113 2373 400 2429 contraria
451 2372 817 2438 tradiderunt,
867 2371 986 2428 sine
1011 2371 1220 2442 judicio
1254 2370 1457 2425 hausit.
1504 2368 1705 2424 Conci-

113 2467 247 2521 liare
276 2467 404 2521 hac
429 2465 654 2535 quidem
680 2463 855 2518 voluit
881 2462 1170 2530 Seldenus,
1201 2461 1296 2517 sed
1324 2460 1550 2516 frustra.
1579 2459 1705 2514 Non

115 2559 290 2613 solum
343 2565 530 2611 autem
583 2566 829 2627 tempore
879 2553 1134 2621 Neronis,
1171 2554 1262 2609 sed
1297 2569 1437 2608 anno
1467 2553 1705 2620 ejusdem

109 2653 314 2722 primo,
372 2665 584 2704 necesse
624 2659 701 2704 est
751 2660 810 2703 ut
842 2648 995 2703 uellet
1040 2658 1218 2702 noster
1239 2645 1586 2717 Evangelium
1607 2644 1706 2697 hoc

105 2742 408 2810 scriptum,
441 2740 583 2810 quod
616 2740 796 2808 palam
823 2748 902 2795 est
925 2755 990 2794 ea:
1015 2740 1082 2794 iis
1132 2755 1250 2810 qua
1277 2738 1424 2808 infra
1466 2736 1620 2792 habet
1642 2737 1708 2792 de

104 2834 268 2888 exitu
313 2846 431 2887 tum
464 2832 612 2888 Petri
642 2842 756 2887 tum
784 2831 954 2888 Marci
989 2832 1167 2887 eodem
1196 2833 1252 2886 in
1278 2847 1441 2886 anno.
1467 2829 1528 2886 Si
1558 2829 1706 2886 enim

1795 542 2020 583 nensem
2077 536 2132 583 et
2162 526 2568 584 Theodoretum
2601 526 2918 598 episcopum
2966 529 3359 602 Ancyrensem,

1794 635 1933 689 quos
1968 635 2154 675 coram
2186 622 2517 692 imperatore
2557 629 2724 693 atque
2773 621 3090 692 patriarcha
3139 637 3363 694 compa-

1793 712 1973 768 ruisse
1996 713 2187 780 docet;
2219 728 2315 784 per
2369 712 2702 770 Thaddaum
2752 713 3142 770 Massinensem
3183 714 3362 770 Theo-

1795 803 1990 859 dorum
2034 803 2480 875 Mopsuestenum
2514 806 2845 877 intelligens,
2868 815 2923 861 et
2951 805 3358 862 Theodoretum

1795 909 1895 964 pro
1937 895 2166 966 Cyrensi
2206 895 2574 967 Aneyrensem
2623 895 2921 966 appellans.
2977 895 3166 950 Solum
3214 897 3362 952 enim

1794 985 1943 1040 Ibam
1969 995 2114 1042 recte
2140 987 2385 1041 nominat
2402 985 2730 1053 Rohensem,
2755 988 2861 1042 hoc
2875 997 2957 1044 est
2999 987 3358 1044 Edessenum.

1796 1074 1950 1129 Roha
1992 1076 2136 1130 enim
2181 1084 2236 1130 et
2267 1075 2501 1128 Ἔδεσσα
2536 1075 2726 1130 eadem
2767 1075 2983 1131 civitas.
3013 1073 3169 1132 Unde
3193 1069 3365 1131 Abul4

1795 1165 2024 1238 pltaraio
2067 1166 2248 1236 Abgar
2269 1183 2362 1222 rex
2385 1165 2566 1231 Roha,
2615 1167 2707 1235 qui
2732 1167 2873 1236 apud
2903 1166 3195 1223 Eusebium
3226 1168 3366 1224 dici-

1797 1269 1887 1312 tur
1921 1256 2194 1330 Ἀὁγαρος
2220 1258 2500 1329 τοπάρχης
2539 1256 2807 1327 Ἐδέσσης.
2832 1257 2963 1312 Erat
2985 1266 3167 1314 autem
3187 1258 3366 1330 Abga-

1797 1365 1910 1415 rus,
1941 1351 2058 1405 sive
2087 1349 2332 1420 Abgarus
2369 1364 2661 1406 commune
2711 1365 2911 1406 nomen
2955 1349 3250 1408 Osdroena
3278 1368 3367 1407 re—

1797 1443 2073 1512 gulorum,
2106 1458 2344 1513 quorum
2388 1443 2539 1514 regia
2595 1443 2814 1502 Edessa
2849 1445 2971 1514 fuit,
3022 1455 3085 1502 ut
3135 1456 3366 1504 testatur

1797 1533 2119 1608 Procopius.
2147 1535 2292 1591 Idem
2331 1536 2497 1591 tradit
2545 1535 2843 1591 Antonium
2886 1538 3029 1592 inter
3069 1537 3280 1593 Roham
3311 1546 3368 1593 et

1797 1623 2075 1681 Haranum
2104 1628 2348 1683 occisum
2377 1641 2520 1696 esse,
2555 1637 2617 1683 ut
2645 1629 2698 1683 in
2731 1629 2949 1685 Eusebii
2981 1629 3256 1686 Chronico
3287 1631 3368 1686 le-

1799 1719 2014 1790 gimus:
2047 1718 2310 1774 Antonius
2342 1720 2664 1790 interﬁcitur
2701 1722 2841 1776 inter
2869 1721 3128 1777 Edessam
3156 1734 3207 1779 et
3226 1723 3365 1779 Car-

1800 1824 1911 1864 ras.
1947 1808 2024 1863 lta
2048 1807 2238 1874 Roha,
2275 1809 2379 1864 hoc
2423 1817 2509 1864 est
2553 1808 2774 1865 Edessa
2801 1809 3184 1868 Constantium
3212 1812 3369 1869 Hele-

1801 1914 1926 1953 nam
1959 1899 2235 1955 invenisse
2283 1899 2450 1955 refert
2475 1900 2797 1971 Eutyehius.
2829 1903 2987 1968 Quod
3017 1905 3062 1960 si
3083 1905 3370 1961 observas-

1801 2000 1883 2045 set
1911 1989 2199 2056 Seldenus,
2241 2006 2523 2060 nunquam
2549 1992 2602 2046 in
2627 1991 2984 2064 Eutychianis
3032 1994 3149 2050 suis
3199 1995 3370 2052 dixis-

1803 2076 1916 2136 set:
1950 2082 2177 2134 Ubinam
2205 2082 2315 2136 ha'c
2343 2082 2519 2149 Rhea,
2550 2099 2642 2155 ego
2665 2100 2748 2138 me
2783 2086 2980 2140 nescire
3003 2086 3196 2156 fateor,
3230 2104 3371 2144 nun-

1802 2187 1969 2243 quam
2026 2173 2094 2228 ad
2131 2173 2359 2244 Ῥαφίαν
2407 2174 2701 2230 Phoenicia
2751 2177 2943 2232 urbem
2997 2177 3370 2249 confugisset,

1804 2281 2088 2336 nunquam
2121 2267 2248 2322 inde
2277 2265 2586 2338 Drepanum
2627 2269 2680 2323 in
2728 2267 2981 2341 Bithynia
3033 2271 3373 2340 deduxisset,

1803 2372 2085 2428 nunquam
2107 2359 2268 2413 verba
2287 2357 2518 2414 Cedreni
2544 2360 2670 2432 περὶ
2684 2360 2782 2430 τὴν
2801 2361 2901 2432 τῆς
2919 2362 3122 2427 Anxia;
3142 2363 3294 2417 πόλιν
3316 2365 3374 2420 in

1806 2451 1936 2521 περὶ
1953 2450 2053 2521 τὴν
2072 2451 2172 2521 τῆς
2203 2451 2428 2520 Ῥαφιας
2457 2449 2612 2504 πόλιν
2648 2462 3062 2520 commutasset,
3094 2463 3376 2526 totamque

1807 2539 2027 2597 Helena
2079 2542 2364 2596 historiam
2402 2557 2500 2612 per
2536 2557 2596 2598 se
2618 2543 2753 2600 satis
2785 2545 3050 2600 incertam
3085 2556 3162 2602 tot
3190 2548 3375 2618 conje-

1805 2635 1980 2690 cturis
2009 2634 2590 2706 emendationibusque
2636 2636 2981 2692 incertiorem
3028 2637 3373 2696 reddidisset.

1807 2725 2057 2793 Quatuor
2105 2727 2291 2797 itaque
2328 2727 2478 2783 viros
2507 2728 2562 2782 in
2591 2727 2821 2784 historia
2852 2729 3224 2785 ecclesiastica
3273 2719 3378 2786 no-

1809 2817 2056 2874 tissimos
2099 2833 2283 2873 coram
2314 2817 2624 2875 Iustiniano
2653 2821 3028 2892 comparuisse
3074 2821 3240 2878 tradit
3269 2821 3378 2878 Eu-

107 2932 476 2994 .monawr
508 2921 865 2994 Evangelium
898 2923 1062 2979 Mal-ci
1093 2923 1358 2993 scriptum
1398 2921 1572 2978 fuisse
1595 2922 1709 2992 pri-
1810 2909 2047 2982 tychius,
2081 2911 2175 2980 qui
2207 2926 2399 2966 omnes
2432 2911 2525 2966 ditt
2553 2922 2679 2966 ante
2703 2913 2901 2967 mortui
2934 2911 3154 2968 fuerant
3185 2933 3198 2969 :
3235 2931 3376 2985 quo-

107 3023 210 3064 mo
260 3007 508 3064 Neronis
559 3025 726 3076 anno,
762 3011 972 3082 reliqua
1023 3019 1206 3067 tamen
1259 3015 1567 3068 consistere
1596 3027 1707 3068 non

1812 3017 1934 3056 rum
1965 3003 2212 3058 omnium
2241 3003 2663 3073 antiquissimus
2688 3012 2809 3058 erat
2823 3001 3108 3073 Origenes,
3132 3019 3239 3059 non
3264 3007 3380 3075 epi-

107 3108 383 3170 possnnt.
417 3099 502 3155 Eo
531 3102 679 3156 enim
733 3117 880 3156 anno
910 3118 1020 3172 quo
1066 3112 1320 3160 mortuus
1346 3101 1444 3159 est
1487 3103 1708 3160 Marcus

1815 3110 2019 3165 scopus
2070 3094 2473 3167 Maubagensis,
2508 3095 2604 3151 sed
2649 3095 2933 3166 presbyter
2982 3106 3038 3150 et
3082 3097 3379 3152 catechista

109 3146 481 3248 Alexandria
509 3208 617 3248 non
650 3194 832 3263 potuit
856 3146 1045 3250 Bdma
1085 3196 1292 3252 dictare
1313 3195 1659 3268 Evangelium
1687 3214 1702 3264 ;
1732 3146 1777 3207 ο
1808 3187 2232 3255 Alexandrinus,
2287 3188 2404 3258 ipse
2450 3187 2831 3253 Adamantius,
2864 3203 3026 3258 quem
3074 3185 3382 3246 Demetrius

110 3297 306 3354 neque
341 3285 495 3340 enim
542 3283 865 3358 Eutychius,
899 3303 1074 3356 neque
1109 3288 1401 3358 quisquam
1430 3289 1573 3344 alius
1608 3289 1709 3344 do-

111 3383 201 3428 cet
229 3372 497 3429 Ilarcum
529 3373 766 3447 Egypto
825 3376 892 3431 ad
931 3375 1154 3432 Petrum
1183 3378 1576 3449 commigrasse
1597 3379 1711 3433 Ilo-

113 3485 312 3525 mam:
351 3482 534 3538 neque
585 3467 638 3523 id
684 3466 889 3525 factum
941 3467 1138 3523 docere
1176 3469 1358 3539 potuit
1402 3468 1712 3541 Eutychius

113 3563 309 3633 primo
337 3559 581 3615 Neronis
617 3573 786 3626 anno,
834 3575 958 3616 cum
989 3560 1106 3630 ipse
1141 3560 1320 3615 tradat
1359 3557 1586 3615 Petrum
1621 3575 1715 3617 oc-

115 3655 307 3710 cisum
341 3665 472 3707 esse
507 3665 652 3706 anno
681 3650 774 3716 22,
811 3659 934 3720 post
960 3650 1271 3720 passionem
1321 3650 1559 3718 Domini,
1611 3653 1717 3708 hoc

117 3755 227 3808 est,
277 3753 418 3799 ante
468 3742 758 3812 imperium
806 3739 1058 3797 Neronis.
1109 3739 1236 3797 Haec
1283 3751 1466 3797 autem
1528 3742 1715 3798 omnia

117 3848 255 3894 sunt
314 3835 626 3891 ἀσύστατα.
681 3831 1128 3888 Patriarcharum
1178 3832 1426 3898 nomina,
1478 3841 1534 3887 et
1577 3832 1715 3887 mira

121 3929 362 4000 quidem
402 3940 569 3995 sape,
600 3922 783 3994 prodit
809 3921 1108 3993 Eutychius
1135 3938 1151 3976 :
1181 3935 1360 3976 annos
1381 3921 1548 3976 etiam
1579 3937 1718 3978 enu-

121 4029 342 4086 merat,
385 4031 482 4071 res
509 4023 693 4087 gestas
735 4013 964 4068 minime
1013 4025 1431 4068 commemorat.
1460 4011 1598 4067 Cum
1647 4013 1716 4068 ad

120 4107 484 4166 Demetrium
531 4105 799 4176 perrenit,
843 4101 992 4173 quod
1035 4111 1162 4158 ante
1193 4102 1428 4167 dixerat,
1486 4103 1714 4172 repetit:

123 4203 359 4258 Primus
381 4200 477 4254 ille
514 4197 942 4268 patriarcharum
991 4196 1259 4264 episcopos
1289 4195 1344 4248 in
1375 4193 1597 4265 zEgypti
1628 4193 1718 4247 di-

126 4295 276 4348 tione
321 4290 647 4354 ordinavit;
700 4295 765 4343 ut
801 4295 856 4342 et
897 4286 966 4342 de
1016 4285 1280 4342 Heracla:
1312 4285 1446 4355 Ejus
1492 4294 1720 4354 tempore

124 4385 440 4456 appellatus
463 4389 544 4436 est
580 4380 891 4450 patriarcha
916 4378 1314 4436 Alexandrinus
1339 4379 1510 4444 Baba,
1545 4379 1602 4434 id
1641 4387 1720 4434 est

1811 3279 2046 3353 IEgypto
2094 3279 2323 3352 fugavit,
2360 3281 2523 3350 idque
2547 3296 2651 3346 ope
2695 3281 2860 3336 trium
2912 3279 3381 3353 Eutychianorum

1811 3373 2221 3443 episcoporum,
2275 3381 2337 3426 ut
2384 3373 2652 3428 Seldeuus
2707 3372 3028 3427 hariolatur.
3065 3372 3172 3428 Sed
3200 3373 3381 3444 qualis

1813 3463 1891 3518 illi
1914 3464 1982 3518 de
2007 3462 2283 3519 Demetrio
2316 3464 2448 3520 ﬁdes
2476 3463 2784 3520 adhibenda
2827 3473 2929 3532 est,
2954 3466 3049 3536 qui
3090 3465 3381 3538 Origenem

1813 3556 2084 3612 nescivit?
2109 3554 2210 3611 Hic
2234 3565 2417 3612 autem
2447 3555 2756 3614 Demetrius
2785 3565 2847 3614 ut
2875 3565 2987 3613 tres
3010 3557 3302 3628 episcopos
3323 3559 3382 3614 in

1817 3647 2039 3720 Egypti
2085 3649 2295 3703 ditione
2319 3648 2612 3715 ordinavit,
2641 3649 2714 3704 ita
2747 3649 2815 3706 ad
2842 3658 2954 3705 tres
2976 3650 3265 3721 episcopos
3287 3665 3386 3707 ex-

1816 3748 1901 3796 tra
1932 3740 2228 3812 Egyptum
2251 3741 2496 3809 scripsit.
2533 3739 2614 3794 Eo
2657 3750 2902 3811 tempore,
2941 3741 3140 3811 inquit,
3174 3743 3386 3814 scripsit

1817 3831 2116 3886 Demetrius
2143 3833 2455 3902 patriarcha
2504 3832 2898 3889 Alexandrinus
2932 3834 3002 3888 ad
3029 3833 3256 3890 Gabium
3274 3837 3387 3907 epi-

1816 3941 2032 3996 scopum
2073 3924 2640 3996 Hierosolymitanum,
2675 3925 2971 3981 Maximum
3020 3928 3387 3998 patriarcham

1817 4015 2201 4070 Antiochenam
2228 4024 2278 4070 et
2340 4014 2601 4069 Victorem
2658 4018 3024 4085 patriarcham
3070 4017 3386 4085 Romanum,

1817 4107 1882 4161 de
1911 4109 2116 4162 ratione
2161 4108 2392 4176 computi
2435 4105 2714 4161 Paschalis
2750 4117 2801 4163 et
2816 4109 3012 4179 jejunii
3049 4107 3389 4165 Christiano-

1818 4216 1958 4263 rum,
1987 4209 2036 4253 et
2065 4201 2326 4269 quomodo
2358 4215 2390 4252 a
2417 4196 2678 4254 Paschate
2725 4199 3040 4256 Iudaeorum
3071 4202 3385 4257 deducatur.

1818 4293 1888 4348 At
1921 4294 2156 4349 Gabium
2187 4293 2300 4364 ipse
2343 4293 2507 4347 tradit
2552 4293 2618 4347 17
2646 4293 2854 4350 Aurelii
2897 4309 3042 4348 anno
3075 4293 3387 4367 Hierosolyv

1819 4385 1928 4440 mis
1950 4385 2269 4455 episc0pum
2307 4394 2549 4440 creatum
2579 4395 2689 4440 tres
2716 4393 2926 4441 tantum
2951 4401 3125 4441 annos
3155 4385 3386 4442 sedisse:

123 4495 288 4532 acus.
309 4475 459 4543 Quid
487 4481 672 4528 autem
703 4473 761 4527 in
788 4471 1031 4527 Ecclesia
1061 4481 1193 4528 tunc
1219 4472 1485 4543 temporis
1514 4471 1719 4527 factum
1751 4490 1797 4546 ι)
1823 4485 1921 4530 aut
1957 4475 2124 4546 igitur
2152 4475 2256 4530 sub
2301 4476 2410 4531 line
2460 4477 2670 4546 imperii
2724 4476 2953 4542 Aurelii,
2985 4487 3080 4532 aut
3100 4481 3203 4534 sub
3231 4481 3390 4536 initio

119 4579 238 4637 est,
262 4565 556 4638 quomodo
595 4562 859 4632 Origenes
905 4563 1017 4618 illic
1057 4563 1316 4635 agitatus,
1355 4578 1464 4618 non
1495 4564 1723 4618 omnino

121 4662 336 4717 docet:
370 4669 436 4714 ut
462 4655 717 4712 videatur
759 4654 1146 4710 Adamantium
1196 4655 1350 4710 illum
1381 4654 1542 4724 plane
1568 4653 1724 4725 igno-

123 4765 318 4809 rasse.
349 4747 546 4818 Neque
574 4747 693 4802 hac
719 4745 1036 4816 conjectura
1082 4760 1237 4802 mera
1271 4754 1398 4808 est;
1431 4746 1549 4816 ipse
1575 4747 1722 4801 enim

121 4844 198 4899 de
227 4842 433 4913 quinto
471 4839 710 4894 concilio
741 4853 930 4909 agens,
979 4838 1096 4894 hac
1133 4837 1359 4894 scribit:
1388 4836 1517 4893 Fuit
1561 4838 1726 4892 etiam

125 4941 372 5003 tempore
407 4929 718 4986 Justiniani
746 4928 996 5000 Origenes
1025 4929 1298 5000 episcopus
1328 4928 1720 5000 Manbagensis,

122 5028 222 5096 qui
250 5023 732 5094 metempsgchosin
763 5022 1014 5087 asseruit,
1052 5022 1488 5076 resurrectionem
1505 5037 1720 5093 negans.

123 5117 200 5171 At
233 5116 331 5170 hic
359 5116 506 5186 ipse,
535 5128 702 5183 quem
727 5114 1046 5183 episcopum
1091 5111 1517 5183 Manbagensem
1541 5121 1722 5179 vocat,

127 5209 285 5263 alius
324 5222 436 5262 non
459 5213 583 5261 erat
603 5221 768 5276 quam
799 5204 1063 5276 Origenes
1088 5204 1470 5272 Adamantius,
1503 5205 1728 5260 notissi‘

123 5313 264 5353 mus
292 5297 388 5352 ille
417 5294 626 5350 schola
667 5294 1048 5350 Alexandrina
1075 5295 1366 5366 praefectus
1387 5304 1443 5349 et
1465 5293 1727 5350 Demetrii

125 5387 521 5460 synchrouus.
559 5384 700 5440 Eum
734 5395 940 5454 tamen,
986 5387 1032 5442 si
1059 5386 1326 5458 Eutychio
1369 5385 1501 5441 huic
1551 5385 1730 5442 credi-

127 5495 289 5544 mus,
322 5477 671 5533 Justinianus
707 5478 1003 5549 imperator
1054 5478 1585 5549 Constantinopolim
1636 5493 1730 5533 ac-

130 5572 391 5636 cersivit.
419 5580 477 5626 et
516 5570 820 5644 Eutyehius
869 5572 1180 5644 patriarcha
1228 5573 1731 5644 Constantinopoli-

132 5675 315 5720 tanus
360 5665 882 5720 excommunicavtt.
930 5666 1154 5722 Addidit
1194 5677 1378 5721 autem
1405 5665 1484 5721 illi
1531 5674 1638 5722 tres
1674 5667 1729 5723 in

134 5757 350 5813 itinere
382 5766 439 5812 et
473 5757 1054 5814 excommunicatione
1111 5759 1366 5832 comites,
1417 5759 1567 5815 Ibam
1609 5760 1725 5831 epi-

437 5849 703 5909 ΡΑτιιοι.
738 5849 855 5910 Gn.
910 5849 984 5908 ν.

1825 4566 2009 4622 statim
2070 4565 2359 4621 Commodi
2422 4567 2623 4636 scripta
2668 4575 2753 4621 est
2804 4567 2919 4621 hac
2966 4567 3213 4638 epistola.
3267 4571 3390 4637 Quo

1824 4667 2088 4728 tempore,
2135 4672 2237 4714 nec
2265 4657 2571 4714 Demetrius
2622 4657 2964 4713 Alexandria
3019 4659 3257 4728 prafuit,
3294 4661 3388 4716 sed

1823 4747 2095 4815 Julianus,
2131 4764 2232 4804 nec
2257 4749 2444 4804 Victor
2490 4747 2697 4814 Roma,
2730 4749 2824 4803 sed
2857 4748 3200 4806 Eleutherus.
3229 4751 3390 4809 Certe

1824 4854 1950 4894 cum
1971 4840 2213 4909 epistola
2243 4855 2310 4895 ex
2340 4839 2549 4894 oriente
2575 4840 2642 4894 ad
2674 4839 2944 4896 Victorem
2970 4840 3036 4895 de
3060 4841 3389 4898 celebrando

1825 4931 2092 4988 Paschate
2119 4933 2302 4988 missa
2346 4941 2497 4998 sunt,
2544 4931 2834 4988 Narcissus
2886 4932 3388 5006 Hierosolymorum

1825 5024 2113 5095 episcopus
2143 5025 2282 5092 fuit;
2330 5024 2473 5080 inter
2506 5021 2776 5079 Gaianum
2823 5033 3026 5091 autem,
3073 5041 3235 5095 quem
3278 5025 3389 5083 Ga-

1826 5117 1977 5172 bium
2004 5117 2238 5187 appellat
2260 5115 2582 5188 Eutychius,
2609 5125 2665 5169 et
2694 5115 3034 5183 Narcissum,
3070 5132 3266 5172 novem
3288 5134 3390 5188 pa-

1828 5208 2081 5262 triarcha
2124 5205 2518 5278 Hierosolymis
2573 5208 2851 5262 sederunt.
2900 5205 3086 5277 Neque
3112 5222 3242 5262 vero
3281 5209 3390 5265 ulla

1827 5307 2005 5355 exstat
2049 5297 2315 5352 memoria
2359 5298 2576 5367 scripta
2618 5298 2683 5352 ad
2731 5297 3006 5352 Victorem
3053 5313 3084 5353 a
3116 5297 3391 5354 Demetrio

1827 5391 2102 5460 epistola;
2131 5388 2374 5458 episcopi
2400 5398 2611 5443 tantum
2659 5387 2947 5444 Palestina
2991 5389 3235 5444 indicant
3262 5389 3392 5444 Ale-

1829 5481 2128 5536 xandrinos
2155 5495 2341 5536 secum
2370 5480 2426 5534 in
2449 5480 2537 5535 die
2573 5479 2857 5536 Paschatis
2888 5481 3231 5536 observando
3258 5495 3390 5536 eon-

1831 5574 2051 5640 sentire,
2078 5573 2240 5643 idque
2262 5582 2446 5643 patere
2479 5588 2547 5627 ex
2575 5572 2771 5628 litteris
2799 5573 2867 5628 ad
2895 5588 2955 5628 se
2984 5573 3214 5627 invicem
3255 5572 3391 5628 mis-

1832 5668 1931 5733 sis,
1957 5667 2108 5721 nulla
2130 5665 2386 5721 Demetrii
2435 5666 2716 5720 mentione
2764 5665 2927 5720 facta.
2959 5664 3090 5732 Qua
3119 5663 3258 5719 dixit
3293 5663 3391 5734 igi-

1831 5766 1922 5812 tur
1945 5758 2011 5812 de
2040 5756 2317 5813 Demetrio
2373 5756 2695 5828 Eutychius,
2745 5772 2811 5811 ex
2845 5757 3084 5812 archivis
3136 5755 3386 5811 Ecclesia

3078 5849 3118 5909 8
