3834 6206
497 297 568 354 55
1477 291 1536 346 S.
1577 289 1924 348 lGNATlUS.
1958 321 2027 330 —
2053 288 2587 347 PROLECOMENA.

3615 292 3726 350 230

462 417 844 474 Alexandrina
881 429 993 470 non
1034 412 1263 484 habuit;
1294 411 1579 469 videamus
1605 429 1674 466 an
1699 412 1937 470 certiora
1965 395 2034 466 de
2063 413 2111 472 Α
2137 413 2250 481 ipse
2295 411 2388 465 ille
2437 409 2748 481 patriarcha
2809 409 3056 465 Adriano
3105 409 3288 466 dictus
3345 411 3415 466 de
3452 411 3726 482 episcopo

465 511 801 574 Alexandro,
866 506 972 564 sub
1028 521 1138 577 quo
1192 514 1430 560 veterem
1463 504 1912 560 consuetudinem
1943 503 2037 558 de-

463 605 624 662 siisse
647 603 744 670 ait,
763 600 944 656 tradat
965 619 978 656 :
998 597 1318 664 Alexander,
1334 597 1530 668 inquit,
1550 596 1814 650 Achillam
1836 597 2036 650 socium

463 710 642 760 suum,
686 693 778 762 qui
822 698 944 746 ante
981 691 1158 759 ipsum
1204 686 1514 757 patriarcha
1545 686 1741 756 fuerat,
1773 685 1838 740 de
1866 686 2038 756 gradu

462 782 818 857 patriarchali
867 781 1078 850 dejecit,
1115 779 1264 849 quia,
1301 778 1430 832 Aria
1472 788 1697 848 recepto,
1727 787 1912 832 contra
1937 777 2040 832 Pe.

468 878 539 930 tri
562 874 913 930 Alexandrini
955 871 1269 926 mandatum
1293 871 1510 939 fecerat.
1563 868 1701 925 Cum
1744 871 1858 941 ipse
1880 879 2039 925 antea

467 975 765 1034 narrasset,
812 964 1102 1032 Achillam,
1153 970 1445 1034 postquam
1468 976 1563 1017 sex
1587 976 1761 1017 annos
1802 961 2039 1030 sederat,

466 1068 745 1116 mortuum
786 1055 980 1112 fuisse.
1010 1053 1300 1122 Quomodo
1328 1052 1496 1126 igitur
1521 1052 1590 1107 ad
1637 1053 1798 1107 tinem
1821 1054 2042 1109 concilii

463 1151 691 1217 Nicmni,
719 1149 1027 1205 Alexander
1054 1163 1180 1204 eum
1211 1145 1283 1201 de
1313 1145 1486 1217 gradu
1519 1144 1876 1216 patriarchali
1899 1145 2042 1217 deji-

463 1260 588 1300 cere
619 1243 838 1314 potuit?
865 1241 1088 1312 Decepit
1105 1255 1254 1306 eum,
1279 1247 1341 1294 ut
1361 1238 1582 1309 opinor,
1607 1237 1855 1294 nominis
1889 1239 2044 1295 simi-

465 1338 658 1393 litudo.
687 1335 818 1390 Erat
847 1334 994 1390 enim
1038 1332 1284 1387 Achillas
1311 1330 1534 1400 quidam
1565 1329 1868 1402 presbyter,
1906 1328 2043 1386 Ario

465 1426 842 1492 consentiens,
878 1437 1042 1494 quem
1081 1420 1246 1476 simul
1274 1434 1402 1474 cum
1429 1417 1562 1473 Ario
1589 1419 2042 1474 excommunica-

465 1523 544 1576 vit
570 1519 896 1576 Alexander.
927 1514 1047 1571 Non
1089 1522 1174 1569 est
1215 1513 1383 1584 igitur
1402 1511 1539 1568 adeo
1572 1511 1678 1566 ﬁde
1709 1511 1909 1582 dignus
1935 1511 2045 1565 Eu-

467 1613 705 1685 tychius,
731 1619 794 1666 ut
819 1609 871 1665 ei
899 1617 996 1663 aut
1047 1605 1171 1671 soli,
1216 1611 1313 1660 aut
1354 1604 1534 1675 primo
1583 1603 1751 1675 hujus
1799 1603 2044 1660 historia:

467 1703 741 1760 conditori
775 1701 1088 1757 credamus.

2142 503 2520 558 Alexandrino
2565 502 2794 572 intelligi
2837 502 3036 558 debere
3073 504 3227 558 nullo
3256 503 3420 558 modo
3476 503 3724 558 videtur.

2139 596 2258 652 Non
2298 604 2512 650 tantum
2544 595 2674 666 quia
2704 595 2897 649 titulus
2925 595 3014 651 ille
3043 595 3179 649 nulli
3200 596 3460 665 episcopo
3491 610 3559 650 ea
3599 605 3729 650 aeta-

2144 698 2216 754 te,
2247 700 2344 744 aut
2369 688 2622 759 sequenti
2657 688 2863 743 saeculo
2890 688 3129 744 tributus
3157 694 3600 757 esseappareat:
3629 688 3727 742 sed

2140 790 2195 837 et
2222 781 2369 852 quod
2394 795 2458 835 ea
2490 795 2614 850 qua:
2644 779 2711 833 de
2742 778 3055 849 patriarcha
3078 787 3266 834 narrat
3289 778 3589 845 Adrianus,
3615 777 3730 847 epi-

2141 886 2310 942 scopo
2353 869 2727 926 Alexandrino
2771 870 2998 926 minime
3041 870 3388 926 conveniant.
3439 867 3603 936 Cum,
3634 868 3726 923 in-

2141 963 2284 1032 quit,
2331 959 2624 1032 .‘Egyptum
2664 962 2899 1026 uenerit;
2934 961 3179 1031 loquitur
3229 961 3394 1032 igitur
3418 960 3489 1016 de
3520 975 3592 1016 eo
3625 959 3726 1029 qui

2141 1051 2487 1107 Alexandriae
2541 1051 2794 1106 habitare
2850 1065 2962 1105 non
3013 1050 3245 1116 solebat,
3276 1050 3373 1106 sed
3422 1049 3729 1120 aliquando

2143 1151 2356 1199 tantum
2391 1141 2687 1214 Egyptum
2725 1143 2897 1209 adire,
2952 1150 3138 1211 utpote
3163 1141 3261 1212 qui
3311 1141 3370 1196 in
3394 1142 3503 1196 alia
3532 1141 3732 1212 aliqua

2142 1237 2366 1308 regione
2396 1237 2621 1290 viveret.
2657 1235 2795 1289 Cum
2829 1233 2970 1289 forte
2999 1233 3296 1305 Egyptum
3331 1242 3563 1304 peteret,
3595 1249 3732 1289 wa-

2143 1337 2267 1384 ctus
2312 1334 2399 1382 est
2429 1343 2538 1382 non
2569 1335 2784 1382 tantum
2839 1324 3185 1395 Serapidem,
3217 1323 3312 1381 sed
3346 1333 3402 1380 et
3435 1325 3730 1380 Christum

2143 1420 2323 1476 colere
2347 1437 2363 1487 ;
2385 1419 2454 1474 ab
2483 1419 2770 1488 utriusque
2803 1417 2969 1488 igitur
3013 1418 3160 1472 cultu
3200 1425 3320 1472 erat
3348 1417 3585 1472 alienus.
3618 1416 3727 1471 Mi-

2143 1529 2238 1568 ror
2295 1514 2481 1582 itaque
2527 1512 2785 1582 cuiquam
2839 1511 2893 1564 in
2928 1517 3167 1565 mentem
3214 1509 3400 1564 venire
3451 1510 3728 1580 potuisse.

2144 1605 2264 1660 haec
2293 1605 2361 1660 de
2389 1605 2650 1676 episcopo
2701 1602 3075 1657 Alexandrino
3127 1602 3273 1657 dicta
3316 1601 3524 1669 fuisse;
3562 1604 3730 1674 quasi

2144 1699 2237 1754 ille
2261 1696 2557 1768 Egyptum
2593 1695 2888 1766 aliquando
2916 1704 3127 1749 tantum
3155 1704 3380 1766 peteret,
3407 1705 3463 1751 et
3492 1712 3621 1752 cum
3651 1696 3734 1752 ibi

538 1795 860 1866 Respondeo
890 1792 1072 1858 tertio,
1101 1790 1262 1860 plane
1309 1789 1627 1847 incredibile
1645 1804 1788 1858 esse,
1816 1798 1879 1846 ut
1909 1789 2038 1844 nul-
2069 1777 2114 1834 Β
2141 1799 2308 1858 esset,
2336 1791 2618 1846 Christum
2647 1789 2828 1845 colere
2863 1795 3187 1860 c0geretur;
3237 1789 3548 1859 praesertim
3595 1804 3730 1846 cum

467 1891 554 1945 lus
583 1887 748 1943 fuerit
770 1887 826 1940 in
871 1893 984 1940 tota
1030 1881 1268 1954 .lEgypto
1313 1883 1606 1952 episcopus
1635 1890 1832 1952 praeter
1857 1882 2036 1937 solum

468 1979 921 2043 Alexandrinum,
968 1986 1094 2031 ante
1140 1973 1399 2030 Demetrii
1453 1974 1886 2044 patriarchatum
1923 1991 1938 2041 ;
1983 1981 2039 2028 et

468 2071 826 2128 assertionem
876 2067 1204 2124 contrariam
1234 2082 1300 2122 ex
1330 2066 1552 2136 optimis
1579 2066 1822 2121 historia:
1842 2081 2039 2120 moim-

467 2163 669 2218 rnentis
697 2158 1064 2216 demonstrari
1098 2171 1281 2228 posse.
1338 2154 1554 2226 Scripta
1594 2163 1678 2210 est
1707 2153 1940 2224 epistola
1969 2153 2039 2208 ab

467 2249 708 2305 Adriano
739 2249 1065 2317 imperatore
1087 2245 1155 2299 ad
1184 2243 1507 2300 Servianum
1555 2243 1836 2300 consulem
1889 2242 2038 2297 circa

469 2358 520 2394 a.
560 2341 623 2397 Ι).
649 2340 756 2396 152
787 2339 1068 2411 sexaginta
1111 2336 1282 2393 ferme
1332 2338 1493 2393 annis
1525 2345 1817 2407 antequam
1863 2335 2041 2391 factus

467 2444 555 2489 est
599 2434 907 2504 patriarcha
940 2431 1280 2487 Demetrius:
1313 2445 1420 2485 non
1445 2430 1588 2485 enim
1620 2429 1709 2484 ille
1747 2429 2040 2499 episcopus

473 2523 650 2580 tactus
674 2532 758 2580 est
825 2537 878 2578 a.
913 2521 976 2577 D.
1003 2523 1197 2580 l75,ut
1217 2521 1445 2577 immani
1488 2521 1912 2592 prochronismo
1941 2520 2042 2576 do-

469 2626 558 2672 cet
579 2614 884 2670 Salmasius
914 2615 968 2668 in
994 2613 1302 2685 Appat'altt;
1333 2613 1425 2670 sed
1462 2628 1608 2669 anno
1633 2613 1922 2668 Commodi
1946 2612 2042 2666 de-

469 2707 634 2772 cimo,
660 2715 720 2762 ut
747 2705 912 2761 refert
935 2705 1203 2761 Eusebius
1236 2705 1288 2759 in
1355 2700 1633 2766 Chronico,
1685 2702 1830 2758 circa
1887 2714 1940 2755 a.
1977 2701 2037 2754 D.

471 2798 599 2856 {90.
651 2797 803 2853 lianc
828 2797 1023 2853 Latine
1062 2799 1320 2866 scriptam
1371 2795 1612 2864 Phlegon
1660 2794 1890 2850 libertus
1919 2794 2042 2863 ejus

469 2891 838 2957 conservavit,
883 2899 938 2944 et
986 2889 1209 2946 Flavius
1240 2887 1512 2956 Vopiscus
1561 2902 1628 2942 ex
1659 2902 1726 2942 eo
1768 2878 2058 2943 transcriJ

468 2985 601 3055 psit,
633 2990 693 3037 ut
724 2981 841 3052 ipse
870 2979 1039 3036 refert
1068 2980 1121 3034 in
1159 2979 1279 3035 Vita
1307 2977 1602 3034 Saturnini.
1632 2977 1807 3048 Hujus
1836 2978 2044 3049 episto-

2138 1895 2432 1954 utrumque
2470 1881 2785 1938 Judaeorum
2819 1881 3144 1951 patriarchae
3179 1898 3243 1938 ea
3289 1891 3449 1936 aetate
3497 1882 3729 1937 notissi-

2137 1993 2228 2033 mo
2253 1986 2362 2031 tam
2404 1975 2571 2046 probe
2614 1973 2924 2029 conveniat.
2980 1973 3295 2028 Judaeorum
3345 1973 3725 2042 patriarchau.

2138 2067 2402 2137 intelligo,
2427 2066 2520 2136 qui
2547 2065 2600 2119 in
2624 2065 2915 2120 Palaestina
2952 2065 3188 2130 vivebat,
3219 2080 3324 2119 non
3363 2066 3458 2129 qui
3477 2065 3726 2120 Alexan-

2138 2162 2272 2217 drite
2297 2159 2622 2216 constitutus
2652 2156 2775 2222 fuit,
2811 2166 2872 2211 ut
2895 2158 3161 2228 putabant
3205 2156 3415 2212 Petitus
3439 2167 3492 2212 et
3522 2157 3724 2213 Petrus

2140 2270 2172 2309 a
2200 2253 2402 2308 Marca.
2435 2252 2510 2307 De
2555 2266 2665 2322 quo
2705 2251 2948 2321 loquitur
2992 2249 3257 2320 Origenes
3287 2250 3424 2321 Περὶ
3445 2249 3658 2322 ἀρχῶν,
3689 2250 3728 2302 1.

2140 2362 2216 2412 tv,
2251 2362 2301 2402 c.
2332 2347 2357 2400 l
2384 2364 2396 2398 :
2431 2344 2627 2398 Dicunt
2657 2359 2963 2413 permanere
2993 2342 3164 2396 adhuc
3206 2341 3494 2411 principem
3537 2356 3602 2396 ea:
3631 2359 3725 2412 gs-

2139 2457 2262 2496 nere
2300 2438 2480 2504 Judte,
2527 2439 2713 2503 istum,
2768 2435 3028 2502 videlicet,
3085 2435 3176 2505 qui
3215 2446 3292 2489 est
3322 2435 3490 2505 gentis
3541 2451 3730 2488 eorum

2139 2536 2404 2604 princeps,
2431 2548 2585 2603 quem
2618 2531 2893 2585 nominant
2944 2527 3325 2599 patriarcham.
3352 2527 3628 2597 Loquitur
3658 2527 3732 2582 de

2141 2643 2203 2684 re
2233 2627 2358 2697 ipsi,
2385 2641 2509 2682 cum
2552 2622 2956 2678 Alexandrinus
2997 2630 3166 2686 esset,
3193 2637 3302 2676 non
3341 2620 3727 2689 incomperta;

2143 2726 2198 2774 et
2222 2717 2595 2789 patriarcham
2643 2729 2753 2769 non
2789 2713 2920 2768 huic
2951 2722 3048 2768 aut
3079 2712 3155 2766 illi
3194 2711 3406 2782 regioni
3447 2713 3721 2780 pr.t:posi-

2143 2817 2283 2873 tum,
2314 2807 2407 2862 sed
2441 2806 2608 2861 totius
2636 2803 2812 2875 gentis
2835 2802 3140 2872 principem
3171 2802 3451 2856 describit.
3485 2800 3588 2857 llic
3618 2803 3718 2871 igi-

2143 2907 2234 2954 tur
2279 2899 2324 2954 si
2373 2897 2510 2953 lorte
2560 2897 2854 2968 IEgyptum
2922 2893 3155 2960 veniret,
3207 2903 3260 2948 et
3308 2892 3631 2963 Serapidem
3674 2906 3720 2949 et

2142 2988 2420 3044 Christum
2455 2990 2634 3044 colere
2650 2990 2962 3060 cogebatur.
2989 2987 3306 3042 Patriarcha
3333 2985 3498 3054 igitur
3529 2985 3719 3040 Adria-

470 3079 537 3132 lna
586 3075 752 3130 verba
798 3084 961 3130 sunt:
1007 3071 1323 3143 Egyptum,
1370 3089 1528 3142 quam
1577 3072 1706 3125 mihi
1755 3071 2040 3138 laudabas,

2146 3079 2200 3132 ui
2225 3094 2349 3133 cum
2383 3080 2828 3150 archisynagogis
2855 3078 3168 3134 Judzeorutn
3215 3077 3406 3147 procul
3426 3076 3598 3130 dubio
3623 3092 3720 3130 nuo

469 3167 720 3224 Serviane
753 3165 1090 3230 charissime,
1124 3173 1289 3217 totam
1321 3165 1488 3217 didici
1515 3165 1696 3227 levem,
1734 3163 2040 3232 pendulam,

467 3271 519 3314 et
547 3259 616 3313 ad
639 3257 818 3312 omnia
849 3256 1008 3325 fama?
1026 3262 1287 3308 momenta
1304 3255 1629 3307 volitantem.
1653 3251 1745 3306 Illi
1769 3256 1859 3323 qui
1882 3251 2043 3307 Sera-

468 3348 559 3418 pin
588 3343 787 3407 colunt,
814 3339 1111 3398 Christiani
1142 3351 1300 3394 sunt:
1325 3351 1372 3396 et
1403 3342 1575 3396 devoti
1596 3355 1716 3394 sunt
1748 3341 1934 3412 Serapi
1954 3343 2042 3414 qui

468 3453 524 3490 se
553 3433 754 3490 Christi
778 3433 1048 3504 episcopos
1089 3433 1296 3488 dicunt.
1334 3433 1502 3488 Nemo
1527 3434 1642 3487 illic
1664 3436 2043 3506 archisynago-

469 3545 565 3598 gus
586 3525 918 3591 Iudaeorum,
944 3543 1092 3580 nemo
1111 3525 1418 3593 Samaritis,
1443 3542 1591 3580 nemo
1615 3525 2042 3582 Christianorum

466 3619 754 3691 presbyter,
774 3635 873 3672 non
892 3618 1316 3684 mathematicus,
1331 3634 1433 3671 non
1451 3634 1696 3688 aruspex,
1717 3635 1819 3672 non
1833 3619 2042 3688 aliptes.

470 3710 592 3782 Ipse
607 3711 697 3764 ille
714 3711 1021 3781 patriarcha
1038 3726 1154 3763 cum
1174 3708 1466 3781 [Egyptum
1488 3713 1700 3778 venerit,
1715 3711 1778 3766 ab
1801 3711 1924 3766 aliis
1950 3711 2044 3768 Se-

469 3805 705 3875 rapidem
730 3804 976 3866 adorare,
1003 3803 1067 3856 ab
1086 3802 1207 3856 aliis
1233 3804 1439 3873 cogitur
1454 3802 1745 3860 Christum.
1772 3804 2045 3862 Habemus

472 3897 560 3951 hic
593 3894 985 3964 patriarcham,
1027 3893 1232 3948 Christi
1285 3895 1598 3965 episcopos,
1625 3905 1678 3949 et
1705 3896 2044 3951 Christiano-

468 4003 593 4042 rum
632 3987 1000 4057 presbyteros.
1032 3984 1100 4039 Et
1129 3985 1495 4055 patriarcham
1539 3987 1756 4056 quidem
1786 4003 1893 4041 non
1923 3997 2044 4041 tan-

469 4093 587 4136 tum
621 4079 1002 4143 Casaubonus,
1055 4080 1151 4134 sed
1203 4087 1258 4134 et
1297 4078 1602 4135 Salmasius
1651 4096 1752 4151 pro
1788 4082 2044 4150 episcopo

469 4169 842 4224 Alexandrino
870 4167 1053 4222 habet.
1087 4166 1170 4220 En
1215 4167 1535 4238 episcopum,
1589 4167 1766 4238 inquit
1792 4167 1899 4231 ille,
1929 4167 2046 4221 Ale-

467 4262 793 4316 xandrinum
827 4261 1052 4314 Adriani
1077 4259 1393 4329 temporibus
1417 4260 1782 4330 patriarcham
1799 4261 2000 4314 dictum
2019 4265 2045 4317 Ζ)

473 4354 599 4408 Non
628 4354 792 4424 igitur
822 4360 930 4406 tant
969 4368 1144 4407 recens
1167 4361 1244 4406 est
1271 4353 1595 4422 patriarcha:
1639 4369 1825 4407 nomen
1859 4354 1917 4407 in
1939 4352 2045 4406 Ec-

2146 3168 2442 3222 ruerandus
2469 3178 2573 3223 est.
2607 3167 2808 3223 Christi
2853 3178 3032 3222 autem
3065 3165 3327 3236 episcopi,
3371 3174 3425 3218 et
3455 3164 3722 3220 Christia-

2146 3276 2344 3314 norum
2384 3261 2685 3332 presbyteri
2718 3261 2784 3315 ad
2809 3259 3112 3316 Ecclesiam
3142 3258 3524 3330 Egyptiacam
3555 3259 3723 3328 perti-

2144 3351 2366 3404 nebant.
2399 3348 2464 3402 Et
2492 3358 2636 3404 recte
2667 3351 2810 3404 inter
2837 3365 3061 3418 sparsos
3098 3349 3165 3403 ad
3190 3349 3282 3418 jus
3311 3347 3720 3402 Justinianeum

2144 3441 2306 3497 ﬂores
2353 3443 2603 3497 observat
2644 3441 2796 3512 Ηυεο
2829 3441 3093 3498 Grotius:
3133 3441 3418 3512 Episcopos
3456 3439 3722 3495 Christia-

2145 3550 2238 3588 nos
2271 3551 2302 3586 a
2329 3534 2644 3603 presbyteris
2686 3533 2968 3605 distinguit
3010 3533 3280 3586 Adrianus
3332 3534 3648 3602 imperator,
3669 3534 3722 3584 in

2143 3625 2366 3696 epistola
2409 3641 2527 3697 qua:
2573 3634 2649 3680 est
2709 3625 2849 3696 apud
2915 3625 3191 3696 Vopiscum
3259 3623 3572 3679 Saturnino.
3640 3625 3720 3677 An

2144 3720 2291 3773 enim
2323 3719 2389 3773 de
2420 3719 2530 3774 illis
2569 3719 2642 3773 ita
2671 3717 2990 3788 loqueretur
3017 3718 3313 3784 Adrianus,
3341 3716 3386 3772 si
3415 3717 3723 3788 presbyteri

2147 3813 2245 3868 soli
2300 3811 2354 3866 in
2395 3810 2631 3883 Egypto
2682 3819 2814 3866 tunc
2874 3811 3136 3881 temporis
3171 3809 3424 3875 fuissent,
3477 3809 3726 3880 episcopi

2145 3906 2531 3962 nulliHlirum
2560 3905 2962 3977 subterfugium
2987 3915 3194 3975 estquo
3217 3905 3389 3959 utitur
3413 3902 3684 3960 Seldenus
3706 3924 3723 3959 :

2148 3997 2269 4051 Non
2296 4005 2403 4049 tam
2430 3996 2494 4050 de
2523 3997 2804 4067 episcopis,
2839 4012 2999 4066 quam
3043 3996 3106 4049 de
3144 3995 3220 4049 eis
3254 3995 3344 4065 qui
3370 4010 3423 4048 se
3450 3995 3726 4064 episcopos

2144 4087 2219 4140 ibi
2248 4087 2448 4152 dixere,
2483 4087 2720 4157 loquitur
2767 4086 3076 4150 Adrianus;
3108 4087 3265 4156 quasi
3293 4087 3384 4156 qui
3416 4101 3474 4141 se
3505 4086 3729 4154 episco-

2145 4194 2245 4250 pos
2273 4179 2480 4246 dixere,
2509 4178 2752 4249 episcopi
2792 4194 2902 4234 non
2949 4187 3154 4234 essent.
3205 4177 3323 4233 Non
3349 4193 3444 4234 eos
3473 4190 3725 4242 accusat,

2146 4271 2293 4341 quod
2322 4285 2522 4326 nomen
2555 4270 2902 4339 simularent,
2931 4279 3027 4325 aut
3056 4271 3240 4326 ﬁctum
3275 4271 3379 4326 sibi
3401 4283 3682 4326 sumerent
3707 4291 3728 4339 ;

2147 4365 2241 4420 sed
2273 4364 2421 4434 quod
2448 4363 2765 4435 religionem
2795 4363 3109 4434 proderent,
3134 4363 3281 4434 quod
3321 4361 3545 4433 Serapin
3573 4365 3729 4419 cole-

470 4447 635 4502 clesia
679 4444 1008 4510 Christiana,
1043 4460 1201 4514 quam
1248 4443 1465 4514 quidam
1505 4445 1668 4498 videri
1696 4444 1896 4510 volunt,
1925 4446 2042 4516 qui-

2151 4463 2289 4521 rent,
2318 4454 2410 4524 qui
2461 4469 2521 4510 se
2563 4469 2672 4508 non
2700 4454 3024 4524 simpliciter
3053 4456 3358 4524 episcOpos,
3389 4455 3481 4509 sed
3509 4453 3730 4510 Christi

471 4538 566 4592 bus
593 4537 762 4606 placet
788 4553 878 4590 nec
908 4534 960 4588 Ν
965 4536 1117 4590 icceui
1139 4535 1300 4606 primi
1331 4535 1543 4589 concilii
1567 4544 1720 4602 tetas,
1755 4545 1904 4590 tanto
1926 4548 2044 4608 post

471 4629 771 4684 Adrianum
795 4627 1094 4694 intervallo,
1126 4629 1390 4682 usitatum
1433 4627 1572 4681 illud
1601 4629 1738 4682 inter
1781 4627 2045 4683 Christia-

474 4741 569 4778 nos
601 4724 764 4794 fuisse
779 4739 874 4794 pro
902 4739 960 4777 eo
987 4723 1077 4794 qui
1111 4723 1208 4777 toti
1242 4723 1452 4777 dioecesi
1501 4732 1748 4791 prwerat,
1783 4733 1832 4778 et
1863 4724 2046 4780 dioece-

474 4834 588 4872 seos
611 4817 868 4872 exarchus
897 4815 1187 4870 dicebatur.
1221 4814 1364 4881 Quos
1405 4815 1535 4869 alibi
1580 4816 1858 4885 refellam;
1885 4829 1933 4873 et
1957 4836 2045 4873 sa-

458 4910 545 4962 tis
574 4907 657 4960 hic
679 4906 824 4960 locus
860 4905 1121 4975 confutat.
1154 4903 1440 4971 Quomodo
1488 4906 1799 4976 praestiterit
1854 4917 2042 4977 postea

473 4999 530 5054 id
561 4998 705 5067 quod
741 4998 843 5052 hoc
874 4997 992 5050 loco
1019 4995 1313 5066 promittit,
1349 4995 1470 5050 aliis
1515 4995 1931 5066 disquirendum
1958 5015 2044 5053 re-

474 5091 682 5160 linquo.
735 5089 891 5143 Certe
935 5088 1073 5142 libro
1101 5087 1179 5142 De
1201 5089 1437 5158 primatu
1466 5105 1638 5158 papae,
1693 5105 1813 5161 cap.
1847 5091 1902 5157 4,
1945 5107 2044 5144 no-

455 5199 599 5238 men
623 5180 945 5252 patriarcha:
976 5180 1154 5234 adhuc
1191 5181 1406 5246 retinet,
1437 5181 1504 5236 de
1553 5182 1792 5237 exarcho
1841 5183 2043 5238 dioece-

475 5290 597 5330 seos
627 5274 806 5338 aliter,
853 5273 1068 5342 Opinor,
1117 5275 1302 5330 sentit.
1340 5273 1400 5329 Si
1437 5276 1554 5345 quis
1584 5275 1899 5345 patriarcha
1932 5287 2041 5328 tum

467 5376 687 5422 vocatus
740 5375 838 5430 est,
878 5374 947 5418 ut
1003 5367 1066 5419 de
1107 5368 1347 5437 episcopo
1399 5367 1764 5422 Alexandrino
1808 5379 2039 5432 constat,

470 5475 623 5532 quem
653 5458 879 5512 Adriani
909 5459 1242 5526 imperatoris
1283 5474 1403 5512 avo
1439 5460 1515 5512 sic
1557 5459 1879 5529 appellatum
1931 5462 2043 5529 epi-

471 5549 608 5602 stola
633 5548 746 5612 eius
775 5548 1004 5601 ostendit
1030 5549 1083 5602 in
1103 5546 1383 5603 Saturnini
1411 5547 1533 5603 Vita
1551 5567 1584 5602 a
1607 5548 1792 5606 Flavio
1822 5549 2040 5621 Vopisco

470 5641 666 5709 posita,
693 5655 798 5692 non
827 5654 942 5692 eam
969 5655 1061 5708 per
1085 5641 1221 5693 illud
1259 5650 1460 5710 tempus
1499 5640 1744 5694 habuisse
1768 5641 2041 5712 significa-

473 5733 663 5786 tionem
694 5741 892 5787 certum
912 5739 1010 5797 est,
1055 5746 1211 5797 quam
1255 5730 1437 5788 habuit
1467 5739 1673 5804 postea.
1715 5731 1848 5789 Mihi
1887 5747 2040 5802 vero,

2144 4545 2431 4614 episcopos
2458 4542 2724 4610 dicerent,
2753 4545 2998 4614 adeoque
3047 4544 3376 4599 Christiana:
3429 4543 3730 4616 religionis

2145 4651 2331 4692 curam
2355 4635 2460 4691 sibi
2483 4637 2662 4706 primo
2704 4636 2824 4691 loco
2855 4637 3224 4702 vindicarent;
3251 4635 3396 4706 quod
3431 4651 3555 4690 cum
3582 4635 3732 4688 alia-

2145 4743 2267 4782 rum
2307 4727 2678 4784 Ecclesiarum
2728 4729 2966 4799 episcopi
3021 4727 3090 4782 ad
3137 4728 3554 4783 sacriﬁcandum
3604 4728 3724 4783 diis

2145 4819 2425 4890 gentilium
2449 4820 2569 4890 cogi
2602 4819 2754 4873 nullo
2792 4819 2954 4874 modo
3001 4828 3243 4888 possent,
3276 4819 3352 4873 illi
3392 4819 3461 4874 ob
3487 4818 3724 4874 insitam

2145 4911 2290 4979 genti
2334 4910 2609 4966 levitatem
2661 4909 2909 4980 Serapim
2946 4910 3260 4965 adorarent.
3315 4910 3391 4966 De
3443 4910 3728 4981 episc0pis

2145 5001 2308 5070 igitur
2337 4999 2580 5070 loquitur
2619 4999 2932 5056 Adrianus:
2971 4999 3155 5071 Neque
3194 5012 3368 5055 autem
3393 5001 3510 5054 hinc
3538 5006 3728 5073 sequi~

2147 5102 2254 5156 tur,
2309 5092 2610 5161 episcopum
2652 5093 2725 5145 ibi
2776 5092 2942 5161 fuisse
2994 5101 3118 5145 tunc
3141 5092 3369 5163 aliquem
3398 5102 3594 5162 prteter
3615 5110 3692 5163 pa

2146 5185 2434 5237 triarcham
2466 5183 2653 5251 alium,
2703 5201 2808 5254 qua
2839 5185 3068 5254 episcopi
3118 5201 3304 5238 nomen
3349 5194 3441 5238 aut
3478 5183 3727 5254 dignitas

2142 5274 2428 5346 presbyteri
2453 5277 2663 5328 nomine
2691 5277 2931 5345 superius
2971 5276 3232 5344 habitum,
3258 5284 3350 5330 aut
3375 5276 3439 5330 ab
3461 5292 3519 5330 eo
3550 5277 3731 5331 direr-

2141 5383 2282 5432 sum,
2308 5366 2486 5436 inquit
2508 5367 2615 5421 ille.
2645 5365 2812 5433 Quasi
2834 5383 2964 5423 vero
2987 5367 3262 5424 Adrianus
3297 5369 3618 5439 cognoverit
3655 5371 3728 5423 il-

2142 5457 2236 5512 lud
2266 5472 2550 5523 arcanum,
2587 5457 2734 5529 quod
2784 5459 2872 5514 isti
2917 5469 3201 5530 tantopere
3247 5461 3547 5524 venditant,
3605 5461 3728 5516 ali-

2143 5549 2362 5619 quando
2408 5550 2612 5605 eisdem
2663 5550 2848 5605 vocari
2901 5551 3191 5622 episcopos
3231 5562 3286 5607 et
3331 5553 3724 5624 presbyteros:

2142 5641 2301 5712 quasi
2335 5641 2426 5698 ille
2452 5642 2828 5712 apostolorum
2874 5643 3326 5700 consuetudinem
3371 5656 3724 5714 sequeretur,

2142 5742 2196 5791 et
2217 5733 2371 5793 aliter
2392 5750 2485 5793 eas
2511 5751 2670 5794 voces
2703 5738 2975 5807 acceperit
3018 5753 3082 5796 ac
3118 5737 3281 5804 vulgo
3321 5737 3575 5794 homines
3602 5747 3728 5794 tum
