3864 6204
115 311 217 364 257

823 310 874 366 J.
913 313 1278 368 PEARSUNII
1307 313 1632 369 VlNDlCIE
1654 312 2081 372 ΙϐΝΛΤΙΑΝᾸΞ.
2119 347 2188 360 -
2225 317 2410 375 PARS
2447 319 2496 376 1.

3277 331 3378 390 858

109 427 284 482 locuti
308 441 459 484 sunt.
491 428 652 485 Certe
680 429 957 488 Adrianus
984 431 1274 503 episcopos
1303 448 1332 487 a
1360 433 1694 504 presbyteris
1722 439 1770 494 Α
1799 434 1960 499 solet,
1995 435 2110 492 haac
2133 439 2270 496 mire
2297 441 2364 496 ad
2410 457 2529 496 rem
2565 456 2722 499 suam
2750 447 3205 509 accommodavit.
3235 451 3375 511 Nam

106 529 300 589 aperte
324 521 636 591 distinguit,
664 523 997 593 eosdemque
1031 525 1344 594 superiores
1392 523 1542 580 facit.
1571 524 1696 579 Pri-

105 625 202 664 mo
229 611 362 666 loco
400 610 606 666 Christi
641 613 933 683 episcopos
980 616 1249 682 nominat,
1299 625 1505 672 etcum
1536 615 1698 671 Chri«

103 703 348 768 stianos,
378 712 493 757 tum
523 705 688 758 etiam
716 704 861 770 illos,
884 707 1066 776 quasi,
1090 708 1318 772 scilicet,
1348 708 1696 763 Christiano-

102 812 232 851 rum
285 795 588 866 principes,
639 794 832 866 Serapi
879 798 1106 853 devotos
1151 813 1274 854 esse
1311 799 1478 855 dicit:
1506 808 1698 869 postea

103 890 469 960 presbyteros
512 889 787 955 nominat,
815 905 1023 960 eosque
1045 891 1209 962 quasi
1261 891 1572 958 inferiores,
1601 903 1697 947 aut

104 982 250 1036 inter
266 981 560 1051 aruspices
583 989 637 1037 et
670 982 868 1052 aliptas
893 992 1166 1043 numerat.
1196 991 1292 1036 aut
1332 983 1614 1054 aruspices
1643 996 1697 1039 et

103 1073 312 1144 aliptas
361 1072 543 1140 facit;
581 1088 706 1142 quae
754 1073 942 1128 omnia
996 1075 1408 1130 distinctionem
1465 1075 1697 1131 manife—

102 1174 247 1220 stam
277 1175 340 1220 ει
375 1165 748 1236 imparitatem
800 1174 1020 1232 sonant,
1089 1166 1444 1237 episcopique
1494 1183 1693 1221 nomen

100 1274 211 1313 non
251 1267 475 1314 tantum
504 1275 535 1313 a
558 1259 781 1314 nomine
806 1260 1109 1330 presbyteri
1137 1260 1481 1327 distinctum,
1515 1262 1608 1316 sed
1641 1268 1698 1316 et

98 1352 364 1422 superius
394 1351 644 1406 habitum
669 1352 986 1407 ostendunt.

168 1441 243 1498 Ut
273 1444 535 1498 omittam
557 1457 620 1498 ea
643 1459 769 1513 quae
793 1444 858 1498 de
881 1444 1193 1514 episcopatu
1223 1443 1566 1514 Egyptiaco,
1585 1459 1696 1515 quo

101 1545 226 1592 ante
255 1537 560 1606 epistolam
590 1535 821 1590 Adriani
841 1536 1045 1591 excidit
1067 1534 1418 1602 Valentinus,
1442 1545 1497 1592 et
1516 1552 1698 1607 parte-

100 1629 217 1693 ciis,
249 1629 469 1698 quibus
500 1626 798 1697 praefectus
834 1625 1068 1682 Eusebio
1115 1627 1321 1683 dicitur
1361 1626 1692 1695 Demetrius,

99 1720 455 1774 tradiderunt
484 1717 868 1774 Hammondius
893 1728 946 1773 et
963 1717 1355 1784 Thorndicius,
1377 1727 1585 1774 certum
1609 1725 1696 1774 est

1801 525 1857 579 in
1909 527 2188 584 Addendis
2217 531 2287 586 ad
2315 547 2443 603 pag.
2491 533 2619 602 199,
2659 536 2699 590 l.
2751 551 2848 592 vm
2917 538 3194 611 Apologia
3231 560 3374 602 suae:

1799 618 2052 686 Ascribe,
2101 620 2314 693 inquit,
2366 623 2647 697 Origenem
2691 631 3114 702 presbyterorum
3167 636 3380 697 decreto

1797 709 2013 779 pulsum
2043 714 2204 783 refert
2229 714 2453 773 Photius
2481 719 2598 774 cod.
2622 720 2751 776 297.
2779 721 2884 780 Tot
2911 726 3131 797 quidem
3160 731 3378 788 codices

1797 799 2028 892 Photius
2073 819 2181 859 non
2233 807 2427 876 habet;
2479 810 2572 865 sed
2628 811 2764 877 haec,
2811 814 2932 870 sine
2974 824 3376 892 controversia,

1801 891 1966 947 verba
1985 895 2230 964 respexit
2258 912 2381 967 quae
2409 914 2534 969 pag.
2555 899 2663 955 297
2685 901 2957 959 habentur
2981 921 2994 957 :
3029 907 3093 960 Ἦ
3123 909 3182 961 δὲ
3223 891 3379 982 [Σύνὲ

1797 983 1938 1056 οδος]
1967 984 2293 1058 ψηφίζεται,
2324 991 2556 1060 synodus
2577 991 2846 1048 decretum
2871 996 3024 1066 facit.
3053 1001 3232 1071 inquit
3262 1001 3376 1059 Eu-

1799 1075 1987 1131 sebius
2030 1079 2175 1148 apud
2224 1078 2483 1136 Photinm
2507 1122 2523 1148 ,
2561 1085 2802 1156 synodus
2848 1088 3252 1162 episcoporum,
3285 1096 3378 1152 cui

1799 1167 2168 1226 interfuerunt
2205 1173 2416 1244 aliquOt
2453 1177 2775 1248 presbyteri.
2818 1179 2934 1236 Hoc
2975 1192 3158 1238 autem
3188 1186 3381 1242 decre-

1802 1270 1915 1316 tum
1950 1263 2168 1333 synodi,
2201 1267 2290 1319 cui
2330 1267 2660 1336 praesidebat
2700 1269 3038 1340 Demetrius,
3069 1283 3124 1330 et
3166 1275 3220 1330 in
3265 1293 3378 1348 qua

1797 1361 1879 1408 tot
1900 1354 2164 1410 sedebant
2193 1357 2460 1427 episcopi,
2492 1359 2818 1429 simpliciter
2840 1362 3120 1420 decretum
3151 1368 3377 1440 presby-

1796 1454 2040 1501 terorum
2086 1448 2194 1503 dici
2241 1449 2368 1520 quis
2409 1449 2587 1506 ferat?
2619 1452 2676 1507 Si
2717 1462 2831 1510 tres
2871 1455 3115 1528 episcopi
3161 1466 3374 1515 tantum

1797 1553 1922 1593 cum
1942 1537 2222 1594 Demetrio
2243 1541 2654 1611 convenissent,
2678 1552 2772 1599 aut
2788 1544 3078 1613 Eusebius,
3102 1557 3198 1604 aut
3216 1547 3378 1605 Pam-

1796 1629 1982 1699 philus
2022 1631 2291 1702 synodum
2349 1634 2678 1703 appellaSset
2721 1635 3147 1708 episcoporum?
3193 1656 3377 1698 nonne

1798 1719 2006 1788 aliquid
2051 1735 2116 1774 ex
2160 1736 2224 1776 ea
2272 1724 2544 1792 paucitate
2581 1724 2966 1796 episcoporum
2995 1729 3064 1783 ad
3102 1729 3378 1786 defensio-

99 1825 276 1881 neque
305 1809 522 1866 Graecis
549 1824 729 1880 neque
761 1808 974 1864 Latinis
1005 1817 1192 1862 notam
1231 1807 1403 1865 fuisse
1440 1809 1694 1864 traditio-
1728 1804 1771 1858 B
1801 1822 1924 1862 nem
1955 1807 2210 1880 Origenis
2235 1813 2496 1869 traxisset
2517 1813 2827 1872 Eusebius?
2851 1817 2990 1873 Cum
3015 1822 3374 1890 posteriorem

98 1917 216 1956 nem
252 1903 415 1958 illam
450 1901 520 1956 de
549 1901 824 1971 episcopis
851 1901 905 1954 in
940 1899 1177 1971 Egypto
1205 1915 1235 1954 a
1274 1900 1550 1956 Demetrio
1579 1901 1696 1970 pri-

100 2009 244 2048 mum
301 1993 501 2048 factis.
551 1993 748 2048 Exstat
799 1992 1036 2047 Evaristi
1083 1993 1306 2048 nomine
1354 1995 1586 2064 epistola
1626 1994 1696 2050 ad

100 2103 290 2142 omnes
333 2103 438 2157 per
479 2086 776 2158 Egyptum
829 2083 1050 2148 fratres,
1101 2086 1205 2141 hoc
1236 2096 1322 2142 est
1372 2074 1692 2157 episcopos;

99 2180 370 2250 largimur
392 2181 642 2250 quidem,
663 2179 807 2233 hanc
833 2177 1119 2248 epistolam
1145 2177 1381 2234 Evaristi
1404 2194 1516 2234 non
1535 2194 1692 2246 esse;

102 2273 190 2328 sed
227 2282 292 2329 ut
323 2282 384 2328 et
405 2272 712 2327 adversarii
749 2272 1050 2342 largiantur
1091 2287 1317 2327 necesse
1357 2281 1462 2340 est,
1500 2281 1694 2328 aucto-

103 2379 208 2418 rem
260 2364 524 2434 epistolae
573 2363 761 2434 plures
810 2363 1097 2432 episcopos
1149 2361 1384 2417 Evaristi
1430 2371 1588 2419 aetate
1636 2364 1694 2418 in

103 2455 344 2527 Egypto
376 2455 557 2510 fuisse
588 2439 870 2526 Opinatum
905 2469 1046 2510 esse.
1072 2454 1400 2522 ,Leonidem,
1437 2453 1693 2525 Origenis

97 2545 317 2601 Patrem
353 2546 464 2600 sub
493 2545 652 2600 initio
676 2545 938 2600 Demetrii
967 2543 1138 2600 fuisse
1163 2545 1520 2600 crediderunt
1547 2561 1693 2600 non—

92 2638 254 2692 nulli.
288 2637 370 2693 lta
398 2646 550 2692 certe
589 2637 786 2692 Suidas
819 2653 887 2692 ex
925 2644 1169 2691 veterum
1203 2636 1389 2706 aliquo
1421 2655 1434 2691 :
1486 2638 1695 2710 Ὠριγέ-

89 2747 193 2802 vn;
231 2730 520 2801 Λεωνίδην
565 2726 677 2800 εἶχε
717 2730 930 2801 πατέρα
959 2729 1256 2784 ἐπίσκοπον
1291 2728 1386 2782 καὶ
1418 2730 1689 2803 μάρτυρα.

90 2822 242 2878 idem
271 2823 447 2877 etiam
483 2831 712 2877 testatur
735 2822 1205 2892 Chronographus
1228 2821 1368 2888 Joel,
1397 2823 1464 2878 de
1491 2823 1693 2878 Severo

92 2917 443 2986 imperatore
492 2931 659 2986 agens
691 2933 708 2969 :
751 2915 870 2984 Ἐφ’
903 2906 964 2967 οὗ
1013 2916 1286 2986 Λεωνίδης
1327 2919 1356 2970 ὁ
1393 2915 1693 2982 ἐπίσκοπος

90 3007 188 3063 ul.
220 3007 419 3078 πατὴρ
462 3006 768 3078 Ὠριγένους
794 3005 1164 3079 ἐμαρτύρησε.
1191 3005 1344 3061 Licet
1373 3007 1519 3061 enim
1550 3007 1692 3063 Leo-

91 3101 281 3155 nidem
321 3115 612 3168 nunquam
657 3098 974 3168 episcopum
1016 3099 1186 3154 fuisse
1237 3099 1598 3164 crediderim,
1643 3099 1691 3155 is

92 3203 282 3248 tamen
321 3201 497 3257 certe,
528 3190 781 3261 quisquis
807 3189 942 3256 fuit,
975 3191 1068 3261 qui
1113 3192 1351 3261 primum
1389 3192 1542 3247 illum
1572 3192 1690 3262 epi-

92 3303 334 3358 scopum
365 3285 621 3348 tradidit,
653 3283 884 3339 credidit
904 3285 1190 3354 episcopos
1230 3283 1402 3340 fuisse
1439 3285 1491 3338 in
1520 3284 1688 3357 [Egy-

90 3388 185 3450 pto
215 3386 358 3434 ante
405 3376 818 3431 triumviratum
870 3374 1286 3448 Dionysianum.
1338 3375 1502 3432 Notat
1540 3379 1688 3433 enim

95 3471 376 3527 Seldenus
407 3469 775 3534 Demetrium,
812 3484 1089 3523 summum
1133 3467 1384 3542 Origenis
1431 3469 1691 3526 adversa-

93 3567 262 3631 rium,
291 3573 412 3618 tres
435 3563 568 3629 sibi,
600 3561 791 3630 procul
830 3562 998 3616 dubio
1028 3562 1178 3616 velut
1220 3563 1541 3618 auxiliarios
1574 3563 1689 3633 epi-

96 3676 294 3730 scopos
314 3657 665 3722 instituisse;
693 3655 810 3709 haec
833 3654 998 3724 igitur
1024 3653 1298 3710 institutio
1321 3654 1388 3708 ad
1412 3661 1688 3723 postrema

99 3751 367 3807 Demetrii
405 3749 679 3818 pertinet;
723 3747 817 3801 diu
860 3746 1008 3800 enim
1051 3745 1274 3816 Origeni
1319 3747 1688 3802 amicissimus

97 3845 214 3908 fuit,
249 3853 402 3898 teste
426 3840 670 3895 Eusebio
699 3839 887 3904 lib.vl,
917 3853 967 3892 c.
1001 3837 1054 3891 8.
1082 3837 1219 3892 Tres
1246 3837 1428 3908 itaque
1451 3838 1688 3892 instituit

102 3935 413 3991 Demetrius
450 3933 740 4002 episcopos
768 3930 1106 3997 auxiliarios,
1148 3938 1209 3984 ut
1242 3944 1433 3985 eorum
1480 3929 1688 3984 scilicet

97 4045 192 4100 ope
219 4028 482 4098 adjutus,
508 4025 721 4094 majore
754 4021 1101 4078 auctoritatis
1121 4022 1364 4091 pondere
1394 4019 1686 4092 Origenem

99 4123 149 4176 in
181 4120 404 4194 synodo
453 4118 827 4188 opprimeret:
861 4131 1040 4184 neque
1075 4114 1223 4169 enim
1267 4114 1558 4184 quisquam
1593 4129 1689 4184 sy.

100 4218 300 4272 nodum
348 4211 693 4268 nationalem
727 4225 968 4279 unquam
1022 4207 1235 4263 audivit
1281 4218 1531 4263 coactam
1568 4209 1688 4264 sine

100 4306 394 4378 episcopis.
421 4305 497 4358 At
519 4303 565 4358 si
595 4301 898 4357 Demetrius
927 4302 1106 4357 tribus
1131 4310 1346 4356 tantum
1380 4303 1687 4357 auxiliariis

99 4399 394 4469 episcopis,
415 4397 600 4466 iisque
624 4403 815 4449 contra
838 4394 1280 4464 antiquissimam
1305 4393 1687 4450 Alexandrinae

101 4491 380 4558 Ecclesiae,
409 4489 526 4542 imo
559 4487 724 4542 totius
760 4485 1093 4558 Egyptiacae
1121 4487 1570 4541 consuetudinem
1594 4501 1685 4541 or-
1715 4496 1760 4551 ι)

97 4583 301 4638 dinatis
326 4625 343 4649 ,
389 4581 636 4650 stipatus
669 4587 833 4649 atque
855 4579 1229 4634 communitus
1259 4578 1522 4634 adversus
1555 4576 1683 4633 Ori-

98 4689 290 4743 genem
344 4670 682 4744 synodicam
726 4669 1052 4726 sententiam
1104 4669 1461 4740 protulisset;
1511 4685 1582 4724 an
1629 4670 1685 4726 id

97 4764 359 4836 Origenes
390 4765 531 4833 ipse,
565 4777 633 4816 an
661 4761 962 4829 Eusebius,
997 4762 1301 4818 acerrimus
1338 4761 1459 4831 ejus
1485 4763 1686 4834 hyper-

97 4857 324 4926 aspista,
345 4854 662 4911 tacuisset?
689 4853 998 4909 Demetrius
1027 4863 1237 4925 synodo
1255 4862 1443 4910 coacta
1465 4854 1684 4910 decreto

98 4948 351 5012 sancivit,
384 4943 690 5016 Origenem
730 4943 1060 4999 Alexandria
1099 4943 1410 5014 pellendum
1439 4959 1580 5010 esse,
1624 4952 1687 4998 ut

98 5039 150 5094 in
189 5039 467 5110 Apologia
501 5035 728 5092 Eusebii
762 5035 1036 5106 proditum
1074 5044 1178 5090 est.
1213 5034 1292 5090 Ex
1317 5031 1416 5090 illa
1447 5036 1532 5091 his
1561 5050 1684 5090 ver-

99 5133 181 5186 bis
207 5147 326 5188 rem
359 5139 560 5185 narrat
583 5128 813 5186 Photius
845 5128 971 5184 eod.
1004 5128 1109 5184 H8
1137 5147 1151 5183 :
1185 5128 1411 5192 Σύνοδος
1436 5127 1682 5202 ἀθροίζε-

97 5244 181 5281 ωι
230 5227 559 5280 ἐπισκόπων
599 5221 696 5278 καί
724 5240 885 5278 τινων
926 5221 1314 5296 πρεσϐυτέρων
1355 5220 1496 5276 κατὰ
1537 5223 1681 5292 Ὠρι-

99 5320 319 5388 γενους,
354 5333 488 5390 qua:
537 5317 726 5373 minus
767 5327 915 5372 recte
960 5317 1029 5370 ab
1071 5314 1269 5370 Huetio
1301 5315 1632 5371 exhibentur
1665 5336 1676 5369 :

103 5407 343 5478 Synodus
392 5406 548 5477 prior
581 5406 834 5476 episcopis
878 5404 1082 5474 aliquot
1114 5414 1164 5459 et
1202 5405 1516 5475 presbyteris
1554 5423 1680 5460 con-

101 5503 269 5569 ﬂata;
312 5517 428 5556 non
471 5501 621 5556 enim
650 5501 755 5555 hoc
779 5499 968 5555 Graeca
999 5499 1210 5566 volunt,
1242 5500 1376 5555 sed:
1407 5499 1680 5571 Synodum

103 5595 486 5663 episcoporum,
517 5601 571 5647 et
596 5592 798 5662 aliquot
821 5591 986 5647 etiam
1007 5591 1429 5662 presbyterorum
1452 5594 1675 5658 indicat,

103 5689 243 5756 quod
288 5688 443 5743 aliud
487 5695 605 5753 est;
636 5688 950 5758 episcopos,
990 5687 1220 5753 scilicet,
1269 5687 1438 5744 fuisse
1470 5687 1676 5758 plures,

107 5763 319 5846 aliquos
345 5788 532 5836 autem
577 5788 630 5836 et
668 5779 1036 5850 presbyteros.
1086 5777 1402 5837 Blondellus
1439 5795 1588 5850 vero,
1619 5789 1677 5835 ut

1797 1901 2091 1970 quemdam
2115 1914 2448 1960 conventum
2478 1907 2762 1976 describit,
2791 1910 2884 1980 qui
2918 1914 3227 1969 sacerdotio
3250 1914 3373 1970 Ori-

1797 2008 1988 2064 genem
2021 1994 2276 2064 privavit,
2316 1998 2464 2068 quod
2497 2000 2654 2069 prius
2688 2001 2742 2056 in
2786 2005 2998 2074 synodo
3024 2005 3230 2062 factum
3263 2025 3373 2063 non

1795 2094 1878 2139 est
1913 2106 1924 2140 :
1970 2085 2108 2139 Ἀλλ’
2137 2087 2232 2156 ὅγε
2264 2090 2572 2162 Δημήτριος
2605 2091 2721 2163 ἅμα
2749 2095 2892 2150 τισὶν
2920 2097 3244 2165 ἐπισκόποις
3279 2101 3372 2156 Δί-

1794 2177 2043 2245 γυπτίοις
2089 2179 2184 2233 καὶ
2226 2179 2329 2251 τῆς
2378 2182 2678 2254 ἱερωσύνης
2725 2185 3102 2259 ἀπεκήρυξεν,
3158 2190 3363 2262 inquit;

1796 2284 1982 2326 nonne
2016 2273 2286 2329 minorem
2326 2291 2618 2331 numerum
2649 2279 3036 2351 episcoporum
3066 2283 3120 2338 in
3151 2286 3358 2356 deposi-

1795 2361 2001 2417 tionem
2041 2365 2162 2434 ejus
2205 2368 2554 2423 consensisse
2588 2369 2808 2426 innuit?
2849 2384 2906 2428 et
2938 2391 3006 2428 an
3045 2379 3373 2446 pauciorum

1795 2466 1958 2521 quam
1989 2453 2154 2507 trium
2185 2455 2573 2526 episcoporum
2606 2459 3042 2531 subscriptiones
3073 2467 3374 2537 accepisset

1794 2539 2142 2599 Demetrius?
2168 2543 2224 2600 Si
2247 2557 2357 2601 tam
2377 2550 2536 2617 pauci
2558 2549 2612 2604 in
2631 2548 2916 2622 Origenem
2935 2559 3372 2628 consensissent,

1792 2632 1942 2702 iique
1958 2650 1989 2689 a
2014 2634 2287 2692 Demetrio
2307 2647 2567 2710 tanquam
2587 2643 2860 2699 auxiliarii
2881 2647 3094 2703 noviter
3113 2649 3370 2716 instituti.

1793 2725 1913 2781 sine
1962 2726 2131 2781 dubio
2172 2727 2434 2800 Origenes
2465 2732 2582 2802 ipse
2619 2733 2688 2788 de
2733 2735 2994 2808 abrogata
3034 2741 3204 2796 veteri
3239 2757 3374 2798 con-

1793 2821 2103 2887 suetudine,
2145 2821 2213 2876 de
2245 2824 2568 2881 auctoritate
2595 2840 2896 2895 paucorum
2925 2832 3373 2904 novitiorumqus

1792 2912 2175 2983 episcoporum
2220 2914 2558 2986 disputasset
2586 2937 2600 2973 :
2631 2920 2722 2975 ille
2762 2930 2944 2978 autem
2972 2925 3040 2980 de
3071 2927 3230 2982 novis
3259 2943 3371 2986 non

1791 3004 2085 3074 episcopis,
2111 3006 2206 3061 sed
2235 3006 2454 3076 litteris,
2484 3009 2552 3065 de
2581 3013 2961 3083 multitudine,
2994 3031 3103 3071 non
3133 3017 3202 3072 de
3229 3035 3368 3088 pau--
3392 3060 3397 3066 .

1793 3096 1959 3151 citate
1987 3111 2200 3163 eorum,
2229 3099 2323 3168 qui
2355 3115 2480 3155 cum
2527 3100 2800 3160 Demetrio
2837 3107 2890 3161 in
2923 3123 2982 3162 se
3019 3111 3370 3180 conspiravev

1717 3156 1762 3218 ο
1791 3196 1936 3253 rant,
1967 3156 2302 3258 conquestus
2327 3199 2411 3246 est
2444 3207 2458 3243 :

1789 3284 2408 3354 καταστρατευσαμὲνου
2454 3284 2542 3338 διὰ
2585 3285 2694 3340 τῶν
2730 3289 2930 3343 καινῶν
2971 3291 3136 3344 αὑτοῦ
3183 3310 3368 3366 γραμ-

1793 3374 2012 3444 μάτων,
2066 3375 2162 3428 καὶ
2218 3376 2435 3448 ἀληθῶς
2478 3377 2687 3450 ἐχθρῶν
2737 3380 2814 3451 τῷ
2864 3382 3214 3455 Εὑαγγελίῳ,
3273 3386 3368 3441 καὶ

1790 3465 1996 3529 πάντας
2039 3466 2166 3530 τοὺς
2216 3468 2274 3520 ὲν
2320 3467 2579 3539 Αἰγύπτῳ
2622 3470 2858 3542 ἀνέμους
2886 3473 3008 3526 καθ’
3039 3476 3194 3546 ἡμῶν
3226 3477 3362 3545 ἐγεί-

1793 3571 2000 3623 ραντος.
2035 3554 2264 3611 Inimico
2301 3559 2553 3614 adversus
2582 3576 2676 3613 nos
2711 3563 3051 3618 acerbissime
3075 3576 3366 3637 pugnante,

1788 3661 1880 3715 per
1920 3663 2046 3700 suas
2091 3663 2252 3701 nouas
2299 3648 2509 3704 litteras
2558 3666 2738 3705 revera
2776 3650 3064 3724 Evangelia
3095 3657 3365 3722 inimicas,

1789 3751 2066 3807 omnesque
2105 3737 2329 3809 Egypti
2354 3749 2530 3795 ventos
2560 3742 2810 3797 adversus
2830 3761 2924 3799 nos
2948 3749 3246 3802 concitante
3264 3790 3280 3816 ,
3307 3759 3369 3804 ut

1789 3826 1906 3897 ipse
1932 3829 1999 3883 de
2029 3829 2306 3886 Demetrio
2342 3832 2605 3902 loquitur,
2635 3833 2690 3888 in
2715 3834 3033 3905 praefatione
3065 3839 3197 3894 tomi
3228 3840 3368 3896 sexti

1788 3920 1846 3972 in
1890 3919 2174 3977 Joannem.
2227 3923 2286 3979 Si
2335 3925 2571 3996 denique
2617 3935 2729 3983 tres
2775 3937 2983 3984 tantum
3023 3931 3266 4002 episcopi
3310 3935 3368 3988 in

1789 4011 2027 4084 Egypto
2068 4013 2344 4072 Demetrio
2378 4017 2626 4074 auxiliati
2659 4028 2842 4075 essent
2866 4063 2881 4089 ,
2918 4037 2987 4076 an
3030 4025 3367 4095 synodorum

1788 4105 2006 4160 illarum
2059 4105 2295 4162 decretis
2324 4110 2696 4166 consensisset
2728 4111 3018 4169 universus
3049 4116 3232 4185 orbis,
3263 4133 3364 4173 ex-

1791 4208 1946 4269 cepta
1966 4198 2284 4264 Palaestina,
2306 4203 2532 4271 Arabia,
2561 4204 2843 4263 Phoenicia
2867 4220 2921 4263 et
2951 4209 3180 4278 Achaia,
3216 4215 3364 4283 quod

1789 4297 2022 4344 testatur
2069 4288 2126 4344 S.
2186 4289 2587 4363 Hieronymus?
2626 4292 2746 4349 Non
2788 4305 2874 4352 est
2916 4298 3085 4366 igitur
3111 4299 3361 4367 dubium,

1788 4376 1920 4446 quin
1967 4377 2254 4448 episcopos
2283 4394 2352 4435 ex
2389 4379 2624 4452 Egypto
2658 4385 2926 4453 plurimos
2977 4387 3032 4442 in
3074 4387 3362 4461 Origenem

1790 4469 2152 4526 concitaverit
2201 4471 2546 4542 Demetrius;
2603 4492 2767 4546 quem
2815 4478 3021 4536 idcirco
3067 4480 3208 4538 falso
3252 4493 3364 4540 tres

1790 4569 2004 4617 tantum
2053 4564 2405 4621 constituisse
2446 4567 2647 4636 tradit,
2689 4571 2842 4626 nullo
2889 4584 3144 4641 auctore,
3189 4575 3363 4650 Euty~

1788 4659 1985 4725 chius;
2013 4673 2219 4729 eosque
2250 4660 2306 4714 in
2333 4661 2482 4717 hunc
2521 4662 2700 4732 ipsum
2741 4665 2906 4721 ﬁnem
2938 4669 3271 4727 constitutos
3303 4682 3365 4727 ut

1787 4749 2078 4821 Origenem
2101 4752 2397 4822 pellerent,
2449 4754 2596 4809 nulla
2624 4773 2750 4812 cum
2787 4759 3002 4816 ratione
3030 4763 3223 4818 statuit
3245 4763 3363 4820 Sel-

1787 4842 1981 4899 denus.

1855 4951 2124 5010 Praeterea
2158 4963 2376 5012 constat
2415 4971 2487 5013 ex
2534 4955 2765 5029 epistola
2796 4960 3093 5018 Alexandri
3123 4963 3361 5020 Alexan-

1785 5045 1919 5102 driae
1953 5047 2232 5118 episcopi,
2263 5058 2389 5104 ante
2417 5050 2709 5106 concilium
2754 5049 3034 5108 Nicanum
3066 5070 3205 5125 pene
3231 5073 3360 5112 cen-

1783 5146 1902 5193 tum
1933 5140 2223 5211 episcopos
2246 5141 2464 5214 Egypti
2491 5145 2838 5200 consensisse
2862 5147 2914 5200 in
2948 5149 3354 5205 condemnatio-

1783 5245 1907 5284 nem
1949 5229 2064 5284 Arii
2089 5238 2143 5285 et
2165 5230 2474 5300 aliquorum
2506 5233 2672 5288 etiam
2695 5234 3102 5306 episcoporum.
3129 5237 3362 5294 Constat

1783 5321 1970 5387 etiam,
2007 5337 2288 5391 nunquam
2313 5323 2431 5377 ﬁeri
2456 5323 2789 5380 mentionem
2827 5328 3147 5396 pauciorum
3182 5330 3237 5383 in
3265 5331 3357 5388 illa

1783 5411 2010 5466 dioecesi
2039 5410 2424 5480 episcoporum
2451 5411 2726 5481 prioribus
2759 5413 3119 5483 temporibus.
3146 5415 3362 5472 Verisi-

1782 5503 2074 5557 millimnm
2128 5501 2295 5572 igitur
2351 5511 2473 5568 est,
2527 5518 2639 5557 non
2663 5503 2834 5559 multo
2889 5506 3178 5576 pauciores
3225 5508 3356 5563 olim

1783 5594 1974 5650 fuisse.
2015 5593 2088 5649 Ut
2114 5594 2180 5649 ad
2204 5609 2268 5649 ea
2288 5601 2538 5664 tempora
2581 5596 2810 5666 prOpius
2852 5599 3201 5667 accedamus,
3232 5616 3358 5670 quae

1781 5685 2082 5758 Eutychius
2113 5684 2396 5756 indigitat:
2425 5684 2718 5758 Dionysius
2743 5688 2837 5758 qui
2863 5687 3102 5744 Heraeis:
3133 5706 3356 5745 succes—

1784 5781 1852 5837 sit
1881 5780 2074 5851 quinto
2102 5779 2452 5850 imperatoris
2482 5777 2738 5851 Philippi,
2763 5796 2857 5837 sex
2882 5781 3043 5836 annis
3074 5791 3199 5840 ante
3231 5781 3357 5836 Ori-
