3834 6206
455 309 558 369 959

1453 304 1514 359 S.
1556 300 1906 360 IGNATIUS.
1939 295 2584 354 —:PROLEGOMENA.

3609 289 3722 344 1w

451 434 604 505 genis
640 439 898 498 mortem,
933 429 1022 486 cui
1046 435 1102 483 et
1131 424 1367 482 maxime
1399 423 1552 492 favit,
1577 423 1718 478 nihil
1737 423 1805 479 de
1829 422 2024 478 Deme-
2054 430 2096 482 Α
2128 430 2230 474 tem
2272 435 2368 489 pro
2413 434 2468 472 se
2507 418 2810 487 episcopum
2854 414 3195 470 Alexandria
3240 413 3508 505 Attianum
3541 423 3562 462 :
3592 409 3721 462 aliis

451 527 544 582 trii
572 533 668 580 aut
690 523 933 579 Heraclia
953 520 1259 576 auxiliariis
1283 517 1452 585 dixit;
1480 516 1548 572 de
1570 517 1738 571 variis
1757 514 2026 585 episcopis

452 615 720 686 loquitur,
759 629 868 668 non
907 622 1167 682 tanquam
1203 609 1384 676 novis,
1424 609 1519 664 sed
1563 616 1624 662 ut
1663 607 1757 662 alii
1798 607 1865 662 de
1910 607 2027 662 suis

452 709 633 764 solent
660 708 715 762 in
744 705 982 776 propriis
1005 702 1355 759 dioecesibus.
1392 700 1622 770 Scripsit
1648 701 1715 754 ad
1743 698 2024 754 Cononem

453 799 958 870 Ilermopolitanum
1001 797 1341 866 episcopum,
1385 795 1454 849 ad
1494 793 1778 849 Hieracem
1816 793 2028 862 episco-

450 912 582 968 pum
609 893 1011 964 Egyptiacum,
1045 889 1112 944 ad
1147 889 1472 943 Ammonem
1500 887 1789 943 Berenices
1815 886 2028 956 episco-

451 1003 605 1060 pum,
646 987 714 1042 ad
754 984 1044 1039 Basilidem
1089 981 1566 1051 Pentapolitanum
1605 978 1948 1049 episcopum,
1975 986 2030 1034 et

453 1081 610 1137 alios.
645 1079 760 1134 Sub
797 1077 944 1132 illius
969 1075 1293 1145 pontiﬁcatu
1334 1075 1391 1126 ὲν
1425 1073 1757 1127 Πενταπόλει
1789 1076 1890 1145 τῆς
1916 1075 2029 1129 ἄνω

451 1169 659 1242 Λιϐύης
685 1167 989 1240 τηνικαῦτά
1028 1185 1174 1230 τινες
1219 1165 1329 1220 τῶν
1372 1165 1685 1219 ἐπισκόπων
1723 1166 2027 1238 ἐφρόνησαν

450 1263 520 1317 τὰ
565 1261 887 1325 Σαδελλίου,
930 1260 1156 1331 quidam
1203 1259 1588 1329 episcoporum
1643 1259 1699 1312 in
1743 1257 2029 1329 Pentapoli

454 1354 673 1411 Sabellii
700 1353 1027 1408 sententiam
1073 1351 1566 1421 amplectebantur,
1596 1349 1817 1419 quidam
1845 1360 2029 1406 autem

451 1446 741 1504 orthodoxi
784 1461 909 1500 eum
949 1460 1138 1501 coram
1188 1443 1448 1515 Dionysio
1499 1443 1749 1497 Romano
1797 1457 2027 1497 accusa-

451 1539 583 1594 bant
611 1556 624 1592 :
655 1545 813 1593 erant
840 1536 1008 1608 igitur
1039 1548 1172 1591 tunc
1199 1537 1465 1606 temporis
1499 1535 1553 1590 in
1594 1535 1877 1606 Pentapoli
1913 1536 2031 1606 epi-

451 1629 602 1700 scopi
637 1629 984 1699 complures,
1027 1643 1208 1698 neque
1249 1629 1566 1697 pauciores,
1603 1629 1818 1698 opinor,
1862 1643 2027 1697 quam

456 1722 657 1777 ibidem
697 1722 842 1776 circa
888 1719 1184 1775 Alexandri
1229 1725 1476 1788 tempora
1511 1719 1856 1774 exstiterunt.
1890 1717 2028 1773 Nam

450 1830 576 1870 cum
598 1822 791 1884 postea
819 1812 1118 1868 Palaebisca
1153 1819 1209 1866 et
1241 1809 1460 1882 Hydrax
1483 1851 1500 1879 ,
1529 1810 1636 1866 vici
1673 1809 1986 1882 Pentapolis
2007 1853 2024 1877 ,

451 1906 558 1964 sibi
583 1907 838 1978 proprios
875 1906 1165 1975 episcopos
1192 1904 1306 1959 ﬁeri
1338 1911 1646 1968 curassent,
1676 1905 1744 1959 ab
1771 1905 2028 1961 omnibus

452 1995 686 2069 Synesio
733 1996 1104 2052 renuntiatum
1151 2004 1237 2050 cst
1280 1998 1512 2065 πάτριον
1555 1991 1693 2049 εἶναι
1751 1995 1845 2049 καὶ
1893 1997 2029 2049 ἀπο-

453 2087 696 2143 στολικὺν
740 2087 1114 2160 Ἐρυθρίτιδας
1153 2083 1290 2140 εἶναι
1325 2087 1421 2140 καὶ
1456 2087 1662 2151 ταύτας
1691 2086 1792 2150 τὰς
1830 2087 2030 2160 ἐκκλη-

453 2180 608 2245 σίας,
649 2195 714 2235 ea:
752 2181 932 2249 patria
980 2190 1028 2234 et
1082 2177 1376 2248 apostolica
1419 2179 1753 2233 ordinatione
1795 2178 2029 2250 Erythro

451 2270 782 2326 contributas
828 2286 939 2324 esse
972 2272 1067 2324 has
1105 2267 1392 2336 Ecclesias,
1425 2267 1685 2342 Erythraei
1715 2269 1882 2340 igitur
1915 2269 2032 2339 epi-

453 2364 604 2434 sropi
650 2362 1087 2434 iurisdictionem
1144 2361 1444 2416 secundum
1500 2377 1708 2416 morem
1773 2361 2032 2418 Ecclesiae

453 2456 792 2528 Egyptiacaa
837 2455 904 2508 ad
959 2454 1257 2524 apostolica
1299 2463 1542 2525 tempora
1585 2454 1920 2510 referebant.
1963 2455 2032 2512 Et

449 2547 699 2605 Siderius
733 2545 1040 2601 Pallebiscaz
1074 2545 1362 2617 episcOpus
1384 2587 1399 2612 ,
1449 2547 1656 2602 nemini
1707 2549 2028 2617 succedens,

451 2645 574 2698 sine
595 2652 916 2695 successore
933 2645 1183 2692 mortuus
1208 2647 1325 2704 est;
1351 2653 1478 2692 nam
1503 2639 1722 2694 decreto
1741 2638 2031 2710 TlteOphili

445 2729 698 2801 episcopi
737 2727 1095 2784 Alexandrini
1137 2745 1152 2784 :
1200 2729 1543 2783 Παλαίὰσκα
1583 2731 1677 2783 καὶ
1710 2730 1915 2802 Ὕδραξ
1951 2734 2032 2797 εἰς

451 2822 552 2895 τὴν
579 2818 810 2893 ἀρχαίαν
839 2817 992 2884 τάξιν
1020 2817 1345 2890 ἐτάχθησαν,
1371 2819 1463 2872 καὶ
1502 2819 1639 2890 πρὸς
1669 2819 1731 2872 τὸ
1775 2821 2032 2894 Ἐρυθρὸν

454 2912 858 2986 ἁνελήφθησαν,
889 2911 1194 2966 Paltebisca
1220 2921 1270 2965 et
1305 2910 1533 2981 Hydrus:
1558 2913 1612 2966 in
1649 2913 1924 2983 antiquum
1946 2929 2034 2968 or-

452 3007 634 3060 dinem
667 3004 920 3070 rcdactce,
956 3011 1006 3056 et
1037 3002 1268 3073 Erythro
1307 3003 1640 3058 contributae.
1682 3002 1828 3059 idem
1865 3006 2029 3060 etiam

453 3097 747 3171 Dionysius
795 3102 1004 3158 narrat,
1056 3094 1467 3150 Chaeremonem
1515 3093 1834 3164 episcopum
1882 3093 2024 3160 Nili,
2056 3120 2098 3178 α

452 3189 782 3262 ὑπεργήρων
831 3197 1070 3242 extrema
1108 3195 1404 3252 senectute,
1453 3193 1606 3240 mota
1651 3185 2030 3255 persecutione

454 3281 510 3336 in
536 3279 797 3334 Arabiam
819 3292 948 3334 cum
977 3275 1212 3346 conjuge
1235 3289 1336 3329 sua
1363 3275 1696 3340 secessisse;
1723 3289 1887 3343 quem
1910 3289 2031 3330 cre-

453 3373 622 3430 dibile
645 3379 732 3427 est
757 3371 942 3427 sedem
976 3383 1098 3423 eam
1133 3367 1378 3422 tenuisse
1407 3377 1699 3436 antequam
1724 3366 2028 3422 Demetrius

454 3464 778 3521 auxiliarios
816 3461 1083 3517 adversus
1127 3457 1420 3530 Origenem
1465 3458 1570 3513 sibi
1613 3457 1883 3528 adjunxit.
1915 3457 2029 3512 lmo

454 3553 595 3608 duos
638 3552 812 3608 libros
857 3549 936 3604 De
975 3549 1412 3619 promissionibns
1457 3547 1679 3618 scripsit
1719 3558 2029 3604 commotus

454 3646 599 3702 libro
643 3641 868 3714 Nepotis
919 3641 1161 3714 Egyptii
1212 3640 1608 3711 episcopi,qui
1638 3641 2030 3697 Cbiliastarum

454 3736 763 3792 doctrinam
805 3735 1285 3805 promulgaverat,
1321 3741 1376 3789 et
1403 3732 1730 3804 jampridem
1775 3742 2030 3789 mortuus

455 3827 658 3883 fuerat.
689 3825 870 3896 Nepos
896 3825 988 3880 hic
1007 3825 1228 3896 reliquit
1246 3825 1638 3892 Psalmodiam,
1727 3825 1887 3898 μέχρι
1911 3825 2026 3891 νῦν,

456 3918 636 3989 inquit
663 3917 956 3988 Dionysius
995 3918 1138 3987 apud
1173 3916 1376 3974 Euseb.
1418 3917 1457 3972 l.
1487 3932 1584 3985 vtt,
1608 3933 1660 3974 c.
1701 3917 1807 3986 25,
1846 3916 2031 3970 πολλοὶ

453 4011 565 4064 τῶν
596 4008 841 4080 ἀδελφῶν
891 4008 1274 4080 εὐθυμοῦνται.
1318 3991 1454 4065 illud
1483 4018 1665 4065 autem
1713 4010 1873 4082 μέχρι
1911 4009 2029 4076 νῦν,

457 4118 621 4174 usque
644 4102 713 4155 ad
748 4102 844 4156 hoc
878 4109 1103 4172 tempus,
1127 4117 1234 4156 non
1269 4101 1467 4158 modici
1490 4102 1754 4172 temporis
1777 4103 2033 4158 interval-

456 4194 572 4248 lum
607 4201 782 4249 notat.
811 4193 956 4248 Idem
987 4207 1224 4248 rursus:
1256 4191 1389 4248 Cum
1426 4194 1484 4248 in
1520 4194 1851 4248 Arsinoitica
1889 4210 2030 4263 pra:-

459 4285 665 4356 {ectura
701 4299 894 4351 essem,
927 4281 1054 4336 ἔνθα
1089 4283 1196 4355 πρὸ
1228 4281 1422 4335 πολλοῦ
1454 4281 1613 4336 τοῦτο
1645 4280 1947 4346 ἐπεπόλαζε
1971 4282 2034 4336 τὸ

456 4379 654 4450 δόγμα,
685 4379 740 4430 in
765 4393 871 4448 qua
892 4376 1217 4446 jampridem
1253 4376 1510 4430 increbuit
1537 4375 1646 4428 lucc
1681 4375 1857 4446 opinio
1887 4391 1906 4430 :
1939 4374 2031 4428 ubi

2132 529 2336 583 quoque
2363 510 2616 564 Ecclesiis
2640 509 2790 578 longe
2825 509 3031 578 lateque
3049 510 3336 576 episcopos,
3359 503 3722 575 presbyteros,

2127 605 2378 657 diaconos
2394 602 2632 656 dederat.
2661 601 2716 654 In
2749 599 3057 672 Synaxario
3089 599 3278 654 Gmco
3297 598 3355 652 S.
3375 596 3601 651 Marcus
3625 594 3727 648 de-

2128 696 2390 774 scribitur
2466 693 2738 764 πανταχοῦ
2773 692 3224 764 θαυμτουργῶν,
3251 691 3458 754 καὶτὰς
3474 686 3723 760 Χριστοῦ

2125 787 2421 860 ἐκκλησίας
2431 787 2796 857 κατακοσμῶν
2812 785 3166 860 χειροτονίαις
3177 785 3487 838 ἐπισκόπων
3502 782 3602 838 καὶ
3612 783 3724 836 τῶν

2127 877 2327 932 λου-ὠν
2360 878 2655 949 κληρικῶν.
2675 876 3012 946 Nicepltorus
3056 875 3428 931 Callistuslib.
3452 891 3514 942 lt,
3536 873 3684 930 ο.ιό
3709 892 3725 927 :

2129 973 2219 1025 Ἐν
2236 972 2464 1044 Κυρήνῃ
2483 988 2540 1024 τε
2564 971 2657 1024 καὶ
2680 970 3011 1024 Πενταπόλει
3025 969 3196 1024 πολλὰ
3216 969 3310 1024 καὶ
3332 969 3538 1040 ἄπειρα
3554 969 3729 1039 ἔργα·

2131 1062 2363 1133 σάμενος
2385 1104 2400 1129 ,
2435 1062 2530 1115 καὶ
2563 1061 2860 1132 ἐκκλησίας
2886 1063 3316 1134 ἀνοικοδομήσας
3338 1103 3352 1128 ,
3388 1064 3631 1138 κλήρους
3663 1082 3730 1119 τε

2130 1156 2222 1210 καὶ
2256 1155 2588 1219 ἐπισκόπους
2615 1157 2710 1210 καὶ
2749 1156 2918 1210 τᾶλλα
2945 1157 3332 1228 προσηκόντως
3362 1157 3732 1231 διενεργήσας

2129 1249 2208 1310 εἰς
2237 1246 2337 1318 τὴν
2385 1246 2788 1319 Ἀλεξάνδρειαν
2824 1247 2988 1301 πάλιν
3021 1248 3320 1302 ἐπάνεισιν.
3357 1247 3485 1305 Haec
3517 1251 3728 1306 Graeci.

2135 1337 2253 1393 Vita
2304 1338 2362 1392 ὃ.
2412 1336 2582 1393 Marci
2632 1354 2699 1392 ex
2749 1338 3139 1408 antiquissimo
3189 1341 3380 1396 codice
3434 1351 3564 1397 ante
3617 1343 3732 1397 100

2130 1444 2308 1484 annos
2351 1429 2624 1499 descripta
2659 1447 2672 1482 :
2705 1427 2904 1483 Beatus
2942 1440 3121 1484 autem
3160 1430 3378 1486 Marcus
3411 1434 3727 1487 Aniztmum

2129 1522 2471 1576 Alexandria:
2496 1521 2764 1575 ordinavit
2792 1524 3114 1593 episcopum,
3151 1533 3200 1578 et
3227 1534 3331 1579 tres
3361 1526 3728 1596 presbyteros,

2129 1616 2186 1669 id
2209 1625 2284 1670 est
2306 1615 2544 1682 Melium,
2575 1616 2834 1672 Sabinum
2869 1627 2918 1671 et
2959 1616 3273 1682 Cerdonem,
3301 1629 3350 1672 et
3375 1629 3571 1688 septem
3597 1620 3731 1672 tita-

2131 1722 2311 1773 conos,
2335 1717 2384 1762 et
2405 1708 2543 1762 alios
2566 1709 2807 1762 undecim
2832 1709 2901 1762 ad
2923 1709 3338 1763 ecclesiasticum
3361 1712 3728 1765 ministerium

2131 1800 2474 1870 pertinentes.
2532 1800 2602 1855 Et
2629 1801 2966 1872 Pentapolim
2993 1803 3182 1872 pergit.
3204 1842 3220 1858 .
3242 1843 3257 1856 .
3279 1843 3292 1856 .
3311 1843 3327 1857 .
3371 1813 3422 1857 et
3459 1805 3730 1860 ordinans

2128 1894 2400 1964 episcopos
2423 1910 2516 1963 per
2538 1895 2772 1965 regiones
2790 1894 2911 1948 illas
2934 1905 2982 1948 et
3004 1895 3245 1962 clericos,
3270 1897 3464 1950 iterum
3479 1896 3724 1951 Alexan-

2129 1985 2309 2038 driam
2337 1986 2497 2040 venit.
2584 1985 2846 2040 Rabanus
2883 1985 3108 2041 Maurus
3137 1988 3326 2042 eadem
3371 2003 3496 2044 cum
3549 1988 3728 2044 Meta-

2130 2079 2352 2150 pbraste
2383 2080 2570 2145 tradit,
2596 2088 2656 2134 ut
2682 2087 2739 2134 et
2765 2077 3059 2145 Notkerus,
3096 2089 3150 2134 ct
3190 2079 3434 2134 Alfricus
3465 2081 3722 2136 Cantua-

2129 2172 2331 2227 riensis
2358 2173 2670 2242 episcopus,
2696 2181 2751 2227 et
2778 2170 3073 2228 0rdericus
3094 2170 3308 2226 Vitatis.
3338 2171 3483 2227 inter
3505 2174 3725 2229 Arabas

2130 2259 2582 2333 Martyrologium
2627 2261 3052 2316 Mclchitarum:
3099 2261 3433 2332 Aliquaudiu
3473 2275 3722 2318 moratus

2131 2362 2208 2407 est
2267 2353 2479 2410 Marcus
2519 2355 2576 2407 in
2623 2353 2750 2408 urbe
2790 2353 2990 2424 Cyrene
3041 2353 3447 2424 Cyrenceorum,
3491 2357 3724 2426 indeque

2130 2443 2518 2498 Alexandriam
2562 2461 2681 2513 qua?
2722 2445 2864 2514 apud
2893 2444 3132 2498 Pharum
3159 2457 3258 2509 est,
3288 2449 3520 2516 perrexit
3547 2464 3565 2500 :
3594 2450 3726 2502 dein

2131 2535 2186 2588 in
2211 2533 2446 2587 Barcam
2481 2535 2748 2604 profectus
2773 2545 2884 2600 est,
2913 2535 3183 2607 multaque
3219 2520 3386 2591 edidit
3430 2539 3727 2608 miracula,

2131 2635 2179 2680 et
2212 2627 2412 2681 Christi
2450 2626 2700 2681 ecclesias
2737 2631 3033 2691 exornavit,
3064 2629 3389 2682 constituens
3412 2629 3486 2682 eis
3509 2631 3722 2698 episco—

2130 2735 2247 2789 pos,
2290 2729 2448 2789 atque
2487 2719 2570 2774 his
2605 2719 2882 2789 inferiores
2912 2720 3230 2774 sacerdotes.
3272 2719 3340 2775 Et
3371 2719 3611 2776 Severus
3644 2721 3717 2776 De

2145 2809 2278 2865 Vitis
2332 2811 2764 2880 patriarcharum
2823 2810 3310 2865 Alexandrinorum
3353 2829 3371 2866 :
3423 2811 3545 2882 Ipse
3599 2831 3715 2867 vero

2131 2902 2400 2956 discedens
2433 2901 2751 2973 Pentapolin
2790 2903 3057 2972 perrexit,
3091 2902 3384 2972 mansitque
3426 2902 3500 2954 ibi
3547 2919 3716 2956 annos

2133 2995 2286 3061 duos,
2315 2995 2642 3049 annuntians
2671 3004 2722 3049 et
2752 2995 3008 3048 ordinans
3042 2995 3332 3063 episcopos,
3359 2994 3714 3063 presbyteros,

2132 3099 2179 3142 et
2207 3090 2458 3142 diaconos
2485 3089 2542 3142 in
2563 3087 2804 3142 omnibus
2839 3089 2952 3158 ejus
2989 3089 3294 3158 provinciis.
3326 3085 3397 3141 Ut
3421 3088 3607 3142 videre
3639 3098 3718 3143 est

2131 3181 2275 3250 apud
2305 3180 2732 3236 Eccltellensem.
2763 3177 2984 3234 Nullum
3016 3180 3181 3250 igitur
3211 3178 3567 3250 Eutychianaa
3592 3188 3709 3235 tra-

2129 3271 2354 3326 ditionis
2383 3269 2802 3326 fundamentum
2825 3279 2927 3326 est.

2201 3362 2531 3433 Responch
2559 3373 2781 3433 quarto,
2816 3379 2884 3418 ne
2912 3362 3236 3433 Eutycbium
3275 3362 3495 3433 quidem
3535 3364 3717 3432 ipsum

2131 3454 2275 3509 hanc
2301 3453 2642 3509 historiolam
2685 3463 2947 3523 tanquam
2976 3455 3322 3509 traditionem
3349 3471 3380 3508 a
3412 3453 3718 3523 majoribus

2131 3553 2412 3614 acceptam
2446 3543 2669 3610 referre,
2701 3544 2793 3599 sed
2833 3545 2978 3599 velut
3008 3544 3330 3614 quaestionis
3367 3544 3591 3598 Criticae
3622 3554 3720 3598 aut

2131 3635 2501 3706 Pliilologicaa,
2529 3635 2674 3706 apud
2700 3635 2912 3690 Arabas
2943 3635 3028 3690 sui
3065 3636 3326 3705 temporis
3355 3635 3592 3705 agitatae,
3628 3650 3720 3690 so-

2133 3727 2395 3783 lutionem
2426 3728 2480 3781 in
2508 3728 2772 3782 honorem
2814 3726 3074 3782 Ecclesiae
3096 3743 3210 3782 sua:
3242 3726 3460 3781 factam.
3502 3728 3719 3782 Arabes

2133 3821 2279 3876 enim
2309 3821 2593 3890 putabant,
2630 3828 2726 3875 aut
2755 3819 2936 3890 putari
2961 3819 3272 3883 voluerunt,
3306 3835 3506 3874 nomen
3535 3836 3715 3890 papaa,

2135 3929 2236 3968 sua
2267 3921 2423 3967 aetate
2446 3913 2687 3982 pontiﬁci
2713 3911 2961 3967 Romano
2989 3912 3335 3982 peculiariter
3362 3913 3716 3977 attributum,

2136 4006 2314 4076 primo
2350 4003 2520 4059 fuisse
2555 4003 2944 4059 Alexandrinis
2983 4003 3259 4073 episcopis
3313 4003 3534 4068 datum,
3580 4013 3638 4058 et
3683 4021 3720 4058 a

2133 4097 2337 4167 populo
2369 4094 2694 4167 Egyptiaco
2719 4104 3066 4166 usurpatum,
3099 4103 3156 4149 et
3185 4095 3253 4150 ab
3289 4095 3395 4150 illis
3416 4096 3484 4150 ad
3508 4094 3721 4150 Roma-

2135 4203 2238 4244 nos
2269 4189 2555 4259 pontiﬁces
2576 4188 2917 4253 devolutum,
2955 4197 3013 4243 ut
3047 4188 3270 4243 tradunt
3305 4188 3573 4258 Georgius
3603 4187 3722 4242 Ho-

2136 4281 2375 4336 maidius
2424 4289 2479 4336 et
2499 4279 2822 4336 Abubacrus
2847 4277 3191 4337 Habbasides
3220 4279 3361 4351 apud
3392 4279 3720 4335 Eccbellen-

2137 4389 2274 4429 sem.
2302 4372 2439 4428 Cum
2468 4373 2633 4444 igitur
2662 4387 2692 4426 a
2720 4371 2926 4428 Graecis
2949 4373 3145 4428 eruditi
3175 4373 3554 4443 intelligerent,
3583 4388 3720 4428 eum

457 4468 592 4523 illud
627 4467 735 4538 πρὸ
767 4464 995 4533 πολλοῦ,
1026 4465 1140 4521 sive
1160 4465 1501 4536 jampridem,
1530 4481 1640 4520 non
1670 4474 1850 4537 potest
1869 4465 2029 4520 intel—
2060 4461 2106 4520 D
2133 4464 2348 4520 titulum
2374 4465 2552 4535 primo
2575 4463 3518 4534 patriarcharumAlexandrinorum
3547 4463 3722 4519 Hera-

457 4559 552 4630 ligi
579 4559 648 4614 de
681 4558 950 4614 sententia
988 4572 1160 4627 nuper
1186 4567 1322 4620 orta,
1356 4557 1450 4614 sed
1477 4567 1693 4613 vetusta
1734 4565 1788 4612 et
1827 4557 2037 4611 invete-

454 4659 602 4716 rata,
633 4664 758 4720 quae
797 4657 977 4703 tamen
1014 4649 1204 4704 relicto
1231 4664 1262 4703 a
1297 4647 1506 4718 Nepote
1545 4649 1686 4702 libro
1733 4649 2032 4702 nitebatur.

454 4742 567 4798 *Diu
609 4743 793 4814 itaque
830 4750 1083 4798 mortuus
1129 4750 1217 4797 est
1253 4740 1429 4812 Nepos
1473 4741 1763 4812 episcopus
1799 4742 1899 4813 τῆς
1943 4743 2036 4795 Ai-

461 4836 670 4906 γύπτου
693 4844 820 4891 ante
848 4835 1222 4906 pontiﬁcatum
1247 4833 1514 4906 Dionysii,
1537 4835 1828 4905 episcopus
1849 4843 2034 4890 autem

455 4927 641 4985 factus
675 4927 770 4984 diu
796 4937 922 4983 ante
951 4925 1214 4981 Demetrii
1243 4926 1586 4982 auxiliarios.

533 5019 778 5091 Denique
809 5019 1031 5076 traditio
1068 5018 1198 5084 illa,
1240 5018 1308 5074 de
1349 5018 1524 5074 tribus
1561 5017 1834 5088 episcopis
1859 5034 1891 5073 a
1929 5019 2035 5073 De-

462 5113 660 5170 metrio
711 5111 890 5183 primo
925 5113 979 5166 in
1026 5109 1262 5182 Egypto
1315 5110 1492 5172 lactis,
1540 5111 1796 5165 omnibus
1831 5110 2036 5165 Graecis

458 5214 628 5276 atque
663 5203 874 5258 Latinis
909 5203 1094 5270 ignota
1135 5201 1281 5256 fuit:
1310 5201 1530 5255 traditio
1563 5209 1744 5255 autem
1782 5201 1858 5254 illi
1903 5218 2037 5256 con-

461 5299 654 5365 traria,
683 5297 752 5353 de
778 5295 1048 5367 episcopis
1084 5310 1117 5349 a
1157 5292 1216 5349 S.
1254 5293 1438 5349 Marco
1466 5293 1520 5348 in
1546 5292 1869 5364 Egyptiaca
1899 5293 2036 5348 dite-

461 5404 576 5448 cest
608 5390 873 5445 institutis
900 5396 954 5443 et
975 5387 1180 5443 Graecis
1220 5397 1274 5442 et
1311 5385 1540 5451 Latinis,
1566 5395 1731 5454 atque
1760 5385 2036 5442 Arabibus

459 5490 592 5536 uota
623 5481 746 5536 fuit.
779 5480 998 5535 Simeon
1030 5478 1428 5548 Metaphrastes
1449 5479 1514 5533 de
1540 5477 1598 5532 S.
1632 5477 1816 5533 Marco
1848 5496 1862 5532 :
1895 5476 2036 5532 Con—

466 5574 641 5630 stituit
665 5582 714 5627 et
743 5573 1072 5640 conﬁrmavit
1113 5571 1360 5625 ecclesias
1387 5587 1479 5640 per
1507 5570 1762 5641 Libyam,
1796 5569 1851 5624 Μ
1857 5587 2036 5624 arma-

463 5667 653 5730 ricam,
694 5663 1113 5729 Ammoniacam,
1143 5661 1494 5731 Pentapolim,
1523 5661 2036 5728 Alemandriam,'lo-

461 5771 762 5828 cumquo:
794 5754 1060 5810 Bucolica
1089 5754 1515 5810 dicebantur.....
1549 5752 1902 5810 Ordinarerat
1938 5769 2036 5806 au-

2139 4555 2234 4611 clae
2261 4556 2583 4610 attributum
2613 4555 2806 4618 fuisse,
2851 4570 2882 4609 a
2929 4553 3226 4627 Dionysio,
3266 4555 3473 4610 scilicet
3523 4559 3720 4626 (quem

2137 4650 2461 4718 scriptorem
2491 4656 2650 4702 vocat
2679 4646 3010 4718 Eutychius;
3045 4647 3252 4703 nullius
3286 4647 3431 4702 enim
3471 4646 3722 4702 Alexan-

2137 4740 2282 4794 drini
2316 4739 2558 4810 episcopi
2584 4747 2710 4793 ante
2746 4754 2870 4793 eum
2900 4739 3102 4808 scripta
3144 4738 3479 4808 exstabant),
3517 4739 3613 4808 qui
3658 4739 3720 4794 in

2135 4833 2363 4902 epistola
2414 4832 2480 4886 ad
2528 4830 2905 4886 Philemonem
2953 4833 3069 4886 haec
3118 4832 3465 4887 tradiderat:
3509 4832 3723 4885 Τοῦτον

2137 4921 2245 4990 ἐγὼ
2277 4923 2367 4976 τὸν
2400 4922 2598 4976 κανόνα
2640 4922 2733 4975 καὶ
2776 4921 2868 4976 τὸν
2898 4922 3068 4976 τύπον
3113 4922 3266 4995 παρὰ
3301 4923 3395 4976 τοῦ
3439 4923 3717 4996 μακαρίου

2137 5017 2295 5069 πὰπα
2327 5015 2484 5086 ἡμῶν
2527 5013 2772 5087 Ἠρακλᾶ
2805 5014 3132 5088 παρέλαϐον⁴
3162 5014 3317 5069 Hanc
3349 5032 3441 5086 ego
3478 5017 3721 5086 regulam

2137 5124 2200 5161 ac
2232 5109 2461 5174 formam
2483 5124 2516 5160 a
2539 5107 2688 5161 beato
2712 5122 2851 5176 papa
2878 5116 3055 5163 nostro
3079 5107 3312 5162 Heracla
3337 5110 3511 5178 accepi
3533 5125 3552 5174 ,'
3585 5126 3721 5166 cum

2139 5201 2274 5265 haec,
2308 5200 2555 5270 inquam,
2579 5214 2608 5254 a
2634 5198 2839 5254 Graecis
2870 5199 3238 5269 accepissent,
3271 5201 3538 5256 rationem
3556 5217 3728 5258 exco-

2138 5293 2401 5363 gitarunt,
2431 5307 2601 5362 quare
2641 5291 2732 5347 hic
2754 5290 2998 5347 Ileraclte
3025 5293 3373 5363 potissimum
3406 5294 3599 5350 titulus
3633 5307 3725 5350 at-

2139 5383 2498 5448 tribueretur;
2527 5390 2581 5436 et
2611 5396 2736 5436 cum
2767 5397 2954 5437 vocem
2988 5383 3177 5436 πάπαν
3208 5383 3274 5437 ad
3304 5382 3527 5436 πάππον
3559 5382 3724 5438 incli—

2136 5491 2270 5530 nare
2305 5476 2585 5540 viderent,
2644 5492 2820 5547 neque
2868 5478 3016 5532 enim
3057 5477 3282 5533 deerant
3325 5477 3556 5533 Graeculi
3617 5479 3719 5549 qui

2137 5566 2299 5622 etiam
2328 5568 2458 5622 illuc
2491 5569 2802 5635 traherem,
2837 5570 3034 5624 miram
3068 5568 3208 5624 hanc
3238 5569 3524 5625 historiam
3553 5585 3723 5625 exco-

2137 5658 2398 5728 gitarunt,
2424 5675 2532 5730 qua
2563 5673 2673 5715 non
2707 5661 2810 5717 sub
2834 5660 3092 5716 Demetrii
3123 5668 3391 5731 tempore,
3424 5661 3520 5716 scd
3549 5658 3723 5714 Hera-

2136 5752 2252 5821 clas,
2279 5752 2539 5824 populum
2558 5751 2690 5810 illud
2711 5754 3007 5812 discrimen
3025 5754 3164 5811 inter
3187 5753 3476 5822 episcOpos
3493 5751 3718 5821 Euryti
