3834 6206
106 357 212 412 941

808 354 860 412 .1.
899 355 1266 414 PEARSONII
1306 355 1628 414 VINDICIAB
1659 357 2080 416 IGNATIANE.
2110 391 2183 403 —
2217 360 2397 417 PARS
2434 309 2481 416 1.⁴

3247 360 3354 419 ΗΞ

105 489 283 545 nuper
304 471 606 540 institutos,
632 480 687 526 et
715 471 1140 526 Alexandrinum
1167 455 1536 542 patriarcham
1568 473 1672 527 ani-

1785 473 2267 545 cltare;alloquitur
2277 475 2421 530 enim
2440 472 2590 543 φίλον
2605 472 2831 546 πατέρα.
2847 470 3104 545 Hesych.:
3120 471 3355 542 nam,

105 568 226 624 mad
233 568 463 623 vertisse
476 565 856 631 ostendant,ut
869 575 1053 637 postea
1072 566 1348 636 vulgarem
1362 567 1682 636 episcopum

103 659 258 722 abba.
298 659 673 728 patriarcham
704 674 920 727 papam,
947 658 999 713 id
1021 667 1108 713 est
1135 675 1288 712 avum
1323 658 1681 729 appellarent,

101 749 363 819 quoniam
393 749 500 819 ipsi
521 750 764 820 episcopi
792 749 1156 819 patriarcham
1181 750 1372 804 obbam
1399 759 1676 806 vocarent.

103 840 222 898 Hac
250 856 387 896 vera
438 857 563 897 esse
610 841 696 896 vel
739 842 867 897 inde
910 843 1087 913 primo
1132 843 1481 914 perspicitur,
1529 843 1680 914 quod

1786 567 2169 639 προσφώνησις
2215 568 2402 632 παιδὸς
2443 568 2579 640 πρὸς
2610 567 2840 642 πατέρα.
2883 565 3144 622 Ρτὶῐηωνι
3187 567 3354 638 igitur

1783 657 2108 726 signiﬁcatio
2160 657 2254 711 τοῦ
2288 657 2526 726 πὰπας,
2556 659 2642 714 vel
2683 658 2892 729 poetice
2943 655 3213 723 πάπκας,
3266 664 3355 714 est

1776 755 1948 814 pater.
2013 749 2160 804 Idem
2217 751 2380 805 etiam
2419 751 2644 807 verbum
2677 751 2993 816 παππάζειν
3024 750 3150 806 inde
3180 749 3353 806 dedu-

1781 848 1930 893 ctum
1962 848 2197 910 usurpat
2226 838 2420 910 Iliad.,
2440 839 2521 904 E:

99 932 405 1005 Eutycbius
455 950 567 989 non
609 944 929 1004 perpetuam
974 937 1347 1006 narrationem
1379 945 1548 1000 texat,
1585 945 1672 990 aut

1785 953 1939 1008 οὐδὲ
1968 955 2025 1008 τί
2051 972 2159 1025 μιν
2197 955 2404 1023 παῖδες
2443 955 2577 1010 ποτὶ
2611 956 2861 1026 γούνασι
2907 952 3346 1015 παππάζουσιν.

97 1027 386 1083 historiam
448 1026 519 1082 de
581 1026 924 1082 institutione
986 1027 1368 1097 episcoporum
1427 1029 1679 1085 electioni

95 1119 546 1189 presbyterorum
586 1118 900 1175 immediate
940 1119 1266 1189 subjungat,
1299 1120 1394 1176 sed
1423 1121 1680 1191 quaestio-

92 1226 212 1266 nem
241 1211 426 1267 obiter
455 1210 696 1277 inserat,
729 1227 900 1281 quare
928 1211 1236 1281 patriarcha
1275 1210 1678 1268 Alexandrinus

90 1303 269 1357 dictus
302 1302 376 1356 sit
418 1302 601 1372 papa?
631 1300 810 1367 Quam
859 1301 1079 1372 quidem
1113 1303 1472 1372 quaestionem
1515 1302 1679 1359 dissi~

89 1395 262 1450 mulat
298 1393 571 1450 Seldeuus
597 1434 612 1459 ,
645 1403 705 1448 ut
736 1405 992 1466 tanquam
1035 1404 1246 1466 partem
1275 1394 1476 1464 prioris
1503 1394 1677 1451 histo-

89 1489 180 1543 ria:
220 1488 592 1558 posteriorem
633 1487 875 1543 inducat.
919 1486 995 1542 Ita
1042 1488 1191 1543 enim
1234 1486 1559 1558 Eutychium
1589 1489 1672 1544 ιο-

88 1588 352 1648 quentem
381 1587 741 1648 repraesentat
775 1597 788 1633 :
827 1579 884 1632 Is
911 1579 1074 1633 etiam
1101 1577 1320 1648 (nempe
1345 1578 1674 1652 Alexander)

87 1671 237 1739 petiit
260 1672 329 1725 ab
367 1671 466 1734 eis,
506 1687 572 1725 ne
607 1669 918 1738 patriarcha
950 1669 1349 1723 Alexandrinus
1370 1684 1512 1739 papa
1534 1669 1676 1722 voci-

87 1772 320 1831 taretur,
369 1762 514 1833 quod
561 1761 834 1832 signiﬁcat
877 1777 1051 1814 avum.
1090 1758 1168 1815 Ita
1204 1761 1368 1816 vertit
1415 1761 1568 1831 petiit
1605 1759 1670 1814 ab

83 1856 178 1919 eis,
216 1866 274 1912 et
305 1830 518 1912 exialio
545 1830 740 1910 codice
769 1854 906 1908 dixit
937 1853 1020 1909 vel
1059 1853 1369 1907 mandatum
1404 1830 1550 1906 dedit
1573 1853 1669 1918 eis,
1702 1830 1746 1886 Β

84 1964 146 2002 ac
178 1949 228 2004 si
266 1948 576 2003 decreverit
617 1945 944 2008 Alexander,
996 1960 1064 2000 ne
1098 1945 1329 2014 posthac
1359 1943 1671 2013 patriarcha

83 2039 495 2094 Alexandrinus
508 2053 651 2108 papa
671 2035 1122 2092 diceretur.Cum
1141 2037 1256 2107 ipse
1278 2035 1586 2090 Alexander
1604 2048 1672 2089 eo

83 2133 199 2201 ipso
236 2131 466 2186 nomine
500 2144 534 2184 a
577 2129 693 2185 suis
731 2127 894 2198 vulgo
931 2127 1336 2199 indigitaretur.
1380 2125 1671 2196 Inscriptio

80 2223 327 2294 epistola:
354 2223 502 2292 apud
529 2220 890 2276 Athanasium
916 2220 1057 2274 libro
1084 2219 1162 2272 De
1186 2219 1404 2289 synodis
1430 2233 1449 2272 :
1477 2219 1670 2272 Μακα-

84 2316 179 2386 ρεῳ
222 2314 391 2384 πάπᾳ
425 2311 714 2382 ὲπισκόπῳ
735 2311 892 2382 ἡμῶν
924 2308 1257 2381 Ἀλεξάνδρῳ
1287 2310 1340 2362 ol-
1372 2306 1670 2380 πρεσϐύτε-

80 2425 162 2479 ροι
184 2408 286 2463 καὶ
317 2411 368 2462 οἱ
403 2407 642 2460 διάκονοι
663 2406 722 2459 ὲν
745 2404 933 2476 Κυρίῳ
953 2404 1193 2475 χαίρειν.
1221 2402 1402 2457 Prima
1429 2401 1670 2472 epistolas

77 2500 353 2555 sententia
393 2516 408 2551 :
457 2498 526 2551 Ἥ
558 2497 740 2560 πίστις
772 2496 928 2569 ἡμῶν
961 2498 995 2568 ἡ
1030 2498 1095 2550 ὲκ
1127 2496 1442 2566 προγόνων,
1475 2495 1544 2567 ἣν
1575 2493 1668 2549 καὶ

71 2593 184 2646 ἀπὸ
216 2591 315 2645 σοῦ
356 2590 794 2664 μεμαθήκαμεν,
833 2587 1070 2660 μακάριε
1103 2587 1293 2651 πάπα,
1327 2585 1475 2639 ἐστὶν
1507 2587 1665 2658 αὕτη.

69 2684 143 2739 Et
169 2686 226 2739 in
268 2699 508 2754 corpore
542 2684 818 2754 epistolae,
850 2682 925 2745 ὼς
958 2681 1052 2734 καὶ
1087 2681 1151 2734 σὺ
1185 2679 1346 2743 αὐτὸς
1369 2720 1384 2746 ,
1431 2679 1668 2752 μακάριε

70 2781 258 2835 πάπα.
294 2779 635 2834 Athanasius
668 2774 963 2831 Alexandri
988 2787 1275 2828 successor
1299 2771 1667 2826 Alexandrum

67 2887 277 2943 papam
317 2871 570 2935 vocavit,
600 2879 655 2924 et.
694 2868 811 2938 ipse
857 2867 926 2921 ab
956 2865 1197 2937 Ischyra,
1230 2862 1484 2927 Arsenio,
1524 2863 1669 2918 Con-

69 2964 290 3020 stantio
349 2963 541 3026 πὰπας
590 2969 820 3016 vocatus
861 2969 964 3014 est.
1019 2957 1126 3013 Sed
1171 2957 1314 3012 hanc
1355 2956 1667 3012 versionem

68 3058 212 3114 satis
236 3056 539 3127 exagitavit
562 3053 952 3109 Ecchellcnsis.
978 3050 1341 3107 Doctissimus
1359 3049 1667 3106 Pocockius

1856 1066 1958 1122 Ubi
2005 1076 2163 1122 vetus
2189 1067 2952 1136 ScholiastesJIa-maioum,
2981 1069 3182 1123 πάππα
3231 1087 3351 1140 φω-

1777 1159 1948 1223 νοῦσι,
1976 1159 2186 1231 πατέρα
2214 1159 2460 1215 καλοῦσι.
2489 1158 2786 1233 Hesychius
2814 1171 2936 1230 post
2965 1158 3029 1215 γ.
3058 1159 3346 1233 Παξοίνης,

1778 1253 1939 1307 habet
2006 1249 2372 1320 παππάζοιεν,
2445 1253 2832 1325 παρακαλοϊεν.
2903 1251 3007 1307 Sed
3056 1262 3349 1322 utrumque

1776 1344 1957 1399 locum
1985 1344 2161 1399 obiter
2185 1344 2602 1400 emaculandum
2631 1345 2842 1408 censui,
2866 1343 2958 1415 qui
2976 1352 3348 1414 postnupcros

1774 1438 2011 1493 editores
2033 1437 2212 1493 adhuc
2255 1437 2308 1491 in
2363 1437 2560 1492 mendo
2589 1437 2758 1508 jacet.
2793 1435 2978 1492 Primo
3023 1437 3188 1509 igitur
3233 1437 3349 1490 Πα-

1774 1527 1975 1599 ζοίνης,
2009 1529 2060 1582 οἱ
2091 1531 2211 1583 κατ’
2269 1529 2518 1597 Ἰταλίαν,
2559 1528 2847 1584 manifeste
2891 1538 3147 1598 corrupta
3186 1535 3344 1592 sunt,

1773 1631 1828 1677 et
1858 1623 2030 1679 series
2078 1623 2384 1678 litterarum
2434 1637 2533 1694 pro
2578 1621 2610 1686 ζ
2652 1623 2895 1693 postulat
2942 1620 2992 1688 ξ.
3039 1621 3130 1677 Sic
3183 1621 3349 1694 igitur

1773 1714 1922 1786 legas
1963 1733 1977 1770 :
2032 1714 2220 1782 Παξοὶ,
2272 1715 2424 1786 νῆσοι
2475 1715 2596 1769 κατ’
2651 1713 2899 1778 Ἰταλίαν,
2936 1710 3127 1778 Ρατεω,
3159 1708 3349 1763 insulis

1773 1825 1933 1880 prope
1958 1806 2200 1863 Italiam.
2259 1805 2332 1860 De
2359 1804 2556 1876 quibus
2590 1801 2793 1858 Plinius
2826 1800 2862 1856 l.
2894 1817 2968 1867 ιν,
2993 1816 3042 1855 c.
3071 1799 3137 1857 £2
3157 1795 3346 1856 :Circa

1772 1913 1888 1952 eam
1911 1896 2138 1969 aliquot,
2172 1897 2262 1951 sed
2309 1897 2378 1950 ad
2427 1893 2647 1948 Italiam
2694 1908 2906 1962 vergens
2961 1890 3246 1955 Therones,
3273 1887 3343 1941 ad

1772 1988 2094 2044 Leucadiam
2124 1986 2292 2042 Patrae
2333 1987 2475 2054 dum,
2508 1986 2736 2056 quinque
2766 1983 2843 2037 M.
2866 1981 3108 2035 discreta
3143 1997 3176 2032 a
3211 1976 3345 2033 Cor-

1772 2098 1919 2152 cyra.
1953 2079 2028 2136 De
2055 2081 2258 2151 quibus
2284 2081 2447 2136 etiam
2479 2077 2739 2148 Polybius
2778 2071 3162 2144 intelligendus
3183 2069 3219 2124 l.
3253 2086 3291 2124 ιι
3326 2088 3341 2124 :

1770 2172 2067 2228 Συνέόαλον
2095 2176 2209 2236 τοῖς
2249 2173 2358 2227 τῶν
2405 2170 2634 2243 Ἀχαιῶν
2668 2169 2896 2239 σκάφεσι
2930 2165 3058 2238 περὶ
3093 2165 3218 2227 τοὺς
3247 2181 3348 2218 κα-

1770 2263 2061 2337 λουμένους
2091 2263 2416 2329 Παξούς,νθι
2436 2262 2599 2330 forte,
2633 2260 2731 2324 τὰς
2750 2258 3088 2330 καλουμένας
3110 2254 3344 2319 Παξούς.

1773 2354 2024 2412 Secundo
2071 2371 2170 2427 pro
2221 2354 2586 2419 παππάζοιεν,
2623 2351 3010 2424 παρακαλοῖεν,
3055 2347 3344 2420 legendum

1769 2447 1952 2517 quivis
1983 2447 2166 2502 statim
2199 2446 2366 2515 videt,
2392 2441 2727 2509 παπάζοιεν,
2756 2441 2966 2515 πατέρα
3008 2439 3242 2495 καλοῖεν.
3265 2437 3347 2496 Ita

1770 2538 1914 2609 apud
1945 2538 2674 2609 Aristophanem,optimum
2722 2537 2921 2606 lingua:
2955 2533 3148 2588 Attica:
3175 2532 3346 2586 inter-

1769 2643 1999 2702 prctem,
2028 2629 2285 2704 Trygieus
2315 2630 2455 2686 tilias
2478 2630 2795 2700 alloquitur,
2818 2631 2872 2684 in
2912 2628 3047 2684 Pace
3080 2644 3098 2678 -.

1853 2769 2026 2822 'Hle’
2051 2767 2116 2823 ἂν
2141 2768 2372 2839 αἰτίζητ’
2402 2767 2566 2839 ἄρτον
2586 2763 2796 2819 πάπαν
2813 2781 2879 2837 με
2911 2760 3191 2818 καλοῦσαι.

1879 2904 2014 2961 Cum
2041 2922 2230 2977 panem
2255 2905 2429 2976 petitis
2460 2919 2657 2975 papam
2689 2919 2768 2957 me
2793 2911 3055 2958 vocantes.

1838 3043 2010 3111 Quem
2048 3044 2228 3098 locum
2259 3042 2558 3112 respiciens
2603 3040 2946 3113 Hesychius:
2977 3039 3196 3103 Πάπας,
3242 3055 3370 3094 παι-ι

68 3161 268 3206 noster
301 3150 378 3204 ita
411 3148 590 3203 reddit
619 3163 633 3200 :
667 3145 822 3212 Quod
861 3154 1038 3199 autem
1073 3153 1316 3216 quierunt
1354 3141 1664 3215 [nonnulli],
1695 3182 1736 3238 C
1768 3137 1894 3238 τρὸς
1921 3135 2285 3238 ὑποκόρισμα.
2311 3133 2378 3189 Ει
2405 3134 2480 3188 ita
2502 3132 2934 3238 lilizen'I‘rvgaeum
2957 3132 3343 3238 alloquuntur:

69 3261 240 3311 quare
272 3240 591 3311 patriarcha
616 3238 1014 3293 Alexandrinus
1043 3246 1255 3291 vocetur
1286 3235 1467 3306 papa?
1495 3234 1668 3304 (cujus

67 3334 308 3388 laminis
331 3331 675 3400 signiﬁcatus
701 3338 778 3383 est
806 3333 958 3396 avus)
989 3323 1288 3399 [sciendum
1308 3323 1432 3396 est].
1467 3323 1540 3379 Ut
1570 3324 1670 3395 igi-

71 3435 161 3479 tur
197 3424 282 3478 illi
336 3421 638 3493 quaastioni
690 3421 1047 3490 responderet
1084 3416 1390 3489 Eutychius
1416 3459 1431 3484 ,
1474 3418 1566 3472 illa
1601 3419 1671 3474 de

71 3519 252 3573 tribus
297 3532 331 3571 a
376 3515 680 3580 Demetrio,
729 3512 922 3585 viginti
962 3512 1033 3567 ab
1073 3510 1306 3567 Heracla
1355 3510 1514 3567 factis
1553 3510 1670 3581 epi-

71 3610 256 3680 scopis
281 3606 540 3663 inaudita
577 3606 770 3673 tradit,
801 3613 861 3660 ut
888 3605 1069 3660 solent
1101 3604 1202 3670 illi,
1227 3603 1319 3675 qui
1349 3603 1416 3658 de
1441 3605 1672 3659 vocabu-

73 3702 252 3756 lorum
314 3700 634 3772 originibus
694 3698 995 3768 disputant.
1055 3695 1255 3751 Omnia
1303 3705 1485 3752 autem
1547 3710 1671 3767 quae

75 3795 241 3849 tradit
270 3803 332 3848 et
366 3792 581 3857 iutilia,
616 3801 672 3846 et
702 3791 839 3846 falsa
885 3799 940 3846 et
984 3789 1224 3844 absurda
1267 3797 1415 3844 sunt.
1466 3787 1673 3844 Statuit

74 3887 215 3941 enim
263 3887 412 3940 abba
460 3885 580 3941 sive
620 3884 810 3937 πάπαν
853 3881 1167 3953 signiﬁcare
1215 3897 1404 3948 avum,
1451 3881 1668 3936 titulum

77 3979 225 4032 illum
265 3977 606 4048 patriarcha:
646 3975 869 4040 datum,
912 3990 1035 4030 cum
1097 3973 1240 4029 alius
1285 3973 1512 4042 reliquis
1555 3971 1671 4043 epi-

77 4072 260 4141 sc0pis
313 4077 692 4138 competeret;
745 4068 911 4138 idque
966 4067 1146 4138 primo
1192 4065 1583 4132 Alexandriae,
1609 4072 1672 4119 ut

77 4175 290 4234 postea,
328 4163 566 4225 scilicet,
603 4159 856 4216 Romano
885 4160 1132 4230 pontiﬁci
1155 4158 1568 4214 attribueretur.
1603 4155 1670 4211 Ut

77 4255 243 4328 igitur
296 4257 419 4312 haec
468 4254 652 4310 fabula
707 4254 927 4326 penitus
973 4254 1328 4325 explodatur,
1380 4251 1668 4306 ostendam

77 4350 257 4420 primo
283 4364 482 4404 vocem
513 4348 724 4415 πάπαν,
755 4363 878 4418 quae
906 4345 1146 4402 Heracles
1171 4346 1372 4400 tributa
1393 4353 1496 4410 cst,
1527 4359 1670 4398 nun-

79 4457 242 4511 quam
274 4441 624 4513 signilicasse
655 4457 832 4495 avum.
859 4438 1058 4495 Vocem
1088 4440 1229 4494 hanc
1263 4437 1667 4509 Syracusanam

1769 3226 1839 3282 Ὦ
1869 3229 2068 3284 παπία.
2105 3228 2180 3288 Ita
2211 3244 2404 3284 rursus
2431 3237 2486 3282 et
2518 3227 2572 3280 in
2611 3224 2811 3295 Vespis,
2836 3224 2930 3279 ubi
2971 3222 3344 3279 Scholiastes:

1768 3323 1970 3375 Παπία
1989 3321 2067 3387 δὲ,
2097 3318 2303 3388 πάτερ.
2324 3317 2452 3372 Erat
2468 3319 2632 3388 igitur
2657 3319 2773 3372 haec
2802 3315 3100 3370 liberorum
3123 3314 3193 3369 ab
3226 3313 3344 3382 ipsa

1770 3413 1968 3485 linguae
2013 3411 2215 3468 Gracae
2244 3409 2456 3482 origine
2478 3409 2676 3464 blanda
2711 3407 3001 3478 appellatio
3022 3405 3164 3476 patri
3195 3407 3345 3459 data.

1768 3487 2110 3556 Posteriores
2173 3499 2348 3555 Graeci
2412 3498 2660 3554 eamdem
2705 3497 3123 3567 appellationem
3179 3493 3347 3550 etiam

1771 3593 1879 3649 illis
1925 3593 2256 3658 tribuerunt,
2285 3604 2424 3660 quos
2468 3589 2624 3658 quasi
2648 3596 2865 3658 patrum
2899 3587 3020 3641 loco
3058 3584 3344 3640 habemus.

1771 3684 2108 3740 Scholiastes
2139 3679 2358 3735 Homeri
2381 3696 2394 3732 :
2417 3679 2648 3745 Πάππα,
2679 3674 3066 3749 προσφώνησις
3092 3673 3349 3745 φιλοφρομ

1768 3777 1964 3848 νητικὴ
1999 3773 2263 3846 νεωτέρου
2291 3771 2428 3844 πρὸς
2461 3765 3129 3841 πρεσϐύτερον.]ιιιιίοιέδ
3165 3765 3349 3822 senio-

1769 3869 1922 3924 ribus
1954 3877 2214 3936 tanquam
2245 3864 2341 3918 ﬁlii
2372 3863 2693 3934 parentibus
2721 3863 2941 3917 titulum
2964 3861 3113 3918 hunc
3139 3858 3348 3914 tribue-

1768 3962 1929 4028 bant;
1959 3968 2016 4015 et
2035 3959 2127 4014 ubi
2154 3957 2300 4013 aetati
2324 3957 2562 4026 dignitas
2581 3955 2763 4025 aliqua
2790 3953 3042 4017 accessit,
3056 3951 3248 4007 titulus
3262 3966 3351 4006 ve-

1767 4051 2070 4108 nerationis
2087 4043 2488 4104 habebatur.“
2503 4047 2702 4101 πάππα
2723 4047 2817 4101 καὶ
2829 4045 2892 4099 τὸ
2915 4046 3073 4100 ᾱππα
3096 4043 3158 4097 οὐ
3176 4041 3348 4113 ψιλῶς

1766 4149 1795 4200 ὁ
1832 4143 2201 4217 πατὴρ,,ἀλλὰ
2242 4142 2380 4214 πρὸς
2412 4140 2625 4212 πατέρα
2659 4138 2885 4208 σεπτικὴ
2923 4139 3100 4209 φωνή,
3122 4135 3342 4191 Suidas.

1770 4237 1884 4293 Sub
1914 4237 2017 4292 hac
2045 4235 2414 4292 venerationis
2446 4244 2575 4290 nota
2599 4234 2788 4296 πάπας
2819 4248 2850 4287 a
2882 4230 3110 4297 Graecis,
3141 4245 3281 4300 papa
3316 4244 3348 4284 a

1769 4330 2000 4398 Latinis,
2037 4330 2312 4400 primaevis
2352 4327 2609 4384 Ecclesia:
2640 4325 2978 4395 temporibus
3000 4323 3346 4379 tribuebatur

1769 4424 2061 4496 episcopis,
2100 4438 2242 4494 quos
2287 4424 2410 4478 loco
2458 4419 2828 4492 spiritualium
2866 4427 3086 4489 patrum
3142 4415 3350 4470 habue-

79 4507 199 4591 esse
227 4507 433 4590 volunt
464 4533 820 4589 Grammatici
845 4532 1118 4588 nonnulli.
1151 4507 1350 4586 Suidas
1380 4549 1392 4584 :
1419 4528 1578 4583 Οὕτω
1609 4527 1667 4582 δὲ
1697 4529 1743 4584 D
1771 4527 1933 4572 fumo.
1968 4516 2128 4572 Nulla
2177 4515 2268 4571 hic
2330 4515 2448 4583 avi,
2501 4513 2652 4570 nulla
2697 4512 2866 4583 patris
2906 4521 3120 4578 patrum
3170 4507 3344 4562 notio.

77 4626 298 4696 λέγεται
337 4626 491 4698 παρὰ
524 4625 912 4698 Συρακουσίοις
945 4626 974 4677 ὁ
1007 4624 1192 4696 πατὴρ
1223 4623 1429 4687 πάπας.
1470 4620 1671 4676 Eusta-

81 4722 273 4776 thius:
313 4718 500 4772 Ἄλλοι
529 4719 622 4784 δὲ,
658 4719 740 4772 ὅτι
775 4717 929 4790 παρὰ
975 4716 1370 4788 Συρακουσίοις
1410 4713 1599 4778 πάπας
1640 4714 1669 4767 ὁ

78 4812 286 4884 πατήρ.
343 4811 518 4865 Aliter
569 4810 929 4882 Etymologus
973 4828 986 4864 :
1035 4809 1193 4863 Οὕτω
1246 4806 1464 4876 λέγεται
1519 4804 1670 4877 παρὰ

79 4901 481 4972 Συρακουσίοις
523 4901 554 4954 ὁ
598 4900 804 4973 πατὴρ,
854 4902 983 4964 πᾶς.
1032 4897 1190 4966 Quod
1223 4898 1445 4969 quidem
1475 4911 1668 4952 verum

80 5006 202 5046 esse
227 4999 438 5062 potest,
455 4991 687 5046 alterum
708 5007 819 5046 non
848 4991 998 5045 item.
1026 4988 1164 5048 Nam
1190 5003 1307 5048 vox
1324 4988 1514 5051 πάπας
1535 4987 1670 5058 ipsis

83 5080 384 5154 Syracusis
429 5081 588 5154 longe
634 5083 912 5153 antiquior
949 5091 1053 5138 est.
1100 5081 1388 5154 Syracusae
1418 5083 1565 5137 enim
1597 5081 1669 5137 ab

85 5176 287 5231 Archia
330 5175 568 5230 conditas
595 5185 727 5231 sunt
764 5177 850 5230 vel
876 5176 980 5231 sub
1014 5175 1248 5242 Clidico,
1280 5184 1342 5231 ut
1374 5173 1666 5242 Eusebius,

88 5267 164 5322 rel
211 5267 408 5338 potius
461 5268 566 5322 sub
609 5266 878 5340 Eschylo
924 5267 1344 5324 Atheniensium
1391 5283 1555 5339 rege,
1607 5277 1669 5322 ut

83 5358 327 5417 Marmor
365 5361 856 5428 Arundellianum;
888 5361 1003 5417 haec
1035 5369 1217 5416 autem
1245 5377 1350 5416 vox
1384 5361 1489 5416 sub
1534 5360 1668 5417 Dio-

83 5463 247 5522 επιειο
313 5454 386 5508 ab
443 5451 684 5510 Homero
739 5465 1004 5525 usurpata
1058 5464 1182 5523 est,
1237 5453 1306 5510 de
1350 5453 1666 5524 Nausicaa,

86 5541 386 5612 ΟάςιδηΖ,

95 5635 248 5713 Εβὲ
265 5637 414 5713 ptui
441 5639 581 5713 ἄγχι
609 5641 813 5699 στᾶσα
843 5643 1027 5713 φίλον
1055 5639 1281 5710 πατέρα
1311 5637 1629 5710 προσέειπε
1650 5655 1663 5669 ·

84 5705 304 5764 nam;
340 5705 490 5780 φὶ.λῖ

157 5820 257 5879 Ubi
310 5829 465 5884 vocis
517 5826 900 5892 interpretatio
960 5826 1268 5884 certissima
1329 5836 1443 5892 est,
1502 5822 1668 5882 Pater

1773 4611 1890 4667 Hoc
1913 4620 2093 4666 autem
2118 4609 2361 4666 secundo
2390 4617 2638 4678 apparet,
2654 4607 2800 4676 quod
2830 4604 3022 4658 titulus
3047 4601 3138 4656 ille
3157 4601 3346 4656 eodem

1769 4722 1886 4761 aevo
1914 4721 2025 4776 quo
2069 4705 2137 4760 de
2178 4701 2410 4759 Hcracla
2447 4709 2745 4771 usurpatus
2776 4708 2878 4764 est,
2918 4694 3042 4752 aliis
3075 4692 3351 4764 episcopis

1769 4812 1934 4869 quam
1967 4795 2298 4866 patriarcbis
2327 4792 2636 4850 communis
2666 4801 2804 4848 erat.
2836 4790 3030 4845 Clerus
3062 4786 3349 4842 Romanus

1770 4888 1837 4943 ad
1898 4887 2104 4943 clerum
2139 4885 2674 4957 Carthaginiensem:
2721 4882 3016 4936 Didicimus
3076 4878 3350 4933 secessisse

1771 4980 2102 5035 benedictum
2146 4995 2340 5051 papam
2376 4978 2706 5048 Cyprianum
2743 4993 2775 5030 a
2808 4974 3098 5030 Clementia
3125 4973 3349 5028 subdia-

1770 5088 1920 5128 cono.
1968 5071 2138 5128 Iidem
2170 5073 2227 5126 in
2257 5072 2415 5127 titulo
2457 5069 2702 5140 epistolae
2746 5069 2814 5123 ad
2861 5068 3042 5137 ipsum
3084 5067 3346 5137 scriptae:

1770 5166 2041 5237 Cypriane
2073 5180 2224 5236 papa:
2259 5162 2548 5233 presbyteri
2589 5172 2640 5216 et
2690 5158 2904 5214 diaconi
2960 5159 3140 5215 Romae
3177 5159 3350 5213 consi-

1770 5267 1961 5312 stentes
1991 5255 2140 5312 S.Ita
2170 5255 2376 5318 Romm,
2403 5256 2476 5308 ita
2503 5255 2557 5308 in
2589 5252 2774 5308 Africa
2804 5252 2970 5308 locuti
3009 5262 3140 5307 sunt
3169 5269 3183 5305 :
3219 5248 3352 5305 Uni-

1773 5351 1902 5405 uersi
1934 5349 2255 5419 confessores
2277 5346 2545 5416 Cypriane
2573 5361 2723 5416 papa:
2758 5345 2821 5402 S.
2853 5343 3216 5414 Hieronymus
3243 5340 3348 5396 ali-

1771 5444 1992 5516 quando
2063 5441 2432 5512 Theophilum
2520 5439 2868 5510 episcopum.
2919 5435 3351 5493 Alexandrinum

1771 5557 1965 5611 papam
1992 5540 2248 5610 appellat,
2282 5547 2344 5593 ut
2371 5540 2426 5592 in
2463 5535 2727 5608 Apologia
2759 5535 3022 5590 adversus
3043 5529 3349 5594 Bullinum,

1773 5639 1916 5710 Ergo
1941 5649 1992 5693 et
2018 5637 2253 5708 epistola:
2273 5652 2424 5706 papa:
2445 5633 2720 5704 Theophili
2743 5642 2794 5687 et
2823 5629 3109 5702 Epiphunii
3130 5636 3178 5682 et
3211 5625 3353 5680 alio-

1775 5749 1892 5786 rum
1939 5732 2302 5801 episcoporum
2352 5739 2399 5782 te
2453 5739 2659 5799 petunt,
2693 5738 2741 5782 te
2784 5725 3057 5789 lacerant;
3087 5732 3144 5779 et
3189 5719 3355 5792 paulo

1775 5833 1896 5892 post
1955 5844 1966 5879 :
2027 5823 2196 5878 Lectis
2279 5837 2440 5889 nuper
2525 5837 2672 5890 papa:
2731 5817 3002 5887 Theophili
3079 5813 3354 5881 epistolis,
