3864 6204
498 347 609 404 εδδ

1546 350 1607 406 S.
1645 350 1991 409 IGNATIUS.
2025 339 2094 392 :—
2134 343 2672 402 PROLECOMENA.

3647 347 3766 402 244

499 460 1017 532 iterumquezNunc
1047 464 1279 533 primum
1305 481 1339 519 a
1365 481 1504 537 papa
1524 466 1809 537 Theophila
1830 468 2080 522 didicisse
2111 472 2150 529 Α
2184 459 2330 530 apud
2353 458 2643 529 Ethiopas
2664 458 3042 514 intemeratam
3065 457 3130 513 ad
3162 473 3260 514 sua
3304 473 3480 532 usque
3504 469 3764 533 temiiora

497 554 798 623 impietates
830 554 967 624 ejus.
1005 554 1070 611 Et
1097 557 1152 610 in
1189 557 1420 627 epistola
1451 558 1518 612 ad
1551 558 1730 628 ipsum
1755 559 1881 614 data
1916 578 1929 612 :
1960 559 2075 612 Ad-

497 645 664 700 nitere
690 661 836 716 ergo,
856 662 995 716 papa
1023 649 1392 702 amantissime
1437 658 1593 718 atque
1610 648 1929 705 beatissime.
1953 648 2076 705 Non

497 738 644 807 quod
678 737 829 795 hunc
867 739 1089 794 titulum
1119 741 1494 797 Alexandrino
1545 741 1804 812 episcopo
1834 742 2077 812 peculia-

494 844 612 884 rem
659 831 935 898 crederet;
961 832 1314 887 Anastasium
1345 833 1493 888 enim
1529 834 1696 889 simul
1739 848 1864 888 cum
1895 833 2075 889 Theo-

494 920 648 990 philo
691 922 1005 987 nominans,
1049 923 1222 986 illum,
1264 939 1373 978 non
1421 924 1590 990 hunc,
1623 941 1816 994 papam
1858 939 2020 982 vocat
2056 947 2070 982 :

495 1007 641 1074 Quid
677 1010 886 1080 faciunt
914 1013 1152 1081 epistola:
1183 1015 1456 1085 Theophili
1484 1020 1878 1092 episcopi,quid
1921 1037 2074 1092 papa:

491 1103 794 1167 Anastasii,
821 1105 878 1158 in
911 1114 1021 1160 toto
1047 1107 1169 1160 orbe
1190 1108 1496 1164 htereticum
1524 1115 1930 1184 persequentes?
1959 1115 2076 1172 lmo

492 1195 550 1248 in
580 1195 809 1264 cpistola
845 1197 911 1252 ad
947 1195 1306 1269 Theophilum
1337 1201 1464 1258 data
1503 1203 1852 1260 Anastasium
1879 1223 2072 1276 papam

493 1286 749 1357 appellat,
784 1286 870 1340 Ea:
925 1289 1322 1359 dispensatione
1371 1292 1466 1348 Dei
1498 1294 1700 1365 factum
1746 1308 1893 1367 puto,
1923 1310 1982 1352 ut
2011 1315 2071 1353 eo

491 1380 548 1432 in
572 1386 799 1448 tempore
818 1390 877 1435 tu
897 1397 1101 1451 quoque
1121 1382 1192 1435 ad
1218 1383 1561 1440 Anastasium
1577 1405 1770 1458 papam
1793 1392 2066 1448 scriberes.

490 1469 644 1526 Alios
659 1473 822 1526 etiam
839 1473 1029 1527 eodem
1053 1475 1275 1531 nomine
1298 1477 1579 1550 indigitat:
1603 1479 1686 1535 Ne
1705 1498 1784 1536 me
1805 1484 1984 1537 mittas
1999 1485 2068 1538 ad

489 1578 583 1616 sex
608 1563 782 1618 millia
809 1563 1066 1618 librorum
1096 1568 1232 1636 ejus,
1261 1587 1391 1640 quos
1422 1572 1609 1643 legisse
1638 1572 1846 1628 beatum
1875 1592 2068 1644 papam

489 1651 854 1724 Epiphaniam
871 1661 1206 1728 criminaris;
1230 1673 1282 1717 et
1304 1679 1533 1721 rursus:
1561 1664 1756 1736 Erupit
1776 1666 2067 1738 aliquando

487 1755 676 1801 contra
723 1766 918 1820 papam
966 1753 1344 1825 Epiphaniam,
1395 1757 1660 1830 Apologia
1703 1761 1964 1815 secunda.
2007 1760 2064 1816 In

2178 551 2586 622 permansisse?
2611 551 2746 606 nihil
2776 551 2993 606 horum.
3016 550 3072 607 Id
3104 567 3275 607 unum
3299 563 3573 621 asserunt,
3591 571 3765 626 supe-

2177 644 2312 699 riori
2334 643 2537 701 saeculo
2562 643 2742 699 nullos
2765 641 2937 699 fuisse
2964 645 3018 698 in
3045 642 3285 701 Ecclesia
3303 643 3619 716 Ethiopica
3638 648 3766 719 epi-

2177 751 2397 808 scopos,
2454 737 2694 791 abunam
2730 752 2900 790 unum
2929 736 2997 792 ab
3023 737 3394 793 Alexandrino
3439 739 3762 808 patriarcha

2174 829 2411 884 electum
2459 837 2514 883 et
2560 839 2828 884 creatum.
2861 827 3063 884 Demus
3096 829 3263 900 igitur
3294 829 3347 885 id
3381 846 3577 886 verum
3595 846 3760 896 esse,

2175 923 2321 992 quod
2367 935 2559 976 eorum
2608 921 2924 976 testimonio
2958 921 3348 987 conﬁrmatur,
3389 923 3614 977 etiamsi
3644 923 3761 979 iﬂis

2173 1014 2334 1085 longe
2371 1014 2560 1084 plures
2586 1013 2921 1068 contrarium
2956 1012 3116 1082 plane
3143 1013 3394 1081 doceant,
3418 1024 3583 1085 atque
3606 1017 3762 1072 inter

2172 1118 2271 1158 eos
2308 1105 2424 1174 ipse
2473 1102 2800 1159 Salmasius.
2835 1106 2917 1158 An
2958 1104 3087 1159 inde
3116 1106 3365 1175 sequitur
3397 1106 3758 1162 traditionem

2175 1195 2570 1266 Eutychianam
2592 1194 2898 1267 inEgypto
2926 1211 3114 1250 revera
3142 1197 3210 1251 ab
3227 1198 3386 1252 initio
3417 1198 3758 1263 obtinuisse,

2172 1296 2226 1340 et
2239 1301 2457 1342 omnem
2470 1286 2767 1358 lgnatianis
2782 1286 3028 1355 epistolis
3043 1286 3201 1342 ﬁdem
3215 1288 3580 1358 abrogandam
3594 1305 3725 1346 esse.
3737 1291 3762 1343 2

2173 1376 2316 1430 Nulli
2354 1376 2579 1431 fuerunt
2637 1377 2693 1430 in
2743 1375 3025 1446 Ethiopia
3059 1378 3302 1448 episcopi
3345 1387 3543 1448 praeter
3573 1395 3759 1434 unum

2169 1467 2404 1524 abunam
2453 1467 2650 1523 saeculo
2682 1484 2794 1522 xvr.
2827 1467 2971 1539 Ergo
3003 1469 3136 1523 nulli
3161 1479 3318 1524 erant
3350 1471 3403 1524 in
3437 1481 3549 1526 tota
3573 1470 3758 1542 Egy-

2169 1561 2348 1629 ptiaca
2393 1561 2616 1616 dioecesi
2659 1563 2837 1630 primo
2857 1563 2942 1616 vel
2973 1562 3213 1617 secundo
3239 1563 3440 1618 saeculo
3474 1579 3653 1633 usque
3683 1565 3757 1620 ad

2168 1665 2221 1706 a.
2276 1651 2340 1706 D.
2383 1651 2487 1706 I90
2544 1653 2789 1722 episcopi
2833 1663 3029 1722 praeter
3056 1653 3484 1709 Alexandrinum
3511 1656 3757 1725 patriar-

2169 1746 2367 1812 cham;
2401 1746 2632 1816 ideoque
2669 1746 2913 1816 epistola:
2938 1745 3130 1816 lgnatii
3161 1746 3408 1802 conﬁcta:
3437 1757 3588 1801 sunt.
3625 1745 3753 1802 Non

487 1841 757 1907 prooemio
815 1841 1346 1902 Commentariorum
1403 1847 1456 1902 in
1515 1847 1731 1917 Jonam,
1803 1850 2053 1908 Craterum

2168 1837 2366 1906 probat
2406 1846 2502 1892 aut
2541 1838 2799 1903 admittit,
2830 1839 3026 1908 opinor
3050 1878 3066 1903 ,
3113 1838 3258 1894 hanc
3293 1839 3751 1908 consequentiam

487 1943 593 1982 non
619 1931 952 2001 ignoramus,
982 1936 1423 2008 Chromatipapa
1452 1942 1782 1998 uenerabilis.
1836 1944 1894 1998 lu
1948 1945 2066 2015 epi-

487 2019 629 2074 stola
657 2021 725 2076 ad
757 2023 1120 2094 Augustinum
1159 2047 1172 2083 :
1216 2028 1542 2086 Incolumem
1567 2043 1617 2087 et
1654 2037 1755 2088 mei
1785 2052 2064 2090 memorem

488 2113 539 2160 te
563 2105 765 2162 Christi
793 2109 1010 2167 Domini
1071 2116 1347 2172 clementia
1386 2130 1622 2189 tueatur,
1663 2124 1872 2180 domine
1911 2144 2063 2180 vene-

486 2195 654 2250 rande
687 2206 738 2252 et
783 2199 1085 2258 beatissime
1128 2221 1289 2276 papa.
1326 2205 1404 2263 Ita
1435 2211 1626 2281 reliqui
1677 2213 1918 2281 ejusdem
1963 2213 2062 2267 aevi

485 2300 688 2343 nomen
733 2306 886 2360 papa:
926 2295 1152 2350 cuilibet
1187 2300 1445 2371 episcopo
1475 2303 1805 2358 tribuebant.
1853 2303 2059 2370 Tertio,

485 2374 753 2464 usitatum
796 2379 946 2438 hunc
991 2386 1207 2440 titulum
1263 2390 1427 2444 etiam
1473 2406 1598 2446 ante
1642 2391 1959 2464 Dionysium
2005 2404 2060 2450 et

484 2462 772 2523 Heraclam
806 2471 966 2528 docet
998 2491 1100 2531 nos
1140 2476 1508 2537 Tertullianus
1554 2482 1649 2537 lib.
1682 2481 1759 2537 De
1787 2462 2061 2554 pudicitia

485 2571 608 2626 cap.
638 2559 727 2628 l5,
757 2563 852 2631 qui
901 2565 969 2620 de
1010 2568 1267 2640 episcopo
1299 2570 1548 2627 Romano
1583 2575 1699 2629 haec
1744 2576 1905 2631 habet
1937 2596 1952 2632 :
1992 2575 2060 2631 In

481 2663 604 2702 eum
643 2650 871 2710 hominis
921 2659 1144 2729 exitum,
1181 2674 1436 2734 quantum
1475 2676 1641 2734 potes,
1679 2669 2059 2725 misericordia

482 2744 745 2802 illecebris
767 2751 932 2806 bonus
949 2766 1153 2823 pastor,
1167 2766 1216 2811 et
1237 2757 1535 2814 benedictus
1551 2778 1689 2831 papa
1705 2765 2054 2820 concionaris.

482 2835 622 2892 Cum
652 2838 818 2909 igitur
845 2859 946 2898 vox
978 2863 1118 2917 papa
1145 2865 1421 2920 nunquam
1448 2854 1714 2924 signiticet
1751 2873 1928 2923 avum,
1963 2858 2058 2912 sed

480 2931 742 2988 omnibus
771 2936 1044 3007 episcopis
1075 2955 1290 3010 semper
1317 2943 1517 2998 tributa
1555 2947 1644 3012 sit,
1679 2956 1733 3000 et
1756 2949 1908 3017 prius
1934 2951 2057 3019 qui-

481 3019 606 3075 dem
656 3025 914 3097 episcopo
945 3027 1196 3087 Romano
1233 3049 1399 3103 quam
1446 3037 1834 3105 Alexandrino,
1869 3041 2053 3097 inania

2169 1929 2255 1982 vir
2275 1928 2650 1985 doctissimus.
2676 1928 2906 2000 Reliqua
2933 1929 3080 1984 enim
3101 1930 3288 1985 omnia
3303 1946 3424 2000 quae
3450 1945 3752 1984 enumera—

2167 2021 2373 2089 vimus,
2424 2022 2491 2077 ad
2542 2021 2941 2094 Eutycbianam
2994 2022 3340 2078 traditionem
3390 2021 3748 2090 ﬁrmandam,

2167 2111 2323 2180 plura
2374 2122 2558 2167 autem
2591 2113 2658 2166 ad
2698 2113 2969 2182 lgnatium
3005 2113 3350 2182 epistolicum
3383 2113 3750 2182 rejiciendum

2166 2205 2473 2259 necessaria
2510 2211 2638 2260 sunt
2672 2223 2686 2258 :
2719 2219 2842 2274 quae
2866 2204 3044 2258 adhuc
3075 2204 3226 2259 nullo
3260 2205 3577 2260 testimonio
3603 2219 3750 2261 con-

2166 2298 2474 2363 ﬁrmantur,
2503 2297 2615 2352 imo
2646 2312 2770 2368 qua:
2803 2297 2955 2351 nullo
2989 2298 3301 2354 conﬁrmari
3331 2306 3587 2367 possunt.

2235 2387 2421 2444 Primo
2477 2391 2621 2444 enim
2660 2388 3046 2443 Christianitas
3098 2387 3408 2460 Ethiopica
3461 2390 3532 2444 ab
3581 2390 3750 2446 initio

2162 2495 2272 2534 non
2300 2481 2512 2535 videtur
2529 2479 2702 2536 fuisse
2717 2480 2971 2536 Ecclesiae
2985 2479 3318 2551 Egyptiaca:
3343 2481 3558 2536 tradux.
3577 2480 3745 2549 Nam,

2163 2582 2298 2629 teste
2326 2571 2549 2640 Irenaeo,
2588 2573 2627 2628 l.
2659 2589 2745 2641 ut,
2773 2589 2825 2630 c.
2856 2575 2944 2642 12,
2974 2573 3153 2644 Spado
3195 2574 3390 2644 reginas
3417 2572 3747 2644 Ethiopum

2162 2665 2358 2720 missus
2404 2676 2483 2720 est
2530 2666 2585 2718 in
2621 2667 2856 2737 regiones
2901 2664 3194 2737 xEthiopia:
3226 2667 3614 2736 praedicaturus
3641 2666 3742 2719 hoc

2159 2758 2298 2827 quod
2327 2759 2437 2827 ipse
2457 2759 2774 2814 crediderat.
2801 2758 2950 2814 Idem
2975 2769 3204 2814 testatur
3220 2758 3418 2814 Euseb.
3447 2759 3485 2812 l.
3513 2775 3577 2823 ll,
3601 2774 3656 2814 c.
3689 2761 3738 2822 l,

2157 2860 2213 2905 et
2245 2850 2303 2906 S.
2342 2849 2565 2906 Hieron.
2591 2853 2648 2905 in
2669 2869 2763 2907 Llll
2801 2851 2987 2917 Isaite,
3012 2861 3067 2908 et
3107 2851 3166 2907 S.
3197 2851 3362 2924 Cyril.
3398 2853 3616 2908 catech.
3646 2853 3729 2908 Π.

2160 2940 2316 2998 Unde
2359 2952 2414 2998 et
2449 2943 2739 3015 tEthiopes
2784 2945 2890 3015 ipsi
2933 2961 2964 3000 a
3000 2945 3248 3015 Philippo
3280 2947 3530 3015 apostolo
3576 2962 3640 3002 se
3669 2949 3728 3002 ad

2157 3037 2318 3091 ﬁdem
2353 3053 2648 3094 conversos
2675 3038 3018 3107 proﬁtentur.
3049 3037 3253 3094 Volunt
3281 3039 3446 3094 etiam
3481 3041 3731 3095 nonmihi

482 3122 614 3204 sunt
658 3119 844 3173 omnia
889 3121 961 3176 ob
993 3139 1115 3192 quae
1155 3126 1294 3182 hanc
1343 3129 1627 3185 historiam
1675 3136 2053 3204 excogitarunt

2160 3126 2218 3182 S.
2267 3127 2535 3183 Thomam
2593 3129 2945 3200 Ethiopibus
2995 3129 3349 3202 Evangelium
3377 3132 3730 3201 praedicasse,

480 3203 724 3273 Arabes;
773 3209 912 3267 falsa
965 3216 1129 3270 etiam
1157 3227 1211 3272 et
1236 3219 1466 3276 historia
1507 3223 1574 3278 ad
1613 3193 2053 3282 horumvtantum

2158 3218 2249 3272 alii
2273 3218 2332 3272 S.
2362 3217 2702 3286 Matthaeum,
2721 3193 2801 3275 ιιι-
2820 3220 2976 3276 Socr.
3005 3221 3043 3276 Ι.
3071 3237 3109 3289 ι,
3133 3193 3184 3277 οῖ
3213 3223 3300 3290 l9,
3331 3193 3581 3279 Bullinus
3604 3224 3645 3279 ι.
3676 3193 3726 3279 ι.

477 3298 950 3360 conﬁrmationem
987 3310 1204 3368 tradita.

534 3389 912 3454 .Excussimus
946 3403 1289 3461 traditionem
1319 3407 1716 3481 Egyptiacam,
1744 3429 1906 3487 quam
1953 3429 2054 3469 nos

478 3499 760 3556 nunquam
803 3503 987 3549 natam
1036 3496 1206 3554 fuisse
1251 3505 1653 3573 contendimus,
1690 3516 1742 3561 et
1770 3509 1838 3562 ab
1859 3507 2057 3562 Arabi-

477 3579 991 3644 bus'tantummodo
1033 3591 1249 3658 ﬁctam;
1277 3610 1404 3650 ecce.
1442 3607 1623 3652 autem
1655 3603 1819 3654 etiam
1854 3603 2052 3656 redivi-

473 3684 601 3726 vam
633 3681 688 3728 et
708 3675 775 3730 ad
802 3675 947 3733 hunc
973 3697 1145 3751 usque
1174 3685 1318 3740 diem
1354 3690 1736 3758 superstitem!
1766 3691 2053 3762 Eutychia-

653 3774 995 3830 tradilionem
1048 3780 1229 3848 ﬁrmat
1273 3785 1414 3838 idem
1485 3789 1820 3854 institutum,
1875 3790 2050 3860 inquit

472 3854 730 3924 Maliacus,
787 3864 846 3917 in
899 3869 1275 3937 antiquissima
1322 3882 1372 3926 et
1421 3875 1752 3931 nobilissima
1796 3854 2049 3934 Ecclesia:

473 3943 814 4016 Egyptians
837 3957 1073 4024 traduce,
1089 3959 1393 4032 Ethiopian
1412 3967 1833 4036 Christianitale,
1848 3973 1917 4024 ad
1937 3973 2046 4026 htec

471 4051 635 4130 usque
651 4051 886 4110 tempora
905 4061 1188 4107 servatum.
1210 4051 1276 4105 In
1299 4057 1442 4109 omni
1461 4059 1601 4111 enim
1621 4057 1928 4130 {Ethiopira
1952 4062 2048 4116 Ec-

472 4126 637 4224 clesia
667 4149 801 4188 unus
823 4147 901 4190 est
912 4139 1029 4208 jam
1055 4143 1118 4195 ab
1142 4147 1375 4216 antiquis
1394 4151 1712 4216 temporibus
1751 4126 2042 4224 episcopus,

472 4219 672 4287 abuna,
704 4235 762 4278 ut
789 4241 992 4299 vocant,
1022 4234 1074 4287 id
1109 4243 1193 4290 est
1213 4239 1545 4306 patriarcha,
1572 4243 1663 4310 qui
1691 4219 1855 4297 etiam
1892 4219 2045 4301 hodie

469 4312 538 4367 ab
581 4314 945 4376 Alexandrino
986 4327 1295 4393 patriarcha
1341 4346 1680 4389 consecratur
1711 4347 1760 4391 et
1790 4337 2041 4392 mittitur.

469 4403 710 4476 Antiqua
741 4420 921 4466 autem
955 4423 1199 4486 tempora
1241 4435 1363 4489 qua:
1394 4421 1526 4487 sint,
1559 4434 1744 4494 postea
1772 4427 2040 4493 ostendit;

2157 3325 2206 3366 c.
2250 3310 2302 3365 9.
2341 3309 2631 3382 Utcunque
2676 3313 2766 3380 sit,
2805 3323 2932 3368 sunt
2961 3314 3108 3368 enim
3152 3315 3343 3384 prima:
3402 3317 3732 3387 evangelica

2155 3401 2614 3473 promulgationis
2636 3405 2865 3476 vestigia
2897 3413 2956 3460 ut
2979 3405 3120 3476 apud
3143 3406 3282 3462 alias
3305 3416 3490 3477 gentes
3516 3423 3550 3461 a
3580 3407 3733 3464 Gra-

2154 3495 2233 3550 cis
2279 3495 2438 3566 longe
2481 3497 2729 3566 dissitas,
2754 3498 2828 3552 ita
2857 3506 2912 3553 et
2939 3498 3083 3568 apud
3123 3497 3412 3568 Ethiopas
3441 3499 3600 3554 valde
3625 3500 3730 3554 ob-

2154 3602 2336 3655 scura,
2370 3604 2533 3644 nemo
2574 3599 2756 3644 tamen
2785 3599 3029 3646 veterum
3059 3591 3196 3646 dixit
3221 3591 3511 3661 Ethiopas
3546 3593 3732 3661 primo

2152 3680 2236 3734 vel
2301 3680 2543 3736 secundo
2601 3680 2800 3737 saeculo
2855 3681 3172 3752 religionem
3232 3681 3604 3738 Christianam
3658 3684 3733 3739 ab

2153 3771 2422 3844 Egyptiis
2474 3772 2763 3839 didicisse;
2833 3774 2981 3844 quod
3038 3783 3157 3830 erat
3206 3775 3273 3830 ad
3326 3773 3730 3847 Eutychianam

2151 3866 2498 3920 traditionem
2538 3864 2864 3921 ﬁrmandam
2893 3866 3166 3936 imprimis
3202 3868 3436 3937 probatu
3461 3883 3738 3925 necessa—

2149 3958 2313 4012 rium.
2347 3957 2414 4011 Et
2440 3958 2640 4012 mirum
2672 3965 2776 4022 est,
2800 3966 2936 4027 quot
2959 3959 3217 4028 etqualia
3253 3960 3370 4015 haec
3397 3959 3464 4016 de
3508 3963 3732 4032 lgnatio

2150 4052 2466 4122 conjectura
2523 4049 2786 4105 Dallaaum
2833 4051 3041 4123 docuit,
3089 4067 3212 4122 quae
3269 4062 3426 4109 antea
3493 4069 3733 4124 prorsus

2148 4142 2439 4213 ignoravit.
2499 4148 2580 4200 Ita
2631 4146 2778 4201 enim
2830 4146 2946 4216 ipse
2973 4145 3041 4200 de
3091 4144 3358 4216 Pseudep.
3385 4156 3560 4216 apost.
3596 4147 3632 4202 l.
3667 4162 3728 4215 ι,

2145 4250 2196 4290 c.
2222 4235 2259 4288 ‘2
2292 4254 2305 4290 :
2343 4235 2448 4290 Sed
2485 4237 2770 4308 Ethiopas
2799 4237 3009 4308 quidem
3036 4238 3329 4304 mittamus,
3360 4254 3583 4308 quorum
3616 4256 3733 4296 non

2147 4329 2252 4382 nisi
2277 4330 2638 4384 recentissima
2681 4333 2940 4393 novimus,
2966 4331 3184 4400 antiqua
3209 4331 3365 4401 plane
3389 4333 3730 4403 ignoramus.

2215 4418 2474 4475 Fatemur
2515 4420 2770 4490 quidem,
2821 4421 3087 4492 quidquid
3148 4421 3218 4476 ab
3270 4421 3569 4492 Eunucho,
3621 4434 3731 4481 aut

467 4495 548 4594 ait
584 4498 637 4552 in
668 4499 962 4574 Ethiopiae
1004 4511 1208 4577 pariter
1241 4527 1307 4565 ac
1357 4511 1576 4585 Agin-pii
1607 4516 1958 4587 amplissimis
1985 4528 2041 4573 οι
2071 4535 2118 4594 D
2153 4507 2388 4578 Thoma,
2421 4520 2516 4565 aut
2539 4510 2792 4566 Matthazo
2821 4509 3024 4566 factum
3050 4514 3210 4568 estin
3237 4513 3345 4568 illis
3375 4514 3728 4584 regionibus,

468 4586 958 4652 Christianissintis
1020 4599 1333 4658 civitatibus
1395 4606 1574 4660 nullos
1622 4586 1782 4662 adra.
1816 4606 1879 4661 D.
1941 4602 2041 4657 190

466 4681 779 4754 episcopos,
810 4688 1047 4744 abunam
1078 4701 1288 4747 tantum
1315 4694 1488 4752 fuisse
1511 4696 1879 4769 tEtbiopicum
1902 4708 1962 4754 ut
1987 4708 2041 4754 et

465 4779 837 4844 patriarcham
870 4781 1320 4841 Alexandrinum.

539 4870 736 4936 Quaero
787 4885 970 4930 autem
1009 4879 1152 4933 unde
1200 4879 1316 4934 haec
1363 4882 1546 4936 omnia
1588 4898 1688 4952 pro
1742 4885 2038 4956 compertis

465 4961 667 5017 habeat
714 4965 797 5020 vir
845 4967 1222 5028 doctissimus.
1274 4971 1468 5028 Testes
1510 4985 1747 5043 quatuor
1793 4977 2034 5043 adducit,

463 5049 811 5122 Alphonsum
843 5055 1193 5124 Mindesium,
1218 5059 1500 5116 Nicolaum
1515 5062 1840 5132 Godignnm,
1869 5066 2037 5121 Joan-

460 5159 590 5201 nem
614 5162 646 5202 a
679 5145 918 5216 Sanctis,
947 5150 1304 5208 Franciscum
1329 5155 1602 5222 Alvarem,
1636 5174 1873 5228 nuperos
1895 5161 2034 5214 scri—

461 5250 654 5310 ptores
719 5256 932 5307 omnes,
987 5243 1225 5303 Jesuitas
1280 5258 1375 5303 aut
1424 5251 1834 5306 Dominicanos.
1892 5251 2033 5318 Quid

460 5339 647 5386 autem
693 5333 770 5387 illi
805 5339 1114 5391 testantur?
1153 5355 1223 5393 an
1255 5341 1719 5397 Christianitatem
1754 5343 2034 5414 Aﬂthiopi-

459 5437 584 5478 cam
623 5424 693 5480 ab
734 5427 895 5483 initio
943 5429 1116 5486 fuisse
1167 5432 1428 5490 Ecclesiae
1466 5434 1798 5508 Egyptiaeae
1847 5437 2033 5491 tradu-

460 5515 619 5571 cem?
642 5532 712 5571 an
741 5519 811 5574 ab
848 5522 1078 5592 antiquo
1106 5541 1280 5594 usque
1309 5527 1377 5581 ad
1429 5543 1481 5584 a.
1517 5527 1582 5582 D.
1618 5529 1739 5595 l90,
1769 5527 1942 5584 fuisse
1975 5531 2029 5583 in

460 5607 742 5682 EthiOpia
764 5617 1133 5684 patriarcham
1162 5631 1256 5676 aut
1286 5621 1522 5678 abunam
1547 5639 1672 5680 cum
1702 5624 2033 5695 presbyteris

458 5703 902 5774 quamplurimis,
924 5708 1180 5779 episcopo
1203 5721 1384 5767 autem
1411 5715 1600 5769 nullo?
1627 5732 1696 5770 an
1722 5717 1861 5770 hanc
1890 5716 2030 5786 regi-

464 5795 633 5855 miuis
681 5796 914 5858 formam
971 5803 1039 5860 ab
1089 5803 1364 5880 Egyptiis
1418 5807 1590 5867 fuisse
1626 5810 2028 5872 derivatam.et

2147 4601 2440 4673 IEthiopas
2497 4604 2792 4674 aliquando
2842 4603 3212 4660 Christianam
3269 4607 3589 4678 religionem
3646 4613 3731 4666 ab

2144 4695 2416 4768 Egyptiis
2441 4697 2714 4766 hausisse,
2744 4698 2890 4768 quod
2929 4699 3096 4753 multa
3125 4698 3521 4758 demonstrant.
3552 4701 3729 4770 Qua:-

2140 4791 2281 4843 ritur
2336 4797 2550 4844 tantum
2600 4788 2668 4844 de
2716 4800 2982 4859 tempore,
3010 4790 3167 4861 cujus
3199 4792 3438 4864 engnitio
3485 4803 3605 4848 erat
3642 4797 3727 4850 ad

2145 4879 2251 4934 hoc
2280 4890 2664 4950 argumentum
2693 4881 2851 4951 plane
2883 4888 3209 4939 necessaria.
3231 4883 3365 4940 Nam
3393 4885 3496 4941 nisi
3513 4887 3725 4956 probe-

2140 4980 2231 5026 tur
2253 4971 2550 5042 Aﬁtbiopas,
2565 4973 2801 5029 abunam
2815 4975 3072 5032 habuisse
3097 4977 3166 5033 ab
3197 4979 3454 5049 episcopo
3473 4978 3725 5036 Alexan-

2137 5065 2298 5119 drino
2321 5075 2588 5133 creatum,
2623 5067 2716 5136 qui
2759 5083 2880 5123 eam
2906 5067 3204 5126 Ecclesiam
3233 5086 3357 5126 cum
3379 5072 3723 5145 presbyteris

2137 5159 2257 5212 sine
2287 5159 2395 5213 alio
2419 5159 2678 5229 episcopo
2711 5160 2936 5227 rexerit,
2970 5172 3096 5217 ante
3138 5161 3397 5218 Demetrii
3439 5174 3717 5236 tempora,

2135 5249 2473 5322 Eutychiana
2501 5252 2722 5307 traditio
2748 5254 2900 5308 nullo
2929 5255 3092 5310 modo
3121 5257 3553 5313 conlirmabitur.
3573 5259 3719 5327 Quae

2133 5354 2315 5398 autem
2365 5343 2598 5400 Dallteus
2658 5346 2833 5412 affert,
2858 5356 2916 5400 ut
2941 5346 3316 5419 IEthiopicum
3381 5350 3714 5408 Christiani-

2130 5451 2306 5492 smum
2340 5437 2410 5491 ab
2477 5435 2713 5508 Egypto
2773 5450 3132 5508 propagatum
3177 5456 3300 5497 esse
3343 5443 3709 5516 demonstret,

2136 5535 2252 5583 lucc
2291 5530 2671 5586 tantummodo
2699 5539 2856 5586 sunt:
2876 5531 3088 5600 Abuna,
3127 5534 3353 5601 scilicet,
3377 5536 3440 5588 ab
3463 5537 3708 5594 Alexan-

2129 5625 2285 5678 drino
2339 5626 2651 5696 patriarcha
2690 5629 2798 5698 peti
2843 5630 3180 5700 ordinarique
3223 5631 3508 5697 solilus,et
3553 5644 3706 5688 uetus

2128 5719 2373 5775 Dioscuri
2423 5721 2654 5774 schisma
2689 5723 2776 5775 cui
2821 5740 2942 5792 gens
2970 5733 3081 5778 tota
3123 5725 3190 5777 ad
3226 5725 3536 5780 hodiernum
3559 5729 3705 5782 diem

2129 5811 2384 5884 adhaeret,
2443 5814 2630 5886 synodi
2673 5814 3112 5872 Chalcedonensis
3148 5826 3198 5872 et
3239 5815 3429 5875 Leonis
3467 5816 3702 5874 Romani
