3864 6204
121 349 236 406 ω

836 344 888 405 Ι.
939 347 1311 406 PEARSONll
1349 346 1674 406 VINDICLE
1713 347 2138 408 IGNATIANE.
2174 381 2244 392 —
2266 349 2448 409 PARS
2474 351 2516 408 l.

3287 352 3395 411 9.56

123 466 363 538 episcopi
403 467 720 522 memoriam
754 467 1089 524 abominans.
1133 466 1262 525 Bac
1291 477 1476 525 autem
1517 483 1622 526 nec
1651 469 1722 526 ad
1747 491 1798 550 Α
1825 470 2177 527 abduceretur
2205 471 2410 543 (inquit
2436 469 2775 529 Athanasius
2791 470 2846 527 in
2863 472 3172 544 Apologia),
3203 473 3256 528 in
3287 489 3394 542 qua

125 573 177 610 a.
232 557 300 614 ο.
334 558 466 626 190,
498 574 601 615 nec
654 557 726 614 ad
779 557 1004 615 Eusebii
1063 567 1312 629 tempora
1363 559 1722 631 pertiligunt;

131 651 371 721 ideoque
404 651 477 706 ad
525 666 646 706 rem
693 661 1017 722 prasentem
1059 652 1202 707 nihil
1231 653 1458 709 omnino
1488 652 1718 710 faciunt.

130 743 344 800 Arabes
401 744 633 816 quidem
675 743 1006 816 Ethiopica
1035 744 1298 802 Ecclesia
1329 744 1630 816 primordia
1654 745 1722 800 ad

133 835 571 892 Constantinum
614 834 789 893 ferme
819 836 1087 893 referunt.
1115 835 1472 894 Ahulfaraius
1510 845 1668 893 notat
1689 852 1722 892 a

133 939 386 998 tempore
442 927 794 985 Constantini
853 929 1175 1000 religionem
1233 928 1604 986 Christianam
1662 944 1724 987 se

133 1022 444 1088 exemisse,
501 1022 679 1078 donec
743 1037 866 1078 eam
927 1022 1395 1094 amplecterentur
1451 1021 1725 1094 pleraque

132 1129 327 1168 earum
355 1130 488 1185 qua
517 1112 788 1171 Romanis
825 1114 1021 1171 vicina
1050 1123 1182 1171 sunt
1208 1123 1430 1186 gentes,
1465 1129 1567 1171 nec
1613 1130 1724 1170 non

134 1214 410 1278 quotquot
459 1206 776 1262 incolebant
820 1207 1009 1278 Copta
1048 1207 1176 1263 aliis
1208 1214 1264 1263 et
1291 1205 1516 1280 Nigrita
1546 1210 1727 1263 omni-

133 1300 257 1370 geni
311 1314 380 1354 ex
427 1297 822 1371 Ethiopibus,
855 1297 1050 1356 Nubiis
1090 1301 1438 1372 caterisque.
1479 1301 1726 1374 Geogra-

135 1394 246 1462 pho
315 1391 592 1449 Nubiensi
647 1402 1028 1448 memorantur
1076 1393 1273 1466 Nigri,
1335 1396 1424 1466 qui
1471 1405 1728 1450 vocantur

131 1486 371 1540 Albania
402 1495 457 1540 et
485 1487 742 1540 dicuntur
780 1503 891 1541 esse
914 1485 1108 1555 Graeci,
1131 1487 1535 1559 religionemque
1567 1487 1728 1544 Chri-

130 1580 370 1633 stianam
411 1579 660 1648 proﬁteri
705 1595 740 1632 a
771 1578 955 1633 diebus
981 1577 1318 1650 Coptitarum
1345 1589 1467 1634 ante
1485 1590 1728 1635 exortam

135 1667 639 1722 lustemannorum
693 1676 926 1732 sectam;
981 1683 1160 1722 verum
1227 1667 1481 1734 deficiunt
1537 1683 1572 1720 a
1621 1667 1728 1736 ﬁde

131 1757 588 1822 Christianorum,
626 1767 751 1812 sunt
786 1759 928 1811 enim
956 1756 1244 1814 lacobitte.
1281 1755 1353 1810 At
1379 1756 1728 1812 Constantini

1821 570 2089 633 tyrannos
2127 577 2224 618 eos
2274 561 2476 618 fratres
2509 573 2693 631 vocat,
2724 564 2903 636 iisque
2938 565 3094 636 paria
3122 581 3248 621 cum
3283 564 3394 622 Ro-

1822 653 2004 710 manis
2051 653 2180 725 jura
2232 653 2509 724 impertit;
2543 670 2670 710 cum
2709 656 2844 711 nulli
2874 657 3264 728 imperatorum
3288 655 3382 711 Ro-

1821 760 2111 801 manorum
2132 743 2382 802 faderati
2413 746 2557 802 ultra
2582 746 2822 818 Gangem
2849 756 3035 804 essent
3059 755 3204 804 :tum
3229 748 3398 804 etiam

1823 838 1972 909 quod
2015 837 2159 894 idem
2186 837 2545 895 Constantius
2583 839 2757 910 legem
2791 839 2980 895 fecerit
3003 839 3058 895 in
3084 841 3202 896 hac
3230 839 3398 895 verba

1823 945 1947 1001 qua
1992 944 2108 985 rem
2154 929 2328 1001 ipsam
2367 930 2506 988 mire
2548 931 2819 988 illustrat:
2856 931 3052 987 Nullus
3089 933 3160 988 ad
3198 943 3398 1005 gentem

1825 1023 2245 1077 Auxumitarum
2296 1033 2348 1078 et
2401 1021 2709 1078 Homeritas
2757 1025 2834 1079 ire
2891 1035 3202 1095 praeceptus,
3251 1025 3401 1080 ultra

1825 1116 1994 1170 annui
2045 1117 2294 1186 temporis
2338 1117 2515 1186 spatia
2551 1115 2697 1170 debet
2739 1115 3080 1172 Alexandria:
3123 1117 3187 1172 de
3213 1127 3402 1173 extero

1826 1210 2116 1265 demorari.
2154 1209 2324 1265 Erant
2350 1210 2518 1280 igitur
2541 1209 2598 1263 hi
2619 1207 2948 1280 Αὑξουμίται
2973 1208 3294 1280 καλούμενοι
3318 1209 3406 1262 Al-

1827 1299 2032 1366 θίοπες,
2067 1309 2129 1356 ιιι
2167 1301 2413 1371 loquitur
2445 1298 2866 1371 Philostorgius,
2891 1299 3186 1356 Homerilis
3205 1300 3404 1371 adjun-

1826 1393 1938 1461 cti,
1995 1393 2230 1464 imperio
2304 1392 2556 1449 Romano
2622 1392 2974 1457 contermini,
3029 1391 3405 1448 Romanorum

1827 1474 2102 1550 irederati,
2131 1495 2386 1556 tempore
2433 1483 2764 1540 Constantii.
2797 1484 2881 1539 Ad
2913 1484 3037 1538 illos
3072 1483 3238 1554 igitur
3263 1499 3408 1554 sape

1826 1576 1986 1632 missi
2017 1585 2147 1633 sunt
2175 1577 2340 1648 legati
2371 1577 2470 1648 qui
2494 1575 2885 1632 Alexandriam
2916 1575 3095 1646 primo
3124 1575 3404 1645 petebant,

1828 1669 1958 1725 inde
1999 1669 2058 1724 in
2100 1667 2442 1740 Ethiopiam
2486 1667 2823 1740 profecti,ex
2843 1667 3122 1738 Ethiopia
3171 1667 3410 1723 Alexan-

1828 1760 2004 1816 driam
2032 1760 2238 1816 reversi
2269 1768 2419 1826 sunt,
2449 1761 2518 1816 ad
2547 1775 2686 1831 quos
2707 1769 2916 1830 spectat
2943 1759 3032 1813 illa
3065 1760 3408 1816 constitutio.

129 1860 291 1907 atate
318 1850 510 1922 plures
539 1867 706 1921 quam
745 1859 967 1906 centum
993 1849 1217 1908 filerunt
1239 1851 1294 1906 in
1330 1849 1567 1922 Egypto
1608 1850 1725 1920 epi—
1753 1871 1796 1926 Β
1831 1849 1960 1907 Hac
2002 1851 2223 1906 occasio
2250 1865 2361 1907 eos.
2393 1849 2462 1904 ad
2499 1849 2660 1904 ﬁdem
2689 1847 3058 1904 Christianam
3096 1847 3200 1902 sub
3218 1847 3412 1917 primis

129 1943 317 2013 scopi;
350 1951 410 1998 et
458 1941 650 1998 eodem
691 1949 937 2012 tempore
978 1940 1251 1998 Eusebius
1281 1939 1730 2013 lgnatii.episto-

130 2035 210 2090 las
258 2035 528 2090 omnibus
573 2033 822 2089 ecclesiis
853 2031 1259 2104 perhonoritice
1297 2031 1724 2088 commendavit.

128 2126 243 2181 lmo
284 2141 424 2182 vero
472 2126 691 2181 videtur
741 2123 909 2180 etiam
960 2134 1120 2180 atate
1176 2125 1350 2195 ipsius
1409 2123 1724 2191 Athanasii,

129 2220 221 2289 qui
251 2217 528 2288 epistolas
558 2216 755 2290 lgnatii
786 2227 843 2272 et
867 2219 1019 2273 novit
1055 2226 1119 2272 et-
1147 2217 1373 2289 recepit,
1407 2225 1463 2272 et
1487 2217 1728 2288 primum

131 2311 417 2381 incognita
471 2310 560 2365 vel
612 2310 762 2365 nulla
814 2308 1008 2377 fuisse,
1036 2318 1098 2364 et
1137 2309 1264 2365 dein
1294 2309 1381 2365 vel
1411 2317 1592 2364 ortum
1623 2309 1727 2364 ha-

129 2402 358 2470 buisse,
417 2402 506 2457 vel
557 2417 617 2458 se
679 2416 1036 2471 recuperasse
1077 2400 1326 2457 Ecclesia
1382 2401 1725 2474 Egyptiaca.

131 2496 302 2565 idque
351 2503 510 2564 patet
563 2510 631 2550 ex
678 2495 911 2550 historia
948 2509 1115 2561 quam
1145 2503 1338 2549 narrat
1364 2493 1615 2550 Bullinus
1662 2493 1732 2548 de

131 2584 483 2649 Frumentio,
518 2601 680 2656 quem
747 2586 803 2640 in
860 2585 1071 2642 lndiam
1112 2602 1239 2641 cum
1279 2584 1524 2655 Meropio
1550 2583 1732 2656 profe-

129 2689 282 2732 ctum
316 2692 445 2732 esse
479 2677 666 2732 tradit.
698 2675 818 2733 Etsi
844 2678 991 2733 enim
1046 2678 1296 2735 Bullinus
1331 2678 1408 2732 ita
1440 2675 1731 2732 historiam

125 2780 407 2839 pertexat,
443 2771 606 2841 quasi
638 2771 693 2826 in
723 2769 936 2826 lndiam
966 2771 1286 2827 ulteriorem
1323 2778 1379 2826 et
1407 2768 1731 2826 orientalem

122 2860 501 2917 Fruentius
554 2862 928 2931 perrexisset;
1002 2870 1223 2917 constat
1285 2869 1466 2915 tamen
1520 2859 1732 2914 Indiam

121 2970 254 3010 eam
317 2954 492 3010 fuisse
541 2953 783 3028 Egypto
845 2955 1276 3026 proximiorem,
1334 2963 1390 3010 et
1436 2952 1736 3022 Ethiopia

122 3059 374 3120 partem.
420 3047 540 3104 Indi
591 3050 738 3104 enim
790 3047 1082 3119 Ethiopes
1138 3047 1444 3118 antiquitus
1495 3046 1734 3118 appella-

125 3143 359 3209 bantur,
393 3152 458 3198 ut
487 3143 633 3213 apud
665 3140 953 3212 Virgilium
985 3143 1054 3198 de
1077 3139 1200 3197 Nilo
1221 3140 1265 3173 ⁸⁸
1291 3159 1304 3195 :

281 3277 464 3349 Usque
496 3279 753 3332 coloratis
789 3278 963 3333 amnis
990 3277 1216 3333 devexus
1248 3278 1312 3332 ab
1342 3277 1514 3335 Indis.

198 3415 290 3471 Ad
332 3415 480 3470 hanc
509 3425 693 3470 autem
719 3411 932 3468 lndiam
962 3411 1344 3468 Frumentium
1384 3412 1564 3482 primo
1604 3427 1731 3483 per-

128 3509 358 3564 venisse
408 3515 631 3562 constat
672 3526 684 3560 :
727 3521 796 3561 ex
851 3505 948 3560 illa
991 3504 1382 3560 Alexandriam
1432 3503 1616 3570 rediit,
1677 3504 1733 3558 in

127 3601 390 3657 eamdem
436 3615 632 3654 rursus
667 3599 833 3654 etiam
871 3598 1079 3653 missus
1111 3606 1218 3663 est,
1246 3597 1394 3653 etab
1427 3597 1734 3652 Athanasio

131 3693 433 3748 ordinatus
483 3690 777 3761 episcopus
824 3689 1126 3745 Axumeos.
1161 3687 1295 3744 Erat
1347 3699 1532 3744 autem
1579 3689 1732 3744 Axu-

131 3788 236 3842 mis
275 3783 610 3854 Ethiopum
645 3783 988 3854 metropolis.
1020 3781 1336 3852 Stephanus
1361 3781 1440 3838 De
1477 3780 1692 3837 urbibus
1714 3797 1739 3838 :.

146 3877 499 3948 ’Δξουμιτης,
534 3875 856 3947 ἀρσενικῶς,
889 3874 1223 3948 μητρόπολις
1253 3873 1544 3930 Αἰθιόπων.
1575 3873 1732 3944 Apud

133 3968 437 4023 Arrianum
459 3969 516 4022 in
542 3966 757 4039 Periplo
786 3966 958 4023 maris
974 3965 1243 4038 Erythraei
1271 3966 1438 4037 (quod
1465 3965 1733 4037 Procopio

135 4060 372 4117 οπεπεί
407 4059 654 4114 θάλασσα
708 4059 905 4131 Ἰνδική
937 4057 1188 4128 vocatur)
1216 4076 1231 4112 :
1274 4058 1407 4112 Ἀπὸ
1438 4058 1495 4112 δὲ
1527 4057 1734 4129 ταύτης

136 4154 212 4215 εἰς
242 4151 423 4223 αὐτὴν
456 4151 558 4223 τὴν
594 4149 928 4222 μητρόπολιν
951 4149 1042 4203 τὸν
1090 4148 1394 4222 ’Δξωμιτην
1443 4149 1733 4220 λεγόμενον

137 4243 311 4298 ἄλλων
375 4242 606 4314 ἡμερῶν
656 4243 840 4296 πέντε.
894 4240 1190 4298 Nonnosus
1244 4240 1390 4311 apud
1439 4239 1729 4296 Photium:

150 4337 211 4388 Ἡ
233 4335 295 4389 δὲ
332 4334 587 4405 Ἀξουμα
622 4334 775 4398 πόλις
812 4335 931 4388 ἐστὶ
971 4334 1224 4406 μεγίστη,
1260 4334 1355 4387 καὶ
1382 4327 1494 4387 οἷον
1529 4332 1734 4404 μητρό⁴

141 4427 290 4491 πτολις
317 4427 426 4498 τῆς
457 4425 587 4496 ὅλης
647 4425 954 4489 Αἰθιοπίας.
979 4423 1048 4480 Et
1073 4425 1277 4480 clarius
1306 4423 1487 4479 adhuc
1526 4421 1734 4478 Procos

1828 1942 2251 2013 imperatoribus
2285 1939 2614 1996 Christianis
2639 1941 3018 1996 convertendi.

1914 2034 2036 2092 Jam
2059 2051 2190 2092 vero
2216 2042 2344 2090 ante
2363 2035 2511 2090 hunc
2525 2033 2899 2088 Frumentium
2925 2034 2978 2086 in
3001 2033 3104 2087 hac
3124 2031 3275 2086 lndia
3297 2030 3412 2084 sive

1829 2126 1972 2183 inter
2032 2126 2324 2198 Ethiopas
2372 2125 2662 2180 Axumitas
2713 2124 2862 2178 nulla
2910 2123 3239 2178 Christiana
3285 2119 3414 2174 reli-

1829 2219 2007 2288 gionis
2046 2219 2274 2290 vestigia
2327 2219 2680 2289 apparebant.
2717 2216 2792 2272 lta
2827 2215 3056 2270 omnino
3100 2213 3410 2283 intelligen-

1831 2309 1936 2366 dus
1963 2307 2220 2365 Socrates
2254 2310 2310 2363 in
2337 2308 2663 2380 praefatione
2685 2309 2752 2364 ad
2777 2308 2919 2362 hanc
2945 2306 3230 2362 historiam
3262 2323 3276 2360 :
3300 2305 3412 2376 Τὴν

1833 2403 2014 2475 μέντοι
2045 2403 2306 2474 ἐνδοτέρω
2345 2403 2532 2457 Ἰνδίαν
2564 2402 2632 2473 ἢν
2658 2403 2939 2474 προσοικεῖ
2975 2399 3260 2471 βαρϐάρων
3283 2398 3412 2469 ἔθνη

1832 2495 2004 2548 πολλὰ
2033 2495 2309 2568 διαφόροις
2340 2494 2598 2567 χρώμενα
2627 2493 3143 2564 γλώσσαιςοὺδέπω
3175 2491 3282 2562 πρὸ
3303 2490 3413 2544 τῶν

1831 2586 2242 2639 Κωνσταντινου
2305 2585 2513 2658 χρόνων
2556 2587 2585 2638 ὁ
2629 2584 2724 2638 τοῦ
2774 2580 3200 2656 Χριστιανισμοῦ
3255 2580 3414 2650 λόγος

1832 2676 2115 2745 ἐφώτιζεν.
2149 2675 2383 2731 Interior
2422 2687 2600 2732 autem
2648 2674 2830 2740 India,
2859 2689 3018 2745 quam
3050 2683 3223 2743 gentes
3260 2686 3416 2726 acco-

1835 2770 1954 2825 lunt
2020 2770 2292 2841 plurimae,
2333 2770 2554 2826 diversis
2594 2778 2798 2824 utentes
2846 2766 3064 2837 linguis,
3104 2774 3246 2819 ante-
3273 2763 3417 2820 Con-

1837 2862 2063 2916 stantini
2103 2871 2338 2932 tempora
2387 2861 2621 2915 nondum
2667 2859 2869 2916 Christi
2925 2859 3030 2928 ﬁde
3081 2858 3254 2926 fuerat
3283 2854 3416 2910 illu-

1834 2964 2030 3009 strata.
2059 2954 2204 3010 Idem
2236 2955 2402 3008 etiam
2433 2969 2502 3008 ex
2537 2953 2653 3023 ipsa
2675 2951 2903 3007 historia
2936 2948 3252 3004 innotescit.
3277 2945 3416 3002 Eru-

1837 3049 2080 3103 mentius
2133 3047 2282 3102 enim
2319 3047 2436 3118 ipse
2484 3061 2609 3100 cum
2639 3043 2976 3115 primumad
3007 3041 3212 3099 lndiam
3242 3040 3414 3107 illam,

1839 3141 1952 3195 sive
1977 3139 2327 3210 Ethiopiam.
2344 3147 2689 3210 pervenerat,
2711 3145 2767 3192 et
2793 3135 2934 3191 mira
2959 3134 3052 3189 Dei
3077 3133 3416 3204 providentia

1759 3217 1802 3274 (ἶ
1837 3234 2092 3288 maxima
2128 3231 2271 3302 apud
2313 3246 2494 3301 regem
2543 3228 2888 3285 auctoritatis
2914 3236 3081 3291 esset,
3110 3224 3417 3280 neminem-

1835 3343 1943 3397 que
1976 3327 2116 3381 inter
2147 3324 2460 3394 jEthiopias
2491 3323 2869 3378 Christianum
2909 3318 3198 3384 invenerit,
3235 3318 3414 3388 requi-

1835 3435 1947 3474 rere
1995 3419 2282 3473 sollicitius
2329 3417 2484 3487 ctepit
2527 3415 2691 3486 siqui
2728 3415 2868 3467 inter
2913 3412 3258 3482 negotiatores
3304 3408 3414 3462 Ro-

1834 3532 2018 3570 manos
2056 3514 2348 3571 Christiani
2373 3520 2561 3575 essent,
2599 3511 2768 3579 iisque
2803 3504 3326 3578 potestatemdedit,
3356 3511 3415 3556 ut

1834 3604 2198 3660 conventicula
2233 3621 2326 3674 per
2359 3603 2479 3657 loca
2514 3600 2729 3672 singula
2760 3599 3014 3670 facerent,
3045 3597 3114 3651 ad
3150 3612 3267 3667 quae
3309 3594 3427 3649 Ιίος

1833 3715 1993 3754 mana
2019 3699 2127 3752 ritu
2150 3697 2408 3752 orationis
2447 3711 2610 3749 causa
2643 3693 2986 3762 conﬂuerent.
3019 3689 3140 3757 Quo
3169 3697 3423 3760 peracto,

1835 3806 2092 3847 reversus
2123 3799 2179 3845 et
2211 3788 2605 3844 Alexandriam
2634 3787 2883 3850 veniens,
2913 3784 3045 3854 quid
3069 3798 3100 3837 a
3128 3798 3187 3838 se
3211 3780 3421 3835 factum

1835 3887 1908 3942 sit
1937 3885 2131 3952 docet;
2158 3892 2212 3939 et
2242 3899 2273 3938 a
2303 3881 2360 3938 S.
2383 3881 2692 3937 Athanasio
2719 3881 2774 3934 in
2802 3876 3038 3935 concilio
3068 3875 3428 3931 sacerdotum.

1834 3978 2014 4049 primo
2059 3977 2400 4046 designatus,
2450 3973 2574 4029 dein
2635 3971 2923 4027 ordinatus
2989 3976 3074 4024 est
3127 3967 3418 4038 episcopus

1835 4071 2136 4125 Axumeos.
2171 4067 2275 4134 Qui
2309 4083 2435 4122 cum
2472 4064 2771 4136 episcopali
2808 4062 3142 4118 auctoritate
3187 4070 3451 4116 ornatus.

1834 4158 2170 4230 perrexisset
2189 4157 2258 4212 ad
2288 4161 2429 4211 hanc
2449 4155 2678 4216 lndiam.
2707 4162 2859 4206 tanta
2883 4153 2931 4206 ei
2957 4151 3087 4205 data
3111 4165 3222 4204 esse
3251 4166 3284 4202 a
3303 4147 3427 4205 Deo.

1835 4253 2097 4305 virtutum
2135 4247 2314 4318 gratia
2341 4245 2565 4310 dicitur,
2589 4252 2648 4297 ut
2669 4243 2821 4318 signa
2851 4256 2943 4311 per
2968 4256 3090 4294 eum
3125 4237 3429 4308 apostot’ica.

1836 4345 2056 4413 ﬁerent,
2090 4351 2140 4396 et
2209 4339 2455 4409 inﬁnitus
2511 4352 2756 4390 numerus
2805 4333 3156 4388 barbarorum
3205 4345 3417 4386 conver-

1839 4445 2034 4491 teretur
2073 4433 2144 4488 ad
2176 4433 2356 4503 ﬁdem.
2389 4429 2475 4484 Ex
2502 4444 2604 4500 quo
2632 4429 2686 4481 in
2715 4425 2892 4482 ludite
2932 4423 3199 4494 partibus,
3235 4429 3285 4474 et
3324 4435 3417 4488 ρο-

140 4520 260 4590 pius
321 4519 671 4574 Persicorum
726 4518 823 4574 lib.
853 4535 872 4574 ι
909 4537 928 4574 :
966 4516 1275 4591 Ὀμηριτῶν
1296 4516 1356 4573 δὲ
1397 4515 1729 4587 καταντικρὺ

1836 4528 1952 4602 puli
1973 4525 2509 4589 Christianorum,_et
2542 4519 2777 4574 ecclesiae
2806 4519 2965 4587 facta:
2987 4524 3132 4577 sunt,
3163 4521 3212 4565 et
3239 4527 3418 4565 sacer-
3510 4553 3513 4557 .

145 4611 376 4681 μάλιστα
425 4613 484 4665 ὲν
522 4613 591 4682 τῇ
627 4611 926 4685 ἀντιπέρας
962 4611 1173 4684 ἠπείρῳ
1203 4610 1459 4676 Αἰθίοπες
1489 4611 1729 4665 οἰκοῦσιν

1837 4622 2047 4676 dotium
2090 4619 2268 4688 erepit,
2293 4626 2354 4671 ut
2383 4623 2616 4671 testatur
2652 4610 2904 4666 Bullinus
2939 4606 3085 4663 Hist.
3113 4603 3243 4661 eccl.
3265 4604 3305 4658 ι.
3357 4619 3415 4670 x,

141 4707 186 4759 οἳ
214 4706 570 4777 Αὑξωμείται
589 4703 994 4770 ἐπικαλοῦνται,
1043 4703 1220 4776 suae;
1254 4705 1440 4768 αὐτοῖς
1475 4703 1546 4758 τὰ
1575 4703 1734 4776 βασι-

142 4797 258 4852 λειά
287 4801 443 4852 ἐστιν
485 4798 546 4850 ὲν
575 4795 852 4868 Δὺξώμιδι
886 4795 1058 4852 πόλει.
1105 4796 1239 4852 Erat
1287 4796 1455 4868 igitur
1501 4795 1737 4854 Axnmis

144 4889 464 4960 metropolis
510 4887 835 4959 Ethiopia,
887 4897 944 4944 et
993 4893 1052 4943 in
1088 4902 1156 4944 ea
1211 4887 1537 4959 Ethiopum
1585 4889 1747 4959 regia.

144 4984 318 5050 posita
339 4982 470 5038 fuit.
493 4982 579 5038 Ad
596 4983 741 5039 hanc
768 4983 935 5054 igitur
956 4983 1219 5052 Axumin,
1251 4993 1308 5038 et
1327 4983 1470 5039 hanc
1497 4983 1732 5051 lndiam,

144 5095 263 5149 qua
303 5094 439 5150 pars
473 5087 563 5134 est
603 5076 903 5150 Ethiopia
939 5079 1179 5152 Egypto
1208 5080 1492 5150 proxima;
1526 5093 1636 5135 non
1665 5077 1735 5132 ad

146 5167 352 5226 lndiam
395 5169 846 5242 intraCangem,
862 5180 960 5227 aut
983 5172 1052 5227 ad
1074 5171 1318 5226 Axumin
1359 5171 1734 5241 illam,_quam

147 5261 211 5315 ad
238 5263 385 5319 latus
430 5261 700 5317 orientale
726 5263 844 5320 ludi
878 5262 1031 5318 ﬂuvii
1062 5263 1352 5320 constituit
1381 5261 1730 5328 Ptolemaus,

149 5350 528 5410 Frumentium
561 5355 794 5411 missum
822 5355 997 5412 fuisse
1019 5371 1051 5410 a
1085 5355 1143 5411 S.
1174 5355 1477 5410 Athanasio
1505 5354 1735 5411 creden-

147 5448 271 5503 dum
299 5457 388 5504 est
416 5467 430 5504 :
458 5458 578 5504 tum
631 5449 778 5520 quod
808 5449 1102 5520 epistolam
1151 5448 1512 5506 Constantius
1541 5449 1612 5506 ad
1631 5449 1732 5504 Ai-

149 5554 316 5597 nnau
343 5553 402 5598 et
442 5541 699 5597 Sazanan
728 5543 848 5610 ejus
878 5543 983 5599 loci
1029 5553 1297 5616 tyrannos
1321 5543 1566 5613 scripsit,
1589 5541 1732 5596 ὥστε

149 5632 506 5704 Φῳυμέντιον
555 5633 650 5686 τὸν
688 5633 987 5689 ἐπίσκοπον
1033 5634 1137 5705 τῆς
1166 5633 1474 5704 ’Δξούμεως
1521 5632 1732 5687 ἐκεῖθεν

151 5723 396 5794 ἀχθῆναι,
451 5735 512 5779 ut
562 5723 905 5782 Frumentius
963 5727 1239 5798 episcopus
1289 5724 1554 5781 Axumeos
1611 5725 1731 5780 inde

219 5836 260 5868 ⁸⁸
283 5835 468 5910 Georg.
507 5854 581 5906 tv,
623 5839 744 5896 295.

1838 4729 1958 4784 cap.
2016 4712 2081 4767 9..
2118 4709 2222 4766 Cui
2284 4707 2656 4777 suffragantur
2705 4701 2987 4767 Socrates,
3052 4695 3415 4762 Sozomenus,

1841 4803 2219 4860 Theodoretus
2245 4810 2300 4857 et
2326 4798 2687 4869 Nicephorus.

1908 4895 2013 4952 Ubi
2041 4909 2188 4950 nunc
2210 4892 2301 4948 ille
2331 4891 2550 4947 abunas
2580 4886 2946 4957 Ethiopicus,
2982 4882 3072 4938 ille
3100 4879 3412 4953 patriarcha

1837 4989 1957 5046 sine
1984 4985 2256 5058 episcopis
2277 5023 2293 5050 ,
2326 4985 2382 5038 in
2432 4979 2789 5053 amplissimis
2835 4986 2890 5033 et
2924 4970 3415 5030 Christianissimis

1836 5080 2191 5145 civitatibus,
2251 5092 2428 5148 usque
2487 5075 2555 5132 ad
2627 5089 2678 5129 a.
2733 5071 2796 5126 D.
2857 5069 2998 5125 l90?
3045 5067 3151 5123 Ubi
3212 5065 3289 5120 illi
3345 5064 3418 5120 ab

1836 5174 2068 5229 aliarum
2099 5171 2342 5242 gentium
2384 5166 2720 5224 commercio
2751 5162 2984 5226 remoti,
3031 5161 3169 5215 adeo
3202 5157 3414 5227 antiqui

1836 5267 1977 5322 ritus
1996 5273 2238 5326 tenaces,
2268 5270 2469 5315 utcum
2492 5257 2756 5329 Egyptii,
2777 5270 2910 5326 gens
2929 5253 3064 5308 levis
3081 5260 3136 5306 et
3153 5251 3414 5322 pendula,

1834 5358 1940 5413 sub
1969 5355 2247 5411 Demetrio
2275 5362 2330 5408 et
2359 5351 2591 5406 Heracla
2616 5349 2926 5420 episcopos,
2949 5345 3178 5409 scilicet,
3209 5343 3411 5398 admit-

1835 5459 2031 5516 terent,
2050 5449 2314 5505 traditum
2344 5446 2416 5501 ab
2433 5440 2820 5499 Alexandrinis
2842 5453 3050 5494 morem
3073 5437 3281 5506 optima
3311 5434 3418 5491 lida

1834 5543 2196 5608 servaverint,
2229 5549 2286 5596 et
2317 5556 2430 5595 uno
2463 5538 2644 5592 abuna
2685 5533 2928 5589 contenti
2976 5531 3164 5601 plures
3195 5527 3416 5598 episco-

1833 5653 1936 5710 pos
1961 5636 2250 5693 admittere
2278 5646 2564 5703 nunquam
2589 5626 2900 5684 voluerint?
2936 5623 3015 5678 Ex
3053 5622 3256 5694 quibus
3300 5621 3416 5674 hac

1835 5730 2081 5788 historia
2114 5724 2486 5784 monumentis
2515 5731 2671 5782 eruta
2692 5739 2706 5776 :
2724 5735 2792 5778 ex
2813 5717 3018 5790 quibus
3043 5713 3300 5773 Ecclesia
3317 5728 3417 5768 an.
