3834 6206
453 341 554 394 247

1458 341 1517 398 S.
1557 340 1906 399 lGNATIUS.
1945 369 2016 382 -—-
2051 337 2584 397 PROLEGOMENA.

3605 333 3716 391 248

448 463 667 518 nalibus
705 463 992 534 desumpta
1023 472 1189 530 sunt,
1219 463 1446 528 Graecis,
1473 464 1686 522 Latinis
1709 505 1724 530 ,
1751 464 2028 519 Arabibus
2054 469 2102 526 Α
2130 479 2236 517 non
2264 461 2417 516 habet
2440 461 2764 532 patriarcha
2792 462 3042 514 honorem
3070 468 3120 513 et
3143 467 3474 528 potestatem.
3519 455 3716 511 Plures

447 556 654 628 pariter
678 557 898 628 ignota?
930 556 1115 612 Prima
1142 555 1311 614 facies
1341 557 1633 627 Ecclesiae,
1663 558 1900 629 primum
1930 573 2016 614 sa-

444 649 776 716 cerdotium,
821 655 1035 722 primus
1064 652 1356 723 episcopus
1379 652 1436 707 in
1466 651 1759 721 metropoli
1804 649 2025 706 IEtbio—

446 741 570 811 piae,
601 758 726 798 cum
749 742 862 814 jam
898 743 1235 801 Athanasius
1265 747 1320 800 in
1348 743 1583 818 Egypto
1607 759 1718 800 non
1749 745 1870 801 sine
1890 759 2022 800 cen-

446 840 566 888 tum
595 833 869 906 episcopis
896 835 1244 906 praesideret,
1286 846 1343 893 et
1372 838 1488 909 ipse
1523 835 1717 907 lgnatii
1761 836 2024 905 epistolas

444 928 648 986 diserte
674 939 993 1001 agnosceret
1027 940 1192 1002 atque
1218 931 1560 1002 praedicaret.

513 1017 939 1092 Philostorgius,
976 1029 1074 1076 aut
1110 1022 1398 1093 ignorans,
1429 1031 1526 1078 aut
1550 1023 1735 1093 potius
1760 1021 2024 1078 dissimu-

441 1113 566 1169 lans
591 1113 737 1168 hanc
770 1113 1059 1169 historiam
1085 1154 1099 1180 ,
1132 1113 1496 1186 Theophilum
1525 1115 1628 1171 sub
1660 1115 2023 1171 Constantino

439 1203 512 1260 ad
539 1205 827 1262 Axumitas
866 1203 1159 1277 Ethiopas
1188 1209 1417 1264 missum
1445 1207 1610 1262 tradit
1637 1225 1649 1262 :
1683 1205 2022 1278 Nicephorus

439 1297 547 1354 hoc
582 1297 653 1354 ad
693 1297 1004 1356 Constantii
1039 1311 1094 1356 et
1123 1301 1344 1373 Georgii
1389 1301 1630 1372 episcopi
1663 1300 2021 1356 Alexandrini

440 1398 686 1460 tempora
717 1390 909 1448 refert.
942 1392 1010 1447 Et
1043 1393 1268 1449 omnino
1292 1393 1585 1464 episcopus
1613 1394 1703 1449 ille
1734 1394 1972 1449 Arianus
2002 1433 2016 1459 ,

437 1490 566 1553 post
615 1480 1000 1539 Frumentium
1055 1494 1150 1540 aut
1190 1495 1506 1540 revocatum
1559 1495 1654 1540 aut
1705 1494 2018 1553 mortuum,

437 1571 780 1646 Ethiopiam
815 1576 1127 1646 perrexisse
1150 1577 1426 1648 putandus
1445 1586 1548 1633 est.
1574 1576 1707 1636 Post
1729 1594 1869 1648 quos
1885 1579 2016 1650 quin

435 1667 625 1738 plures
655 1669 711 1724 in
742 1667 1026 1740 IEthiopia
1051 1669 1294 1740 episcopi
1320 1668 1624 1739 ﬂoruerint,
1646 1671 1885 1727 dubitari
1908 1687 2019 1728 non

2129 555 2251 614 sine
2279 553 2656 611 controversia
2708 554 2765 609 in
2811 553 3128 626 Ethiopica
3171 551 3420 608 Ecclesia
3461 550 3715 620 episcopi

2125 647 2299 713 tuere,
2333 661 2460 701 cum
2491 645 2580 701 hic
2604 660 2782 702 canon
2823 645 3000 715 primo
3032 643 3290 698 conditus
3327 651 3434 697 est.
3469 640 3574 697 lus
3608 655 3713 711 pa-

2123 741 2384 798 triarchae
2421 738 2798 807 denegabatur
2831 739 3054 794 creandi
3100 737 3548 807 archiepiscopos
3593 736 3712 792 sive

2125 831 2602 898 metropolitanos,
2623 831 2783 897 tales,
2811 829 3096 895 nimirum,
3127 829 3222 899 qui
3249 844 3350 884 sua
3374 829 3710 884 auctoritate

2122 927 2414 996 episcOpos
2458 935 2741 992 crearent;
2785 925 2930 980 unde
2961 924 3065 994 ipsi
3095 925 3190 994 jus
3227 924 3452 979 creandi
3486 923 3707 994 episco-

2121 1036 2223 1091 pos
2278 1034 2606 1075 concessum
2653 1034 2776 1075 esse
2823 1017 3173 1089 supponitur.
3220 1015 3290 1075 Et
3341 1018 3609 1087 quoniam
3643 1031 3708 1071 ea

2121 1121 2278 1167 aetate
2309 1112 2495 1183 plures
2539 1111 2644 1166 sub
2671 1126 2732 1167 se
2769 1110 3118 1181 episcopatus
3146 1109 3396 1174 haberet,
3443 1108 3706 1165 catholici

2122 1223 2322 1262 nomen
2355 1205 2626 1271 obtinuit,
2660 1206 2755 1277 qui
2794 1205 2956 1276 vulgo
2992 1206 3170 1259 abuna
3196 1212 3450 1260 vocatur.
3490 1202 3706 1258 Salma-

2121 1300 2262 1354 sium
2299 1299 2390 1354 hic
2416 1299 2651 1370 appello,
2668 1298 2764 1369 qui
2786 1296 2863 1351 De
2885 1298 3122 1368 primatu
3147 1313 3302 1368 papa
3321 1312 3442 1366 cap.
3472 1295 3564 1362 14,
3590 1295 3706 1349 hair

2121 1389 2285 1444 habet
2318 1407 2331 1442 :
2365 1387 2752 1455 Succrescente,
2781 1396 2835 1440 ut
2853 1385 3122 1455 probabile
3147 1397 3246 1450 est,
3272 1384 3706 1441 Christianorum

2118 1482 2175 1536 in
2206 1479 2489 1549 AEthiopia
2511 1494 2750 1543 numero,
2779 1477 2868 1533 ubi
2888 1478 3064 1549 plures
3087 1476 3276 1532 habere
3309 1476 3463 1546 erepit
3493 1491 3558 1529 ea
3581 1489 3696 1543 pra-

2118 1574 2294 1628 uincia
2323 1575 2618 1644 episcopos,
2641 1589 2777 1627 unus
2805 1572 3050 1626 omnibus
3070 1569 3510 1641 metropolitanus
3531 1568 3703 1636 impo-

2117 1663 2273 1730 situs,
2302 1663 2393 1733 qui
2416 1671 2629 1732 propter
2652 1661 3052 1716 multitudinem
3073 1660 3438 1730 episcoporum
3454 1658 3558 1712 sibi
3579 1657 3703 1712 sub-

435 1769 635 1830 potest.
672 1760 933 1833 Legimus
970 1763 1117 1820 enim
1165 1765 1310 1836 apud
1355 1765 1660 1820 Palladium
1689 1803 1706 1831 ,
1739 1779 1900 1835 quem
1948 1781 2004 1821 ex

2110 1755 2374 1825 jectorum
2416 1764 2468 1809 et
2517 1754 2741 1808 ditionis
2781 1751 3191 1824 amplitudinem
3228 1750 3483 1806 catholici
3515 1760 3566 1805 et
3602 1766 3702 1819 pa-

435 1828 779 1906 bibliotheca'
813 1850 983 1923 Regia
1032 1828 1218 1924 nuper
1254 1854 1424 1910 edidit
1459 1855 1529 1912 cl.
1581 1828 1866 1910 Edoardns
1897 1853 2004 1910 Bis-

2119 1845 2368 1900 triarchar
2401 1860 2590 1900 nomen
2637 1843 2867 1912 habuit,
2906 1844 3142 1915 quamvis
3181 1842 3340 1898 alteri
3374 1840 3702 1912 patriarcha

434 1957 579 1998 casus
599 1957 768 2013 eques
795 1952 1058 2001 auratus:
1089 1945 1232 2015 Ἐγὼ
1260 1947 1319 2001 δὲ
1351 1948 1432 2010 εἰς
1461 1946 1530 2001 τὰ
1561 1947 1883 2020 ἀκρωτήρια
1919 1946 2018 2018 μό-

430 2045 523 2086 νον
557 2032 766 2103 ἔφθασα
798 2033 897 2105 τῆς
941 2035 1169 2112 Ἰνδικῆς
1214 2036 1322 2110 πρὸ
1353 2037 1491 2092 ἑτῶν
1521 2031 1716 2108 ὀλίγωῦ
1753 2039 1892 2110 μετὰ
1922 2037 2016 2092 τοῦ

434 2124 708 2197 μακαρίου
757 2127 1040 2193 Μωῦσέως
1101 2128 1194 2183 τοῦ
1246 2130 1549 2184 ἐπισκόπου
1597 2132 1704 2184 τῶν
1768 2128 2018 2201 Ἀδουλη-

430 2214 560 2270 νῶν.
597 2215 710 2288 Ego
743 2219 812 2273 ad
836 2221 1036 2288 primas
1071 2229 1280 2276 tantum
1319 2220 1494 2278 Indice
1523 2239 1646 2277 oras
1673 2238 1868 2292 paucos
1892 2231 2015 2276 ante

433 2325 597 2363 annos
638 2327 758 2364 cum
793 2311 944 2368 beato
993 2313 1142 2369 Mosa
1180 2313 1545 2370 Adulenorum
1571 2317 1812 2386 episcopo
1858 2331 2014 2386 pene-

433 2400 588 2454 travi.
615 2398 746 2456 Erat
770 2411 953 2459 autem
979 2404 1176 2474 Adule,
1202 2407 1288 2462 vel
1305 2407 1518 2474 Adulis,
1542 2408 1676 2462 urbs
1694 2405 2008 2477 Ethiopian.

432 2490 618 2562 Steph.
641 2511 656 2548 :
678 2495 945 2563 Ἀδουλις,
982 2497 1137 2564 πόλις
1168 2501 1461 2566 Αἰθιόπων,
1479 2510 1533 2557 et
1558 2501 1859 2573 Procopius
1873 2501 2010 2558 Per-

431 2583 660 2637 sicorum
693 2584 790 2641 lib.
821 2601 840 2640 ι
888 2603 902 2641 :
951 2588 1041 2642 ‘Ev
1091 2589 1246 2646 πόλει
1295 2592 1568 2648 Αἰθιόπων
1613 2593 1891 2647 Ἀδούλιδι.
1948 2591 2009 2648 ln

441 2676 567 2732 Vita
611 2677 670 2733 S.
717 2679 1075 2752 Cltrysostomi
1107 2698 1136 2738 a
1178 2681 1427 2741 Palladio
1473 2686 1676 2756 scripta
1716 2685 1923 2741 mentio
1949 2685 2011 2742 lit

431 2767 659 2825 Palladii
702 2770 1109 2846 Blemmyarum
1153 2776 1416 2848 episcopi.
1469 2774 1777 2848 Blemmyes
1823 2783 2006 2830 autem

429 2871 562 2917 sunt
582 2862 892 2935 Ethiopes.
927 2865 1130 2924 Strabo
1171 2869 1265 2924 lib.
1299 2885 1446 2924 xvn:
1479 2868 1767 2940 Βλὲμμυες
1811 2869 1869 2923 δὲ
1913 2869 2009 2922 Αι-

429 2953 633 3009 Θιόπων
668 2956 1069 3026 ὑπακούοντες,
1103 2959 1422 3030 Αἰγυπτίοις
1455 2959 1514 3013 δὲ
1537 2961 1748 3032 ὅμοροι,
1774 2960 1841 3014 de
1869 2960 1998 3030 qui-

427 3047 533 3104 bus
562 3047 774 3106 Plinius
810 3051 906 3108 lib.
947 3067 1002 3120 v,
1030 3068 1149 3123 cap.
1184 3052 1239 3108 8.
1271 3051 1457 3124 Neque
1482 3069 1614 3109 vero
1651 3053 1833 3108 adhuc
1862 3053 2005 3107 mul-

425 3147 542 3192 tum
567 3141 738 3196 crevit
763 3143 817 3197 in
849 3143 1126 3213 [EtbiOpia
1162 3144 1356 3216 religio
1384 3145 1715 3200 Christiana.
1744 3142 1850 3198 Sed
1905 3144 2006 3199 Ju-

425 3227 682 3286 stinianei
695 3233 904 3301 imperii
918 3247 1064 3288 anno
1090 3232 1181 3299 16,
1195 3233 1420 3291 Adadus
1440 3235 1865 3290 Auxumitarum
1885 3249 2000 3301 rex,

422 3317 603 3375 factus
631 3329 718 3376 est
739 3321 1112 3392 Christianus,
1141 3333 1198 3380 et
1216 3325 1286 3381 ab
1305 3327 1639 3398 imperatore
1661 3325 1868 3396 accepit
1885 3326 2006 3380 ἐπί-

424 3427 627 3465 σκοπον
657 3413 748 3467 καὶ
782 3413 1100 3487 κληρικούς,
1133 3427 1195 3474 ut
1239 3417 1407 3475 refert
1455 3417 1816 3489 Theophanes
1836 3461 1852 3488 ,
1879 3424 2004 3477 ἐπι-

424 3502 674 3567 σκόπους
705 3503 801 3558 καὶ
833 3505 1150 3580 κληρικούς,
1174 3517 1235 3564 ut
1255 3520 1446 3564 narrat
1479 3509 1782 3582 Cedrenus,
1810 3524 1864 3570 et
1890 3524 2003 3577 tota

420 3608 486 3649 ca
522 3611 654 3666 gens
674 3595 894 3654 Christo
920 3615 1120 3656 nomen
1147 3600 1314 3659 dedit.
1345 3603 1429 3658 Ab
1455 3618 1522 3659 eo
1549 3612 1814 3676 tempore,
1836 3615 1895 3662 ut
1913 3624 2004 3662 ar-

421 3687 617 3757 bitror,
651 3689 1112 3751 Christianismus
1135 3695 1348 3751 radices
1379 3697 1522 3768 apud
1553 3698 1843 3771 Ethiopas
1870 3701 1999 3772 egit,

421 3792 533 3848 quo
570 3779 798 3839 liberius
835 3785 1016 3840 adhuc
1048 3786 1116 3842 de
1163 3786 1600 3846 Chalcedonensi
1638 3793 1873 3849 concilio
1911 3793 1999 3849 lo-

417 3871 733 3942 quebantur
759 3874 1033 3941 homines,
1064 3880 1363 3948 praesertim
1387 3882 1443 3936 in
1469 3881 1725 3954 Egypto.
1753 3885 1867 3941 Sub
1897 3887 2001 3941 im-

417 3963 572 4034 perio
599 3975 780 4022 autem
813 3966 1133 4040 Theophili,
1171 3972 1226 4025 in
1260 3971 1542 4044 xEthiopia
1575 3978 1847 4049 episcopus
1893 3979 1998 4050 fuit

418 4056 628 4111 nomine
654 4057 908 4126 Iacobus,
943 4077 1094 4132 quem
1118 4080 1237 4117 cum
1270 4081 1363 4119 rea:
1403 4067 1541 4137 forte
1564 4069 1623 4122 in
1652 4069 1846 4124 bellum
1868 4088 1997 4140 pro-

417 4147 587 4218 fectus
611 4159 765 4217 esset,
797 4168 934 4206 uxor
963 4155 1100 4224 regis
1131 4156 1188 4209 in
1223 4156 1472 4211 exsilium
1507 4160 1688 4227 misit,
1729 4172 1777 4216 et
1801 4163 1997 4217 substi-

416 4247 630 4295 tuerunt
647 4243 702 4296 in
725 4243 900 4298 locum
922 4245 1036 4314 ejus
1057 4248 1362 4318 episcopum
1384 4251 1573 4306 alium.
1614 4251 1718 4306 Sed
1741 4263 1790 4308 et
1813 4255 1996 4324 pluvia

412 4332 482 4388 iis
511 4333 644 4388 data
664 4351 768 4389 non
792 4336 918 4407 fuit,
957 4348 1005 4392 et
1039 4343 1274 4409 percussi
1312 4353 1435 4397 sunt
1471 4345 1772 4415 pestilentia
1791 4388 1807 4414 ,
1835 4348 1913 4402 ita
1939 4357 1996 4401 ut

413 4439 632 4496 regnum
654 4443 906 4499 magnum
939 4432 1157 4486 sentiret
1182 4434 1458 4492 damnum.
1491 4437 1786 4510 Episcopus
1813 4451 1993 4494 autem

2119 1938 2500 2087 ‘ug‘istlediiciat
2530 2029 2786 2094 historia,
2815 2028 2990 2101 ipsius
3029 2028 3288 2086 Ecclesiae
3317 2036 3703 2096 monumenta,

2115 2124 2494 2195 cujuscunque
2521 2124 2697 2179 aetatis
2732 2123 2844 2179 sint
2863 2162 2879 2188 ,
2905 2122 3040 2179 satis
3069 2119 3364 2178 manifesto
3399 2120 3701 2178 ostendunt

2114 2216 2428 2287 complures
2457 2214 2516 2270 in
2545 2231 2609 2271 ea
2639 2215 2926 2286 provincia
2955 2215 3246 2284 episcopos
3276 2212 3472 2270 fuisse.
3514 2211 3700 2269 Litur-

2113 2309 2203 2379 gia
2243 2307 2564 2377 Ethiopum
2609 2306 2799 2362 Roma
2855 2306 3124 2376 impressa
3161 2322 3178 2359 :
3216 2304 3423 2360 Memor
3445 2315 3560 2360 esto
3595 2321 3701 2360 out-

2111 2400 2259 2456 nium
2275 2398 2787 2469 archiepiscoporum
2806 2407 3113 2452 nostrorum
3131 2438 3146 2464 ,
3174 2399 3562 2468 episcoporum,
3586 2413 3700 2468 pre-

2111 2493 2442 2563 sbyterorum
2495 2501 2653 2563 atque
2675 2491 3044 2558 diaconorum,
3074 2491 3169 2561 qui
3199 2490 3339 2545 uiam
3361 2489 3523 2545 nobis
3553 2490 3701 2545 indi-

2109 2587 2283 2657 gitant
2308 2584 2448 2638 verbi
2468 2583 2772 2638 orthodoxi.
2798 2580 2859 2638 ln
2878 2583 3000 2640 aliis
3024 2582 3262 2654 liturgiis
3277 2592 3334 2638 et
3353 2581 3702 2652 missalibus,

2110 2692 2234 2748 quae
2254 2677 2419 2733 habet
2438 2677 2525 2732 vir
2541 2676 2896 2733 doctissimus
2911 2675 3181 2733 Castellus
3203 2685 3388 2733 noster
3402 2676 3704 2748 quamplu-

2109 2769 2263 2824 rima:
2281 2785 2470 2840 preces
2493 2780 2644 2836 sunt,
2661 2770 2864 2841 quibus
2883 2770 3120 2841 populus
3136 2770 3192 2825 in
3217 2771 3333 2826 haec
3352 2769 3516 2826 verba
3532 2778 3698 2826 orat:

2106 2859 2219 2916 Pro
2257 2862 2496 2932 patribus
2529 2864 2726 2917 nostris
2763 2863 3041 2934 episcopis,
3069 2879 3166 2934 pro
3200 2862 3458 2934 fratribus
3492 2863 3697 2920 nostri:

2107 2952 2495 3022 sacerdotibus,
2525 2971 2621 3025 pro
2657 2955 2995 3025 adjutoribus
3021 2957 3220 3011 nostris
3252 2955 3599 3025 presbyteris.

2177 3043 2316 3100 Cum
2341 3045 2508 3115 igitur
2529 3061 2596 3103 ex
2623 3046 2772 3101 tenui
2804 3047 2897 3102 illa
2923 3063 3090 3118 quam
3127 3048 3197 3103 de
3235 3047 3557 3119 Ethiopica
3593 3046 3699 3105 Ec-

2107 3135 2270 3191 clesia
2313 3137 2582 3193 habemus
2610 3138 2806 3193 notitia
2833 3139 3145 3209 aliquorum
3176 3139 3567 3210 episcoporum
3590 3156 3696 3197 no-

2110 3230 2258 3284 mina
2300 3231 2611 3300 supersint;
2657 3248 2784 3289 cum
2822 3242 3038 3289 constet
3084 3250 3152 3289 ex
3197 3233 3436 3290 Arabico
3479 3247 3699 3290 canone

2103 3320 2198 3391 jus
2241 3323 2462 3379 creandi
2503 3325 2954 3396 metropolitanos
2989 3334 3206 3382 tantum
3253 3327 3477 3398 proprie
3513 3328 3697 3384 dictos

2108 3413 2464 3486 Ethiopibus
2523 3433 2848 3474 concessum
2897 3435 3009 3475 non
3066 3434 3221 3488 esse;
3274 3436 3400 3476 cum
3457 3420 3698 3492 liturgite

2107 3507 2446 3580 Egyptiacse
2475 3509 2718 3580 antiquis
2742 3523 2891 3565 retro
2927 3510 3268 3579 temporibus
3297 3511 3564 3581 populum
3591 3527 3698 3582 pro

2105 3600 2376 3672 episcOpis
2411 3600 2526 3656 suis
2557 3615 2714 3655 orare
2738 3601 2982 3671 quotidie
3004 3601 3329 3664 docuerint;
3361 3617 3472 3657 non
3497 3602 3594 3658 diu
3611 3612 3697 3659 est

2103 3707 2171 3749 ex
2193 3707 2305 3763 quo
2336 3691 2626 3763 [Ethiopes
2655 3694 2837 3748 abuna
2882 3711 2993 3750 uno
3018 3695 3138 3750 sine
3167 3695 3440 3766 episcopis
3486 3694 3698 3752 fuerint

2104 3790 2368 3856 contenti,
2401 3788 2449 3845 si
2485 3788 2650 3845 modo
2677 3789 2810 3846 illud
2845 3805 3034 3845 verum
3067 3790 3161 3857 sit,
3192 3790 3341 3860 quod
3376 3789 3608 3847 .lesuitae
3635 3801 3694 3848 et

2104 3879 2473 3945 Dominicani,
2499 3891 2693 3936 contra
2723 3882 2958 3937 aliorum
3010 3882 3362 3951 testimonia,
3413 3881 3687 3942 referunt.

2101 3971 2239 4029 Cum
2271 3982 2397 4029 ante
2419 3972 2714 4030 Iustiniani
2753 3984 3002 4045 tempora
3033 3982 3142 4029 tam
3172 3975 3338 4045 pauci
3381 3973 3596 4030 iuerint
3632 3976 3688 4030 in

2102 4066 2381 4136 Ethiopia
2422 4064 2744 4133 Christiani,
2779 4074 2905 4122 ante
2943 4065 3368 4121 Constantinum
3404 4067 3492 4122 vel
3524 4066 3686 4130 ιηιιιί,

2099 4161 2184 4216 vel
2205 4169 2354 4216 certe
2382 4158 2654 4231 Egyptiis
2681 4160 2841 4230 plane
2865 4161 3162 4232 incogniti;
3189 4175 3316 4214 cum
3347 4159 3442 4230 qui
3471 4160 3690 4229 primus

2101 4261 2220 4307 erat
2243 4267 2458 4317 eorum,
2485 4253 2673 4308 saltem
2703 4254 2772 4307 ab
2801 4251 3062 4324 ngypto,
3096 4251 3381 4323 apostolus
3417 4250 3691 4306 Frumen-

2100 4346 2254 4410 tius,
2309 4345 2379 4401 ab
2431 4345 2773 4413 Athanasio,
2833 4346 3089 4416 plurimis
3138 4361 3306 4416 quam
3355 4355 3580 4400 centum
3631 4345 3686 4400 in

2100 4435 2336 4508 Egypto
2369 4438 2743 4508 episcopatum
2783 4439 3124 4505 tenentibus,
3157 4447 3214 4493 et
3251 4438 3458 4495 missus
3494 4446 3551 4493 et
3590 4455 3687 4494 or-

412 4511 470 4567 in
490 4513 786 4587 Egyptum
811 4519 965 4572 venit.
992 4522 1163 4592 Atque
1190 4534 1246 4577 ut
1275 4541 1366 4579 rex
1390 4543 1417 4581 e
1443 4526 1578 4582 bello
1602 4544 1835 4584 reversus
1868 4532 1993 4600 fuit,
2028 4543 2074 4598 Ῑ)
2099 4531 2321 4585 dinatus
2350 4531 2455 4594 sit;
2485 4532 2663 4600 palam
2688 4539 2793 4595 est,
2815 4529 3144 4602 Althiopica:
3166 4529 3426 4587 Ecclesia:
3455 4531 3685 4587 hodier-

411 4619 631 4662 uxorem
659 4625 811 4663 suam
838 4612 1160 4685 objurgavit,
1190 4626 1240 4671 et
1261 4620 1406 4672 misit
1430 4621 1499 4673 ad
1526 4623 1890 4691 patriarcham
1907 4641 1994 4678 ve-

411 4700 561 4753 niam
589 4701 655 4755 ab
683 4718 743 4756 eo
770 4713 970 4774 petens,
1005 4724 1224 4779 eumque
1246 4727 1436 4781 rogans
1469 4716 1551 4767 uti
1582 4718 1868 4770 remitteret
1884 4719 1996 4788 epi-

411 4805 648 4861 scopum.
682 4791 750 4848 Id
769 4797 909 4866 quod
935 4799 1098 4868 fecit;
1122 4810 1173 4854 et
1203 4814 1508 4872 receperunt
1539 4823 1660 4860 eum
1699 4824 1819 4861 cum
1860 4826 1995 4879 gau-

409 4883 502 4937 dio
531 4899 744 4957 magno,
780 4898 838 4942 ut
869 4892 1029 4961 refert
1047 4891 1382 4951 Elmacinus.
1408 4895 1539 4954 Post
1572 4900 1689 4956 haec
1721 4913 1989 4972 tempora,

409 4982 474 5028 ut
497 4976 712 5044 opinor,
747 4981 953 5036 conditi
976 4991 1105 5038 sunt
1127 4999 1365 5042 canones
1389 4986 1611 5044 Arabici
1644 4993 1867 5047 conciLi
1893 4991 1990 5047 Ni-

409 5067 549 5122 caeni
577 5085 594 5136 ;
631 5085 772 5140 quos
795 5072 971 5128 edidit
999 5072 1338 5144 Turrianus,
1381 5079 1586 5150 quique
1619 5083 1686 5135 ad
1716 5084 1989 5153 posterio-

406 5175 526 5215 rem
572 5159 835 5220 Ecclesia:
878 5174 1083 5221 statum
1108 5208 1123 5232 ,
1165 5178 1221 5225 et
1263 5173 1694 5230 consuetudines
1739 5175 1831 5230 diu
1868 5185 1995 5247 post

406 5258 706 5315 concilium
748 5259 1032 5319 Niczenum
1077 5275 1236 5323 natas
1281 5271 1567 5340 temperati
1608 5281 1755 5329 sunt.
1782 5273 1988 5330 Eorum

407 5357 592 5404 autem
628 5354 807 5423 capite
844 5353 914 5408 56
993 5363 1259 5413 statutum
1311 5369 1396 5415 est
1441 5377 1456 5416 :
1514 5360 1582 5416 Ut
1631 5379 1736 5417 non
1785 5365 1991 5434 possint

411 5439 686 5514 {Ethiopes
717 5463 898 5502 creare
920 5464 1013 5502 nec
1041 5449 1229 5521 eligere
1257 5453 1621 5522 patriarcham
1645 5472 1664 5522 ;
1697 5455 1789 5511 sed
1813 5458 1990 5526 potius

403 5547 583 5588 eorum
602 5538 859 5606 praelatus
885 5540 980 5593 sub
1007 5551 1263 5609 potestate
1278 5545 1392 5614 ejus
1425 5546 1515 5615 sit,
1538 5549 1628 5620 qui
1653 5557 1789 5604 tenet
1814 5550 1991 5604 sedem

401 5626 772 5686 Afexandrite.
806 5629 892 5685 Sit
919 5642 1094 5688 tamen
1135 5636 1276 5705 apud
1308 5653 1395 5691 eos
1424 5637 1538 5692 loco
1562 5641 1907 5709 patriarchae,
1937 5652 1989 5696 et

404 5718 701 5788 appelletur
717 5723 1011 5778 catholicus
1041 5743 1061 5780 :
1093 5743 1198 5781 non
1235 5737 1411 5783 tamen
1445 5730 1541 5798 jus
1575 5732 1763 5787 habeat
1786 5736 1960 5790 consti

401 5812 585 5868 tuendi
612 5814 1051 5889 archiepiscopos,
1091 5829 1146 5875 ut
1179 5821 1332 5877 habet
1353 5823 1694 5892 patriarcha;
1727 5828 1987 5893 siquidem

2099 4639 2232 4676 num
2275 4631 2475 4678 statum
2499 4666 2512 4690 ,
2546 4624 2729 4694 qualis
2766 4625 2946 4694 qualis
2979 4626 3071 4692 sit,
3117 4623 3186 4679 ad
3236 4624 3685 4695 antiquissimam

2103 4714 2442 4787 Egyptiacaa
2483 4715 2737 4772 Ecclesiae
2789 4716 3160 4784 traditionem,
3194 4718 3241 4773 si
3270 4734 3395 4790 quae
3423 4719 3550 4774 talis
3580 4734 3688 4774 un-

2098 4825 2264 4881 quam
2310 4807 2504 4873 fuerit,
2537 4809 2971 4864 conﬁrmandam
3024 4811 3160 4865 nihil
3204 4811 3433 4867 omnino
3473 4813 3679 4870 valere.

2095 4902 2234 4958 Cum
2268 4901 2504 4971 denique
2539 4911 2918 4971 argumentum
2964 4917 3172 4973 negans
3205 4901 3468 4959 fundetur
3510 4907 3564 4960 in
3600 4907 3684 4963 si-

2097 4993 2264 5049 lentio
2295 4994 2543 5048 omnium
2583 5003 2709 5047 ante
2749 4992 3070 5061 Eusebium,
3119 5002 3248 5052 ante
3275 5011 3439 5067 quem
3465 4996 3685 5055 IEthio—

2095 5103 2225 5158 putn
2260 5086 2703 5142 Christianorum
2748 5087 2899 5141 nulla
2935 5087 3080 5143 fama
3120 5098 3242 5156 est,
3287 5101 3383 5146 aut
3409 5107 3681 5164 perquam

2095 5181 2334 5247 incerta;
2367 5195 2492 5235 cum
2522 5178 2877 5248 Athanasius,
2918 5183 3012 5252 qui
3047 5192 3173 5252 post
3200 5183 3496 5240 Eusebium
3527 5185 3684 5258 lgna-

2094 5274 2243 5328 tiana
2269 5275 2613 5338 memoravit,
2641 5273 2877 5344 primum
2902 5289 2969 5331 ex
2993 5275 3234 5348 Egypto
3263 5279 3585 5350 episcopum
3621 5282 3679 5338 in

2096 5351 2434 5437 Ethioptam
2485 5368 2732 5438 miserit;
2793 5385 2918 5426 cum
2977 5368 3212 5426 Dallaeus
3275 5371 3393 5442 ipse
3437 5373 3684 5430 fateatur

2094 5459 2387 5531 .IEthiopas
2444 5463 2689 5533 recipere
2747 5463 3190 5520 Constitutiones
3251 5463 3678 5534 Clementinas,

2097 5564 2356 5626 tanquam
2381 5555 2452 5612 ab
2479 5557 2616 5628 ipsis
2637 5558 2897 5628 apostolis
2922 5558 3183 5624 dictatas,
3209 5559 3264 5613 in
3287 5559 3496 5629 quibus
3517 5561 3679 5632 plura

2091 5646 2160 5700 de
2186 5646 2462 5717 episcopis
2486 5663 2652 5717 quam
2700 5649 2754 5702 in
2789 5649 3091 5720 lgnatianis
3118 5651 3475 5706 continentur
3495 5695 3509 5714 ,
3536 5652 3679 5708 nihil

2093 5737 2220 5794 hinc
2245 5739 2310 5793 ad
2341 5741 2723 5795 auctoritatem
2755 5741 3111 5811 epistularum
3160 5741 3216 5797 S.
3248 5741 3446 5816 lgnatii
3483 5745 3676 5803 immi-

2091 5831 2366 5888 nuendatn
2391 5829 2617 5889 formari
2641 5833 2749 5888 ullo
2777 5833 2940 5889 modo
2967 5842 3169 5902 potest.
