3864 6204
227 253 349 313 2t9

961 258 1014 316 «Ι.
1055 260 1422 318 PEARSONII
1461 261 1788 322 VINDICUE
1822 265 2243 328 ιοΝΑΤιΑΜς.
2281 297 2354 310 -
2389 268 2570 325 PARS
2603 269 2644 325 1.

3392 274 3502 332 2m

300 377 591 434 Hactenus
626 380 696 435 dc
723 379 1022 436 traditione
1051 381 1424 438 Alexandrina
1453 384 1524 439 ab
1553 383 1823 455 Ethiopi-
1847 397 1896 451 Α
1925 383 2130 456 Ignatii
2172 388 2546 443 auctoritatem
2591 404 2664 444 vu
2715 390 2910 446 saeculo
2948 388 3122 446 Scotis
3172 388 3498 448 Christianis

220 468 335 524 bus
362 469 717 536 conﬁrmata,
754 481 815 525 ut
847 470 1061 538 volunt,
1093 487 1217 542 qua
1241 473 1482 543 aliquam
1510 475 1819 544 argumenti

220 560 472 630 speciem
515 562 822 628 habuisset,
853 563 900 619 si
935 579 1000 619 ea
1040 565 1228 620 omnia
1255 580 1381 621 vera
1416 564 1672 633 fuissent,
1697 581 1822 638 qua:

219 657 559 714 attulerunt.
584 657 719 714 lllud
748 670 931 714 autem
953 661 1102 731 quod
1121 662 1391 733 sequitur,
1410 663 1459 719 si
1480 679 1669 719 verum
1696 678 1822 721 esse

219 749 591 814 concedatur,
619 753 808 807 nescio
833 769 1000 822 quam
1018 755 1128 810 vim
1156 754 1362 811 habere
1381 757 1559 826 possit
1580 756 1650 812 ad
1671 756 1820 829 lgna-

219 842 366 896 tium
391 843 747 914 epistolicum
779 846 1164 916 rejiciendum,
1192 855 1290 904 aut
1311 847 1443 917 quid
1473 847 1723 904 conferat
1749 849 1819 906 ad

218 935 513 990 silentium
569 938 906 1008 scriptorum
954 947 1084 994 ante
1140 937 1466 995 Eusebium.
1527 937 1818 1007 Quomodo

216 1028 375 1082 enim
407 1027 550 1083 illud
580 1029 729 1099 quod
755 1039 949 1086 octavo
988 1030 1192 1087 saeculo
1232 1030 1439 1088 factum
1477 1041 1583 1101 est,
1613 1034 1818 1104 proba-

217 1119 302 1173 bit
332 1120 604 1190 scriptum
644 1122 796 1177 istud
833 1138 873 1178 ll
918 1129 975 1177 et
1013 1138 1080 1178 ur
1119 1123 1323 1179 saeculo
1369 1140 1478 1180 non
1512 1127 1814 1193 exstitisse,

218 1213 373 1278 quod
405 1228 485 1278 Iv,
511 1228 569 1279 ν,
601 1229 654 1267 νι
686 1223 743 1270 et
766 1230 865 1281 vn,
898 1224 1176 1285 receptum
1217 1225 1272 1273 et
1304 1218 1662 1287 approbatum
1693 1220 1818 1276 est?

219 1302 486 1371 Scilicet,
561 1306 709 1360 circa
769 1323 824 1362 a.
879 1306 946 1363 D.
997 1307 1123 1376 736,
1174 1309 1233 1362 in
1261 1307 1577 1365 Germanica
1619 1310 1808 1367 Boioa-

219 1397 430 1450 riorum
457 1406 608 1468 gente
636 1397 842 1454 Christi
876 1400 1008 1470 fides
1033 1401 1238 1472 viguit,
1279 1411 1332 1456 et
1363 1402 1657 1474 presbyteri
1700 1406 1816 1474 fue—

217 1498 370 1554 runt,
398 1506 524 1544 cum
545 1499 723 1547 tamen
750 1491 890 1546 nulli
911 1495 1053 1563 apud
1075 1510 1162 1550 eos
1188 1505 1363 1551 essent
1386 1496 1638 1567 episcopi.
1667 1496 1816 1553 Unde

216 1585 425 1655 liquet,
459 1602 525 1640 ne
567 1587 634 1640 iis
679 1587 895 1657 quidem
932 1588 1252 1660 temporibus
1304 1588 1510 1661 Ignatii
1552 1592 1814 1663 epistolici

215 1675 603 1729 auctoritatem
619 1674 944 1731 Christianis
956 1693 1050 1747 per
1071 1677 1414 1734 Germaniam
1430 1689 1611 1735 notam
1623 1682 1807 1752 fuisse.

1923 476 2088 546 fuisse
2117 479 2372 549 ignotam,
2398 478 2578 549 inquit
2610 479 2864 538 Dallaeus.
2905 481 3069 538 Certe
3099 497 3210 537 non
3249 483 3498 552 sequitur

1921 569 2148 640 reliquis
2201 569 2382 627 Scotis
2425 571 2521 642 qui
2569 572 2846 644 episcopis
2890 573 3174 644 parebant,
3224 573 3497 645 lgnatium

1920 669 2136 729 notum,
2168 677 2346 733 neque
2393 665 2682 721 monachis
2709 664 3064 734 Jonensibus,
3094 664 3243 737 quod
3285 666 3499 720 abbati-

1919 767 1987 807 co
2019 752 2132 822 juri
2178 754 2420 826 episcopi
2462 756 2694 826 subjecti
2746 767 2952 826 essent,
3004 760 3250 830 ignotum
3301 757 3494 815 fuisse.

1919 840 2106 898 Potuit
2127 845 2233 901 hoc
2261 845 2377 902 fieri
2402 858 2633 918 utraque
2673 858 2829 918 parte
2851 849 3121 920 lgnatium
3150 851 3376 918 sciente,
3407 866 3499 921 po-

1920 937 2026 992 tuit
2048 946 2282 1009 utraque
2310 938 2616 1011 ignorante.
2650 939 2708 995 Si
2736 941 2858 996 ideo
2896 940 3168 1012 lgnatium
3213 941 3498 1013 ignorasse

1919 1033 2176 1088 censendi
2221 1041 2386 1099 sunt,
2428 1042 2575 1089 certe
2619 1043 2676 1089 et
2717 1034 3161 1091 Chalcedonense
3203 1034 3496 1092 concilium

1918 1121 2265 1193 ignorabant,
2290 1125 2449 1196 cujus
2472 1141 2647 1180 canon
2676 1136 2904 1182 octavus
2925 1142 3118 1182 omnes
3134 1127 3498 1182 monasterio-

1916 1230 2041 1270 rum
2076 1217 2308 1275 clericos
2337 1219 2598 1290 episcopo
2631 1219 2745 1274 vult
2785 1235 2906 1274 esse
2935 1220 3232 1289 subjectos.
3261 1221 3326 1274 Οἱ
3358 1219 3495 1291 κλη-

1917 1305 2060 1378 ρικοὶ
2092 1306 2202 1362 τῶν
2251 1308 2534 1379 πτωχείων
2583 1308 2677 1363 καὶ
2735 1310 3110 1382 μοναστηρίων
3160 1310 3254 1364 καὶ
3291 1328 3498 1381 μαρτυ-

1917 1397 2049 1474 ρίων
2081 1399 2186 1453 ὑπὸ
2217 1398 2315 1472 τὴν
2349 1400 2599 1466 ἐξουσίαν
2615 1400 2724 1455 τῶν
2758 1403 2815 1454 ὲν
2849 1402 3054 1475 ἑκάστῃ
3087 1401 3239 1455 πόλει
3271 1401 3494 1456 ἐπισκό-

1916 1507 2055 1554 πων,
2089 1491 2232 1548 κατὰ
2266 1491 2363 1564 τὴν
2395 1491 2506 1546 τῶν
2552 1492 2721 1563 ἁγίων
2753 1491 3014 1566 Πατέρων
3049 1493 3345 1566 παράδοσιν
3375 1494 3492 1548 δια-

1917 1579 2246 1650 μνέτωσαν,
2281 1582 2376 1636 καὶ
2412 1581 2487 1654 μὴ
2520 1583 2640 1636 κατ’
2676 1583 2964 1638 αὐθάδειαν
2984 1583 3369 1655 ἀφηνιάτωσαν
3401 1583 3494 1638 τοῦ

1918 1673 2049 1728 ίδίου
2083 1676 2404 1730 ἐπισκόπου.
2441 1676 2636 1732 Clerici
2661 1678 3025 1749 ptochiorum,
3056 1681 3496 1734 monasteriorum

215 1766 430 1835 Primo,
461 1784 718 1839 quaenam
756 1768 876 1825 haec
899 1743 1294 1842 consequentia
1318 1775 1450 1830 est?
1477 1743 1712 1830 Βοῑοέιιιίί
1752 1777 1810 1832 in
1841 1743 1885 1799 Β
1913 1774 1962 1821 et
1993 1768 2370 1838 martyriorum
2391 1769 2486 1825 sub
2513 1780 2773 1841 potestate
2791 1772 3152 1841 episcoporum
3179 1773 3270 1842 qui
3295 1781 3416 1826 sunt
3440 1773 3497 1826 in

212 1858 518 1915 Germania
549 1859 870 1916 nescierunt
909 1877 925 1915 :
969 1877 1102 1933 ergo
1133 1862 1433 1920 Christiani
1477 1880 1572 1936 per
1592 1865 1813 1923 Germa-

212 1951 389 2006 niam.
421 1952 508 2006 An
527 1952 662 2007 nulli
682 1953 1155 2010 crantChristiani
1179 1971 1276 2026 per
1293 1955 1644 2012 Germaniam
1673 1973 1813 2029 prte-

214 2052 299 2097 ter
324 2041 657 2099 Boioarios?
675 2045 762 2100 An
805 2045 900 2100 alii
927 2061 1123 2103 omnes
1166 2048 1494 2120 ignorabant
1540 2049 1811 2121 quidquid

214 2131 494 2190 Boioariis
517 2135 770 2206 ignotum
800 2135 909 2192 fuit
921 2137 948 2190 1’
964 2137 1049 2192 An
1073 2137 1197 2194 ideo
1211 2130 1589 2197 auctoritatem
1613 2139 1808 2212 lgnatii

213 2225 504 2293 ignorasse
518 2227 739 2284 dicendi
759 2237 888 2286 sunt
899 2230 993 2301 qui
1012 2231 1302 2302 episcopos
1316 2233 1646 2304 habuerunt,
1660 2234 1808 2304 quod

213 2320 305 2374 alii
334 2336 450 2374 non
494 2320 764 2378 habuisse
797 2322 1090 2379 dicantur?
1135 2321 1410 2394 Secundo,
1447 2327 1591 2384 unde
1635 2331 1808 2400 liquet

211 2409 416 2467 Christi
438 2413 605 2468 ﬁdem
633 2413 777 2470 inter
797 2414 1082 2473 Boioarios
1102 2417 1346 2489 viguisse
1365 2435 1490 2474 cum
1517 2421 1804 2493 episcopos

214 2519 319 2559 non
370 2505 687 2561 baberent?
729 2506 986 2576 Scilicet,
1043 2525 1113 2566 ex
1155 2511 1405 2584 Gregorii
1455 2511 1522 2567 ΙΙΙ
1571 2515 1802 2584 epistola

213 2598 278 2652 sd
307 2596 662 2655 Bonifacium
687 2599 794 2656 hoc
817 2610 1064 2672 apparet,
1091 2602 1291 2673 inquit,
1320 2619 1423 2661 nec
1446 2605 1551 2662 hoc
1565 2614 1799 2672 tantum,

217 2685 317 2741 Sed
363 2686 661 2744 Visiloaem
709 2692 885 2746 nescio
918 2707 1074 2762 quem
1110 2693 1223 2763 ipse
1271 2692 1556 2766 Gregorius
1607 2712 1641 2750 a
1667 2713 1722 2750 se
1744 2697 1802 2751 iu

211 2795 328 2834 eum
363 2780 612 2836 ordinem
649 2792 1018 2838 consecratum
1056 2784 1127 2838 ad
1160 2802 1248 2840 eos
1285 2787 1451 2841 misit.
1481 2788 1551 2843 At
1589 2786 1801 2860 Grego-

212 2874 328 2928 rius
357 2889 473 2930 non
496 2875 635 2931 dicit
670 2874 973 2932 Vivilouem
1003 2877 1178 2934 fuisse
1202 2881 1438 2950 primum
1465 2897 1659 2936 eorum
1682 2885 1798 2952 epi-

210 2979 463 3034 scopum.
493 2979 602 3021 nec
626 2981 687 3021 se
711 2981 838 3021 eum
863 2966 1082 3022 misisse
1110 2967 1209 3034 ait,
1236 2967 1332 3023 sed
1354 2968 1644 3026 ordinasse
1675 2979 1797 3025 tan-

212 3065 346 3111 tum.
374 3054 589 3112 Missus
613 3065 700 3112 est
727 3056 874 3112 enim
904 3055 1083 3114 Vivilo
1106 3059 1176 3114 ad
1199 3059 1550 3131 Gregorium,
1585 3061 1795 3132 idquea
1823 3083 1870 3146 ρ

210 3147 503 3216 Boioariis,
534 3157 596 3203 ut
621 3149 977 3206 ordinaretur
1005 3150 1298 3223 episcopus
1323 3169 1338 3220 ;
1368 3152 1448 3208 illi
1487 3153 1654 3224 igitur
1679 3162 1794 3210 tum

208 3251 482 3296 noverunt
525 3256 586 3297 se
612 3242 734 3298 sine
763 3243 1025 3313 episcopo
1049 3243 1232 3299 vivere
1257 3260 1369 3300 non
1391 3244 1608 3301 debere.
1638 3245 1795 3313 Quod

209 3349 275 3388 an
307 3334 380 3389 ab
406 3332 623 3406 lgnatio
651 3335 986 3406 acceperint,
1014 3337 1094 3392 illi
1132 3337 1374 3393 viderint
1399 3339 1494 3409 qui
1519 3340 1795 3396 neminem

207 3426 373 3481 alium
419 3441 549 3482 eam
604 3427 994 3484 necessitatem
1045 3428 1304 3486 docuisse
1346 3438 1565 3501 putant.
1616 3430 1794 3488 Vivilo

204 3520 365 3573 etiam
402 3519 527 3589 ipse
571 3519 696 3574 ideo
743 3520 950 3577 missus
997 3535 1125 3578 esse
1170 3522 1436 3589 traditur,
1461 3525 1592 3593 quia
1639 3524 1794 3594 prior

204 3610 500 3679 episcopus
533 3619 682 3667 esset
716 3610 1031 3670 defunctus.
1067 3611 1136 3668 Et
1165 3612 1396 3684 epistola
1419 3613 1668 3686 Gregorii
1699 3631 1795 3673 ex-

205 3710 311 3758 stat
327 3718 460 3757 cum
488 3703 651 3757 titulo
677 3721 692 3758 :
731 3702 1114 3758 Dilectissimis
1136 3704 1287 3758 nobis
1307 3705 1568 3775 episcopis
1601 3706 1657 3759 in
1678 3723 1796 3777 pro-

205 3796 376 3849 vincia
417 3793 694 3850 Boioarite
726 3805 778 3848 et
808 3793 1164 3850 Altemannia:
1193 3796 1501 3851 constitutis
1540 3795 1755 3869 Wigoni
1774 3839 1789 3864 ,

206 3887 464 3953 Luidoni,
493 3887 748 3958 Rodulfo,
784 3887 953 3942 Vivilo
976 3905 1068 3942 seu
1088 3888 1280 3958 Addat,
1315 3889 1604 3962 Gregorius
1627 3909 1787 3962 papa.

207 3980 275 4038 Ut
295 3997 401 4038 nec
426 3981 664 4052 primus,
680 3997 782 4037 nec
804 3982 958 4039 solus
973 3990 1106 4038 tunc
1124 3983 1389 4054 temporis
1408 3982 1792 4042 ViviloBoioa-

202 4077 411 4132 riorum
454 4077 750 4147 episcOpus
785 4075 960 4132 fuisse
999 4077 1288 4145 videatur;
1321 4086 1530 4136 etcum
1563 4080 1790 4137 Bonifa-

203 4169 317 4225 cius
339 4168 754 4225 Germanorum
784 4169 1069 4239 apostolus
1103 4169 1358 4236 dicatur,
1397 4179 1616 4242 tempus
1656 4174 1790 4230 illud

200 4261 414 4316 ostendi
441 4275 556 4314 non
598 4269 803 4331 potest,
834 4276 944 4331 quo
974 4259 1121 4331 apud
1144 4261 1436 4321 'Boioarios
1466 4265 1600 4322 fides
1629 4265 1788 4322 Chri-

201 4356 267 4412 sti
301 4356 410 4412 sub
434 4355 774 4427 presbyteris
795 4354 918 4411 sine
941 4357 1198 4428 episcopo
1233 4357 1490 4429 viguerit.

1914 1873 2230 1935 unaquaque
2265 1861 2499 1930 civitate,
2533 1863 2820 1918 secundum
2847 1862 2949 1920 SS.
2989 1861 3215 1919 Patrum
3239 1865 3496 1919 traditio.

1912 1966 2053 2018 nem,
2079 1962 2440 2022 permaneant,
2471 1971 2564 2010 nec
2591 1972 2685 2026 per
2702 1956 3168 2027 praesumptionem
3199 1973 3233 2010 a
3266 1974 3361 2012 suo
3384 1959 3497 2030 epi-

1909 2055 2066 2110 scopo
2090 2043 2357 2099 recedant.

1985 2130 2045 2186 Si
2087 2133 2283 2190 demus
2321 2133 2590 2204 Joneuses
2623 2133 2895 2209 lgnatium
2945 2138 3290 2209 epistolicum
3338 2139 3494 2210 igno-

1908 2240 2085 2290 rasse,
2117 2227 2272 2297 prius
2303 2229 2594 2285 ostendere
2638 2231 2907 2300 oportuit,
2940 2232 3074 2303 quid
3105 2232 3184 2288 illi
3214 2233 3490 2300 noverint,

1907 2333 2072 2390 quam
2113 2319 2247 2376 illud
2277 2321 2559 2392 objiceret,
2586 2323 2734 2394 quod
2767 2323 3113 2395 ignorabant.
3147 2324 3321 2382 Antea
3363 2326 3492 2397 qui-

1905 2412 2029 2468 dem
2073 2414 2128 2468 in
2173 2414 2324 2471 hunc
2369 2416 2594 2470 modum
2642 2415 2963 2487 disputabat
3013 2435 3027 2472 :
3086 2415 3144 2472 Si
3179 2419 3495 2488 scripsisset

1903 2501 2149 2576 lgnatius
2169 2507 2456 2576 epistolas,
2486 2523 2564 2563 ea:
2595 2507 2832 2564 fuissent
2861 2507 3101 2578 Iustino,
3130 2509 3352 2581 Irenaeo,
3371 2513 3494 2569 Cle-

1903 2595 2074 2650 menti
2103 2595 2477 2651 Alexandrino
2517 2605 2573 2652 et
2608 2595 2950 2652 Tertulliano
2980 2598 3231 2670 cognitae.
3258 2597 3396 2654 Nam
3431 2598 3490 2655 bi

1900 2687 2004 2742 viri
2026 2696 2205 2755 erant,
2239 2691 2400 2744 totius
2428 2690 2767 2762 antiquitatis
2802 2689 3085 2747 litterariae
3109 2694 3340 2747 maxime
3369 2708 3488 2749 vero

1901 2779 2222 2837 Christiane
2245 2783 2662 2849 studiosissimi,
2693 2785 2856 2840 iidem
2886 2795 3043 2858 atque
3074 2787 3376 2842 acutissimi
3399 2787 3489 2841 in-

1899 2873 2200 2944 dagatores.
2243 2874 2328 2929 An
2370 2875 2514 2932 idem
2557 2876 2627 2932 de
2669 2875 2850 2934 Scotis
2895 2878 3230 2935 Christianis
3263 2879 3482 2950 septimi

1899 2966 2084 3030 saeculi
2127 2964 2486 3036 judicandum
2545 2970 2668 3024 est?
2724 2968 2867 3024 Num
2915 2969 3184 3027 Jonenses
3227 2971 3486 3028 monachi

1899 3057 2242 3128 antiquitatis
2283 3060 2673 3116 studiosissimi
2719 3069 2884 3132 atque
2920 3060 3231 3118 acutissimi
3287 3071 3342 3118 et
3384 3063 3488 3118 dc-

1899 3149 2132 3204 ctissimi
2163 3150 2510 3222 indagatores
2558 3150 2730 3209 fuisse
2774 3153 3314 3223 perliibentuero
3357 3171 3487 3211 vero

1896 3257 1967 3296 an
2037 3241 2220 3298 adhuc
2269 3243 2540 3316 amplius,
2604 3242 2872 3300 Jonenses
2924 3245 3002 3300 illi
3062 3246 3121 3301 in
3179 3247 3484 3303 discutien-

1895 3334 1981 3390 dis
2024 3343 2270 3390 veterum
2327 3334 2641 3391 Graecorum
2692 3339 3064 3402 monumentis
3111 3338 3248 3395 adeo
3285 3355 3485 3395 emun-

1894 3431 1997 3478 ctae
2032 3423 2181 3479 naris
2217 3423 2394 3495 critici
2424 3423 2618 3492 fuere,
2651 3435 2710 3481 ut
2756 3425 3001 3493 Eusebii,
3035 3427 3115 3482 uti
3143 3428 3369 3495 volunt,
3396 3445 3486 3485 er-

1893 3528 1986 3570 ror
2015 3515 2110 3585 qui
2143 3514 2531 3582 Athanasium,
2556 3515 2978 3591 Hieronymum,
3001 3518 3404 3576 Theodoretum
3427 3533 3485 3578 et

1894 3608 2172 3666 Gelasium
2221 3607 2453 3676 fefellit,
2513 3609 2582 3665 iis
2625 3610 2976 3681 potissimum
3023 3611 3338 3668 suboleret?
3367 3611 3484 3670 Hoc

1892 3699 2040 3755 enim
2080 3699 2396 3754 necessario
2423 3698 2714 3755 dicendum
2748 3709 2834 3756 est
2867 3701 2936 3757 de
2967 3701 3280 3759 testimonio
3311 3704 3481 3774 septi-

1892 3793 1968 3848 mi
1998 3792 2204 3860 s'aeculi,
2239 3801 2300 3848 ut
2337 3793 2446 3848 vim
2486 3794 2732 3863 aliquam
2768 3794 2973 3850 habere
3009 3794 3295 3863 videatur;
3347 3805 3482 3853 tunc

1891 3886 2037 3940 enim
2075 3886 2378 3942 auctoritas
2411 3887 2772 3957 epistolarum
2826 3886 3022 3959 Ignatii
3059 3888 3202 3944 inter
3231 3889 3479 3946 Catholi-

1890 3994 1987 4034 cos
2020 3986 2187 4049 atque
2219 3979 2384 4033 etiam
2409 3978 2697 4034 haereticos
2728 3989 2846 4034 erat
2876 3980 3278 4051 receptissima.

1960 4069 2257 4142 Postquam
2291 4069 2675 4127 Boioariorum
2703 4080 2758 4126 et
2787 4069 3112 4128 Jonensium
3138 4074 3481 4132 meminisset

1889 4164 1975 4219 vir
2000 4164 2398 4232 doctissimus,
2440 4172 2495 4220 et
2529 4165 2599 4220 ab
2631 4175 2956 4237 argumento
2988 4181 3111 4234 suo,
3145 4168 3292 4239 quod
3322 4185 3353 4224 a
3397 4169 3476 4226 si-

1890 4256 2060 4311 lentio
2091 4256 2418 4328 scriptorum
2454 4265 2582 4312 ante
2611 4255 2908 4314 Eusebium
2933 4259 3236 4330 petebatur,
3259 4260 3478 4332 longius

1890 4350 2221 4417 aberrasset,
2267 4349 2519 4420 adjunxit
2551 4346 2870 4423 Hieronymi
2897 4359 2953 4407 et
3001 4351 3293 4422 Epiphanii
3323 4353 3478 4408 testi-

262 4447 512 4502 Alterius
541 4445 702 4517 plane
733 4447 950 4517 generis
975 4456 1060 4504 est
1086 4448 1234 4519 quod
1259 4465 1290 4505 e
1319 4448 1501 4506 Scotia
1532 4451 1666 4521 petit
1694 4467 1786 4506 ar-
1818 4431 1864 4488 Ῑ)
1893 4441 2078 4497 monia
2112 4460 2128 4497 :
2159 4441 2314 4496 illum
2344 4441 2467 4498 ideo
2489 4441 2740 4511 adduxit,
2765 4444 2893 4515 quia
2913 4444 3321 4516 presbyteratus
3347 4460 3475 4501 cum

199 4548 546 4612 gumentum.
573 4537 655 4593 lbi
684 4539 832 4594 enim
875 4540 1164 4610 episcopos
1193 4539 1502 4611 singulares
1529 4542 1583 4596 in
1613 4543 1789 4600 eccle-

205 4632 299 4687 siis
323 4628 509 4685 fuisse
539 4629 728 4700 negari
766 4645 876 4684 non
910 4636 1092 4700 potest
1117 4629 1187 4684 ad
1229 4629 1463 4686 formam
1501 4633 1786 4705 regiminis

200 4725 488 4798 lgnatiani.
529 4722 702 4790 Nam,
744 4732 805 4779 ut
839 4722 986 4780 Beda
1025 4732 1259 4780 testatur
1297 4741 1312 4778 :
1344 4725 1522 4780 Abbas
1564 4727 1785 4797 quidam

197 4819 464 4889 presbyter
501 4817 606 4886 fuit
626 4857 642 4884 ,
676 4817 830 4886 cujus
870 4817 988 4886 juri
1010 4827 1062 4873 et
1094 4822 1266 4874 omnis
1299 4821 1572 4890 provincia
1604 4830 1654 4875 et
1684 4821 1787 4890 ipsi

199 4914 356 4967 etiam
382 4912 621 4980 episcopi
657 4911 882 4980 subjecti
907 4921 1082 4967 erant.
1124 4912 1202 4968 lta
1233 4914 1454 4985 quidem
1481 4914 1650 4980 Beda,
1687 4917 1783 4973 sed

196 5005 400 5060 omissa
444 5011 577 5058 sunt
608 5003 773 5058 verba
813 5013 1006 5060 notatu
1047 5005 1232 5078 digna,
1274 5006 1461 5061 ordine
1500 5009 1778 5064 inusitato.

196 5095 431 5170 Agnovit
459 5090 732 5152 Seldeims
763 5097 1016 5152 ordinem
1057 5098 1384 5154 inusitatum
1427 5115 1458 5154 a
1503 5099 1648 5156 Beda
1676 5101 1780 5156 ob-

196 5198 473 5245 servatum
504 5207 518 5242 :
549 5187 654 5243 Sed
688 5189 804 5259 qui,
833 5190 1033 5261 inquit,
1065 5205 1130 5244 ea:
1161 5207 1304 5246 more
1327 5192 1402 5245 ibi
1426 5193 1782 5248 vetustissimo

194 5281 614 5352 sucularumque
631 5281 744 5336 illic
763 5283 1092 5338 anteriorum
1115 5283 1402 5354 disciplina
1425 5295 1662 5354 receptus
1685 5287 1777 5340 sit.

197 5373 296 5431 Sed
331 5377 464 5448 quis
493 5374 639 5445 apud
674 5373 944 5432 Joneuses
971 5376 1318 5447 presbyteros
1341 5392 1462 5433 mos
1493 5377 1596 5432 fuit
1621 5377 1780 5434 Beda;

195 5483 302 5524 :evo
330 5468 786 5539 antiquissimus,
827 5480 921 5524 aut
955 5480 1090 5541 quot
1121 5470 1350 5526 fuerunt
1379 5470 1472 5525 illa
1499 5471 1775 5527 anteriora

195 5559 388 5615 secula
407 5558 432 5610 ?
462 5557 628 5613 Certe
647 5557 717 5612 ab
739 5558 894 5613 obitu
926 5559 1230 5624 Columbae,
1257 5561 1351 5630 qui
1379 5559 1774 5616 monasterium

194 5650 467 5718 condidit,
523 5651 592 5706 ad
627 5659 812 5706 ortum
851 5649 1031 5719 Beda,
1078 5653 1174 5723 qui
1209 5653 1327 5708 haec
1369 5652 1611 5724 scripsit,
1644 5654 1772 5709 anni

197 5753 396 5801 tantum
421 5753 788 5801 numerantur
821 5743 906 5800 76.
937 5743 1077 5814 Quid
1101 5758 1282 5804 autem
1327 5745 1455 5806 hinc
1487 5745 1777 5819 sequitur?

1887 4535 2204 4605 episcopatu
2227 4575 2244 4603 ,
2276 4542 2338 4590 ut
2369 4535 2468 4603 ait,
2503 4534 2783 4607 ἰσοτομίαν
2815 4537 3114 4607 probabat;
3143 4535 3313 4604 hunc,
3343 4538 3474 4608 quia

1885 4641 2007 4682 eam
2041 4627 2366 4683 sententiam
2398 4636 2459 4682 ut
2485 4628 2720 4683 heresin
2751 4627 2806 4682 in
2827 4628 2995 4684 Aerio
3025 4628 3323 4684 damnabat
3350 4648 3362 4684 :
3388 4639 3474 4686 te-

1887 4728 1999 4774 stes
2017 4717 2157 4774 duos
2180 4717 2237 4772 in
2267 4717 2541 4790 lgnatium
2557 4718 2675 4790 jam
2692 4719 2785 4775 diu
2810 4728 3087 4791 receptum
3109 4721 3324 4793 egregie
3340 4737 3472 4778 con-

1885 4811 2182 4880 spirantes.
2219 4809 2278 4866 S.
2316 4809 2686 4884 Hieronymus
2708 4827 2852 4883 saepe
2875 4810 2934 4867 S.
2966 4810 3161 4878 lgnatii
3193 4814 3465 4880 meminit,

1885 4904 2017 4974 quid
2051 4903 2336 4975 scripserit
2369 4903 2454 4960 vir
2497 4904 2832 4976 apostolicus
2863 4914 2917 4960 et
2951 4913 3160 4977 martyr
3189 4906 3468 4972 observat,

1884 4996 2195 5053 Eusebiana
2220 4997 2537 5054 transcribit
2564 5005 2619 5053 et
2657 4998 2927 5069 approbat
2963 5017 2977 5053 :
3011 4999 3145 5070 quid
3169 4998 3338 5070 igitur
3377 4998 3472 5055 ille

1885 5092 2146 5148 adversus
2177 5090 2374 5164 lgnatii
2401 5092 2702 5163 epistolas?
2731 5091 3011 5148 Sollicitor
3033 5101 3244 5164 putare,
3263 5091 3464 5163 inquit,

1882 5186 1960 5242 vel
1984 5188 2219 5242 nondum
2239 5187 2295 5242 in
2320 5188 2386 5242 iis
2415 5188 2520 5240 ista
2537 5197 2648 5241 tam
2677 5187 2846 5241 multa
2877 5187 3063 5256 fuisse,
3089 5203 3208 5258 qute
3225 5185 3380 5242 hodie
3401 5187 3467 5242 de

1880 5279 2212 5350 episcopatus
2244 5280 2554 5336 necessitate
2586 5287 2637 5334 et
2671 5295 2784 5350 pra:
2813 5279 3180 5350 presbyterum
3207 5279 3468 5334 excellen-

1883 5372 1961 5425 tia
1989 5370 2146 5425 isthic
2173 5369 2414 5441 legimus,
2430 5369 2512 5426 vel
2527 5379 2665 5424 certe
2696 5371 3032 5425 existimasse
3055 5369 3464 5441 Hieronymum,

1879 5463 2210 5535 quantalibet
2237 5464 2401 5534 fuerit
2424 5464 2675 5534 martyris
2692 5465 3005 5531 auctoritas,
3031 5479 3137 5518 non
3160 5474 3334 5518 tamen
3364 5481 3460 5518 sa-

1881 5562 1949 5617 tis
1969 5577 2086 5616 eam
2112 5560 2302 5627 valere,
2327 5568 2386 5614 ut
2412 5576 2518 5615 rem
2543 5559 2757 5614 disertis
2787 5557 3080 5629 Scriptura:
3102 5557 3312 5613 vocibus
3337 5573 3464 5611 con-

1879 5632 2154 5723 ﬁrmatam
2177 5650 2465 5706 convellere
2499 5659 2678 5721 posset
2709 5659 2802 5725 aut
2841 5649 3068 5705 deberet.
3106 5649 3246 5718 Quid
3281 5659 3461 5706 autem

1880 5749 1929 5808 si
1961 5748 2044 5806 vir
2099 5745 2453 5810 doctissimus
2497 5760 2690 5806 revera
2733 5753 2947 5814 putaret
2978 5744 3032 5803 id
3078 5745 3223 5806 quod
3266 5753 3460 5812 putare
