3864 6204
423 325 527 384 251

1439 321 1512 390 Ξ.
1551 331 1902 392 IGNATIUS.
1941 363 2009 373 —
2044 333 2574 394 PROLEGOMENA.

3588 335 3702 393 ,ω

424 449 948 525 sollicitatur2quid'
967 453 1013 510 si
1043 471 1232 512 verum
1257 467 1404 515 esset
1427 459 1572 531 quod
1591 459 1777 530 putet?
1795 475 1864 514 an
1885 457 2010 512 inde
2035 461 2083 518 Α
2112 474 2326 527 parens.
2376 457 2472 514 Et:
2523 459 2727 514 Virum
2785 461 3167 529 honorabiletn,
3226 461 3444 531 fratrem
3494 475 3694 530 meum,

423 543 674 614 sequitur
701 547 964 616 epistolas
997 548 1120 605 illas
1151 565 1343 607 omnes
1383 567 1506 608 esse
1535 552 1696 607 tertio
1721 551 1924 607 saeculo
1953 550 2018 606 ti-

422 645 542 692 ctas
563 645 729 708 atque
761 641 1121 711 suppositas?
1144 643 1202 698 Si
1227 660 1413 714 parem
1442 660 1568 700 cum
1594 644 1895 716 Scripturis
1917 661 2016 700 auo

421 730 732 786 ctoritatem
770 749 877 789 non
904 734 1172 800 habeant,
1207 733 1303 791 aut
1335 753 1444 792 una
1478 738 1563 793 vel
1591 738 1762 792 altera
1792 746 2015 793 senten-

423 822 501 877 tia
537 822 605 877 de
629 825 954 881 necessitate
978 835 1033 881 et
1057 828 1372 883 excellentia
1390 829 1737 900 episcopatus
1753 830 1806 885 in
1829 846 2015 886 exem-

426 915 564 984 plari
589 913 1016 988 Hieronymiano
1062 935 1172 976 non
1204 921 1531 991 haberetur,
1575 939 1698 994 quae
1727 924 1780 978 in
1809 925 2012 982 nostris

425 1017 671 1077 apparet,
706 1025 774 1064 au
809 1015 992 1066 statim
1025 1015 1296 1084 sequitur,
1323 1031 1518 1072 omnes
1545 1016 1717 1072 fuisse
1736 1033 2014 1074 commen-

421 1099 617 1154 titias?
646 1102 950 1171 praesertim
970 1120 1095 1159 cum
1130 1103 1188 1160 S’.
1223 1104 1588 1178 Hieronymus
1607 1123 1702 1164 eas
1729 1124 1867 1179 quas
1893 1110 2011 1180 ipse

421 1189 616 1247 habuit
634 1209 791 1250 veras
821 1204 876 1250 et
906 1199 1175 1268 genuinas
1197 1199 1427 1270 putavit.
1451 1199 1676 1254 Fatetur
1705 1201 1786 1255 vir
1803 1201 2011 1257 doctis-

420 1284 625 1352 simus,
673 1302 769 1343 eas
799 1289 1064 1360 epistolas
1093 1307 1234 1361 quas
1265 1307 1413 1348 nunc
1461 1293 1752 1361 habemus,
1784 1295 2004 1351 easdem

417 1379 646 1434 omnino
694 1395 818 1438 esse
861 1399 1000 1453 quas
1047 1384 1239 1438 habuit
1268 1383 1575 1452 Eusebius,
1618 1396 1673 1442 et
1712 1396 1836 1457 post
1877 1403 2006 1443 eum

421 1470 760 1528 Athanasius
802 1483 966 1545 atque
1015 1474 1414 1534 Theodoretus.
1457 1477 1575 1546 Qua
1615 1495 1747 1551 ergo
1792 1482 2006 1538 ratione

415 1560 615 1618 ductus
663 1563 916 1621 dubitare
946 1575 1126 1638 potest
1155 1569 1222 1625 de
1261 1571 1560 1641 exemplari
1601 1573 1774 1628 solius
1810 1571 2004 1630 Hiero-

416 1656 588 1727 nymi,
607 1657 699 1727 qui
732 1667 856 1728 post
883 1657 1177 1715 Eusebium
1197 1673 1250 1717 et
1270 1663 1654 1733 Athanasium,
1679 1675 1803 1722 ante
1822 1665 2003 1723 Theo-

414 1747 665 1804 doretum
699 1751 836 1806 vixit
855 1753 886 1806 ?’
913 1752 1035 1808 Non
1067 1763 1178 1808 tam
1213 1756 1405 1824 multa,
1431 1758 1656 1825 scilicet,
1684 1760 1748 1813 de
1771 1777 1834 1814 ea
1863 1777 1918 1814 re
1944 1761 1999 1815 in

2117 548 2294 618 filium
2322 551 2649 621 dignationis
2690 563 2818 616 tua,
2847 552 3095 608 Orosium
3125 553 3484 624 presbyterum
3505 563 3556 608 et
3607 555 3696 608 sui

2117 642 2305 696 merito
2327 653 2376 696 et
2410 653 2458 696 te
2471 643 2688 712 jubente
2736 646 2961 711 suscepi.
2987 644 3121 711 Quae
3147 661 3270 700 eum
3325 645 3400 700 ita
3434 645 3567 712 sint,
3601 647 3694 700 illa

2117 733 2173 786 in
2203 744 2463 804 suspecto
2489 751 2654 805 opere
2688 737 2743 790 in
2783 736 3046 806 psalmum
3082 753 3208 792 xuv
3233 737 3567 810 Hieronymo
3600 739 3697 792 vix

2115 823 2422 893 abjudicari
2457 836 2720 896 possunt:
2755 825 2998 882 Fuerunt
3025 871 3042 895 ,
3090 845 3121 883 ο
3147 828 3388 882 Ecclesia
3412 871 3428 896 ,
3460 829 3696 900 apostoli

2112 924 2290 983 patres
2317 917 2416 980 tui,
2447 918 2573 987 quia
2601 918 2705 988 ipsi
2743 931 2793 972 te
2811 928 3126 990 genuerunt.
3171 918 3329 973 Nunc
3355 929 3533 973 autem
3561 920 3692 988 quia

2112 1007 2196 1060 illi
2243 1022 2570 1065 recesserunt
2609 1027 2642 1064 a
2685 1012 2918 1078 mundo,
2976 1011 3134 1067 habes
3155 1028 3252 1081 pro
3291 1012 3374 1066 his
3419 1013 3692 1082 episcopos

2111 1099 2274 1167 ﬁlios,
2304 1102 2395 1170 qui
2427 1118 2460 1154 a
2489 1112 2539 1156 te
2570 1102 2735 1155 creati
2763 1111 2929 1157 sunt:
2959 1113 3094 1158 sunt-
3128 1105 3268 1158 enim
3313 1113 3377 1159 et-
3407 1105 3462 1158 hi
3511 1115 3690 1174 patres

2111 1191 2210 1255 tui,
2236 1193 2363 1263 quia
2385 1193 2450 1246 ab
2479 1196 2608 1263 ipsis
2632 1196 2846 1264 regeris.
2873 1193 2999 1251 Hac
3031 1205 3226 1251 autem.
3243 1196 3512 1267 subiectio
3557 1196 3691 1252 Hie-

2109 1283 2432 1352 ronymiana
2481 1285 2617 1340 nihil
2654 1284 2804 1340 aliud
2832 1296 2918 1342 est
2958 1304 3124 1358 quam
3168 1289 3382 1362 ὑπακοὴ
3433 1291 3520 1344 vel
3553 1290 3692 1344 ὑπο-

2107 1375 2257 1445 ιιειειγὴ⁵
2293 1374 2595 1444 lgnatiana.
2639 1376 2925 1446 Secundo,
2958 1377 3332 1450 Hieronymus.
3384 1380 3692 1451 saepissime

2107 1471 2219 1520 tres
2241 1467 2446 1534 gradus
2473 1467 2591 1524 sive
2621 1471 2846 1526 ordines
2891 1471 2948 1525 in
2981 1469 3247 1536 Ecclesia,
3281 1472 3686 1543 episcopatum,

2106 1557 2540 1630 presbyteratum
2583 1571 2639 1618 et
2664 1563 3018 1620 diaconatum
3063 1567 3332 1638 agnoscit,
3360 1583 3471 1622 non
3501 1567 3690 1623 minus

2105 1666 2273 1720 quam
2306 1652 2570 1727 lgnatius.
2615 1656 2841 1730 Dialogo
2883 1659 3149 1715 adversus
3187 1659 3604 1716 Luciferianos:
3641 1661 3686 1713 Α

2107 1744 2331 1814 triginta
2357 1747 2549 1802 cubitis
2575 1751 2832 1820 incipiens
2856 1761 2907 1806 et
2933 1768 3094 1823 usque
3128 1752 3198 1805 ad
3238 1769 3399 1807 unum
3448 1753 3688 1809 cubitum

413 1838 631 1912 Ignatio
653 1843 784 1897 vidit
811 1842 1168 1916 Hieronymus
1191 1862 1211 1901 :
1242 1849 1421 1918 quasi,
1459 1849 1505 1904 si
1532 1851 1791 1920 pauciora
1817 1852 1884 1908 de
1903 1868 1990 1908 ea-

2102 1837 2368 1905 paulatim
2407 1841 2710 1896 decrescens
2743 1859 2872 1898 arca
2909 1845 3238 1899 construitur
3260 1860 3279 1899 :
3343 1846 3592 1900 similiter
3637 1855 3688 1901 et

414 1933 541 1989 dem
571 1949 631 1990 re
661 1935 894 1992 dixisset
920 1936 1197 2008 lgnatius,
1233 1939 1392 1996 iidem
1437 1941 1531 1998 Dei
1580 1959 1799 2000 omnem
1846 1948 2004 2004 abro-

413 2035 598 2098 gasset
621 2026 1010 2101 Hieronymus.
1041 2031 1197 2086 Anne
1223 2033 1522 2091 auctoritas
1547 2036 1637 2091 illa
1672 2045 1882 2093 tantum
1905 2056 2001 2095 va-

415 2115 523 2169 lida
552 2124 657 2179 est,
685 2131 806 2185 quae
825 2120 1116 2176 sententiis
1145 2121 1288 2177 idem
1319 2124 1481 2190 plane
1509 2129 1835 2184 sonantibus
1858 2146 2000 2200 saepe

412 2206 657 2275 repetitis
691 2210 944 2263 constat?
973 2209 1118 2276 Quot
1144 2215 1427 2270 sententiae
1457 2216 1511 2272 in
1548 2216 1758 2289 l‘guatio
1781 2222 2001 2278 oblitte-

410 2299 598 2354 randa:
632 2307 783 2366 sunt,
816 2309 877 2356 ut
917 2304 1269 2375 episcopatus
1300 2317 1355 2364 et
1387 2311 1799 2382 presbyteratus
1829 2316 1997 2370 ἰσοτι-

411 2389 510 2461 μία
537 2392 606 2446 ab
634 2393 729 2449 illo
776 2394 1132 2453 'condemnari
1169 2415 1279 2454 non
1335 2411 1579 2471 putetur,
1616 2414 1670 2459 et
1719 2408 1996 2477 doctrina,

407 2495 574 2551 quam
591 2491 851 2554 tanquam
876 2485 1355 2560 Hieronymianam
1387 2503 1779 2562 repraesentant
1802 2497 1996 2552 adver-

416 2574 590 2644 sarii,
645 2574 939 2648 lguatiana:
973 2581 1203 2636 minime
1251 2587 1529 2640 contraria
1569 2587 1849 2644 videatur!
1889 2588 1996 2645 Sed

404 2673 601 2723 revera
628 2665 948 2743 Hieronymi
998 2675 1290 2742 sententia,
1331 2677 1380 2732 si
1415 2693 1522 2731 uua
1555 2688 1720 2749 atque
1763 2681 1995 2752 simplex

405 2757 500 2826 sit,
526 2769 581 2815 et
592 2770 737 2817 recte
760 2764 1082 2834 explicetur,
1105 2765 1297 2837 Ignatii
1316 2771 1600 2825 sententiaa
1616 2772 1843 2829 minime
1864 2789 1997 2829 con-

405 2856 575 2908 traria
600 2863 718 2922 est;
752 2859 1112 2916 contrarietas
1133 2861 1278 2916 enim
1317 2878 1440 2932 quae
1467 2864 1798 2930 obtenditur,
1823 2867 1994 2939 origi-

404 2959 531 3000 nem
563 2955 777 3004 tantum
808 2961 1056 3022 spectat,
1096 2955 1164 3008 de
1190 2969 1300 3024 qua
1328 2955 1750 3028 nihillgnatius.
1784 2959 1993 3016 Caetera

405 3053 535 3094 vero
571 3057 694 3112 quae
720 3043 886 3099 habet
925 3044 1290 3119 Hieronymus
1319 3065 1451 3104 sane
1479 3053 1883 3122 quamplurima
1925 3057 1993 3110 de

2103 1926 2345 1983 Ecclesia
2363 1931 2544 1986 multis
2564 1933 2818 2003 gradibus
2836 1936 3127 1990 consistens
3149 1938 3220 1991 ad
3241 1949 3534 1993 extremum
3561 1939 3688 1994 dia-

2101 2019 2270 2086 conis,
2292 2020 2612 2091 presbyteris
2661 2023 3020 2094 episcopisque
3043 2025 3248 2093 ﬁnitur.
3279 2025 3355 2079 Ita
3379 2026 3499 2080 ille:
3531 2026 3688 2080 Arcas

2099 2126 2432 2167 sacramenta
2456 2131 2575 2168 cum
2607 2114 2848 2170 Ecclesia
2901 2133 3234 2187 componens.
3272 2117 3688 2174 Commentario

2101 2201 2154 2255 in
2183 2201 2408 2259 Michea:
2451 2220 2574 2275 cap.
2601 2222 2711 2260 vn:
2741 2206 2925 2261 Nolite
2954 2209 3168 2262 credere
3195 2211 3249 2262 in
3271 2209 3520 2276 ducibus,
3581 2226 3690 2264 non

2099 2295 2153 2348 in
2176 2296 2440 2366 episcopo,
2472 2315 2577 2352 non
2600 2299 2656 2353 in
2684 2301 3013 2371 presbytero,
3043 2318 3149 2356 non
3181 2303 3236 2356 in
3283 2304 3532 2369 diacono,
3579 2321 3688 2358 non

2099 2389 2156 2442 in
2187 2389 2418 2459 qualibet
2451 2393 2722 2446 hominum
2745 2394 3029 2466 dignitate.
3059 2393 3182 2450 Non
3216 2397 3315 2450 hoc
3354 2397 3498 2463 dico,
3542 2396 3689 2468 quod

2097 2481 2404 2536 istiusmodi
2449 2486 2702 2554 gradibus
2745 2488 2799 2540 in
2843 2487 3085 2543 Ecclesia
3127 2505 3234 2543 non
3290 2490 3524 2545 debeatis
3572 2507 3692 2546 esse

2097 2572 2687 2647 subjectis-Quicunque
2706 2579 2847 2631 enim
2882 2579 3218 2634 maledixerit
3249 2583 3390 2651 patri
3421 2591 3516 2634 aut
3567 2599 3694 2636 ma-

2097 2667 2188 2733 tri,
2217 2677 2384 2721 morte
2405 2671 2661 2722 morietur
2698 2672 2745 2704 ¹⁰
2765 2681 2871 2739 ;tet
2886 2673 3171 2740 Apostolus
3201 2673 3350 2728 docet
3377 2675 3692 2744 praepositis

2096 2759 2150 2811 in
2191 2757 2427 2813 Ecclesia
2465 2761 2810 2817 obediendum
2830 2765 2898 2818 “.
2937 2763 3040 2819 Sed
3066 2765 3206 2836 quod
3229 2765 3379 2818 aliud
3406 2767 3475 2819 sit
3509 2765 3692 2820 hono-

2095 2867 2214 2903 rare
2229 2851 2412 2919 duces,
2438 2853 2588 2906 aliud
2609 2871 2753 2924 spem
2780 2855 2970 2910 habere
2993 2857 3049 2910 in
3064 2858 3308 2911 ducibus.
3341 2856 3688 2912 Honoremus

2093 2942 2414 3012 episcopum,
2439 2945 2741 3014 presbytero
2771 2947 3072 3016 deferamus
3097 2990 3112 3013 ,
3158 2965 3504 3019 assurgamus
3555 2951 3688 3005 dia-

2095 3051 2244 3100 cono,
2271 3045 2320 3088 et
2349 3045 2520 3089 tamen
2565 3053 2670 3091 non
2705 3055 2970 3106 speremus
2999 3041 3055 3094 in
3087 3041 3185 3094 eis.
3216 3042 3481 3112 Apologia
3500 3044 3687 3113 prima

404 3134 759 3204 episcopatus
793 3152 824 3191 a
869 3138 1250 3208 presbyteraw
1294 3141 1650 3198 distinctione
1689 3154 1744 3199 ει
1785 3161 1994 3215 pm“-
2021 3151 2063 3208 ρ
2098 3129 2360 3183 adversus
2384 3127 2692 3184 Bullinum:
2726 3131 2874 3185 Sciat
2908 3134 3136 3186 multum
3160 3135 3407 3188 interesse
3431 3136 3496 3189 de
3521 3153 3686 3208 anye-

401 3225 678 3293 cellentia,
725 3242 790 3282 ac
815 3229 1142 3286 necessitate
1170 3233 1603 3304 antiquitateque
1619 3236 1905 3306 utriusque
1934 3237 1991 3292 in

401 3313 648 3374 Ecclesia
681 3317 797 3387 Dei,
823 3329 879 3375 et
911 3320 1060 3377 Aerii
1088 3323 1287 3394 dogma
1312 3325 1588 3396 jugulant,
1618 3337 1669 3383 et
1694 3326 1990 3399 lgnatianis

387 3399 563 3479 plane
585 3411 892 3467 conformis
923 3423 1086 3481 sunt;
1113 3432 1238 3487 qua:
1275 3419 1437 3474 toties
1464 3419 1717 3474 imitatur
1736 3429 1790 3476 et
1804 3421 1992 3491 sequi-

403 3510 522 3570 tur,
552 3511 612 3558 ut
642 3506 775 3575 quin
810 3507 997 3562 omnia
1045 3509 1265 3575 viderit,
1309 3526 1432 3580 qua:
1484 3526 1584 3566 nos
1627 3513 1682 3566 in
1733 3514 1987 3584 genuinis

398 3593 647 3662 epistolis
667 3595 936 3662 videmus,
967 3599 1231 3668 dubitari,
1263 3610 1411 3656 certe
1447 3612 1506 3657 ut
1569 3604 1834 3673 pauciora
1856 3645 1870 3669 ,
1903 3603 1988 3659 af-

397 3681 611 3740 tirmari
658 3701 766 3741 non
792 3689 986 3758 possit.
1031 3688 1168 3745 Nam
1219 3691 1273 3745 in
1317 3693 1551 3762 epistola
1603 3694 1673 3749 ad
1726 3692 1987 3766 Nepotia-

397 3790 568 3830 num:
601 3775 755 3843 Esto,
785 3780 983 3850 inquit,
1011 3782 1279 3851 subjectus
1307 3786 1549 3854 pontiﬁci
1581 3800 1706 3856 tuo,
1737 3799 1788 3842 et
1829 3792 1985 3860 quasi

397 3874 594 3928 animm
617 3886 886 3945 parentem
911 3880 1139 3949 suscipe,
1159 3880 1244 3935 vel
1270 3883 1494 3949 suspice.
1521 3881 1846 3940 Exhortatio
1871 3886 1985 3942 haec

397 3981 510 4022 non
539 3965 808 4034 Aeriana,
856 3969 948 4024 sed
1005 3968 1288 4040 lgnatiana
1331 3981 1432 4027 est.
1469 3972 1808 4044 Nepotianus
1833 3977 1981 4032 enim

395 4060 683 4132 presbyter
712 4070 848 4116 erat.
887 4060 964 4118 Ita
987 4063 1054 4118 de
1073 4065 1168 4118 illo
1194 4062 1561 4138 Hieronymus
1592 4069 1754 4138 epist.
1787 4070 1854 4124 '5:
1890 4069 1982 4124 Fit

395 4150 647 4218 clericus,
699 4161 751 4207 et
801 4169 894 4222 per
919 4154 1106 4208 solitos
1137 4156 1334 4226 gradus
1365 4161 1637 4229 presbyter
1674 4161 1978 4218 ordinatur.

393 4239 782 4314 Presbyterum
815 4243 983 4316 igitur
1023 4244 1333 4316 subjectum
1392 4251 1650 4322 episcopo
1710 4268 1813 4308 suo
1858 4269 1982 4310 esse

392 4331 594 4390 debere
619 4343 807 4391 monet
836 4334 1229 4410 Hieronymus,
1257 4349 1311 4395 et
1347 4341 1570 4412 quidem
1601 4350 1863 4415 tanquam
1922 4346 1983 4400 ti-

390 4422 528 4481 lium
552 4428 786 4496 parenti.
838 4426 1067 4499 Semper
1089 4431 1240 4486 enim
1299 4433 1619 4505 episcopum
1671 4435 1976 4508 presbyteri

389 4525 600 4588 patrem
633 4519 906 4590 agnoscit.
935 4520 1178 4592 Epistola
1209 4522 1280 4579 62
1321 4527 1391 4581 ad
1421 4527 1819 4598 Theophilum:
1849 4528 1976 4584 Non

390 4624 574 4664 sumus
605 4620 716 4664 tam
747 4611 928 4680 inflati
947 4615 1146 4682 cordis,
1186 4627 1243 4672 ut
1273 4619 1572 4689 ignoremus
1607 4621 1735 4691 quid
1784 4621 1974 4677 debea-

391 4708 481 4754 tur
515 4703 876 4760 sacerdotibus
919 4705 1140 4764 Christi.
1169 4707 1272 4775 Qui
1304 4713 1445 4765 enim
1487 4729 1575 4767 eos
1623 4715 1829 4785 recipit,
1866 4732 1974 4769 non

389 4799 502 4846 tam
544 4809 630 4848 eos
653 4796 873 4867 recipit,
895 4815 1056 4870 quam
1078 4802 1230 4856 illum
1266 4804 1416 4874 cujus
1446 4807 1680 4877 episcopi
1697 4818 1841 4863 sunt.
1869 4809 1973 4865 Sed

386 4886 624 4938 contenti
648 4885 754 4939 sint
778 4887 973 4943 honore
995 4908 1090 4945 suo
1109 4907 1128 4945 .'
1152 4891 1345 4949 Patres
1379 4913 1434 4950 se
1463 4898 1637 4952 sciant
1665 4915 1774 4954 esse
1792 4941 1808 4966 ,
1868 4898 1973 4955 non

386 4974 647 5030 dominos.
669 4976 744 5034 De
765 4976 1059 5037 Heliodoro
1084 4981 1373 5055 Nepotiani
1401 4989 1660 5060 episcopo
1683 4991 1758 5046 ita
1785 4993 1968 5063 loqui-

385 5077 506 5122 tur:
541 5068 755 5136 Quanto
778 5074 949 5145 magis
983 5083 1038 5128 tu
1058 5083 1109 5129 et
1129 5078 1421 5131 avunculus
1452 5090 1502 5133 et
1530 5081 1824 5153 episcopus,
1871 5085 1968 5139 hoc

384 5167 534 5215 estet
582 5161 638 5214 in
666 5177 847 5227 carne,
911 5173 962 5218 et
998 5165 1055 5218 in
1083 5167 1276 5236 spiritu
1305 5177 1478 5238 pater,
1527 5171 1671 5227 doles
1698 5173 1876 5228 abesse
1900 5177 1972 5230 vi-

385 5265 536 5305 scera
566 5261 679 5319 tua,
713 5261 763 5307 et
794 5255 948 5324 quasi
977 5271 1012 5308 a
1041 5265 1090 5311 te
1116 5257 1326 5313 divulsa
1360 5259 1628 5329 suspiras.
1667 5259 1750 5316 Ad
1789 5260 1968 5334 Nepo-

385 5341 598 5397 tianum
621 5344 785 5415 epist.
821 5345 890 5400 ὅς
925 5345 1115 5402 Gloria
1136 5350 1306 5418 patris
1343 5359 1422 5404 est
1467 5351 1615 5421 ﬁlius
1644 5355 1854 5423 sapiens
1881 5357 1963 5424 Io;

384 5429 628 5488 Gaudeat
655 5436 928 5507 episcopus
949 5437 1155 5507 iudicio
1180 5457 1299 5510 suo,
1324 5459 1445 5496 cum
1467 5442 1598 5498 tales
1626 5443 1838 5501 Christo
1863 5446 1968 5502 ele-

383 5527 519 5594 gerit
541 5529 862 5584 sacerdotes.
891 5529 970 5586 lta
993 5532 1112 5602 ipse
1130 5531 1189 5588 S.
1221 5533 1590 5607 Augustinum
1641 5540 1965 5608 compellat:

398 5612 522 5671 Vale
572 5618 702 5672 mihi
749 5621 915 5676 amice
965 5621 1311 5695 charissime,
1365 5635 1522 5682 (etate
1550 5627 1655 5697 ﬁli,
1707 5629 1968 5700 dignitate

2096 3221 2164 3274 lis
2185 3231 2234 3276 et
2266 3219 2545 3291 Seraphim
2569 3233 2618 3276 et
2657 3221 2940 3278 Cherubim
2975 3225 3149 3280 dicere
3190 3228 3453 3282 daemones
3492 3241 3547 3284 et
3583 3232 3684 3286 ho-

2091 3313 2256 3367 mines
2288 3314 2426 3383 βαι-ἱ,
2469 3317 2608 3384 quod
2636 3316 3162 3387 aﬁ'irmat-Origenes,
3192 3328 3243 3373 et
3273 3323 3412 3389 ipsos
3452 3323 3596 3376 inter
3623 3341 3685 3379 se

2091 3405 2304 3476 angelos
2335 3407 2544 3461 diversa
2575 3409 2861 3477 ofﬁciorum
2893 3425 3084 3479 genera
3117 3427 3231 3465 esse
3261 3412 3502 3478 sortitos,
3535 3415 3681 3483 quod

2090 3497 2345 3552 Ecclesia:
2373 3515 2475 3552 non
2506 3514 2781 3569 repugnat.
2810 3500 3084 3566 Quomodo
3140 3512 3190 3557 et
3244 3504 3386 3558 inter
3434 3505 3680 3562 homines

2089 3591 2218 3645 ordo
2265 3591 2591 3662 dignitatum
2650 3609 2716 3645 ea:
2745 3592 2944 3646 laboris
2977 3594 3232 3648 varietate
3284 3595 3523 3650 diversus
3554 3608 3634 3650 est
3659 3617 3680 3656 :

2087 3700 2206 3736 cum
2235 3684 2530 3753 episcopus,
2555 3694 2603 3737 et
2632 3684 2921 3753 presbyter,
2950 3694 3002 3738 et
3050 3687 3221 3740 omnis
3274 3688 3678 3744 ecclesiasticus

2084 3775 2281 3845 gradus
2301 3775 2742 3828 habeatordinem
2773 3792 2950 3842 suum,
2998 3788 3050 3832 et
3090 3787 3268 3831 tamen
3296 3795 3475 3834 omnes
3498 3781 3680 3836 homi-

2085 3882 2172 3921 nes
2193 3876 2333 3920 sunt.
2365 3865 2605 3936 Epistula
2630 3867 2696 3920 27
2723 3883 2844 3936 quae
2858 3869 3017 3922 estad
3033 3867 3411 3925 Eustochium:
3432 3873 3678 3928 Aderant

2086 3956 2582 4028 Hierosolymorum
2605 3969 2654 4012 et
2683 3960 2918 4013 aliarum
2965 3960 3178 4014 urbium
3210 3964 3464 4033 episcopi,
3491 3975 3542 4018 et
3580 3983 3677 4020 sa-

2083 4050 2350 4102 cerdotum
2372 4050 2639 4119 inferioris
2663 4050 2884 4121 gradus,
2909 4068 2972 4104 ac
3042 4051 3324 4106 levitarum
3358 4055 3675 4111 innumera-

2083 4141 2205 4196 bilis
2226 4142 2534 4196 multitudo.
2571 4143 2760 4198 Uicent
2789 4142 3177 4216 Hieronymum
3200 4145 3268 4200 de
3295 4146 3526 4202 diversis
3546 4164 3678 4218 gra-

2081 4234 2248 4291 dibus
2303 4247 2398 4291 aut
2424 4237 2712 4293 ordinibus
2743 4239 2895 4309 loqui
2928 4238 3231 4294 secundum
3273 4255 3433 4295 usum
3479 4244 3673 4298 saeculi

2081 4327 2202 4382 sui:
2235 4328 2377 4383 idem
2409 4341 2463 4384 et
2478 4345 2579 4399 ego
2605 4329 2674 4385 de
2697 4328 2906 4400 lgnatio
2931 4330 3162 4386 aliirmo.
3193 4329 3262 4386 Et
3285 4332 3503 4402 quidem
3533 4332 3672 4390 Hie-

2079 4438 2345 4494 ronymus
2374 4422 2596 4478 eosdem
2621 4424 2826 4494 gradus
2857 4422 3026 4478 refert
3061 4423 3129 4480 ad
3157 4432 3404 4495 tempora
3439 4435 3673 4495 aposto-

2004 4495 2051 4552 ι)
2078 4515 2211 4572 lica:
2235 4525 2296 4572 ut
2317 4517 2520 4571 mirum
2547 4531 2654 4571 non
2684 4517 2756 4571 sit
2789 4514 3084 4586 lgnatium,
3111 4524 3237 4586 post
3257 4517 3505 4573 omnium
3529 4533 3674 4590 apo-

2082 4605 2352 4662 stolorum
2383 4615 2638 4672 mortem,
2663 4605 2738 4661 ita
2761 4606 3006 4662 locutum
3030 4621 3171 4663 esse.
3211 4606 3454 4679 Epistola
3483 4611 3673 4679 prima

2069 4701 2138 4757 ad
2161 4699 2507 4757 Heliodorum
2535 4719 2548 4754 :
2583 4721 2600 4755 ι
2630 4701 2736 4769 Qui
2760 4703 3120 4773 episcopatum
3145 4703 3433 4764 desiderat.
3461 4705 3664 4759 bonum

2070 4809 2200 4862 opus
2226 4793 2491 4848 desiderat
2521 4796 2587 4847 “.
2628 4813 2647 4846 ι
2678 4793 2886 4850 Scimus
2910 4796 3017 4849 ista
3047 4813 3066 4850 :
3092 4796 3182 4850 sed
3206 4796 3370 4866 junge
3398 4797 3537 4867 quod
3571 4815 3665 4852 se-

2069 4885 2288 4956 quitur:
2316 4903 2336 4936 c
2369 4883 2585 4953 Oportet
2609 4896 2784 4939 autem
2810 4885 3114 4953 hujusmodi
3147 4885 3668 4953 irreprehensibilem

2069 4993 2182 5032 esse
2201 4977 2268 5044 ’⁸,
2302 4995 2321 5029 s
2354 4985 2461 5033 etc.
2489 4976 2560 5031 Et
2581 4979 2782 5033 caeteris
2807 4994 2924 5049 qua:
2945 4979 3008 5033 de
3029 4995 3088 5033 eo
3117 4989 3410 5050 sequuntur
3433 4979 3668 5050 explici-

2072 5069 2165 5137 tis,
2181 5085 2287 5125 non
2309 5070 2562 5124 minorem
2582 5071 2639 5124 in
2664 5071 2820 5124 tertio
2836 5070 3007 5140 gradu
3029 5070 3272 5125 adhibuit
3299 5070 3667 5141 diligentiam,

2074 5160 2254 5217 dicens
2275 5177 2294 5216 :
2313 5180 2332 5215 ι
2357 5160 2618 5216 Diaconos
2639 5160 2887 5216 similiter
2905 5162 3124 5232 pudicos
3146 5161 3212 5217 “.
3249 5180 3266 5214 ι
3287 5161 3407 5217 Lib.
3429 5178 3444 5216 ι
3473 5162 3672 5218 adver-

2069 5276 2166 5316 sus
2203 5257 2554 5317 Iovinianum
2579 5275 2590 5310 :
2625 5255 2812 5312 Cernis
2839 5257 3009 5327 igitur
3039 5255 3182 5326 quod
3210 5255 3506 5324 episcopus,
3532 5271 3664 5323 pre-

2071 5351 2250 5422 sbyter
2300 5359 2352 5405 et
2381 5349 2639 5403 diaconus
2672 5364 2775 5403 non
2799 5348 2917 5402 ideo
2942 5347 3049 5400 sint
3069 5346 3231 5412 beati,
3255 5347 3383 5416 quia
3403 5346 3663 5416 episcopi,

2070 5443 2149 5498 vel
2174 5442 2467 5514 presbyteri
2495 5441 2623 5504 sint,
2662 5450 2757 5494 aut
2791 5439 3052 5504 diaconi;
3111 5439 3202 5493 sed
3234 5439 3283 5492 si
3304 5438 3524 5492 victutes
3563 5439 3661 5492 ha-

2071 5535 2282 5590 buerint
2320 5534 2594 5588 nominum
2641 5548 2861 5587 suorum
2910 5541 2960 5586 et
2993 5531 3304 5602 ofﬁciorum.
3341 5529 3558 5599 Alioqui
3610 5533 3661 5583 si

2071 5629 2327 5684 diaconus
2357 5627 2595 5682 sanctior
2612 5627 2856 5696 episcopo
2879 5640 2974 5680 suo
3001 5624 3189 5694 fuerit,
3207 5639 3310 5678 non
3334 5638 3400 5676 ea:
3428 5639 3490 5676 eo
3513 5625 3659 5693 quod

455 5781 500 5814 "
531 5779 693 5840 Prov.
724 5801 780 5854 x,
818 5789 868 5844 1.
943 5790 988 5824 ³ο
1025 5789 1155 5851 Lev.
1192 5809 1286 5858 xx.
1323 5793 1375 5852 9.
1455 5798 1495 5832 ²¹
1525 5793 1690 5856 Hebr.
1728 5813 1848 5866 xui.
1887 5798 1972 5856 17.

2092 5797 2147 5857 ’1
2181 5796 2320 5855 Tim.
2355 5813 2435 5860 In.
2465 5797 2513 5852 Ι.
2591 5795 2632 5828 ’³
2671 5793 2802 5850 Ibid.
2829 5837 2841 5850 .
2886 5793 2939 5847 9.
3020 5794 3062 5824 “
3103 5791 3236 5848 Ibid.
3262 5835 3275 5850 .
3312 5792 3364 5847 8.
