3864 6204
225 330 335 385 253

932 329 984 386 J.
1026 327 1393 386 PEARSONII
1422 327 1749 385 VINDICLE
1789 327 2209 386 IGNATIANE.
2247 357 2319 370 —-
2355 328 2535 385 PARS
2572 326 2614 384 I.

3371 324 3480 382 854

228 444 454 514 inferior
482 445 662 516 gradu
677 453 758 500 est
780 484 798 510 ,
847 448 989 516 apud
1019 448 1289 503 Christum
1313 449 1544 503 deterior
1562 449 1696 512 erit;
1718 460 1807 503 aut
1837 453 1886 510 Α
1911 449 2164 519 dogmate
2191 450 2428 504 maxime
2450 445 2832 504 abhorrentia.
2854 445 3101 516 Denique
3135 443 3275 500 hanc
3302 442 3479 514 ipsam

221 535 532 606 Stephanus
551 539 810 592 diaconus
827 581 842 606 ,
869 540 960 609 qui
985 541 1190 609 primus
1228 542 1488 611 martyrio
1523 549 1807 596 coronatus

225 638 327 692 est,
361 630 543 682 minor
565 629 782 699 futurus
795 640 874 685 est
902 631 959 684 in
991 647 1151 702 regno
1195 631 1444 687 caelorum
1475 631 1655 686 multis
1699 633 1811 702 epi-

227 721 426 788 scopis,
461 730 512 774 et
550 719 822 776 Timotheo
861 739 924 776 ac
953 721 1093 790 Tito,
1131 740 1260 788 quos
1304 733 1362 778 ut
1405 723 1662 793 subjicere
1705 739 1811 778 non

229 816 425 876 audeo,
450 815 530 867 ita
569 829 665 867 nec
687 824 1024 883 anteponere.
1075 814 1222 872 Idem
1260 816 1636 888 episcopatum
1683 825 1804 872 tan-

227 919 394 970 quam
428 919 716 959 summum
740 905 794 959 in
826 905 1069 962 Ecclesia
1101 908 1349 963 ordinem
1383 908 1609 962 maximi
1658 907 1808 976 facit,

226 997 493 1067 episcopo
529 997 888 1052 commissam
933 1014 1056 1054 esse
1089 998 1393 1055 Ecclesiam
1442 1001 1619 1066 docet,
1652 1001 1811 1070 eique

227 1090 604 1160 principatum
653 1090 927 1145 attribuit.
961 1089 1207 1160 Epistola
1260 1092 1419 1147 tertia
1457 1093 1522 1146 ad
1554 1089 1812 1162 Nepotia-

227 1198 397 1236 num:
454 1180 606 1236 Sciat
651 1185 949 1253 cpiscopus,
986 1185 1072 1238 cui
1112 1186 1395 1240 commissa
1439 1194 1515 1239 est
1547 1184 1810 1252 Ecclesia,

225 1288 382 1343 quem
440 1273 832 1342 dispensationi
885 1289 1182 1343 pauperum
1239 1291 1482 1345 curesque
1528 1276 1807 1344 praeﬁciat.

230 1367 482 1437 Epistola
509 1367 576 1421 ad
602 1365 988 1437 Theophilum,
1013 1367 1081 1422 de
1094 1366 1308 1424 Joanne
1336 1369 1598 1439 episcopo
1621 1367 1813 1424 Hiero-

227 1462 600 1534 solymitano:
631 1463 762 1526 Aut,
795 1463 948 1532 quasi
983 1462 1244 1532 pontifex,
1290 1464 1494 1516 cunctis
1536 1462 1813 1533 cqualiter

225 1556 480 1625 imperet:
511 1564 626 1617 aut,
671 1556 824 1625 quasi
883 1556 1124 1608 imitator
1158 1555 1420 1625 Apostoli,
1453 1557 1812 1611 universorum

224 1647 393 1699 saluti
421 1660 487 1699 ea:
511 1662 661 1716 arguo
681 1645 893 1699 serviat.
915 1643 1326 1700 Commentario
1353 1646 1406 1700 in
1441 1644 1661 1712 Isaiam,
1688 1661 1806 1715 cap.

223 1735 594 1802 uuPonam,
629 1737 829 1805 inquit,
861 1735 1120 1806 principes
1151 1745 1267 1789 tuos
1297 1736 1352 1789 in
1379 1752 1556 1806 pacem
1575 1777 1590 1802 ,
1623 1745 1672 1789 et
1694 1737 1809 1806 epi-

225 1843 416 1896 scopos
441 1837 560 1882 tuos
588 1829 641 1881 in
673 1827 948 1895 justitiam
976 1828 1019 1860 "
1037 1828 1146 1892 ;sin
1166 1844 1268 1898 quo
1295 1825 1585 1897 Scriptura:
1613 1836 1811 1883 sanctte

221 1919 550 1973 admiranda
575 1918 850 1987 majestas,
882 1917 1022 1986 quod
1055 1918 1318 1987 principes
1369 1917 1576 1986 futuros
1628 1917 1811 1973 Eccle-

219 2013 317 2066 sia.-
347 2012 622 2081 episcopos
649 2010 964 2063 nominavit.
991 2009 1049 2064 In
1073 2009 1334 2080 (Tatalogo
1361 2009 1688 2078 scriptorum
1719 2024 1809 2064 ec-

218 2104 698 2160 clesiasticarum:
733 2101 1080 2171 Polycarpus,
1107 2099 1336 2154 Joannis
1383 2100 1609 2170 apostoli
1647 2101 1810 2155 disci-

217 2197 403 2267 pulus,
438 2207 488 2249 et
523 2196 590 2248 ab
637 2210 696 2248 eo
748 2191 992 2264 Smyrna
1010 2194 1284 2263 episcopus
1314 2194 1612 2259 ordinatus,
1646 2196 1808 2248 totius

219 2289 367 2344 Asite
395 2287 644 2358 princeps
662 2286 786 2354 fuit.
817 2284 1233 2339 Commentario
1257 2284 1312 2337 in
1337 2283 1532 2338 Isaiam
1568 2301 1688 2353 cap.
1712 2300 1803 2340 Ill:

223 2377 326 2434 Sed
354 2388 406 2432 et
443 2377 514 2430 ad
541 2385 748 2430 nostros
781 2377 1044 2444 principes
1071 2375 1258 2445 referri
1285 2383 1475 2444 potest,
1507 2376 1554 2428 si
1576 2384 1807 2428 atterunt

221 2469 522 2537 subjectum
543 2467 648 2521 sibi
673 2465 892 2536 plebem,
933 2475 983 2520 et
1027 2482 1282 2535 pauperes
1323 2465 1675 2532 delinquentes
1709 2483 1809 2535 pu-

223 2560 356 2615 blice
385 2568 620 2630 arguant
647 2568 804 2628 atque
823 2557 1173 2626 confundant,
1209 2555 1462 2611 divitibus
1485 2566 1659 2611 autem
1689 2573 1806 2611 ma-

215 2651 342 2722 jura
377 2648 722 2721 peccantibus
752 2665 815 2702 ne
840 2657 1032 2702 nutum
1071 2648 1282 2718 quidem
1330 2648 1503 2716 facere
1550 2647 1803 2716 audeant,

224 2751 331 2798 etc.
364 2739 438 2798 Et
459 2755 582 2810 cap.
615 2755 682 2794 v:
731 2739 1034 2793 Abutamur
1062 2739 1157 2792 hoc
1198 2738 1496 2792 testimonio
1530 2739 1808 2793 adversum

225 2834 492 2902 principes
523 2831 796 2896 Ecclesia),
820 2832 911 2900 qui
945 2829 1010 2883 de
1052 2846 1206 2883 mane
1235 2837 1559 2900 consurgunt
1613 2827 1682 2882 ad
1725 2844 1808 2883 se-

223 2925 480 2980 ctandam
505 2924 754 2987 siceram,
793 2932 844 2976 et
891 2921 1173 2975 bibendum
1216 2937 1378 2991 usque
1401 2923 1472 2974 ad
1515 2939 1802 2994 vesperam,

225 3025 330 3073 etc.
363 3017 778 3080 Commentario
801 3017 853 3070 in
895 3015 1078 3069 Titum
1118 3031 1239 3086 cap.
1271 3032 1320 3070 ιε
1360 3014 1635 3072 Nonenim
1662 3020 1804 3089 Apo-

1910 547 2165 603 ordinum
2205 549 2612 613 distinctionem
2658 564 2690 604 a
2743 544 3088 615 temporibus
3139 541 3480 612 apostolicis,

1911 636 2022 692 imo
2053 638 2122 692 ab
2152 638 2287 708 ipsis
2302 640 2563 708 apostolis
2587 638 2817 694 arcessit
2848 633 3238 705 Hieronymus.
3269 631 3329 685 ln
3361 633 3481 701 ipsa

1909 728 2054 784 enim
2086 728 2155 783 ad
2179 728 2467 800 Evagrium
2495 729 2748 800 epistola,
2774 741 2939 796 quam
2972 722 3270 780 adversarii
3301 731 3482 776 tanto-

1909 835 2038 891 pere
2063 821 2376 888 sollicitaut,
2411 822 2526 877 haec
2555 822 2749 875 habet:
2787 817 2856 873 Ut
2887 817 3118 871 sciamus
3165 815 3480 869 traditiones

1911 913 2230 981 apostolicus
2279 923 2516 983 sumptas
2573 912 2639 966 de
2700 911 2871 964 Veteri
2907 908 3238 963 Testamento
3264 947 3282 971 ,
3339 905 3481 976 quod

1909 1005 2091 1058 Aaron
2115 1014 2164 1059 et
2193 1005 2296 1074 ﬁlii
2357 1005 2470 1074 ejus
2501 1016 2655 1074 atque
2712 1003 2882 1057 levita:
2932 1002 2988 1054 in
3021 997 3212 1068 templo
3243 997 3481 1066 fuerunt,

1909 1095 2007 1149 hoc
2037 1095 2140 1149 sibi
2157 1095 2406 1165 episcopi,
2436 1094 2723 1164 presbyteri
2765 1103 2812 1146 et
2859 1089 3070 1144 diaconi
3119 1088 3380 1142 vindicent
3424 1087 3480 1140 in

1913 1187 2175 1242 Ecclesia.
2209 1185 2312 1242 Ubi
2335 1187 2513 1258 primo
2528 1197 2713 1256 aperta
2731 1185 3012 1240 distinctio
3033 1182 3284 1238 ordinum
3308 1198 3321 1233 :
3340 1179 3482 1234 alius

1910 1278 2056 1334 enim
2086 1277 2222 1335 ordo
2247 1278 2505 1344 Aaronis,
2533 1277 2648 1333 sive
2674 1277 2875 1333 summi
2905 1273 3223 1340 sacerdotis,
3257 1271 3351 1341 qui
3387 1285 3483 1339 per

1911 1369 2285 1456 excellentiam
2324 1379 2458 1456 pun
2483 1371 2511 1422 ὁ
2563 1369 2760 1440 ἱερεὺς,
2795 1367 2879 1421 vel
2927 1367 3089 1420 etiam
3125 1373 3305 1424 m1
3349 1370 3484 1448 ττῠη

1909 1443 2065 1522 5111'!
2111 1469 2267 1543 'fﬂl‘l,
2315 1443 2399 1515 vel
2441 1472 2562 1519 una
2604 1471 2766 1524 nam,
2815 1459 2876 1512 ὃν
2930 1456 3280 1529 ἀναραϐάχην
3313 1443 3453 1523 προσ

1909 1556 2268 1627 αγορεύουσιο
2372 1551 2624 1621 σημαίνει
2683 1549 2741 1603 δὲ
2798 1549 3077 1622 ἀρχιερέα,
3133 1557 3194 1601 ut
3239 1545 3482 1615 loquitur

1911 1637 2216 1709 Iosephus;
2249 1639 2394 1695 alius
2416 1640 2654 1694 ﬁliorum
2684 1639 2915 1694 Aaronis
2936 1680 2951 1705 ,
2997 1653 3091 1693 seu
3128 1634 3483 1692 secundat-io-

1914 1749 2035 1786 rum
2073 1733 2438 1800 sacerdotum,
2461 1731 2556 1797 οὒς
2588 1733 2814 1803 χαναίας
2870 1732 3130 1796 καλοῦσι,
3164 1729 3485 1800 simpliciter

1909 1833 2095 1888 cum,
2142 1825 2228 1880 vel
2282 1840 2404 1880 cum
2443 1825 2806 1880 diminutione
2869 1832 3107 1884 ωηεν-ττι
3164 1831 3330 1882 nun:
3394 1837 3482 1874 sa-

1909 1919 2141 1972 cerdotes
2200 1917 2422 1984 idiotis,
2474 1918 2560 1972 vel
2615 1917 2760 1972 κατὰ
2804 1917 3004 1988 μέρος;
3055 1917 3194 1971 alius
3250 1916 3484 1983 denique

1908 2008 2198 2063 levitarum
2227 2024 2242 2060 :
2299 2022 2534 2078 quorum
2568 2007 2786 2063 diversa
2817 2005 2990 2062 ofﬁcia
3027 2017 3079 2060 ct
3114 2006 3406 2076 dignitates
3428 2006 3483 2060 in

1909 2097 2197 2169 Scriptura
2224 2096 2562 2153 referuntur.
2595 2096 2801 2152 Aaroui
2854 2105 3060 2161 autem,
3118 2113 3217 2152 seu
3265 2110 3483 2152 summo

1908 2189 2180 2246 sacerdoti
2209 2189 2529 2259 episcopum
2547 2230 2564 2255 ,
2597 2187 2973 2244 sacerdotibus
2997 2187 3336 2244 secundariis
3359 2203 3482 2258 pre-

1909 2282 2161 2353 sbyteros
2191 2321 2206 2348 ,
2255 2281 2436 2336 levitis
2486 2279 2751 2335 diaconos
2774 2280 2828 2334 in
2880 2279 3124 2335 Ecclesia
3157 2280 3484 2349 respondere

1907 2375 2102 2431 asserit
2133 2373 2517 2445 Hieronymus.
2559 2372 2813 2430 Secundo
2833 2415 2849 2441 ,
2880 2374 3046 2444 hujus
3092 2374 3346 2429 ordinum
3371 2374 3485 2429 dis-

1907 2466 2192 2522 tinctionis
2255 2465 2638 2536 antiquitatem
2691 2466 3184 2535 auctoritatemque
3219 2465 3481 2537 depingit,

1907 2577 1974 2616 ex
1999 2558 2304 2630 apostolico
2321 2558 2470 2613 enim
2493 2557 2788 2614 traditione
2813 2567 2997 2612 natam
3017 2557 3084 2612 ad
3114 2572 3214 2611 sua
3239 2567 3485 2627 tempora

1905 2650 2211 2705 derivatam
2261 2647 2442 2704 docet.
2489 2648 2804 2704 Blondellus
2861 2649 2918 2703 in
2950 2648 3214 2719 Apologia
3254 2649 3320 2704 ad
3369 2650 3486 2704 haec

1906 2741 2113 2796 nullam
2138 2740 2592 2796 'observationem
2649 2740 2911 2805 adhibet,
2957 2740 3376 2797 elucidationcm
3423 2741 3480 2796 in

1907 2841 2061 2890 sexta
2086 2831 2233 2887 illius
2263 2832 2446 2902 operis
2475 2832 2718 2887 sectione
2747 2832 3040 2902 promittit,
3072 2848 3194 2888 cum
3226 2841 3336 2889 tres
3369 2842 3490 2889 tans-

1907 2936 2023 2982 tum
2057 2924 2330 2982 sectiones
2352 2922 2603 2978 ediderit.
2635 2922 2741 2978 Sed
2764 2923 2893 2993 quid
2919 2923 2986 2976 ad
3011 2923 3126 2978 haec
3155 2924 3484 2994 respondere

1905 3017 2168 3088 potuerit,
2201 3015 2337 3071 satis
2368 3015 2698 3086 perspicitur
2722 3030 2790 3069 ex
2834 3016 2904 3070 iis
2926 3055 2941 3081 ,
2976 3030 3098 3086 quae
3148 3015 3203 3070 in
3229 3015 3485 3087 Prolego-

223 3109 393 3164 stolus
426 3107 680 3162 Ecclesia:
699 3109 987 3178 principem
1017 3109 1250 3178 formans
1274 3117 1414 3162 vetat
1442 3125 1552 3164 esse
1576 3111 1805 3181 pugilem
1833 3129 1874 3186 ο
1908 3109 2086 3163 menis
2113 3108 2180 3162 ad
2207 3102 2724 3164 Pseudo-Isidorum
2759 3105 2998 3175 scripsit,
3025 3107 3222 3161 misera
3259 3116 3314 3162 et
3338 3106 3483 3164 inle-

222 3211 275 3258 et
299 3201 736 3272 pancratiasten;
775 3217 899 3270 qua:
923 3209 1112 3270 postea
1140 3201 1374 3270 explicat
1417 3199 1513 3255 lib.
1546 3217 1563 3256 ι
1610 3203 1804 3257 adver-

223 3312 322 3352 sus
340 3294 720 3356 Jovinianum,
743 3291 924 3363 Neque
951 3293 1090 3347 enim
1122 3293 1352 3363 pugilem
1367 3293 1614 3348 describit
1635 3312 1804 3349 sermo

222 3385 577 3456 apostolicus,
632 3385 722 3436 sed
763 3384 1064 3452 pontiﬁcem
1096 3385 1351 3439 instituit.
1380 3383 1554 3455 Epist.
1578 3387 1640 3441 3:
1665 3386 1807 3441 Pru-

219 3480 512 3545 denterque
553 3474 757 3528 Ennius
781 3491 800 3530 :
834 3494 850 3527 ι
873 3474 1050 3542 Plebs,
1078 3476 1270 3545 inquit,
1306 3477 1362 3530 in
1398 3479 1494 3530 hoc
1524 3478 1634 3548 regi
1664 3487 1807 3532 ante-

217 3577 328 3622 stat
356 3566 512 3629 loco;
567 3566 689 3620 licet
736 3565 1036 3636 lacrymare
1089 3567 1259 3637 plebi,
1316 3568 1425 3638 regi
1450 3568 1660 3622 honeste
1700 3585 1805 3623 non

215 3657 368 3711 licet.
411 3673 432 3707 s
489 3653 560 3710 Ut
588 3659 736 3726 regi,
760 3657 837 3709 sic
864 3657 1142 3726 episcopo;
1183 3656 1289 3709 imo
1339 3657 1514 3710 minus
1539 3657 1801 3728 episcopo,

216 3765 385 3819 quam
403 3747 537 3817 regi.
557 3746 688 3813 Quae
703 3763 828 3802 cum
853 3746 1184 3819 Hieronymo
1206 3747 1342 3804 adeo
1363 3749 1474 3803 sint
1491 3747 1801 3816 familiaria,

219 3839 391 3892 etiam
423 3837 517 3892 illa
549 3853 671 3907 quae
701 3837 756 3892 in
792 3838 1063 3907 psalmum
1096 3854 1224 3893 κων
1263 3839 1367 3895 sub
1413 3840 1534 3910 ejus
1586 3842 1804 3898 nomine

218 3930 460 4001 legimus
482 3928 858 3998 praetereunda
888 3945 999 3985 non
1025 3929 1305 3984 videntur:
1333 3929 1626 3985 Constituit
1643 3931 1802 3988 Chri-

218 4033 337 4076 stus
366 4029 582 4075 sanctos
637 4037 760 4075 suos
785 4037 942 4089 super
970 4037 1148 4074 omnes
1197 4021 1440 4090 populos.
1498 4021 1566 4076 In
1598 4026 1804 4078 nomine

218 4114 360 4166 enim
387 4111 488 4166 Dei
521 4111 808 4165 dilatatam
833 4120 910 4166 est
947 4110 1295 4183 Evangelium
1325 4115 1378 4166 in
1407 4114 1649 4169 omnibus
1679 4116 1804 4185 ﬁni-

220 4205 316 4258 bus
347 4203 561 4266 mundi,
604 4203 663 4256 in
699 4204 886 4274 quibus
907 4205 1169 4274 principes
1203 4204 1476 4274 Ecclesiae,
1498 4207 1552 4259 id
1581 4217 1657 4261 est
1686 4209 1801 4277 epi-

220 4296 368 4366 scopi
393 4295 674 4348 constituti
696 4305 843 4350 sunt.
870 4293 1144 4352 Praeterea
1175 4295 1540 4369 Hieronymus
1562 4299 1804 4354 necessi-

221 4395 392 4441 tatem
419 4385 620 4441 horum
643 4387 912 4458 graduum
949 4387 1004 4441 in
1036 4387 1303 4456 Ecclesia,
1329 4397 1384 4444 et
1409 4389 1632 4460 quidem
1683 4390 1803 4460 epi-

220 4485 506 4548 scopatus,
536 4493 644 4532 non
660 4477 842 4533 minus
864 4494 1030 4549 quam
1054 4477 1296 4550 lgnatius
1321 4489 1521 4536 tuetur.
1553 4480 1631 4536 Ita
1653 4482 1800 4538 enim
1831 4465 1877 4521 D

221 4568 311 4624 ille
335 4571 393 4623 in
425 4568 655 4640 Dialogo
677 4570 943 4626 adversus
968 4570 1348 4628 Luciferianos
1380 4590 1393 4625 :
1429 4573 1672 4628 Ecclesia
1697 4592 1804 4630 non

220 4671 322 4728 est,
344 4677 469 4726 qua
495 4677 601 4714 non
645 4661 801 4716 habet
831 4664 1150 4716 sacerdotes.
1179 4661 1330 4728 Quos
1353 4673 1536 4719 autem
1570 4666 1804 4721 voluerit

221 4755 564 4818 sacerdotes,
618 4753 736 4823 ipse
755 4756 890 4808 satis
916 4753 1144 4817 indicat,
1179 4755 1247 4810 de
1273 4753 1483 4812 Hilario
1533 4757 1798 4827 loquens:

223 4845 520 4916 Episcopos
564 4854 614 4899 et
655 4845 983 4914 presbyteros
1003 4862 1104 4900 non
1131 4846 1381 4913 habente;
1435 4847 1689 4919 idemque
1733 4864 1801 4903 ex

224 4937 408 4992 verbis
431 4937 790 5006 sequentibus
828 4946 1074 5006 apparet.
1123 4936 1248 5006 Sed,
1270 4939 1480 4993 omissis
1506 4941 1689 5011 paucis
1714 4941 1804 4994 ho-

222 5030 454 5082 minibus
481 5067 498 5092 ,
541 5028 632 5098 qui
685 5028 787 5098 ipsi
822 5029 924 5082 sibi
969 5037 1018 5082 et
1042 5029 1168 5083 laici
1196 5039 1318 5084 sunt
1347 5041 1397 5084 et
1428 5031 1678 5102 episcopi,
1705 5048 1802 5085 au-

223 5123 399 5178 sculta
413 5123 543 5193 quid
574 5123 638 5176 de
657 5124 800 5177 omni
820 5123 1062 5179 Ecclesia
1081 5126 1414 5180 sentiendum
1439 5126 1528 5178 sit.
1553 5123 1713 5190 Quod
1733 5139 1800 5179 ex

223 5217 412 5270 eodem
444 5213 589 5268 libro
611 5214 881 5284 imprimis
904 5215 1332 5286 comprobatur:
1372 5214 1628 5270 Ecclesia:
1649 5215 1798 5270 salus

223 5305 274 5357 in
321 5305 522 5359 summi
573 5305 862 5360 sacerdotis
896 5306 1156 5376 dignitate
1200 5307 1424 5376 pendet;
1485 5309 1572 5361 cui
1625 5307 1800 5362 sinon

223 5413 404 5452 mors
423 5396 694 5468 quaedam,
729 5409 777 5452 et
795 5397 859 5451 ab
884 5399 1182 5452 hominibus
1207 5399 1437 5453 eminens
1464 5398 1620 5453 detur
1655 5408 1801 5467 pote-

223 5501 352 5556 stas,
386 5500 463 5545 tot
495 5491 552 5543 in
604 5489 845 5544 Ecclesia
893 5491 1192 5562 efﬁciantur
1219 5493 1526 5558 schismata,
1562 5501 1686 5563 quot
1711 5507 1800 5545 sa-

223 5582 476 5639 cerdotes.
497 5580 631 5650 Quae
655 5597 794 5653 pura
812 5592 941 5654 puta
971 5593 1100 5642 sunt
1129 5582 1430 5657 Ignatiana,
1454 5593 1508 5642 et
1541 5584 1610 5641 ab
1649 5582 1798 5642 Aerii

322 5738 368 5772 ⁸³
402 5735 511 5794 Isa.
545 5752 636 5806 ιι,
673 5737 760 5793 l7.

1907 3200 2032 3254 licia
2053 3207 2108 3254 et
2135 3199 2357 3254 homine
2373 3199 2456 3253 vel
2481 3197 2642 3254 docto
2671 3198 2756 3252 vel
2789 3197 2961 3268 probo
2983 3214 3208 3268 prorsus
3236 3199 3478 3270 indigna.

1909 3289 2002 3346 Sic
2033 3291 2177 3345 enim
2207 3289 2539 3345 Turrianum
2586 3290 2956 3359 disputantem
2996 3291 3227 3348 inducit.
3267 3291 3328 3347 Si
3375 3291 3479 3362 fuit

1906 3384 2207 3453 di/ferentia
2238 3385 2377 3437 inter
2417 3384 2646 3438 Aaronis
2674 3383 2815 3453 filios
2853 3393 2901 3438 et
2943 3385 3158 3452 levitas,
3217 3395 3341 3440 sunt
3381 3403 3480 3440 au-

1907 3490 2010 3531 tem
2050 3478 2182 3532 tales
2213 3478 2442 3548 episcopi
2482 3486 2532 3531 et
2555 3478 2868 3548 presbyteri,
2900 3479 3005 3548 fuit
3047 3495 3248 3549 semper
3288 3479 3480 3533 distin-

1905 3569 2008 3624 ctio
2024 3586 2225 3624 eorum.
2249 3569 2414 3640 Atqui
2434 3585 2612 3624 verum
2637 3571 2810 3640 prius,
2835 3579 2961 3625 teste
2985 3569 3204 3626 Hieron.
3233 3571 3384 3641 epist.
3411 3571 3480 3626 ad

1905 3661 2216 3735 Evagrium.
2247 3662 2390 3719 Tum
2412 3678 2544 3719 vero
2565 3663 2980 3735 responsionem
2999 3680 3154 3720 suam
3173 3664 3476 3737 subiungit:

1902 3757 2067 3829 Atqui
2104 3773 2211 3812 non
2225 3767 2348 3813 sunt
2377 3757 2510 3813 tales
2531 3759 2760 3827 episcopi
2783 3766 2834 3812 et
2858 3757 3185 3828 presbyteri;
3226 3758 3316 3812 sed
3365 3760 3480 3829 epi-

1903 3850 2152 3922 scopi(in
2179 3841 2369 3920 quibus
2423 3848 2772 3920 Hieronymo,
2818 3851 2926 3905 imo
2975 3851 3214 3920 apostolo
3262 3862 3478 3907 auctore

1902 3942 2189 4013 presbyteri
2213 3941 2567 4012 continentur)
2594 3952 2644 3996 et
2666 3943 2897 3997 diaconi.
2931 3941 3076 4014 Ergo
3094 3944 3307 4014 fallitur
3339 3943 3478 3998 Tur-

1904 4035 2111 4089 rianus.
2176 4032 2399 4088 Duabus
2443 4033 2691 4103 partibus
2742 4035 2860 4090 haec
2902 4036 3192 4105 responsio
3241 4044 3480 4102 constat,

1903 4126 2153 4198 negativa
2179 4142 2310 4193 una,
2331 4125 2655 4181 aﬂirmativa
2679 4127 2874 4182 altera.
2897 4127 3153 4200 Episcopi
3173 4138 3228 4184 et
3254 4132 3480 4202 presby-

1902 4218 2005 4274 teri
2041 4232 2153 4272 non
2187 4224 2318 4272 sunt
2347 4215 2583 4272 Aaronis
2635 4216 2731 4270 lilii
2762 4225 2818 4272 et
2875 4218 3080 4274 levita:
3114 4219 3229 4275 haec
3279 4221 3476 4290 prima.

1903 4305 2157 4378 Episcopi
2213 4305 2498 4361 ctdiaconi
2523 4313 2653 4362 sunt
2676 4306 2914 4364 Aaronis
2940 4309 3032 4363 Iilii
3057 4317 3109 4364 et
3147 4309 3342 4376 Ievitaa,
3365 4311 3482 4367 haec

1904 4399 2165 4455 secunda.
2207 4395 2313 4452 Sed
2343 4397 2476 4468 quid
2519 4397 2674 4464 haec,
2705 4399 2922 4466 amabo,
2977 4399 3046 4455 ad
3077 4401 3242 4456 verba
3289 4399 3483 4460 Hiero:

1903 4492 2091 4563 nymi?
2116 4491 2199 4545 An
2237 4489 2541 4546 Turrianus
2575 4489 2713 4546 adeo
2740 4489 3016 4557 insanivit,
3049 4499 3109 4546 ut
3133 4491 3336 4548 diceret
3359 4491 3477 4564 epi-

1904 4598 2102 4652 scopos
2153 4591 2210 4638 et
2259 4583 2610 4654 presbyteros
2661 4582 2798 4638 tales
2848 4597 2988 4649 esse,
3014 4581 3207 4652 quales
3257 4581 3482 4638 fuerunt

1902 4673 2136 4730 Aaronis
2163 4673 2259 4728 lilii
2316 4683 2370 4728 et
2407 4673 2626 4728 levitas?
2649 4673 2876 4729 minime
2894 4689 3044 4729 vero.
3075 4672 3170 4729 Ille
3192 4673 3479 4731 nobiscum

1903 4767 1983 4822 sic
2009 4765 2325 4836 disputavit,
2353 4781 2453 4836 pro
2472 4764 2730 4836 Epistolis
2749 4765 3113 4822 decretalibus
3135 4765 3230 4822 lib.
3254 4783 3320 4821 v;
3341 4766 3477 4821 Hie—

1902 4875 2150 4928 ronymus
2188 4858 2244 4912 in
2282 4857 2526 4928 Epistola
2555 4859 2625 4913 ad
2649 4858 2938 4930 Evagrium
2966 4859 3045 4912 ita
3076 4857 3476 4924 scribimQuod

1901 4950 2082 5005 Aaron
2103 4960 2153 5006 et
2175 4951 2279 5021 filii
2300 4951 2451 5022 ejus,
2482 4959 2640 5022 atque
2697 4949 2867 5006 levita:
2905 4951 2957 5004 in
3000 4949 3192 5020 templo
3241 4951 3476 5020 fuerunt,

1901 5042 1998 5097 hoc
2039 5043 2142 5097 sibi
2178 5043 2428 5114 episcopi,
2461 5041 2752 5113 presbyteri
2811 5051 2862 5096 et
2903 5041 3118 5096 diaconi
3141 5043 3193 5097 in
3241 5041 3477 5097 Ecclesia

1902 5133 2354 5200 vindicent.oQuis
2379 5145 2557 5188 autem
2584 5134 2728 5188 dicat
2754 5150 2857 5188 non
2879 5134 3044 5203 fuisse
3068 5134 3124 5188 in
3155 5133 3346 5203 templo
3369 5134 3475 5204 dif-

1900 5222 2179 5291 ferentiam
2211 5223 2349 5276 inter
2385 5238 2650 5275 summum
2670 5223 3214 5290 sacerdotemAaron,
3254 5232 3303 5278 et
3327 5223 3472 5294 ﬁlios

1899 5313 2010 5383 ejus
2043 5313 2266 5368 minores
2304 5314 2639 5369 sacerdotes?
2693 5312 2846 5379 Quod
2893 5315 2940 5370 si
2983 5315 3088 5385 fuit
3116 5330 3340 5384 semper,
3365 5316 3470 5385 fuit

1901 5416 2063 5494 tgttqr
2087 5420 2308 5474 semper,
2332 5413 2548 5458 auctore
2566 5403 2912 5474 Hieronymo,
2947 5405 3250 5474 differentia
3279 5407 3333 5459 iu
3366 5405 3472 5460 Ec-

1902 5494 2062 5548 clesia
2087 5495 2223 5548 inter
2255 5495 2522 5564 episcopos
2550 5503 2599 5548 et
2628 5495 2980 5565 presbyteros.
3015 5495 3142 5552 Haec
3168 5507 3298 5552 sunt
3326 5496 3460 5554 Tur-

1900 5586 2041 5644 riani
2064 5585 2249 5655 verba,
2277 5601 2399 5658 quae
2431 5587 2629 5644 misere
2655 5587 2889 5646 detorsit
2909 5586 3247 5662 Blondellus,
3279 5600 3340 5649 ut
3360 5592 3470 5652 illis
