3864 6204
396 319 504 379 255

1378 324 1448 380 «Β.
1487 322 1837 381 lGNATlUS.
1874 353 1944 365 —
1977 320 2507 380 PROLECOMENA.

3550 325 3661 380 256

395 440 807 513 responsionem
861 441 1057 499 saltem
1111 438 1350 516 aliquam
1382 460 1649 516 reponere
1674 444 1970 500 videretur.
2002 448 2051 504 Α
2077 442 2196 508 lito,
2221 443 2409 508 Caius,
2431 440 2722 513 Dionysius
2738 439 3081 508 Corinthius,
3101 439 3393 513 Dionysius
3413 442 3662 497 Alexan-

396 530 647 604 Disputat
671 532 976 591 Turrianus
997 536 1065 591 de
1082 537 1298 593 Aarone
1319 553 1412 593 seu
1431 554 1649 594 summo
1668 539 1971 604 sacerdote,

395 630 453 678 et
477 622 603 679 filiis
643 624 764 695 ejus
810 640 909 681 seu
944 626 1251 685 minoribus
1308 631 1716 697 sacerdotibus;
1777 647 1971 688 eorum

396 715 519 771 loco
542 714 825 771 substituit
854 715 1191 785 Blondellus,
1235 719 1292 773 in
1321 731 1647 791 argumento
1685 720 1968 790 Turriani,

396 807 633 865 Aaronis
664 809 805 865 filios
837 819 891 865 et
942 810 1173 879 levitas;
1204 826 1269 867 ac
1299 822 1429 869 tunc
1466 816 1798 885 respondet,
1856 831 1967 871 non

395 914 519 957 esse
575 903 711 957 tales
755 903 1040 973 episcopos
1085 914 1141 961 et
1191 906 1569 978 presbyteros;
1614 907 1760 978 quod
1806 924 1968 965 nemo

395 1007 637 1064 unquam
669 994 827 1050 dixit.
864 996 935 1050 At
962 1012 1062 1052 nos
1092 996 1349 1065 dicimus,
1376 999 1677 1055 secundum
1701 998 1970 1073 Hierony—

395 1100 568 1151 mum,
594 1086 911 1156 episcopum
958 1088 1289 1158 respondere
1341 1088 1568 1155 Aaroni,
1617 1091 1968 1163 presbyteros

392 1176 627 1232 Aaronis
653 1178 800 1243 filiis,
828 1178 1094 1237 diaconos
1153 1180 1354 1236 levitis.
1409 1180 1625 1237 Etcum
1676 1185 1966 1253 episcopus

392 1269 671 1326 vindicare
698 1272 892 1327 debeat
914 1274 966 1327 in
996 1272 1238 1329 Ecclesia
1283 1274 1335 1329 id
1365 1274 1512 1344 quod
1545 1274 1728 1329 Aaron
1774 1274 1881 1330 fuit
1910 1276 1965 1331 in

393 1359 616 1429 templo,
639 1360 1049 1417 distinctionem
1081 1364 1294 1420 ordinis
1311 1379 1579 1432 asserere,
1602 1365 1965 1435 praeeminen-

316 1521 328 1533 ς
392 1455 524 1507 tiam
555 1453 835 1526 dignitatis
883 1470 1167 1512 assumere
1192 1496 1207 1523 ,
1232 1457 1627 1528 subjectionem
1663 1473 1695 1514 a
1731 1460 1963 1531 presby-

391 1544 526 1599 teris
582 1547 859 1616 postulare
911 1563 978 1602 ex
1028 1548 1331 1619 apostolica
1374 1550 1666 1605 traditione
1722 1557 1959 1609 tenetur.

389 1634 535 1691 Alibi
566 1637 812 1692 eamdem
829 1639 1296 1708 comparationem
1312 1640 1552 1696 instituit
1573 1639 1959 1713 Hieronymus,

389 1728 537 1783 nulla
586 1728 874 1783 levitarum
922 1739 1020 1785 aut
1064 1730 1419 1788 diaconorum
1470 1732 1613 1788 facta
1658 1736 1955 1791 mentione.

388 1820 562 1891 Epist.
591 1820 659 1876 ad
695 1820 1084 1893 Nepotianum,
1116 1823 1268 1889 Quod
1308 1825 1487 1879 Aaron
1534 1837 1583 1881 et
1636 1827 1778 1897 filios
1822 1827 1958 1897 ejus,

386 1912 483 1967 hoc
528 1916 826 1984 episcopum
847 1954 863 1981 ,
911 1926 961 1969 et
1018 1915 1345 1986 presbyteros
1367 1934 1477 1973 esse
1504 1920 1821 1975 noverimus.
1854 1918 1960 1976 Ubi

385 2004 534 2060 clare
562 2006 854 2076 episcopus
905 2007 1201 2077 singularis
1250 2025 1467 2066 summo
1502 2012 1794 2080 sacerdoti,
1834 2028 1962 2083 pre-

387 2097 591 2170 sbyteri
638 2100 946 2155 minoribus
986 2101 1361 2157 sacerdotibus
1413 2102 1793 2160 conferuntur.
1844 2104 1961 2161 Hoc

384 2184 718 2258 Hieronymo
742 2189 984 2245 solemne
1006 2198 1110 2246 est.
1141 2188 1219 2245 lta
1248 2191 1365 2262 ipse
1388 2190 1456 2247 de
1482 2193 1664 2263 seipso
1694 2192 1808 2263 jam
1837 2208 1961 2263 pre-

386 2278 605 2351 sbytero
653 2280 815 2349 epist.
868 2280 987 2336 99:
1033 2280 1284 2337 Omnium
1332 2300 1459 2353 pene
1501 2284 1711 2353 judicio
1765 2286 1958 2356 dignus

384 2388 590 2426 summa
638 2375 934 2431 sacerdotio
981 2377 1317 2449 decernebar,
1351 2381 1458 2435 hoc
1477 2390 1561 2437 est
1616 2382 1954 2454 episcopatu.

385 2460 559 2533 Epist.
592 2464 696 2533 61,
752 2467 1013 2525 adversus
1052 2468 1318 2528 Joannem
1365 2472 1953 2546 Hierosolymitanum:

387 2554 515 2611 Nisi
541 2573 622 2612 me
666 2558 832 2613 honor
882 2561 1189 2630 sacerdotii,
1242 2573 1292 2618 et
1321 2568 1585 2621 veneratio
1626 2568 1851 2621 nominis
1883 2584 1960 2623 re-

383 2646 636 2716 frenaret,
688 2659 739 2704 et
762 2652 953 2706 scirem
980 2652 1118 2709 illud
1143 2656 1790 2726 Apostofi:¢Nesciebam,
1842 2661 1958 2730 fra-

385 2750 511 2808 tres,
538 2744 665 2813 quia
686 2746 927 2815 pontifex
946 2756 1025 2802 est
1050 2765 1069 2813 ,°
1104 2750 1361 2819 scriptum
1384 2762 1460 2807 est
1506 2754 1644 2806 enim
1663 2768 1682 2806 :
1712 2752 1955 2822 Principi

379 2833 563 2901 populi
585 2836 662 2888 tui
691 2852 794 2889 non
816 2837 1713 2911 maledices"‘,squavociferatione
1738 2854 1785 2898 et
1816 2844 1957 2899 indi-

382 2926 630 2994 gnatione
651 2928 925 2982 verborum
971 2930 1037 2983 de
1092 2940 1185 2985 tua
1226 2934 1532 2987 narratione
1577 2933 1957 3005 conquerererf

381 3012 503 3069 licet
527 3019 637 3087 ipse
661 3020 889 3073 nominis
928 3021 1009 3074 tui
1032 3030 1278 3077 extenues
1319 3024 1654 3093 dignitatem,
1686 3042 1804 3080 cum
1852 3042 1954 3096 pa.

2074 534 2310 602 drinus,
2357 534 2645 605 Philippus
2690 535 2983 605 episcopus
3004 532 3307 601 Cretensis,
3364 532 3658 600 Musanus,

2074 624 2373 693 Modestus,
2409 625 2968 693 Rhodon,Miltiades,
2992 624 3335 695 Apollonius,
3361 625 3659 696 Serapion,

2074 716 2409 789 Theophilus
2455 716 2841 785 Caesareensis,
2858 727 2964 772 etc.
2989 716 3053 771 Hi
3073 716 3275 787 aliique
3301 732 3432 772 sane
3456 732 3656 787 quam-

2072 808 2296 879 plurimi
2332 808 2501 863 multa
2537 809 2605 864 ad
2635 816 3027 878 argumentum
3059 805 3348 876 Epiphanii
3387 816 3659 877 opportu-

2070 900 2302 955 nissima
2352 902 2642 971 scripsere.
2670 914 2909 969 quorum
2973 898 3177 954 nullius
3217 899 3307 954 ille
3360 899 3655 963 meminit;

2069 1006 2233 1050 nemo
2269 1002 2453 1049 tamen
2482 1009 2608 1049 eum
2631 993 2733 1048 hos
2755 1007 2968 1059 omnes,
2996 993 3246 1063 aliosque
3276 1000 3657 1064 quospraeter-

2067 1086 2166 1153 iit,
2245 1095 2341 1141 aut
2379 1086 2680 1155 ignorasse.
2706 1095 2801 1141 aut
2828 1086 3223 1157 contempsisse
3250 1086 3413 1141 dicet.
3458 1086 3658 1143 Memi-

2068 1184 2151 1238 nit
2198 1182 2421 1253 quidem
2471 1182 2827 1253 epistolarum
2878 1179 3182 1236 Clementis
3235 1178 3497 1243 Romani,
3554 1178 3657 1235 sed

2066 1275 2245 1329 obiter
2275 1281 2508 1340 tantum,
2542 1289 2651 1328 non
2684 1282 2745 1328 ut
2777 1272 2948 1327 ullam
2996 1288 3063 1328 ex
3094 1272 3163 1327 iis
3208 1272 3535 1327 sententiam
3582 1272 3657 1326 ad

2067 1364 2314 1420 haeresim
2340 1364 2580 1435 aliquam
2604 1361 2956 1418 refellendam
3006 1361 3419 1431 transcriberct,
3450 1362 3547 1416 sed
3590 1370 3657 1416 ut

2064 1459 2431 1514 adulteratum
2457 1459 2527 1513 ab
2554 1458 2824 1513 haereticis
2853 1456 3024 1512 fuisse
3048 1456 3249 1510 librum
3275 1456 3427 1509 illum
3460 1465 3655 1509 osten-

2064 1549 2237 1617 deret,
2278 1550 2374 1620 ιιιιί
2430 1550 2533 1605 sub
2580 1550 2880 1605 Clementis
2921 1547 3145 1604 nomine
3200 1544 3459 1608 Periodus
3495 1545 3653 1603 Petri

2064 1642 2383 1698 vocabatur.
2410 1640 2586 1696 Verba
2614 1640 2782 1695 etiam
2812 1639 3061 1710 quaedam
3082 1656 3145 1693 ex
3177 1639 3409 1709 epistola
3433 1640 3500 1694 ad
3538 1638 3651 1694 Co-

2065 1734 2299 1791 rinthios
2325 1734 2476 1800 citat,
2503 1749 2614 1789 non
2642 1743 2835 1789 contra
2862 1734 3172 1799 haereticos,
3207 1733 3300 1787 sed
3329 1742 3541 1787 tantum
3584 1742 3651 1788 ut

2064 1829 2258 1901 probet
2286 1828 2620 1883 Clementem
2649 1827 3041 1898 {episcopatum
3076 1825 3254 1895 primo
3300 1826 3646 1895 repudiasse.

2062 1921 2268 1977 Contra
2310 1935 2501 1976 omnes
2555 1920 2841 1976 haereticos
2892 1918 2979 1975 sui
3030 1918 3293 1989 temporis
3347 1917 3651 1987 scripserat

2060 2010 2339 2070 Justinus:
2365 2028 2490 2068 eum
2521 2023 2706 2067 tamen
2744 2011 2916 2067 semel
2945 2019 3163 2065 tantum
3210 2008 3458 2067 neminat
3509 2010 3649 2081 Epi-

2060 2106 2320 2177 phanius,
2352 2120 2454 2161 nec
2483 2103 2537 2158 in
2568 2104 2737 2158 alium
2792 2102 2977 2167 linem,
3011 2118 3177 2173 quam
3238 2112 3299 2157 ut
3346 2102 3647 2158 Tatianum

2061 2195 2376 2251 haereticum
2434 2193 2511 2249 illi
2552 2195 2923 2267 synchronum
2975 2192 3147 2249 fuisse
3202 2194 3475 2249 ostendat.
3530 2192 3649 2249 Ire—

2062 2304 2241 2344 naeum
2295 2287 2583 2358 aliquoties
2630 2287 2804 2354 citat,
2848 2295 2909 2342 ut
2931 2286 3103 2341 labori
3127 2301 3229 2343 suo
3278 2297 3549 2357 parceret,
3586 2295 3650 2343 et

2062 2379 2438 2435 haereticorum
2468 2378 2756 2434 historiam
2787 2393 2853 2432 ex
2879 2379 2970 2433 illo
2988 2376 3473 2434 transcriberet:at
3513 2392 3647 2433 sen-

2059 2470 2259 2523 tentias
2283 2469 2496 2540 aliquas
2529 2485 2595 2525 ex
2628 2470 2818 2525 eodem
2851 2469 2920 2523 ad
2949 2468 3332 2525 haereticorum
3376 2469 3645 2539 dogmata

2058 2561 2391 2617 confutanda
2413 2578 2697 2632 nunquam
2735 2562 2979 2618 adducit.
3016 2562 3154 2630 lmo,
3185 2570 3244 2617 ut
3293 2562 3412 2631 ipse
3441 2562 3642 2617 obser-

2058 2661 2167 2719 vat,
2207 2652 2441 2709 [renatus
2471 2654 2649 2724 primo
2675 2654 2816 2709 libro
2860 2654 3149 2709 haereticos
3174 2661 3443 2719 recenset,
3493 2652 3641 2707 reli-

2056 2743 2181 2813 quis
2226 2743 2467 2799 refutat:
2518 2745 2797 2817 ἀκρότατα
2829 2744 2885 2798 δὲ
2918 2744 3117 2808 αὐτοὺς
3149 2746 3207 2798 ὲν
3241 2743 3319 2815 τῷ
3352 2742 3476 2814 ἑξῆς
3506 2744 3641 2796 δευ-

2055 2835 2199 2907 τέρῳ
2230 2835 2393 2890 αὑτοῦ
2427 2836 2571 2907 λόγῳ
2604 2836 2698 2890 καὶ
2746 2839 2861 2899 τοῖς
2892 2836 3072 2899 ἄλλοις
3103 2835 3351 2907 διήλεγξε
3383 2850 3645 2906 περιττο-

2053 2926 2249 3000 τέρως,
2310 2944 2432 2998 quae
2447 2930 2807 3000 negligentius
2827 2946 2855 2983 a
2874 2928 3097 2984 Petavio
3119 2945 3279 2985 versa
3297 2929 3379 2985 sic
3401 2928 3637 2999 reiinge:

2056 3017 2165 3075 Eos
2206 3029 2385 3075 autem
2410 3022 2465 3075 in
2488 3023 2729 3091 proximo
2781 3038 2871 3076 seu
2898 3022 3129 3076 secundo
3173 3022 3311 3075 libro
3339 3023 3644 3076 accuratis—

377 3114 507 3160 trem
543 3124 670 3178 pene
689 3111 924 3164 omnium
945 3114 1314 3183 episcoporum
1349 3125 1399 3168 et
1428 3131 1583 3185 opere
1620 3125 1671 3169 et
1718 3132 1953 3174 sermone
1978 3120 2022 3180 ο
2055 3115 2207 3180 sime,
2232 3123 2283 3169 et
2319 3115 2375 3168 in
2402 3115 2620 3185 reliquis
2650 3130 2716 3169 ea:
2760 3116 3216 3185 superabundanti
3257 3116 3533 3185 refutavit.
3591 3115 3640 3171 E

378 3196 669 3267 despicias.
687 3198 809 3265 Quo
831 3203 1103 3272 praecipue
1126 3213 1375 3275 spectant
1398 3221 1462 3260 ea
1489 3222 1613 3277 quae
1634 3217 1759 3262 ante
1781 3209 1953 3264 addu-

378 3286 581 3354 ximus,
612 3287 867 3345 Ecclesiae
888 3292 1035 3345 salus
1077 3294 1133 3347 in
1160 3296 1354 3349 summi
1380 3297 1667 3353 sacerdotis
1694 3299 1953 3369 dignitate

375 3380 580 3449 pendet.
609 3380 747 3435 Cum
788 3383 954 3454 igitur
985 3384 1348 3458 Hieronymus
1364 3386 1432 3443 de
1459 3388 1810 3446 distinctione
1832 3392 1950 3461 epi-

380 3483 686 3542 scopatusa
720 3476 1118 3549 presbyteratu,
1148 3478 1216 3534 de
1235 3479 1479 3549 ejusdem
1508 3483 1671 3538 etiam
1699 3485 1949 3554 praemi-

378 3564 561 3619 nentia
585 3574 749 3636 atque
764 3577 1052 3638 potestate,
1068 3569 1136 3625 de
1174 3572 1498 3629 necessitate
1518 3590 1682 3645 porro
1718 3585 1773 3631 et
1804 3578 1949 3631 anti-

377 3655 587 3723 quitate
612 3666 722 3712 tam
752 3660 974 3729 copiose
998 3661 1351 3730 disseruerit;
1385 3665 1534 3721 nulla
1562 3667 1792 3723 rationis
1825 3684 1950 3738 spe-

377 3746 464 3801 cie
492 3756 589 3803 aut
613 3749 851 3807 Aeriano
883 3752 1129 3823 dogmati
1152 3757 1528 3823 consensisse,
1557 3766 1654 3813 aut
1672 3758 1947 3816 confertas

376 3833 569 3905 lgnatii
600 3843 898 3897 sententias
930 3844 1156 3900 minime
1182 3846 1388 3902 vidisse
1416 3850 1598 3917 putari
1619 3858 1815 3919 potest.

446 3925 780 4002 Hieronymo
823 3932 1189 4004 Epiphanium
1225 3939 1364 3993 mire
1407 3940 1711 4011 conjungit,
1739 3956 1805 3995 ex
1836 3958 1947 4012 quo

375 4018 487 4075 duo
509 4021 856 4089 potissimum
872 4025 1147 4091 observat,
1165 4028 1361 4096 primo,
1381 4044 1506 4083 eum
1539 4028 1943 4100 lgnatianorum

376 4124 489 4166 non
534 4113 1190 4185 meminisse;secundo,
1235 4118 1483 4188 quasdam
1534 4121 1785 4189 posuisse
1817 4137 1943 4177 cum

374 4201 672 4275 lgnatianis
707 4207 1049 4275 apertissime
1088 4211 1410 4280 pugnantia.
1448 4210 1678 4282 Propter
1703 4214 1817 4269 haec
1835 4214 1949 4270 duo

374 4312 545 4353 unum
574 4313 643 4354 ex
680 4299 855 4354 tribus
885 4300 1040 4371 sequi
1070 4301 1166 4367 ait,
1219 4304 1305 4358 vel
1328 4304 1694 4374 Epiphanium
1725 4315 1944 4361 senten-

372 4390 479 4447 tias
507 4390 575 4446 de
598 4392 915 4462 episc0patu
946 4410 1052 4450 non
1087 4396 1310 4461 vidisse,
1336 4404 1523 4467 utpote
1550 4398 1618 4453 ab
1643 4398 1941 4468 interpola-

2053 3206 2231 3276 primo
2254 3213 2436 3262 tamen
2476 3207 2640 3272 libro,
2675 3216 2859 3279 utpote
2878 3207 3141 3263 historico
3170 3216 3408 3272 tantum,
3432 3223 3635 3263 excer-

2053 3306 2143 3366 pta
2164 3299 2393 3367 protulit
2421 3298 2782 3369 Epiphanius,
2804 3301 2871 3355 ad
2904 3299 3205 3355 secundum
3234 3299 3400 3354 semel
3443 3314 3638 3369 respe-

2053 3388 2153 3453 xit,
2192 3388 2437 3458 reliquos
2460 3406 2740 3460 nunquam
2776 3391 2984 3461 attigit;
3010 3406 3079 3446 ne
3116 3407 3286 3447 unum
3311 3391 3532 3462 quidem
3563 3408 3637 3447 ex

2053 3476 2122 3532 iis
2153 3478 2530 3534 testimonium
2589 3482 2853 3537 adversus
2884 3482 3173 3537 haereticos
3203 3482 3451 3549 adduxit,
3501 3483 3633 3537 Cle-

2051 3580 2288 3627 mentem
2312 3572 2747 3628 Alexandrinum
2770 3583 2824 3629 et
2860 3572 3161 3630 Eusebium
3209 3576 3479 3641 nominat,
3532 3577 3633 3631 sed

2050 3664 2433 3719 tantummodo
2474 3671 2735 3735 tanquam
2767 3665 2871 3720 [ide
2925 3666 3121 3738 dignos
3160 3674 3325 3722 testes
3384 3666 3634 3721 historia

2049 3766 2173 3822 qua:
2192 3752 2258 3807 de
2281 3750 2338 3807 S.
2361 3750 2565 3809 Iacobo
2592 3764 2866 3811 narratur.

2121 3840 2322 3909 Quidni
2352 3853 2536 3898 autem
2575 3854 2632 3900 et
2676 3845 2731 3899 in
2766 3844 3065 3917 lgnatianis
3113 3860 3268 3916 atque
3314 3847 3366 3900 ei
3408 3846 3625 3911 ἀξιόπι-

2054 3951 2178 3999 στος
2202 3945 2321 3990 erat
2344 3935 2653 3993 Eusebius?
2678 3937 3015 3992 Clementem
3049 3938 3198 3991 hunc
3228 3938 3393 3992 etiam
3426 3938 3630 3993 adver-

2048 4043 2145 4081 sus
2174 4028 2456 4098 gentilium
2488 4028 2643 4096 deos,
2671 4044 2773 4083 nec
2798 4029 2956 4084 aliter
2976 4029 3129 4084 citat.
3159 4027 3435 4082 Prolixam
3459 4043 3627 4097 porro

2052 4118 2109 4174 S.
2142 4118 2403 4175 Methodii
2427 4120 2856 4190 disputationem
2883 4120 3109 4175 adducit
3138 4120 3402 4175 adversus
3431 4120 3626 4190 Orige-

2049 4226 2172 4267 nem
2204 4212 2281 4267 De
2318 4215 2727 4279 resurrectione,
2756 4222 2851 4270 aut
2877 4222 2937 4269 ut
2974 4213 3150 4268 labori
3202 4228 3304 4267 suo
3349 4222 3624 4282 parceret,

2049 4312 2144 4359 aut
2166 4312 2226 4357 ut
2254 4304 2513 4358 invidiam
2542 4305 2860 4359 declinaret.
2892 4302 2971 4356 Eo
2990 4303 3131 4357 enim
3166 4310 3394 4372 tempore
3428 4302 3626 4375 Origh

2049 4396 2129 4450 nis
2162 4412 2350 4450 nomen
2380 4395 2601 4465 ﬂorebat
2632 4397 2686 4450 in
2714 4398 2907 4451 mundo
2930 4435 2947 4461 ,
2975 4404 3037 4450 ut
3076 4395 3318 4466 loquitur
3350 4394 3622 4467 Hierony-

372 4488 489 4537 tore
522 4493 711 4553 postea
743 4485 1012 4555 insertas;
1045 4488 1129 4543 vel
1168 4489 1427 4559 epistolas
1478 4491 1808 4558 nescivisse;
1854 4491 1941 4546 vel
1975 4472 2020 4530 Ῑ)
2044 4502 2190 4542 mus.
2237 4486 2295 4541 S.
2344 4488 2632 4543 Athanasii
2672 4487 2894 4558 quidem
2929 4488 3197 4557 integram
3227 4487 3515 4557 epistolam
3550 4487 3623 4542 ad

371 4582 630 4644 tanquam
680 4576 836 4631 [ictas
892 4579 1320 4649 contempsisse;
1383 4583 1531 4651 quod
1582 4582 1939 4640 verisimilius

369 4675 545 4738 putat.
574 4667 638 4722 Et
662 4668 843 4738 primo
867 4670 1089 4741 quidem
1113 4670 1316 4739 fateor,
1343 4671 1706 4744 Epiphanium
1742 4674 1937 4747 lgnatii

372 4759 427 4815 in
466 4760 622 4816 libris
650 4761 726 4815 De
754 4762 1039 4818 Iueresibus
1056 4780 1335 4835 nunquam
1362 4769 1708 4837 meminisse;
1735 4778 1789 4825 at
1810 4786 1939 4826 eum

370 4868 472 4910 nec
494 4854 773 4925 ignorasse
794 4856 922 4913 inde
940 4859 1209 4929 sequitur,
1227 4874 1326 4916 nec
1338 4864 1749 4936 contempsisse;
1763 4879 1938 4935 neque

370 4945 417 5002 si
441 4946 795 5018 ignoraverit,
828 4957 910 5003 tot
942 4949 1047 5017 illo,
1090 4965 1205 5005 aevo
1227 4959 1285 5006 et
1314 4953 1517 5022 optime
1555 4954 1857 5011 scientibus
1883 4964 1938 5012 et

370 5052 585 5093 summe
613 5040 1037 5108 praedicantibus
1070 5082 1086 5108 ,
1134 5043 1460 5099 sententiam
1514 5054 1760 5101 nostram
1825 5046 1937 5103 ullo

370 5130 533 5186 modo
554 5130 718 5198 laedit,
744 5140 839 5186 aut
859 5134 1112 5203 negantis
1139 5136 1445 5205 argumenti
1488 5139 1724 5207 speciem
1764 5139 1934 5196 ullam

370 5222 551 5278 habet.
588 5220 875 5294 lgnorasse
908 5240 1019 5280 non
1052 5226 1320 5297 sequitur,
1347 5228 1475 5298 quia
1499 5231 1936 5301 quamplurimos

367 5324 620 5371 auctores
637 5316 1045 5374 laudatissimos
1075 5330 1129 5375 et
1157 5320 1225 5375 ad
1244 5336 1359 5376 rem
1382 5336 1535 5375 suam
1554 5324 1937 5381 accommoda-

370 5405 615 5463 tissimos
639 5425 748 5465 non
781 5410 1043 5479 laudavit,
1094 5426 1234 5481 quos
1264 5421 1448 5468 tamen
1486 5430 1613 5469 eum
1652 5415 1936 5486 ignorasse

366 5497 665 5554 verisimile
688 5515 795 5555 non
818 5510 921 5556 est.
944 5502 1143 5569 Quales
1160 5502 1311 5558 fuere
1329 5502 1549 5574 Papias,
1574 5504 1932 5579 Hegesippus,

367 5582 724 5658 Theophilus,
753 5590 1145 5665 Athenagoras,
1172 5594 1484 5667 Pantaenus,
1516 5596 1751 5673 Agrippa
1776 5642 1791 5671 ,
1824 5599 1935 5658 Me-

440 5717 638 5780 "'Act.
675 5742 834 5792 χχιιι,
857 5728 909 5785 5.

2041 4577 2350 4648 Epictetum
2379 4580 2759 4649 transcripsit;
2805 4578 2900 4635 sed
2944 4588 3007 4635 ut
3050 4578 3461 4635 Dimceritarum
3505 4580 3623 4635 hae-

2040 4666 2188 4721 resin
2224 4667 2558 4723 luculentius
2591 4668 2945 4733 describeret,
2972 4668 3248 4738 simulque
3275 4678 3513 4734 caveret,
3549 4686 3623 4725 ne

2038 4758 2146 4813 illis
2166 4759 2419 4828 dogmata
2447 4758 2700 4831 allingere
2727 4759 2845 4829 ipse
2873 4760 3171 4817 videretur.
3199 4760 3412 4817 Paulini
3449 4761 3620 4817 etiam

2036 4852 2433 4923 professionem
2482 4852 2605 4908 ﬁdei
2650 4854 2921 4924 adjunxit,
2971 4864 3031 4910 ut
3073 4872 3268 4912 eorum
3311 4855 3616 4912 Historiam

2036 4945 2235 5001 melius
2265 4946 2581 5001 illustraret.
2611 4944 2910 5001 Eusebium
2944 4947 3344 5004 Vercellensem
3371 4965 3430 5005 se
3476 4948 3619 5021 Scy-

2037 5035 2244 5106 th0poli
2273 5035 2476 5091 vidisse
2509 5034 2649 5092 forte
2670 5048 3084 5094 commemorat.
3106 5038 3246 5106 Quid
3280 5041 3395 5109 ipse
3420 5041 3489 5095 de
3515 5042 3613 5106 iis,

2036 5127 2131 5197 qui
2167 5138 2293 5183 ante
2324 5143 2449 5183 eum
2471 5137 2665 5185 contra
2691 5130 2928 5186 haereses
2951 5131 3315 5201 scripserant,
3349 5132 3611 5196 senserit,

2036 5220 2124 5276 cui
2164 5220 2290 5277 usui
2321 5230 2506 5277 essent
2541 5223 2646 5278 sibi
2689 5224 2742 5277 in
2774 5238 2939 5293 opere
2984 5239 3084 5279 suo
3112 5224 3431 5288 condendo,
3466 5224 3613 5278 duo-

2035 5315 2140 5371 bus
2162 5315 2511 5386 potissimum
2534 5316 2671 5372 locis
2695 5315 2952 5371 ostendit.
2980 5315 3050 5372 Ut
3081 5317 3273 5374 haaresi
3298 5317 3610 5376 Valentini:

2047 5406 2312 5479 Ὀρῶντες
2352 5408 2434 5460 ὄτι
2472 5407 2618 5461 ἄλλοι
2653 5410 3011 5481 πεπονήκασι,
3065 5410 3207 5481 φημὶ
3252 5411 3309 5463 δὲ
3352 5410 3609 5481 Κλήμης,

2035 5499 2130 5552 καὶ
2152 5500 2462 5570 Εἰρηναῖος,
2497 5498 2590 5552 καὶ
2622 5499 2950 5567 Ἱππόλυτος,
2986 5502 3081 5555 καὶ
3109 5500 3257 5556 ἄλλοι
3283 5499 3520 5564 πλείους,
3557 5502 3617 5555 οι

2036 5591 2131 5647 καὶ
2170 5589 2497 5662 θαυμαστῶς
2521 5589 2620 5662 τὴν
2644 5592 2763 5645 κατ’
2798 5590 2974 5646 αὐτῶν
3017 5595 3336 5662 πεποίηνται
3375 5591 3613 5661 ἀνατρο-
