3864 6204
241 253 349 307 9.57

937 263 988 319 J.
1030 264 1398 322 PEARSONII
1438 265 1763 324 VINDICIE
1804 268 2230 327 ιῦΝΑΤῙΑΝᾸΞ.
2277 302 2343 315 -
2370 271 2552 330 PARS
2587 273 2629 328 l.

3400 278 3508 337 258

242 375 376 448 πὴνν
420 375 483 430 οὐ
527 377 672 431 πάνυ
718 397 771 433 τι
801 381 882 454 τῷ
924 385 1152 456 καμάτῳ
1180 387 1516 458 προσθεῖναι,
1540 388 1617 452 ὡς
1644 391 1797 462 προει

1898 427 1906 451 ι
1933 404 2044 445 non
2072 398 2285 447 tantum
2314 392 2462 448 Aerii
2487 401 2807 466 argumenta
2835 394 3018 450 leviter
3031 411 3094 450 ac
3120 395 3267 452 molli
3293 397 3506 455 brachio

242 482 379 531 πον,
428 469 808 543 ἠθελήσαμεν,
859 477 1214 544 ικανωθέντες
1253 483 1368 544 τοῖς
1412 482 1830 554 προειρημένοις

239 555 491 630 ἀνδράσι.
526 560 663 616 Cum
693 564 829 622 alios
861 583 1062 639 quoque
1104 572 1373 628 videamus
1412 574 1550 628 hunc
1591 575 1827 631 laborem

241 651 874 720 suscepisse,Clementem
892 659 1032 726 dico,
1046 671 1094 714 et
1112 661 1395 730 Irenaeum,
1411 675 1461 719 et
1480 665 1827 738 Hippolytum

238 752 290 794 et
320 743 459 798 alios
487 746 802 816 complures,
824 752 914 820 qui
939 753 1195 822 praeclare
1214 772 1393 810 eorum
1415 757 1664 827 dogmata
1682 760 1826 830 refu-

239 840 447 901 tarunt,
463 836 692 891 multum
707 839 926 908 laboris,
940 852 1128 900 utante
1140 847 1275 913 dixi,
1291 849 1637 918 superaddere
1651 850 1825 904 nolui-

236 940 379 993 mus,
393 928 668 993 pradictis
681 931 807 988 viris
821 935 1070 990 contenti.
1088 934 1154 990 Et
1167 939 1358 995 haeresi
1375 939 1819 996 Manichaeorum:

240 1017 384 1089 Ἤδη
416 1019 478 1072 δὲ
506 1020 734 1093 ἀνδράσι
758 1024 1014 1094 μεγάλοις
1038 1026 1369 1100 θαυμαστῶς
1395 1032 1517 1086 κατ’
1548 1032 1713 1086 αὑτοῦ
1736 1034 1824 1086 ἀν-

233 1111 522 1181 τιρρήσεις
552 1111 649 1166 τοῦ
681 1113 903 1186 ἐλέγχου
940 1118 1282 1190 πεποίηνται·
1315 1122 1589 1195 Ἀρχελάῳ
1618 1125 1716 1195 μὲν
1741 1125 1820 1197 τῷ

232 1203 544 1276 ὲπισκὸπῳ,
580 1206 657 1270 ὡς
684 1208 1025 1280 προείρηται,
1063 1211 1321 1284 Ὠριγένει
1351 1214 1440 1282 δὲ,
1467 1215 1542 1279 ὡς
1568 1217 1780 1287 ἀκήκοα
1800 1256 1816 1282 ,

231 1291 482 1366 Εὖσεὸίῳ
499 1295 556 1348 δὲ
575 1296 654 1366 τῷ
675 1299 1030 1370 Καισαρείας,
1062 1304 1157 1356 καὶ
1177 1303 1420 1376 Εὐσεὸίῳ
1447 1304 1525 1376 τῷ
1562 1307 1814 1378 Ἐμέσης,

229 1384 542 1455 Σεραπίωνι
559 1385 636 1457 τῷ
651 1387 928 1459 Θμούεως,
947 1391 1247 1465 Ἀθανασίῳ
1275 1395 1354 1467 τῷ
1384 1395 1784 1470 Ἀλεξανδρείας
1799 1440 1813 1465 ,

228 1477 492 1550 Γεωργίῳ
507 1478 587 1550 τῷ
602 1482 945 1548 Λαοδικείας,
976 1485 1361 1560 Ἀπολλιναρίῳ
1380 1489 1458 1560 τῷ
1473 1491 1813 1558 Λαοδικείας,

226 1571 397 1642 Τίτῳ,
431 1571 527 1624 καὶ
561 1573 774 1638 πολλοῖς
800 1576 910 1629 τῶν
931 1578 1052 1633 κατ’
1081 1579 1268 1634 αὐτοῦ.
1303 1582 1465 1635 Οὐδὲν
1501 1583 1557 1636 δὲ
1583 1583 1814 1656 λυπήσει

225 1663 324 1716 καὶ
355 1664 467 1719 ἀπὸ
497 1666 600 1737 τῆς
630 1667 788 1739 ἡμῶν
818 1669 1090 1740 πτωχείας
1123 1671 1278 1742 ὀλίγα
1305 1674 1386 1737 εἰς
1423 1674 1684 1747 αἰσχύνην
1717 1677 1810 1730 τοῦ

1929 481 2114 546 solvit,
2153 483 2248 536 sed
2292 492 2346 538 et
2378 483 2751 553 imprudenter
2778 502 3004 542 causam
3047 501 3204 543 suam
3243 488 3501 558 prodidit.

1929 570 2132 626 Verum
2157 574 2316 628 aliter
2346 574 2505 644 plane
2531 591 2591 631 se
2612 591 2700 631 res
2728 576 2908 632 habet.
2951 577 3344 651 Distinguenda
3372 590 3504 636 sunt

1926 669 2195 732 tempora,
2228 675 2282 720 et
2312 664 2572 722 Ecclesiae
2602 677 2802 734 status,
2844 651 2991 738 quod
3022 682 3277 728 accurate
3316 673 3504 728 obser-

1926 761 2018 806 vat
2045 753 2403 824 Epiphanius,
2433 765 2486 811 et
2519 757 2702 811 omnia
2732 759 2914 813 statim
2945 760 3107 829 plane
3135 762 3499 830 convenient;

1924 846 2076 900 nulla
2107 847 2248 902 inter
2279 847 2548 917 lgnatium
2595 858 2648 904 et
2698 847 3064 920 Epiphanium
3114 853 3330 910 dissidii
3375 856 3499 911 vola

1920 937 2009 992 vel
2035 939 2324 1009 vestigium
2356 941 2656 1010 apparebit.
2677 939 2753 995 De
2782 951 2939 999 aetate
2967 941 3026 999 S.
3055 943 3210 1002 Pauli
3234 948 3346 1018 agit
3369 948 3497 1019 Epi-

1920 1029 2178 1099 phanins,
2203 1032 2271 1086 de
2297 1047 2395 1086 sua
2431 1032 2692 1100 lgnatius.
2729 1032 2820 1087 Ille
2842 1034 2907 1089 de
2930 1036 3178 1093 ecclesiis
3202 1041 3484 1108 particula-

1919 1121 2072 1176 ribus
2109 1122 2352 1175 nondum
2385 1124 2642 1179 omnibus
2683 1128 2930 1184 numeris
2961 1129 3248 1196 absolutis,
3277 1139 3334 1185 et
3361 1131 3490 1204 πλη.

1922 1210 2150 1284 ρώματα
2179 1212 2491 1282 οἰκονομίας
2521 1214 2702 1270 adhuc
2743 1218 3072 1288 recepturis,
3125 1218 3215 1274 hic
3266 1220 3334 1275 de
3379 1220 3492 1290 jam

1918 1304 2076 1373 plene
2113 1305 2452 1370 constitutis,
2479 1315 2531 1360 et
2561 1307 2751 1361 ultima
2783 1309 3156 1376 apostolorum
3209 1325 3374 1364 manu
3415 1311 3475 1366 ei-

1916 1391 2167 1448 formatis
2220 1404 2385 1464 atque
2414 1395 2688 1451 stabilitis.
2723 1396 2797 1450 Ita
2827 1399 2914 1451 ille
2937 1399 3004 1453 de
3029 1399 3192 1454 Aerio
3214 1400 3482 1471 loquitur:

1915 1488 2027 1541 Οὐκ
2049 1483 2188 1540 οῑδεν
2215 1488 2243 1540 ὁ
2278 1487 2374 1558 τὴν
2420 1487 2740 1544 ἀκολουθίαν
2779 1490 2879 1560 τῆς
2905 1491 3161 1562 ἀληθείας
3201 1493 3491 1565 ἀγνοήσας,

1914 1578 2008 1630 καὶ⁵
2033 1579 2295 1649 ἱστορίαις
2327 1579 2651 1649 βαθυτάταις
2690 1581 2762 1653 μὴ
2796 1580 3054 1651 ἐντυχὼν,
3087 1582 3168 1636 ὃτι
3197 1584 3316 1637 νέου
3342 1585 3489 1649 ὄντος

1912 1669 2006 1722 τοῦ
2033 1670 2385 1742 κηρύγματος
2402 1672 2538 1742 πρὸς
2558 1673 2624 1726 τὰ
2647 1673 3018 1728 ὑποπίπτοντα
3035 1675 3270 1746 ἔγραφεν
3294 1679 3323 1730 ὁ
3340 1677 3489 1746 ἆγιςς

226 1756 464 1811 ὲλεεινοῦ
491 1759 793 1835 ἀνθρώπου,
825 1762 1017 1814 εἰπεῖν.
1052 1762 1385 1834 Iampridem
1412 1783 1530 1822 vero
1569 1769 1797 1822 admira-

1921 1759 2258 1825 Ἀπόστολος.
2296 1761 2543 1817 Veritatis
2570 1764 2659 1818 ille
2680 1767 2866 1818 seriem
2892 1766 3165 1836 ignorans,
3193 1785 3284 1821 nec
3307 1769 3362 1823 in
3399 1785 3490 1824 re-

225 1846 356 1901 biles
381 1849 454 1902 ad
490 1849 639 1906 illius
673 1848 982 1922 refu'tandos
1002 1871 1205 1910 errores
1237 1856 1627 1913 lucubrationes
1651 1861 1807 1916 editae

223 1948 346 1990 sunt
369 1954 391 1990 :
433 1940 575 1994 velut
605 1940 669 1994 ab
713 1943 972 1998 Archelao
1011 1946 1251 2017 episcopo
1272 1988 1286 2014 ,
1321 1958 1380 2002 ut
1417 1961 1571 2003 antea
1606 1952 1806 2007 dictum

220 2040 318 2096 est,
346 2030 597 2103 Origene,
621 2045 679 2088 ut
700 2037 1021 2106 accepimus,
1048 2037 1275 2094 Eusebio
1299 2041 1624 2098 Ctesareensi
1653 2058 1701 2099 et
1723 2047 1807 2101 al-

221 2131 332 2176 tero
394 2122 694 2190 Erneseno,
764 2127 1050 2199 Serapione
1117 2131 1436 2200 Tltmuensi,
1506 2137 1804 2192 Athanasio

219 2211 610 2281 Alexandrino,
643 2214 866 2291 Georgio
897 2218 1217 2289 Laodiceno,
1249 2223 1584 2292 Apollinario
1612 2227 1806 2282 Laodi-

219 2321 365 2371 ceno,
397 2305 545 2374 Tito,
577 2308 860 2380 multisque
885 2312 974 2382 qui
1001 2311 1248 2368 adversus
1276 2316 1431 2370 illum
1457 2321 1800 2390 scripserunt.

225 2394 343 2450 Non
374 2400 480 2451 erit
526 2408 702 2454 tamen
749 2402 1048 2478 molestum,
1091 2411 1140 2465 si
1161 2426 1331 2480 pauca
1355 2425 1450 2480 pro
1477 2411 1659 2485 inopia
1701 2431 1802 2474 tto-

221 2497 353 2552 Slra,
398 2489 473 2542 ad
500 2492 799 2560 augendam
831 2495 1061 2573 infelicis
1091 2506 1453 2562 homuncionis
1495 2510 1798 2580 infamiam,

220 2579 484 2634 άξεαηιιιε-
527 2580 718 2638 Plures
759 2584 845 2648 his
892 2595 1186 2665 scriptores
1227 2600 1551 2665 catholicos,
1581 2601 1796 2670 Opinor,

219 2687 325 2727 non
358 2674 670 2737 nominavit
698 2675 1038 2754 Epiphanius
1081 2687 1136 2742 in
1179 2688 1336 2744 libris
1376 2689 1453 2744 De
1489 2690 1796 2760 Iiwresibus,

221 2771 453 2840 prolixis
497 2790 631 2830 sane
677 2784 731 2830 et
772 2777 1101 2845 elaboratis;
1148 2777 1392 2835 inﬁnitos
1446 2780 1611 2850 igitur
1661 2797 1800 2850 pene

223 2863 427 2923 omisit.
462 2873 518 2920 et
537 2881 603 2920 ex
627 2867 735 2922 illis
764 2882 904 2936 quos
933 2870 1257 2935 nominavit,
1288 2885 1356 2925 ne
1381 2887 1543 2925 unam
1574 2872 1796 2942 quidem

222 2957 553 3011 sententiam
602 2957 852 3022 adduxit,
876 2974 985 3029 qua
1015 2971 1336 3030 argumenta
1382 2977 1480 3016 sua
1512 2963 1799 3018 conﬁrma-

218 3055 320 3113 ret,
345 3056 445 3102 aut
472 3047 714 3103 haeretici
741 3049 1047 3119 cujuSpiam
1076 3051 1274 3120 dogma
1301 3051 1590 3108 refelleret.

284 3139 595 3193 Audiamus
621 3140 790 3210 igitur
810 3116 942 3210 quid
972 3141 1042 3196 de
1068 3116 1374 3212 Epiphanio
1417 3143 1671 3199 observet
1707 3145 1794 3201 vir
1819 3116 1863 3175 ο

209 3229 611 3296 doctissimus,
656 3231 788 3300 quid
827 3247 890 3286 ex
930 3232 1316 3288 observatione
1363 3234 1603 3303 colligat.
1661 3234 1794 3304 Epi-

214 3323 464 3392 phanius,
496 3321 699 3392 inquit,
741 3321 918 3375 nullus
946 3321 1355 3392 Ignatianorum
1385 3325 1645 3389 meminit,
1675 3325 1794 3394 qui-

211 3415 303 3468 bus
334 3413 474 3468 nihil
520 3415 573 3467 in
618 3423 731 3468 tota
760 3415 1076 3484 antiquitate
1111 3413 1362 3468 adversus
1405 3414 1554 3470 Aerii
1581 3416 1792 3485 opinis-

209 3522 327 3560 nem
354 3506 636 3560 disertius.
667 3505 811 3577 Ergo
839 3506 1168 3576 velepistolte
1191 3515 1313 3560 sunt
1349 3515 1532 3576 postea
1564 3508 1793 3578 interpo-

207 3597 370 3661 lator,
411 3597 491 3651 vel
522 3614 611 3652 eas
645 3598 884 3661 nescivit,
916 3596 994 3651 vel
1032 3598 1363 3668 contempsit.
1391 3595 1541 3652 Nihil
1569 3599 1787 3654 horum.

194 3683 356 3739 ’Nihil
384 3687 536 3740 enim
569 3703 638 3742 ex
667 3698 778 3744 tota
803 3689 1129 3758 antiquitate
1175 3705 1420 3767 unquam
1453 3689 1636 3744 attulit
1661 3689 1791 3760 Epi-

207 3779 449 3848 phanius
477 3780 550 3834 ad
574 3781 742 3835 ullam
779 3782 1031 3837 haeresim
1082 3779 1474 3848 refellendam;
1505 3796 1787 3850 nunquam

209 3868 542 3924 auctoritate
575 3879 822 3926 veterum
852 3886 987 3926 usus
1027 3880 1112 3926 est
1145 3872 1213 3926 ad
1252 3871 1423 3926 ullum
1473 3871 1788 3926 haareticum

204 3961 657 4030 opprimendum.
706 3961 860 4018 Licet
902 3963 1071 4034 igitur
1121 3963 1204 4018 hee
1241 3963 1374 4034 ipsae
1416 3962 1689 4032 epistolae,
1728 3971 1789 4018 ut

205 4068 298 4110 eas
329 4069 487 4109 nunc
518 4055 804 4122 habemus,
833 4053 1121 4126 Epiphanii
1144 4069 1260 4109 aevo
1285 4055 1592 4109 exstiterint
1617 4053 1786 4124 (quod

205 4147 516 4202 artissime
540 4147 908 4217 cognoscitur,
935 4156 990 4201 et
1023 4145 1078 4201 id
1109 4161 1306 4216 negare
1331 4161 1440 4201 non
1463 4155 1640 4215 potest
1660 4144 1786 4200 Dal-

208 4239 340 4294 Izus
364 4279 382 4305 ,
424 4238 524 4308 qui
560 4253 684 4292 eum
723 4235 1028 4304 Salmasio,
1077 4235 1362 4292 Blondello
1397 4244 1454 4291 et
1501 4235 1784 4291 Albertino

206 4331 428 4387 easdem
456 4345 582 4386 esse
623 4346 761 4400 quas
804 4329 1076 4386 Eusebius
1117 4338 1171 4384 et
1198 4329 1535 4384 Athanasius
1577 4329 1784 4384 habue-

207 4434 353 4492 runt,
379 4423 609 4492 fatetur)
632 4423 678 4477 si
701 4438 798 4477 eas
823 4423 1028 4492 optime
1049 4421 1265 4477 noverit
1293 4429 1348 4477 et
1384 4421 1608 4475 maximi
1639 4420 1782 4476 fece-
1815 4453 1860 4508 Β

206 4515 291 4580 rit,
326 4524 386 4570 et
414 4515 482 4568 ad
512 4529 737 4568 manum
763 4514 926 4569 etiam
948 4529 1075 4568 cum
1107 4513 1371 4569 scriberet
1401 4513 1672 4579 habuerit;
1700 4512 1786 4568 in-

205 4609 466 4664 credibile
489 4617 674 4662 tamen
706 4616 791 4662 est
811 4623 937 4661 eum
966 4606 1209 4662 voluisse
1239 4605 1324 4661 vel
1355 4621 1520 4660 unam
1563 4615 1784 4661 senten-

205 4701 334 4755 tiam
364 4715 437 4756 ex
459 4699 532 4754 iis
557 4701 824 4755 adversus
850 4699 1072 4754 Aerium
1101 4698 1394 4766 adducere,
1426 4698 1520 4768 qui
1549 4699 1695 4754 aliud
1724 4699 1781 4754 in

205 4803 313 4849 toto
336 4793 434 4848 illo
455 4808 623 4863 opere
647 4793 951 4848 institutum
981 4791 1190 4856 habuit,
1213 4799 1267 4847 et
1292 4792 1344 4847 in
1368 4793 1514 4846 nulla
1537 4807 1780 4862 unquam

205 4887 580 4958 disputatione
630 4886 893 4941 adversus
937 4884 1110 4940 ullum
1163 4885 1504 4951 haeretieum,
1535 4885 1602 4940 ad
1633 4885 1780 4939 illius

205 4989 530 5053 argumenta
557 4979 891 5034 retundenda
917 5018 933 5045 ,
981 4977 1065 5032 vel
1120 4993 1286 5032 unam
1331 4978 1659 5033 sententiam
1711 4992 1776 5032 ex

203 5084 450 5128 veterum
493 5071 682 5140 aliquo
716 5071 964 5125 adduxit.
995 5069 1272 5136 Quorsum
1317 5069 1484 5137 igitur
1518 5069 1613 5140 qui
1651 5069 1772 5123 reli-

200 5179 339 5234 quos
370 5177 571 5216 omnes
600 5161 884 5230 praeteriit,
915 5161 1183 5231 Ignatium
1219 5160 1396 5214 solum
1424 5160 1709 5215 laudaret?

264 5254 531 5311 Secunda
569 5253 884 5309 observatio
931 5269 998 5308 ex
1038 5253 1344 5324 Epiphanio
1389 5255 1556 5324 petita
1603 5255 1778 5309 multo

1906 1853 2292 1907 conditioribus
2319 1853 2556 1907 historiis
2585 1865 2819 1909 versatus
2840 1871 2943 1909 non
2968 1856 3216 1928 intelligit
3241 1870 3488 1913 sanctum

1904 1943 2246 2014 Apostolum,
2279 1960 2397 1996 cum
2444 1961 2619 1997 recens
2650 1955 2784 1999 esset
2823 1944 3100 2017 Evangelii
3147 1949 3484 2018 praedicatio,

1902 2053 1997 2106 pro
2029 2053 2084 2090 re
2112 2046 2239 2090 nata
2261 2036 2556 2105 scripsisse.
2584 2037 2823 2103 Scilicet,
2851 2039 3144 2094 utoccasio
3160 2057 3226 2094 ex
3251 2040 3486 2096 circum-

1903 2131 2121 2186 stantiis
2154 2130 2300 2186 illius
2335 2131 2596 2202 temporis
2625 2147 2683 2187 se
2712 2132 2929 2198 obtulit,
2975 2148 3076 2190 sua
3106 2135 3311 2206 scripta
3342 2145 3484 2191 tem-

1901 2224 2111 2292 peravit
2133 2223 2454 2293 Apostolus.
2482 2224 2537 2278 ln
2565 2225 2840 2295 aliquibus
2877 2225 3012 2281 locis
3043 2235 3174 2282 tunc
3219 2229 3484 2298 temporis

1901 2323 2022 2368 erat
2050 2313 2345 2384 episcopus
2377 2330 2501 2370 cum
2533 2315 2804 2381 diaconis,
2838 2316 3080 2371 nondum
3115 2317 3315 2372 ibidem
3346 2335 3481 2375 con-

1899 2405 2107 2462 stitutis
2137 2407 2492 2479 presbyteris,
2517 2407 2588 2462 ob
2619 2407 2948 2478 paucitatem
2973 2407 3243 2475 ﬁdelium;
3270 2411 3326 2465 in
3356 2412 3480 2467 aliis

1898 2505 2052 2556 erant
2077 2497 2376 2571 presbyteri
2398 2515 2523 2554 cum
2553 2498 2824 2566 diaconis,
2853 2499 3096 2554 nondum
3124 2499 3321 2555 ibidem
3348 2519 3480 2557 con-

1899 2595 2093 2648 stituto
2126 2592 2416 2662 episeopo,
2450 2591 2598 2660 quod
2632 2591 2928 2661 quisquam
2965 2607 3031 2647 ea
3073 2590 3354 2648 iunctione
3394 2595 3480 2650 di-

1897 2700 2040 2756 gnus
2065 2685 2246 2738 adhuc
2274 2683 2418 2738 haud
2445 2683 2794 2754 reperiretur.
2829 2683 2954 2739 Haec
2983 2701 3051 2739 ex
3092 2687 3475 2742 reconditiori~

1849 2789 1852 2794 '
1896 2775 2001 2832 bus
2045 2776 2291 2832 historiis
2330 2776 2594 2830 hauserat
2623 2774 2987 2845 Epiphanius,
3030 2792 3172 2846 quas
3198 2794 3306 2834 non
3339 2797 3473 2836 con-

1895 2867 2141 2937 spexisse
2188 2867 2292 2938 ipsi
2341 2867 2630 2922 videbatur
2656 2866 2873 2922 Acrius.
2903 2867 3081 2933 Οὕτω,
3111 2869 3323 2940 inquit,
3353 2872 3474 2926 κατ’

1895 2958 2070 3012 ἐκεῖνο
2102 2957 2292 3029 καιροῦ
2318 2952 2458 3030 ἦσαν
2489 2959 2538 3011 οἰ
2565 2958 2740 3024 τόποι,
2765 2959 2859 3014 κα)⁴
2886 2959 2995 3032 γὰρ
3036 2961 3268 3016 ἕκαστον
3327 2969 3475 3038 πρᾶ-

1895 3048 2120 3119 γμαούκ
2138 3049 2234 3102 ἀπ’
2251 3051 2428 3123 ἀρχῆς
2453 3050 2522 3104 τὰ
2559 3051 2738 3105 πάντα
2767 3051 2946 3124 ἔσχεν·
2979 3050 3117 3107 ἀλλὰ
3148 3053 3471 3124 προϐαίνον-

1893 3157 1985 3204 τος
2009 3140 2104 3196 τοῢ
2132 3141 2327 3212 χρόνου
2352 3140 2420 3195 τὰ
2450 3143 2587 3216 πρὸς
2615 3144 2892 3200 τελείωσιν
2910 3145 3018 3200 τῶν
3053 3146 3248 3219 χρειῶν
3271 3164 3474 3221 κατηρ-

1893 3227 2089 3292 τίςετο.
2138 3228 2232 3283 Ita
2286 3245 2378 3298 per
2427 3230 2565 3285 illud
2619 3242 2819 3303 tempus
2873 3235 3179 3289 istiusmodi
3233 3237 3472 3290 locorum

1892 3329 2064 3373 status
2088 3320 2332 3384 exstitit;
2360 3322 2551 3376 etenim
2579 3338 2903 3394 unaquaque
2935 3342 3014 3378 res
3049 3342 3150 3381 non
3199 3327 3264 3381 ab
3313 3329 3470 3384 initio

1893 3408 2132 3463 omnibus
2166 3411 2398 3464 numeris
2435 3412 2679 3466 absoluta
2705 3415 2849 3484 fuit;
2893 3416 2984 3470 sed
3022 3418 3331 3486 procedente
3373 3419 3470 3475 de-

1891 3517 2034 3554 mum
2063 3509 2322 3570 tempore,
2349 3519 2411 3556 ea
2437 3519 2554 3573 qna:
2583 3504 2654 3557 ad
2684 3507 3058 3575 perfectionem
3096 3509 3333 3562 omnium
3378 3526 3473 3564 ne-

1889 3593 2194 3646 cessitatum
2218 3594 2501 3662 pertinent,
2534 3596 2823 3652 constituta
2866 3606 3013 3654 sunt.
3061 3596 3216 3664 Quod
3259 3599 3367 3655 late
3399 3615 3465 3656 ex

1890 3681 2072 3738 Veteri
2097 3683 2447 3740 Testamento
2484 3688 2700 3756 probat,
2743 3697 2799 3743 ct
2824 3689 2906 3745 sic
2940 3690 3288 3763 intelligenda
3318 3693 3467 3764 Apo~

1889 3773 2015 3830 stoli
2038 3774 2205 3828 verba
2231 3777 2451 3841 asserit,
2494 3787 2550 3831 et
2579 3777 2683 3832 hoc
2714 3793 2823 3832 uno
2869 3777 3226 3837 fundamento
3258 3784 3462 3853 posito,

1887 3880 2047 3920 ruere
2073 3880 2262 3922 omnes
2287 3866 2436 3921 Aerii
2460 3866 2798 3937 objectiones
2821 3870 3119 3938 concludit,
3156 3881 3211 3928 et
3239 3889 3340 3929 nos
3367 3890 3465 3944 pa-

1886 3953 2019 4009 riter
2045 3969 2265 4009 omncm
2288 3954 2749 4024 contrarietatem,
2775 3965 2830 4011 et
2855 3973 2981 4012 cum
3000 3956 3296 4031 lgnatianis
3315 3961 3464 4016 ὲνανε

1885 4047 2198 4116 τιοφάνειαν
2228 4049 2418 4103 eodem
2455 4049 2570 4104 tolli
2596 4058 2874 4119 putamus.

1956 4140 2282 4197 Examinato
2340 4143 2574 4212 septimo
2633 4144 2844 4213 capite,
2901 4145 3151 4215 sequitur
3203 4155 3458 4204 octavum

1884 4250 2010 4291 cum
2035 4236 2137 4290 hoc
2166 4236 2324 4291 titulo
2354 4253 2368 4290 :
2396 4235 2591 4306 Ignota
2626 4237 2952 4293 Tertulliano
2977 4241 3138 4308 fuisse
3169 4239 3459 4310 Ignatiana

1883 4327 2280 4382 demonstratur
2317 4329 2545 4399 quinque
2579 4331 2922 4399 argumentis.
2951 4330 3056 4385 Sed
3088 4333 3339 4402 quintum
3374 4343 3456 4388 te-

1884 4419 1997 4474 lum
2029 4418 2228 4476 fatetur
2251 4419 2608 4476 Usserianum
2637 4421 2902 4494 lgnatium
2940 4439 3048 4478 non
3084 4423 3282 4490 ferire;
3321 4441 3458 4494 qna-

1887 4520 2014 4566 tuor
2045 4511 2228 4583 itaque
2254 4515 2633 4569 tantummodo
2683 4515 2839 4570 nobis
2876 4524 3084 4570 restant
3123 4516 3454 4585 repellenda.

1884 4601 2095 4670 Primo,
2139 4605 2295 4660 docet
2336 4605 2390 4660 id
2447 4603 2818 4662 Tertullianus
2857 4607 3002 4676 quod
3037 4606 3324 4677 lgnatiante
3357 4608 3456 4662 do-

1883 4695 2072 4751 ctrinae
2096 4705 2180 4752 est
2203 4697 2563 4754 contrarium.
2589 4696 2730 4768 Ergo
2754 4713 2879 4753 eum
2903 4699 3151 4752 nescivit.
3178 4698 3454 4754 Adversus

1883 4787 2030 4841 enim
2065 4788 2425 4857 apostolicum
2455 4791 2632 4844 virum
2669 4799 2723 4843 et
2767 4798 3060 4860 martyrem
3119 4790 3222 4844 sibi
3260 4799 3451 4846 notum

1883 4892 2164 4948 nunquam
2218 4880 2516 4950 quidquam
2565 4881 2863 4936 docuisset.
2917 4879 3051 4935 Mira
3107 4881 3222 4936 haec
3256 4897 3452 4936 cense-

1881 4972 2102 5040 quentia
2130 4972 2196 5026 de
2216 4973 2458 5042 quolibet
2482 4973 2769 5043 scriptore,
2803 4973 2869 5027 de
2895 4971 3236 5028 Tertulliano
3270 4974 3448 5028 maxi-

1880 5078 1970 5118 me
1995 5064 2266 5120 miranda.
2300 5065 2660 5137 Nunquamne
2700 5076 2761 5121 ut
2789 5067 3078 5138 quisquam
3111 5068 3313 5138 aliquid
3356 5069 3448 5124 do-

1879 5157 2076 5222 cuerit,
2107 5158 2254 5226 quod
2289 5168 2435 5214 esset
2473 5159 2605 5213 viris
2645 5159 2963 5228 apostolicis
2985 5169 3080 5215 aut
3111 5161 3446 5232 martyribus

1878 5250 2026 5304 notis
2052 5248 2387 5304 adversans?
2406 5251 2490 5303 An
2523 5248 2627 5304 viri
2650 5251 2937 5320 apostolici
2965 5262 3019 5306 et
3042 5260 3306 5323 martyres
3329 5268 3446 5307 ma-

199 5355 384 5408 ntinus
397 5351 572 5405 valet.
600 5347 876 5413 Qucedam,
904 5319 1159 5416 inquit—in
1189 5319 1560 5416 disputatione
1585 5346 1778 5401 adver—
1872 5319 2012 5412 ieris
2043 5359 2280 5414 unquam
2315 5341 2657 5398 auctoritatis
2686 5341 2858 5407 fuere,
2884 5358 3048 5412 quam
3079 5343 3183 5413 ipsi
3212 5343 3444 5413 apostoli

200 5458 290 5498 sus
315 5441 470 5497 Aerii
503 5441 734 5509 dogma,
759 5441 908 5510 ponit
945 5455 1064 5492 cum
1109 5434 1412 5508 Ignatianis
1447 5438 1776 5507 apertissime

198 5535 518 5606 pugnantia,
543 5534 651 5587 imo
675 5532 892 5586 totidem
917 5540 1154 5585 monstra
1181 5545 1246 5584 ea:
1285 5528 1486 5600 Ignatii
1514 5530 1774 5600 epistolici

200 5605 542 5682 hierarchicis
583 5624 782 5696 legibus
807 5639 826 5678 :
870 5605 1055 5695 qitibus
1091 5622 1435 5693 epistolarum
1474 5623 1669 5696 κυρίας
1689 5623 1774 5676 δό-

203 5719 292 5785 ξας
331 5717 539 5791 liquido
583 5717 765 5772 evertit
811 5715 1159 5786 Epiphanius.
1204 5713 1263 5770 Si
1308 5714 1422 5772 ιιωο
1461 5715 1589 5771 vera
1637 5715 1768 5784 sint,

1876 5444 1931 5491 et
1959 5436 2345 5506 evangelistzn?
2371 5435 2592 5489 Illorum
2620 5444 2768 5490 certe
2789 5434 3054 5489 doctrinae
3083 5435 3328 5488 nonnulli
3353 5436 3448 5489 alio

1875 5529 2096 5598 quando
2121 5527 2538 5595 eontradixere;
2573 5542 2682 5582 non
2715 5525 3121 5598 Scripturarum
3144 5527 3324 5592 inscii,
3350 5539 3447 5581 aut

1873 5636 2062 5677 earum
2109 5621 2453 5677 auctoritatis
2484 5628 2908 5691 contemptores,
2952 5619 3048 5675 sed
3081 5620 3161 5674 vel
3193 5619 3444 5673 inadver-

1851 5714 2042 5770 Aentia
2069 5713 2238 5781 ducti,
2271 5693 2700 5786 vcl'protjudicio
2721 5713 2908 5788 aliqnp
2937 5713 3166 5784 abrepti.
3201 5713 3282 5765 An
3307 5710 3442 5766 Ter-
