3834 6206
396 291 504 350 259

1494 288 1551 344 S.
1589 280 1938 345 IGNATIUS.
1962 315 2030 326 —-
2059 281 2597 342 PROLEGOMENA.

3553 281 3658 339 260

402 409 663 465 tullianus
705 409 844 465 adeo
890 407 1106 466 subacti
1136 407 1350 478 judicii,
1385 407 1526 463 adeo
1564 407 1737 463 sedati
1771 387 2054 477 ingenii}
2081 401 2476 469 Tertullianus,
2523 401 2630 459 nisi
2677 399 2828 474 quod
2876 408 2932 457 et
2975 399 3241 473 lgnatius.
3283 398 3425 456 Cum
3474 409 3660 455 autem

403 501 506 557 fuit
524 510 585 557 ut
614 501 749 556 nulli
777 517 1020 571 unquam
1046 501 1166 556 viro
1191 501 1244 554 in
1269 499 1513 556 Ecclesia
1537 498 1736 554 celebri
1765 508 1977 554 contra-

401 595 628 656 diceret,
659 609 784 649 cum
805 593 922 664 ipse
949 593 1019 648 ab
1038 592 1281 650 Ecclesia
1299 592 1609 660 recesserit,
1635 602 1691 646 et
1711 591 1977 647 adversus

402 703 525 742 eam
555 687 958 758 quamplurima
981 687 1178 743 acerbe
1212 694 1268 742 et
1301 686 1610 756 petulanter
1654 685 1979 757 scripserit?

402 777 692 846 Praeterea,
723 781 809 836 vel
837 780 969 850 ipsis
995 779 1275 850 iudicibus
1309 778 1662 847 adversariis,
1695 780 1812 835 haec
1835 793 1976 836 con-

403 873 688 942 sequentia
712 887 824 927 non
872 881 956 928 est
983 875 1318 930 necessaria.
1371 874 1446 930 De
1474 874 1597 930 aliis
1635 874 1804 942 enim,
1841 873 1978 928 Ter-

403 963 631 1018 tulliano
655 963 988 1033 junioribus,
1009 979 1150 1034 quos
1176 963 1386 1036 ignatio
1414 965 1691 1021 contraria
1719 965 1978 1022 docuisse

401 1057 536 1122 vult,
568 1056 643 1111 ita
673 1056 916 1126 disputat
938 1055 1212 1125 Danai-us,
1251 1065 1313 1111 ut
1354 1057 1431 1112 illi
1467 1057 1551 1112 vel
1579 1057 1972 1129 ignoraverint,

399 1148 485 1203 vel
523 1147 626 1203 ista
660 1149 861 1219 quibus
896 1148 1177 1204 contraria
1218 1149 1505 1205 docuerint
1532 1150 1588 1204 in
1622 1149 1830 1223 ignauo
1861 1166 1975 1206 non

397 1240 656 1304 viderint,
674 1241 760 1295 vel
782 1241 1045 1311 epistolas
1068 1249 1328 1312 tanquam
1349 1241 1502 1298 ﬁctas
1521 1244 1969 1314 contempserint.

399 1331 457 1386 Si
486 1341 666 1387 autem
695 1332 811 1387 haec
839 1333 905 1387 de
929 1333 1053 1388 aliis
1094 1333 1203 1388 diei
1250 1333 1495 1404 possint,
1537 1350 1639 1390 cur
1677 1350 1786 1389 non
1824 1343 1880 1391 et
1906 1335 1973 1392 de

396 1420 775 1476 Tertulliano?
803 1418 965 1476 Certe
994 1418 1321 1485 Salmasius,
1351 1420 1683 1488 Blondellus,
1714 1429 1768 1476 et
1788 1419 1976 1477 Alber-

395 1516 544 1570 tinus
572 1515 715 1570 hanc
737 1515 1190 1584 consequentiam
1232 1515 1418 1585 potius
1460 1515 1839 1583 admitterent,
1877 1515 1972 1586 qui

393 1608 656 1678 epistolas
681 1607 773 1662 diu
793 1615 919 1661 ante
945 1621 1123 1662 aevum
1142 1607 1467 1663 Tertulliani
1499 1608 1654 1664 [ictas
1675 1617 1968 1679 putarunt;

391 1713 448 1758 et
495 1702 541 1758 si
584 1701 820 1757 Dallaeus
865 1716 976 1757 non
1019 1702 1306 1768 admittat,
1355 1702 1410 1756 in
1454 1702 1827 1773 disputatione
1869 1720 1968 1760 sua

2078 495 2320 567 lgnatius
2341 494 2527 562 addat,
2559 493 2728 567 χωρὶς
2748 493 2976 560 τούτων,
3006 494 3119 548 sine
3139 494 3416 564 episcopis,
3446 492 3664 563 presby-

2081 587 2207 640 teris
2233 595 2286 641 et
2315 586 2560 640 diaconis
2587 585 2830 642 Ecclesia
2862 603 2967 640 non
2989 595 3234 654 uocatur,
3261 586 3452 641 eadem
3480 585 3665 642 notio-

2079 692 2148 733 ne
2175 677 2295 734 sine
2325 676 2495 733 dubio
2533 676 2754 734 locutus
2786 684 2872 732 est
2899 676 3299 744 Tertullianus,
3343 675 3542 732 saltem
3565 674 3663 730 ad-

2076 767 2186 824 huc
2235 769 2291 824 in
2327 767 2570 824 Ecclesia
2617 768 2889 824 catholica
2931 782 3184 824 manens.
3226 766 3360 822 Nam
3404 782 3555 823 cum:
3591 767 3663 823 de

2075 858 2326 916 ecclesiis
2355 860 2678 931 apostolicis
2700 859 2966 930 loquitur,
2993 860 3110 916 haec
3132 859 3298 915 habet
3333 877 3347 915 :
3377 858 3661 914 Habemus

2077 961 2125 1006 et
2151 952 2376 1007 Joannis
2407 951 2650 1007 alumnas
2675 952 2945 1008 ecclesias.
2975 951 3119 1006 Nam
3157 952 3259 1007 etsi
3300 952 3662 1023 Apocalypsin

2076 1042 2320 1099 Marcion
2352 1055 2585 1116 respuat,
2610 1046 2740 1099 ordo
2771 1054 2946 1100 tamen
2988 1045 3353 1114 episcoporum
3391 1044 3461 1098 ad
3487 1045 3661 1114 origi-

2077 1153 2194 1191 nem
2235 1154 2476 1193 recensus
2527 1139 2583 1192 in
2625 1137 2890 1194 Joannem
2933 1139 3101 1193 stabit
3140 1147 3432 1193 auctorem.
3474 1136 3543 1192 Et
3581 1137 3661 1192 De

2075 1229 2490 1300 praescriptione
2536 1230 2940 1297 haereticorum,
2986 1245 3107 1300 cap.
3158 1231 3268 1285 52:
3307 1229 3488 1284 Edunt
3532 1246 3660 1301 ergo

2077 1319 2308 1390 origines
2341 1318 2685 1374 ecclesiarum
2707 1335 2960 1385 suarum;
3004 1319 3244 1374 evolvunt
3273 1319 3518 1373 ordinem
3545 1319 3661 1388 epi-

2075 1431 2352 1485 scoporum
2389 1430 2645 1478 suorum,
2671 1415 2750 1468 ita
2785 1431 2878 1483 per
2898 1416 3251 1470 successiones
3289 1414 3361 1468 ad
3383 1413 3543 1468 initia
3563 1419 3662 1469 de-

2074 1517 2393 1572 currentem,
2427 1517 2484 1560 ut
2521 1507 2726 1576 primus
2763 1505 2855 1560 ille
2879 1508 3156 1576 episcopus
3179 1507 3409 1578 aliquem
3445 1522 3512 1560 ea:
3534 1524 3662 1578 upo-

2073 1600 2225 1654 stolis
2271 1599 2349 1654 uel
2395 1599 2700 1669 apostolicis
2728 1599 2877 1666 uiris,
2909 1600 3000 1670 qui
3024 1610 3198 1654 tamen
3237 1616 3359 1652 cum
3398 1599 3660 1666 apostolis

2073 1693 2499 1763 perseuerauerit,
2545 1691 2792 1746 habuerit
2837 1701 3110 1746 auctorem
3151 1699 3204 1745 et
3243 1700 3655 1747 antecessorem.

393 1795 723 1866 principium
749 1794 902 1866 petit,
934 1795 1064 1851 dum
1086 1811 1154 1850 ex
1184 1794 1521 1851 Tel-tulliano
1545 1798 1624 1851 sic
1647 1796 1842 1865 probet
1857 1797 1968 1868 epi-

2077 1783 2194 1838 Hoc
2219 1785 2359 1838 enim
2393 1784 2548 1838 modo
2580 1782 2838 1839 Ecclesiae
2862 1784 3170 1854 apostolica
3197 1801 3383 1839 census
3409 1801 3533 1838 suos
3561 1784 3658 1839 de-

392 1889 564 1944 stolas
587 1903 696 1942 non
726 1888 1025 1955 exstitisse,
1048 1903 1174 1943 cum
1200 1896 1584 1958 argumentum
1617 1888 1753 1943 nihil
1777 1889 1969 1958 valeat,

394 1979 500 2034 nisi
531 1981 657 2049 quis
683 1979 952 2034 concedat
977 1978 1196 2035 easdem
1227 1988 1353 2050 post
1376 1978 1699 2035 Tertulliani
1726 1987 1972 2051 tempora

393 2071 565 2126 fuisse
605 2071 942 2143 suppositas.
985 2069 1041 2126 Si
1071 2072 1217 2126 enim
1248 2080 1376 2127 ante
1403 2070 1802 2126 Tertullianum
1853 2070 1971 2127 fue-

393 2171 524 2217 runt
552 2162 710 2230 ﬁcta,
741 2170 797 2217 et
826 2163 1006 2232 potuit
1034 2162 1124 2217 ille
1154 2177 1516 2232 counoscere,
1538 2171 1593 2218 et
1617 2161 1805 2218 debuit
1832 2175 1970 2217 con-

389 2261 656 2310 temnere.

465 2345 572 2401 Sed
603 2346 821 2401 interim
861 2346 1144 2402 videamus
1178 2347 1438 2418 quidnam
1482 2347 1619 2402 illud
1647 2345 1970 2402 Tertulliani

390 2437 668 2492 decretum
694 2437 784 2502 sit,
828 2437 974 2507 quod
1006 2435 1348 2507 lgnatianum
1391 2435 1527 2491 adeo
1568 2444 1753 2506 aperte
1793 2434 1972 2506 reﬁgit

391 2535 445 2582 et
475 2528 773 2598 proculcat.
804 2527 1008 2597 Nempe
1039 2547 1049 2581 :
1082 2526 1182 2582 Ubi
1227 2538 1329 2582 tres
1353 2567 1370 2593 ,
1403 2526 1642 2582 Ecclesia
1685 2537 1762 2581 est
1783 2569 1799 2595 ,
1848 2527 1969 2581 licet

390 2618 540 2677 laici.
589 2619 716 2674 Haec.
760 2617 1150 2674 Tertullianus.
1210 2619 1280 2671 At
1327 2617 1587 2688 lgnatius,
1643 2619 1812 2688 χωρὶς
1846 2617 1969 2670 τού-

389 2728 499 2766 των
520 2753 534 2778 ,
568 2712 623 2767 id
649 2723 733 2767 est
779 2713 898 2767 sine
933 2710 1242 2782 episcOpis,
1269 2709 1603 2781 presbyteris
1641 2719 1696 2764 et
1723 2710 1970 2766 diacouis

390 2802 656 2874 ἐκκλησία
686 2803 746 2857 οὐ
769 2802 1032 2856 καλεῖται.
1061 2801 1258 2869 Quaero
1290 2801 1490 2871 primo,
1520 2801 1615 2856 ubi
1641 2801 1756 2857 haec
1782 2818 1812 2856 a
1838 2801 1971 2858 Ter-

393 2893 620 2950 tulliano
643 2895 994 2950 scribuntur?
1020 2894 1424 2963 Respondetur,
1452 2893 1591 2948 libro
1621 2893 1693 2948 De
1721 2895 1971 2949 eas/torta-

391 2990 532 3042 tione
555 2989 843 3044 castitatis.
871 2990 941 3044 At
969 2988 1028 3044 S.
1074 2988 1415 3058 Augustinus
1462 2987 1856 3043 Tertullianum
1889 2987 1971 3043 fa-

2076 1877 2254 1946 ferunt
2281 1892 2300 1930 :
2329 1876 2469 1931 sicut
2496 1875 2894 1947 Smyrnteorum
2925 1876 3172 1933 Ecclesia
3205 1877 3561 1948 Polycarpum
3587 1877 3658 1932 ab

2072 1968 2280 2023 Joanne
2321 1967 2641 2023 collocatum
2686 1969 2878 2040 refert;
2939 1972 3080 2026 sicut
3123 1971 3485 2027 Romanorum
3535 1973 3663 2029 Cle-

2074 2072 2299 2118 mentem
2333 2081 2366 2117 a
2407 2061 2576 2117 Petro
2613 2063 2919 2118 ordinatum
2963 2065 3169 2120 itidem.
3216 2065 3447 2121 Perinde
3475 2067 3662 2139 utique

2073 2165 2124 2210 et
2154 2167 2344 2211 cetera
2374 2157 2639 2224 cohibent,
2672 2174 2802 2228 quos
2834 2157 2898 2211 ab
2925 2159 3180 2228 apostolis
3206 2159 3262 2214 in
3290 2160 3658 2231 episcopatum

2074 2251 2389 2305 constitutos
2421 2250 2699 2320 apostolici
2728 2251 2943 2306 seminis
2969 2252 3210 2306 traduces
3231 2252 3480 2307 habeant.
3515 2253 3659 2308 Cum

2075 2339 2242 2410 igitur
2286 2340 2512 2410 proprie
2565 2349 2621 2395 et
2678 2341 2950 2396 catholice
2996 2342 3063 2397 de
3093 2340 3337 2398 Ecclesia
3380 2344 3657 2414 loquitur,

2074 2431 2312 2486 ostendit
2354 2447 2414 2486 se
2465 2431 2611 2486 idem
2663 2432 2889 2486 omnino
2941 2432 3144 2488 sentire
3190 2435 3337 2504 quod
3386 2434 3660 2490 sentiebat

2073 2523 2335 2594 lgnatius,
2391 2539 2513 2579 eam
2563 2525 2682 2580 sine
2728 2525 2990 2596 episcopo
3042 2527 3312 2597 integram
3362 2542 3486 2582 esse
3541 2544 3658 2584 non

2073 2631 2256 2686 posse.
2291 2615 2369 2672 De
2397 2617 2667 2673 vocabulo
2705 2619 2928 2688 quidem
2963 2617 3217 2674 Ecclesia:
3257 2620 3331 2674 ita
3378 2635 3524 2690 saepe
3567 2621 3658 2677 lo-

2072 2710 2291 2780 quitur,
2335 2719 2394 2766 ut
2439 2719 2494 2766 et
2545 2711 2818 2768 haereticis
2855 2712 3094 2779 tribuat;
3132 2729 3273 2784 quos
3312 2714 3367 2769 in
3404 2713 3658 2771 Ecclesia

2072 2801 2291 2871 proprie
2349 2800 2495 2856 dicta
2545 2817 2668 2857 esse
2712 2818 2815 2858 nec
2857 2802 3002 2874 ipse,
3042 2819 3144 2858 nec
3169 2807 3464 2875 quisquam
3509 2806 3660 2861 alius

2072 2895 2313 2967 agnovit.
2343 2895 2597 2962 Faciunt,
2630 2896 2830 2967 inquit,
2855 2897 3004 2967 favos
3032 2909 3081 2952 et
3106 2914 3305 2968 vespm;
3337 2898 3546 2966 faciunt
3571 2917 3656 2954 cc-

2067 2993 2259 3046 :lesias
2284 3002 2334 3046 et
2358 2992 2759 3058 Marcionistat;
2789 2994 2886 3049 sed
2901 3010 3068 3065 quam
3095 2994 3280 3064 inique
3302 2994 3436 3049 illud
3453 3009 3664 3048 nomen

389 3089 538 3136 ctum
566 3082 880 3137 haereticum
910 3081 1069 3136 docet
1091 3079 1362 3136 secundas
1394 3079 1638 3149 nuptias,
1665 3089 1858 3134 contra
1879 3080 1974 3136 do-
1998 3125 2044 3182 c
2077 3084 2144 3138 iis
2169 3087 2504 3140 attribuatur
2545 3087 2749 3142 docet:
2783 3086 2956 3140 Habet
2996 3088 3206 3157 quidem
3235 3087 3334 3140 illa
3378 3086 3656 3147 ecclesias,

389 3173 621 3228 ctrinam
670 3173 1060 3243 apostolicam,
1114 3182 1378 3245 tauquam
1427 3184 1616 3247 stupra
1665 3177 1966 3244 damnare,

389 3264 534 3333 quod
574 3263 628 3318 in
671 3279 738 3319 eo
775 3279 942 3335 apere
977 3265 1129 3321 facit.
1169 3265 1275 3333 Qui
1321 3279 1504 3323 autem
1533 3281 1722 3324 contra
1764 3270 1969 3325 doctri-

389 3369 515 3408 nam
550 3356 904 3426 apostolicam
939 3359 1176 3427 scripsit,
1223 3359 1352 3414 licet
1398 3359 1456 3415 S.
1511 3359 1665 3414 Pauli
1707 3361 1968 3431 epistolas

388 3457 598 3512 nosset,
627 3463 808 3504 nonne
838 3458 892 3504 et
921 3459 1112 3505 contra
1145 3449 1484 3522 lgnatianam
1513 3454 1752 3508 scribere
1768 3455 1966 3524 potuit,

387 3535 515 3591 licet
545 3543 665 3608 ejus
697 3541 961 3610 epistolas
1008 3543 1154 3597 haud
1206 3543 1574 3615 ignoraverit?
1605 3545 1763 3600 Hunc
1786 3547 1968 3616 ipsum

386 3628 586 3685 librum
616 3628 962 3702 Nicephorus
988 3645 1258 3689 memorat
1283 3644 1545 3707 tanquam
1577 3638 1842 3692 adversus
1866 3635 1969 3692 Ec-

385 3723 607 3778 clesiam
639 3725 925 3794 scriptum,
965 3726 1059 3780 καὶ
1096 3727 1277 3792 ἰδικῶς
1309 3729 1447 3782 κατὰ
1470 3730 1569 3800 τῆς
1595 3730 1826 3783 καθόλου
1851 3729 1969 3784 Ἑκ-

384 3817 616 3888 κλησίας
667 3818 844 3889 βίὸλθν
891 3820 1190 3874 συν-τάττει·
1239 3823 1391 3876 οὐδὲν
1419 3822 1474 3876 δὲ
1511 3820 1673 3895 ἦττον
1708 3825 1804 3877 καὶ
1839 3825 1967 3895 περὶ

387 3909 744 3983 Σωφροσύνης
768 3911 952 3986 ἕτερον
984 3913 1324 3987 σύγγραμμα
1354 3915 1695 3979 καταλείπει,
1721 3916 1815 3970 καὶ
1838 3918 1967 3989 περὶ

385 4001 737 4072 Μονογαμίας
780 4002 984 4076 ἕτερον.
1021 4004 1158 4059 Cum
1213 4007 1378 4076 igitur
1425 4017 1614 4063 contra
1659 4007 1966 4064 Ecclesium

387 4091 713 4147 catholicam
739 4094 1022 4162 scriberet,
1060 4096 1175 4151 haec
1211 4095 1443 4152 habuit:
1481 4097 1582 4152 Ubi
1633 4108 1760 4164 tres,
1793 4098 1968 4153 Eccle-

384 4183 470 4237 sia
489 4193 585 4249 est,
615 4182 734 4238 licet
760 4185 910 4241 laici.
937 4186 1150 4243 Pariter
1173 4197 1226 4243 et
1246 4189 1312 4244 de
1336 4189 1463 4262 fuga
1481 4191 1534 4244 in
1565 4192 1963 4261 persecutione,

380 4279 496 4350 jam
527 4279 762 4337 adultior
785 4281 1118 4340 Montanista
1150 4286 1203 4340 in
1234 4286 1382 4341 hunc
1425 4288 1648 4342 modum
1679 4287 1920 4358 loquitur
1948 4305 1962 4343 :

387 4370 511 4427 Non
539 4383 681 4444 potes
709 4376 1006 4432 discurrere
1027 4395 1118 4447 per
1143 4380 1422 4451 singulos?
1462 4382 1535 4435 sit
1569 4381 1664 4436 tibi
1691 4391 1740 4436 et
1775 4383 1831 4435 in
1868 4383 1966 4435 tri-

2073 3177 2164 3230 sed
2197 3194 2320 3231 suas
2373 3189 2483 3231 tam
2519 3189 2759 3248 posteras
2789 3195 2950 3250 quam
2997 3179 3309 3244 adulteras;
3347 3195 3576 3250 quarum
3611 3183 3660 3232 si

2070 3285 2281 3323 censum
2305 3272 2564 3337 requiras,
2595 3271 2810 3340 facilius
2841 3273 3195 3340 apostaticum
3225 3271 3462 3326 inuenias
3493 3288 3656 3342 quam

2071 3359 2444 3428 apostolicum.
2465 3358 2540 3414 De
2565 3360 2808 3416 Ecclesia
2835 3362 2997 3416 etiam
3025 3363 3252 3430 mysrice
3283 3361 3534 3432 loquitur
3557 3359 3656 3418 lib.

2071 3450 2147 3504 De
2173 3452 2457 3518 pudicitia,
2482 3467 2604 3522 cap.
2635 3453 2699 3507 ‘21
2737 3473 2750 3508 :
2787 3452 2931 3506 Nam
2977 3462 3026 3507 et
3070 3453 3312 3507 Ecclesia
3355 3456 3569 3524 proprie
3607 3464 3658 3508 et

2069 3544 2438 3614 principaliter
2492 3547 2602 3615 ipse
2648 3555 2727 3600 est
2777 3547 3021 3616 spiritus,
3068 3547 3122 3600 in
3159 3563 3259 3616 quo
3315 3555 3392 3600 est
3438 3547 3657 3605 trinitas

2069 3638 2224 3691 unius
2247 3637 2570 3704 divinitatis,
2602 3635 2783 3703 Pater,
2828 3647 2878 3691 et
2929 3637 3106 3692 Filius
3127 3680 3140 3701 ,
3179 3649 3228 3693 et
3259 3637 3494 3708 Spiritus
3527 3657 3655 3694 san-

2069 3738 2205 3782 ctus.
2243 3727 2402 3781 Illam
2431 3728 2728 3782 Ecclesium
2772 3739 3089 3800 congregat,
3123 3747 3284 3801 quam
3308 3729 3569 3784 Dominus
3599 3732 3656 3783 in

2071 3821 2239 3874 tribus
2263 3821 2460 3890 posuit.
2486 3820 2655 3891 Atque
2684 3821 2763 3874 ita
2788 3823 2977 3876 exinde
3006 3823 3167 3876 etiam
3200 3840 3448 3876 numerus
3478 3825 3654 3877 omnis

2067 3914 2158 3984 qui
2183 3915 2240 3966 in
2274 3914 2410 3967 hanc
2438 3915 2597 3985 ﬁdem
2633 3914 3031 3984 conspiraverit,
3067 3915 3306 3970 Ecclesia
3334 3917 3397 3970 ab
3434 3928 3656 3974 auctore

2068 4015 2116 4060 et
2145 4015 2508 4060 consecratore
2533 4017 2791 4062 censetur.
2831 4006 2896 4060 Et
2926 4007 3044 4062 ideo
3071 4007 3313 4063 Ecclesia
3332 4011 3544 4079 quidem
3567 4013 3654 4065 de-

2067 4097 2196 4151 licta
2237 4097 2491 4165 donabit,
2538 4099 2628 4153 sed
2665 4098 2908 4154 Ecclesia
2937 4099 3176 4170 Spiritus
3213 4118 3307 4170 per
3345 4104 3652 4173 spiritalem

2068 4192 2327 4245 hominem
2354 4234 2368 4259 ,
2397 4209 2499 4245 non
2534 4191 2773 4246 Ecclesia
2814 4209 3064 4247 numerus
3094 4196 3476 4264 episc0porum.
3508 4197 3651 4253 Cum

2069 4285 2234 4356 igitur
2257 4284 2628 4339 Tertullianus
2671 4301 2818 4339 nunc
2861 4283 3122 4340 Ecclesia;
3162 4288 3489 4342 vocabulum
3526 4304 3631 4359 pro

2068 4379 2184 4448 prie
2209 4386 2411 4444 sumat,
2438 4393 2538 4448 pro
2571 4377 2688 4443 tali,
2722 4377 2950 4441 scilicet,
2989 4379 3208 4448 qualem
3242 4380 3473 4450 apostoli
3515 4397 3653 4435 eon-

385 4463 480 4521 bus
514 4466 770 4525 Ecclesia.
803 4468 930 4526 Haec
959 4471 1048 4526 ille
1069 4488 1136 4527 ex
1162 4472 1620 4533 Montanistarum
1638 4475 1958 4545 disciplina;
1994 4471 2038 4526 D
2067 4470 2398 4537 stituerunt,
2444 4484 2592 4524 nunc
2635 4469 2954 4540 improprie,
2983 4484 3037 4526 et
3074 4472 3127 4526 in
3163 4472 3269 4526 alia
3299 4473 3554 4538 notione,
3585 4484 3650 4528 ut

385 4575 573 4619 contra
597 4580 762 4635 quam
786 4565 904 4636 ipse
927 4567 1232 4626 catholicus
1262 4571 1481 4641 scripsit
1505 4591 1518 4626 :
1552 4571 1728 4627 Hodie
1748 4572 1959 4643 presby-

385 4667 492 4720 ter,
525 4660 615 4729 qui
659 4677 778 4714 cras
817 4661 1025 4715 laicus:
1053 4679 1175 4717 nam
1217 4673 1266 4717 et
1298 4664 1452 4718 laicis
1492 4666 1848 4720 sacerdotalia
1875 4669 1963 4721 in-

377 4750 627 4821 jungunt.
664 4751 832 4806 Aliter
867 4753 936 4808 de
965 4754 1070 4808 hac
1106 4755 1224 4824 ipsa
1255 4771 1315 4810 re
1356 4755 1574 4812 locutus
1601 4766 1686 4812 est
1719 4759 1848 4813 dum
1879 4775 1968 4813 ca-

384 4843 621 4900 tholicus
650 4844 752 4901 fuit
781 4866 794 4900 :
825 4845 924 4900 Ubi
957 4857 1082 4914 tres,
1115 4849 1170 4900 id
1205 4859 1278 4902 est
1304 4847 1466 4903 Pater
1492 4861 1541 4903 et
1568 4849 1743 4904 Filius
1766 4860 1814 4905 et
1841 4850 1964 4922 Spi-

388 4936 521 4989 ritus
569 4948 809 5004 sanctus,
855 4939 927 4992 ibi
981 4937 1220 4992 Ecclesia
1266 4956 1383 5009 qua:
1429 4941 1590 4994 trium
1639 4957 1827 5011 corpus
1863 4951 1964 4998 est.

383 5029 660 5101 Quidquid
683 5041 865 5087 autem
897 5032 963 5088 de
1013 5032 1107 5088 illo
1152 5032 1276 5088 loco
1307 5035 1546 5089 senseth
1573 5053 1586 5089 :
1622 5033 1721 5089 Ubi
1751 5037 1854 5090 duo
1884 5037 1964 5090 uel

386 5133 490 5177 tres
520 5122 577 5176 in
600 5123 808 5177 nomine
834 5140 945 5177 meo
970 5133 1375 5194 congregantur,
1393 5142 1486 5196 ego
1510 5127 1566 5180 in
1591 5127 1759 5180 medio
1782 5145 1963 5182 eorum

383 5229 501 5266 sum
530 5215 600 5280 ”,
619 5214 686 5270 de
716 5215 1004 5285 praesentia
1029 5215 1237 5272 Christi
1268 5217 1320 5272 id
1355 5218 1596 5288 accepit,
1621 5235 1744 5289 quae
1777 5221 1963 5291 aliquo

385 5321 548 5362 sensu
581 5303 877 5361 Ecclesiam
910 5305 1092 5363 facere
1119 5308 1354 5374 videtur,
1375 5309 1477 5364 etsi
1501 5309 1755 5365 Christus
1780 5310 1833 5364 id
1853 5327 1963 5366 non

383 5397 601 5454 dixerit.
634 5396 712 5452 lta
752 5400 866 5469 ipse
897 5399 1051 5466 alibi,
1085 5397 1152 5452 In
1175 5417 1278 5454 uno
1316 5409 1367 5457 et
1391 5399 1559 5454 altera
1591 5399 1831 5456 Ecclesia
1861 5412 1961 5469 est,

385 5489 626 5546 Ecclesia
675 5509 793 5546 vero
845 5491 1114 5548 Christus.
1165 5492 1322 5560 Quod
1371 5492 1509 5549 adeo
1551 5509 1658 5548 non
1695 5503 1963 5566 repugnat

383 5584 611 5656 lgnatio,
645 5595 703 5639 ut
733 5586 849 5655 ipse
868 5586 1032 5640 etiam
1073 5585 1272 5641 dixerit
1301 5605 1313 5639 :
1345 5584 1444 5640 Ubi
1472 5597 1552 5640 est
1591 5585 1835 5641 Christus
1860 5586 1958 5640 Je-

381 5690 494 5744 sus,
521 5673 633 5730 illic
659 5675 922 5728 catholica
955 5673 1214 5728 Ecclesia.
1247 5673 1394 5731 Nihil
1418 5674 1601 5748 itaque
1623 5676 1803 5732 adhuc
1823 5675 1962 5732 dixit

484 5793 528 5826 ⁸⁷
563 5789 753 5846 Matth.
788 5806 943 5858 xvm,
977 5789 1070 5845 9.0.

2069 4577 2192 4617 cum
2221 4562 2471 4632 spiritum
2501 4573 2625 4616 esse
2655 4559 2809 4626 dicit,
2834 4577 2959 4616 cum
2989 4561 3130 4616 idem
3175 4577 3376 4617 nomen
3421 4563 3650 4617 haereti-

2066 4670 2257 4710 corum
2289 4655 2648 4711 conventibus
2683 4655 2895 4722 tribuit,
2939 4663 3035 4709 aut
3077 4655 3254 4712 tribus
3297 4655 3475 4721 laicis,
3506 4671 3652 4726 quos

2066 4747 2182 4818 ipse
2211 4746 2520 4802 sacerdotes
2555 4755 2715 4802 vocat
2744 4762 2907 4802 sensu
2940 4747 3146 4816 aliquo,
3185 4748 3319 4817 (tam
3364 4747 3510 4803 enim
3555 4762 3655 4803 ve-

2065 4855 2186 4894 rum
2219 4846 2304 4893 est
2348 4853 2417 4894 ex
2465 4837 2786 4894 Tertulliani
2831 4838 3125 4906 sententia,
3167 4839 3313 4909 quod
3359 4847 3472 4894 tres
3518 4838 3649 4894 laici

2066 4938 2194 4985 sunt
2223 4938 2334 4986 tres
2363 4931 2698 4997 sacerdotes,
2730 4947 2897 5002 quam
2923 4932 3070 5001 quod
3103 4931 3196 4986 ubi
3226 4941 3337 4986 tres
3367 4931 3512 4996 laici,
3542 4929 3654 4986 Ec—

2064 5023 2232 5080 clesia
2262 5023 2369 5094 est)
2406 5039 2552 5087 cum,
2583 5024 2834 5094 inquam,
2865 5034 2977 5080 tam
3023 5023 3324 5094 improprie
3356 5024 3424 5080 de
3458 5023 3653 5080 Eccle-

2066 5117 2147 5172 sia
2187 5117 2468 5187 loquatur,
2492 5118 2625 5173 illud
2649 5119 2928 5174 decretum
2954 5117 3238 5187 lgnatiano
3265 5117 3492 5172 minime
3511 5133 3653 5172 con-

2064 5211 2294 5267 trarium
2333 5219 2436 5277 est,
2481 5225 2606 5266 cum
2655 5210 2900 5282 lgnatius
2943 5211 3012 5266 de
3059 5209 3303 5267 Ecclesia
3350 5210 3652 5280 proprieet

2065 5303 2273 5375 integre
2308 5312 2530 5373 accepta
2579 5303 2871 5373 loquatur,
2916 5303 3110 5359 eodem
3168 5303 3334 5357 modo
3367 5317 3478 5373 quo
3513 5303 3649 5358 alibi

2066 5397 2436 5454 Tertullianus
2465 5440 2480 5463 ,
2512 5414 2624 5470 quo
2659 5397 2716 5454 S.
2748 5398 3091 5471 Cyprianus,
3123 5399 3219 5470 qui
3247 5399 3648 5455 Tertullianum

2064 5493 2383 5558 magistrum
2418 5493 2633 5548 vocavit
2660 5481 2688 5547 ε’
2707 5490 2802 5546 Illi
2825 5503 2949 5546 sunt
2989 5491 3265 5558 Ecclesia,
3298 5491 3442 5560 plebs
3468 5509 3652 5548 sacer-

2063 5583 2175 5638 doti
2221 5583 2460 5638 adunata
2486 5624 2502 5649 ,
2538 5593 2588 5638 et
2639 5585 2844 5654 pastori
2875 5599 2971 5637 suo
3000 5601 3128 5654 grex
3157 5585 3455 5638 adhaerens.
3495 5582 3651 5638 Unde

2063 5677 2197 5732 scire
2218 5677 2368 5732 debes
2390 5678 2691 5748 episcopum
2713 5677 2767 5732 in
2791 5675 3029 5731 Ecclesia
3052 5692 3183 5745 esse,
3205 5687 3250 5732 et
3273 5674 3569 5730 Ecclesium
3592 5679 3650 5732 in
