3864 6204
217 256 301 310 261

860 257 913 310 J.
958 253 1318 310 PEABSONII
1353 251 1674 310 VINDICIIE
1714 250 2140 309 ιςΝΑτιΛΝΑι.
2181 285 2251 297 -
2288 254 2470 312 PARS
2506 257 2548 312 1.

3337 256 3446 316 26%

218 373 447 440 episcopo,
477 341 528 423 et
559 372 607 424 si
627 371 716 442 qui
749 387 871 424 cum
905 373 1144 442 episcopo
1181 388 1283 426 non
1309 381 1462 438 sunt,
1483 373 1539 425 in
1568 369 1756 424 Eccle-
1782 375 1830 430 Α
1861 368 2212 426 Marcionitas
2257 381 2408 426 notat
2431 412 2446 436 ,
2492 372 2584 443 qui
2630 371 2903 428 Christum
2941 373 3258 442 phantasma
3302 374 3444 434 dice-9

218 461 286 514 sis
305 476 395 514 non
419 476 546 523 esse,
581 461 738 530 epist.
771 459 876 527 69;
921 462 1109 517 eodem
1140 477 1252 532 quo
1278 460 1509 532 Optatus
1547 461 1752 531 pariter

217 553 516 608 Africanus:
560 551 799 607 Ecclesia
829 564 972 608 certa
1007 555 1251 624 quadam
1290 553 1523 608 membra
1561 553 1751 623 habet,

215 646 468 714 episcopos,
493 645 845 715 presbyteros,
873 645 1119 700 diaconos
1163 657 1212 700 et
1243 647 1451 699 turbam
1477 645 1751 714 fidelium;

216 738 376 791 eodem
399 752 504 806 quo
544 737 734 793 Victor
769 737 1012 796 Vitensis
1058 740 1221 794 etiam
1251 740 1546 797 Africanus
1578 740 1754 806 τρυε-

216 831 294 884 bus
315 840 474 884 autem
495 847 780 900 persequar
806 833 1115 901 ﬂuminibus
1137 831 1516 903 lacrymarum,
1542 833 1752 904 quando

212 908 468 995 epist-apes,
517 923 869 992 presbyteros,
920 923 1192 989 diaconos,
1239 932 1291 977 et
1337 923 1450 978 alia
1499 921 1751 977 Ecclesia:

211 1016 411 1071 membra
439 1015 506 1068 ad
533 1015 783 1069 exsilium
814 1017 974 1070 eremi
1001 1017 1304 1072 destinavit.

269 1103 530 1168 Secundo,
561 1104 769 1173 colligit
811 1103 1078 1173 lgnatinm
1120 1112 1369 1158 nostrum
1408 1101 1743 1157 Tertulliano

209 1196 353 1252 fuisse
394 1197 670 1266 ignotum,
701 1195 830 1264 quia
873 1209 997 1248 cum
1041 1209 1142 1248 non
1171 1194 1347 1250 solum
1393 1203 1744 1252 antecessores

207 1305 329 1345 suos.
352 1288 434 1341 sed
473 1289 708 1356 ipsorum
741 1288 903 1340 etiam
945 1287 1412 1341 htcresiarcharum
1451 1297 1750 1359 contempo-

210 1385 326 1434 rales
356 1380 662 1432 nominatim
696 1387 998 1444 recenseat,
1031 1377 1304 1448 lgnatium
1347 1396 1409 1432 ne
1455 1383 1748 1436 nominavit

204 1469 414 1534 quidem;
459 1467 746 1524 videmnus
789 1485 956 1539 quam
989 1478 1151 1525 recte.
1200 1469 1570 1526 Tertullianus
1612 1473 1751 1528 scri-

203 1559 316 1615 bens
342 1558 1046 1628 adversusValentinianos,
1071 1563 1325 1617 observat
1354 1563 1532 1632 primo
1555 1579 1748 1620 eorum

203 1652 433 1721 originem
470 1653 522 1706 in
555 1651 1022 1724 Valentino,'ejus
1057 1670 1324 1725 sequaces
1354 1664 1524 1723 notat,
1552 1656 1746 1712 Colar-

1852 462 2186 532 rent;idque
2206 465 2395 533 probat
2424 480 2490 519 ea:
2531 463 2738 518 Joanne
2781 466 3039 535 apostolo.
3079 466 3150 521 At
3187 464 3438 537 Ignatius

1850 566 2032 604 eorum
2077 553 2378 606 doctrinam
2417 555 2724 624 perstringit
2775 570 2794 608 :
2843 571 2964 616 eum
3008 556 3176 625 igitur
3227 554 3430 610 Joanui

1855 649 2038 696 testem
2084 643 2374 698 addidisset
2412 643 2800 711 Tertullinnus,
2835 645 2882 698 si
2931 645 3192 698 hominem
3239 654 3434 700 nosset.

1854 729 2022 798 Quasi
2058 748 2186 788 vero
2230 733 2424 804 lgnatii
2477 735 2796 791 testimonio
2846 750 2986 812 opus
3014 745 3160 792 esset
3195 736 3265 792 ad
3316 752 3438 792 eam

1852 838 1990 890 rem,
2015 823 2174 894 cujus
2200 833 2395 881 testem
2427 826 2737 896 apostolum
2771 827 2981 882 habuit.
3020 827 3135 884 lmo
3170 843 3299 883 vero
3327 845 3439 882 non

1850 925 2063 970 tantum
2102 931 2241 986 opus
2281 933 2390 971 non
2435 926 2550 972 erat
2599 926 2661 972 ut
2697 933 2822 973 eum
2863 917 3181 986 adhiberet;
3235 919 3329 974 sed
3382 929 3438 975 et

1848 1005 2084 1060 absurde
2115 1005 2358 1074 fecisset,
2406 1008 2452 1062 si
2495 1008 2862 1063 adhibuisset.
2903 1008 3118 1065 Primos
3153 1009 3301 1066 enim
3337 1025 3434 1066 au-

1845 1106 2025 1152 ctores
2047 1096 2169 1166 ejus
2198 1099 2487 1154 sententia:
2516 1106 2695 1165 notat,
2737 1108 2790 1155 et
2827 1115 3017 1156 eorum
3052 1102 3433 1172 antiquitatem

1845 1191 2074 1260 probat;
2113 1194 2349 1248 ostendit
2376 1208 2473 1248 eos
2496 1194 2632 1249 adeo
2656 1210 2996 1265 prazcoquos,
3023 1205 3084 1251 ut
3109 1205 3266 1252 aetate
3296 1213 3434 1268 apo-

1851 1283 2116 1338 stolorum
2146 1285 2486 1353 exstiterint;
2528 1287 2582 1342 id
2629 1302 2759 1341 vero
2789 1295 2850 1342 ut
2877 1287 3184 1356 confirmet,
3213 1299 3434 1360 aposto-

1849 1372 1963 1428 lum
2015 1377 2192 1444 ipsum
2239 1385 2432 1431 testem
2491 1377 2735 1444 adducit,
2790 1379 2882 1448 qui
2921 1394 3019 1434 eos
3057 1379 3432 1438 Antichristos

1849 1467 2224 1537 pronuntiavit
2253 1477 2511 1539 negantes
2552 1468 2833 1525 Christum
2873 1469 2930 1525 in
2978 1487 3142 1527 carne
3191 1473 3428 1531 venisse.

1849 1557 1968 1612 .Iam
2003 1574 2134 1614 vero
2158 1576 2321 1629 quam
2351 1562 2650 1616 absurdum
2701 1562 2898 1618 fuisset
2945 1561 3138 1634 lgnatii
3172 1565 3422 1621 testimo-

1853 1649 2004 1704 nium
2037 1652 2292 1722 adjicere,
2317 1654 2411 1724 qui
2453 1665 2504 1707 a.
2539 1653 2602 1706 ι).
2636 1655 2734 1708 107
2776 1653 3062 1726 scripsisse
3091 1657 3426 1727 perhibetur,

202 1739 389 1804 hasum,
415 1741 788 1806 Ptolemaeum,
810 1722 1220 1811 Heraclcone-m,
1249 1722 1583 1814 secundum,
1607 1747 1746 1803 Mar.
1777 1722 1820 1781 Β
1847 1749 1897 1795 et
1926 1742 2305 1820 phantasticos
2322 1722 2636 1801 damnasse.
2675 1745 2758 1800 An
2797 1762 2862 1801 ex
2885 1722 3052 1803 illius
3079 1722 3326 1818 epistolis
3362 1722 3428 1806 li;

201 1847 306 1887 eum
330 1842 378 1887 et
406 1832 778 1900 Theotimum,
819 1835 914 1904 qui
944 1837 1198 1905 quamvis
1240 1835 1610 1892 Valentiniani
1654 1840 1742 1895 di-

201 1931 442 1991 cerentur,
475 1924 709 1978 multum
747 1934 928 1980 tamen
959 1941 989 1980 a
1018 1925 1306 1982 Valentino
1333 1929 1738 1999 discrepahant.

201 2016 371 2072 Statuit
395 2019 556 2087 igitur
585 2019 770 2089 primo
799 2036 926 2074 cum
957 2021 1352 2091 principalibus
1390 2038 1552 2092 agere
1573 2066 1588 2089 ,
1631 2041 1740 2084 non

197 2121 295 2159 cum
315 2107 550 2173 ducibus,
583 2118 644 2162 nt
667 2109 935 2178 loquitur,
965 2113 1297 2180 passivorum
1323 2113 1741 2183 discipulorum;

198 2199 452 2264 secundo,
504 2200 806 2255 lectoribus
857 2202 1186 2271 persuadere
1235 2212 1466 2258 conatur
1520 2220 1578 2258 se
1631 2221 1740 2260 non

199 2289 391 2345 ﬁnxisse
412 2294 694 2356 materias,
736 2293 841 2349 hoc
865 2303 968 2361 est,
996 2295 1252 2365 dogmata
1281 2297 1389 2350 illis
1422 2299 1740 2354 attribuisse

197 2395 297 2450 qua:
325 2383 421 2452 ipsi
456 2399 563 2438 non
589 2385 987 2454 propalabant;
1017 2385 1166 2456 quod
1195 2402 1273 2442 ea:
1299 2403 1406 2442 non
1431 2390 1608 2444 solum
1643 2407 1740 2444 an-

199 2482 440 2528 tecessores
473 2477 578 2543 sui,
609 2478 705 2532 sed
735 2478 979 2547 ipsorum
1011 2479 1486 2536 hwresiarcharum
1515 2493 1741 2538 contem-

195 2565 371 2631 poraies
396 2567 829 2623 instructissimis
859 2569 1207 2624 voluminibus
1237 2580 1288 2625 et
1330 2572 1664 2641 protulerunt
1689 2584 1740 2628 et

198 2656 487 2712 retulerunt.
513 2657 727 2712 Deinde
757 2674 854 2714 eos
888 2660 1154 2724 nominat,
1183 2662 1276 2732 qui
1304 2663 1395 2716 illa
1422 2664 1739 2719 instructis-

194 2748 311 2802 sima
336 2750 614 2805 volumina
649 2751 943 2820 scripsere,
965 2753 1167 2822 quibus
1195 2770 1385 2810 omnes
1408 2755 1528 2810 illas
1559 2757 1735 2812 haere-

194 2839 307 2893 ticas
331 2841 615 2909 Opiniones
640 2852 1019 2912 exposuerunt
1043 2852 1205 2914 atque
1229 2845 1559 2912 refutarunt,
1593 2865 1734 2918 quos

191 2927 288 2995 ipse
311 2942 364 2986 ut
389 2934 441 2987 in
475 2933 582 2988 hoc
627 2935 908 2989 scribendi
947 2952 1144 3004 genere
1188 2949 1516 3008 assequatur
1559 2950 1731 3010 optat.

190 3020 366 3077 Horum
393 3027 606 3094 primus
632 3024 883 3082 Justinus
910 3028 1246 3098 philosophus
1289 3039 1338 3083 et
1368 3043 1592 3102 martyr,
1636 3035 1730 3104 qui

191 3130 277 3169 non
305 3124 503 3170 tantum
552 3128 744 3172 contra
794 3118 1117 3174 Marcionem
1163 3122 1394 3190 insignia
1441 3125 1729 3195 volumina,

188 3208 266 3260 sed
291 3218 337 3261 et
362 3209 525 3262 alium
563 3211 762 3264 librum
799 3222 983 3265 contra
1010 3229 1184 3267 omnes
1233 3215 1451 3270 haereses
1500 3220 1730 3288 scripsit,

186 3308 237 3353 ut
258 3309 471 3358 testatur
495 3301 869 3375 Hieronymus
921 3306 971 3358 in
1004 3305 1288 3378 Catalogo.
1326 3306 1614 3366 Secundus
1648 3321 1732 3367 est

189 3390 426 3448 Miltiades
462 3395 813 3451 ecclesiarum
838 3398 1108 3467 sophista,
1143 3415 1304 3469 quem
1326 3441 1342 3466 ,
1370 3402 1560 3456 eodem
1605 3402 1730 3459 Hie-

186 3499 380 3556 ronymo
412 3496 580 3555 teste,
615 3489 826 3544 scimus
862 3491 1150 3560 scripsisse
1194 3492 1458 3549 adversus
1511 3493 1730 3551 Monta—

186 3592 292 3630 num
327 3580 558 3634 volumen
588 3583 936 3650 praecipuum.
965 3580 1182 3636 Tertius
1223 3592 1308 3638 est
1334 3583 1571 3641 [renatus
1590 3627 1605 3653 ,
1633 3601 1730 3640 cu-

183 3667 255 3736 jus
287 3671 772 3729 instructissimum
801 3673 1057 3729 volumen
1087 3675 1352 3732 adversus
1387 3675 1725 3733 Valentinia-

185 3774 266 3812 nos
281 3762 748 3829 exstat.Quartus,
778 3779 937 3833 quem
971 3762 1264 3819 Proculum
1303 3767 1568 3834 nominat,
1603 3769 1726 3837 quis

185 3848 241 3901 sit
271 3851 553 3922 ambigitur
579 3893 596 3919 ,
645 3868 769 3922 quae
819 3853 1120 3923 scripserit,
1153 3857 1380 3926 opinor,
1417 3857 1720 3928 ignoratur.

183 3937 279 3995 iam
302 3959 424 3999 vero
459 3961 528 4000 an
553 3962 775 4016 aequum
801 3947 1039 4016 postulat
1067 3949 1151 4003 vir
1172 3950 1527 4008 doctissimus
1550 3993 1564 4017 ,
1597 3969 1724 4008 cum

183 4036 398 4104 requirit,
440 4051 500 4094 ut
522 4039 769 4112 lgnatius
793 4041 897 4095 hoc
921 4042 1043 4096 loco
1075 4043 1218 4098 inter
1243 4043 1342 4099 hos
1370 4055 1610 4114 quatuor
1637 4049 1723 4102 vi-

185 4141 258 4182 ros
282 4143 626 4200 memoretur,
652 4142 748 4188 aut
777 4134 994 4204 penitus
1023 4132 1366 4192 Tertulliano
1390 4137 1609 4204 ignotus
1634 4139 1725 4210 ju-

184 4214 395 4273 dicetur?
421 4221 502 4276 An
555 4221 800 4293 lgnatius
832 4225 1322 4281 instructissimum
1362 4227 1586 4297 aliquod
1628 4232 1724 4286 ad-

185 4322 342 4366 versus
373 4313 658 4371 haereticos
702 4316 958 4371 volumen
1012 4317 1264 4386 scripsit?
1293 4333 1361 4372 an
1407 4319 1497 4374 ille
1531 4335 1721 4376 eorum

1759 3079 1802 3137 C

1844 1847 2012 1901 quere
2036 1834 2233 1903 potuit,
2263 1845 2370 1889 tam
2401 1851 2723 1906 pracoquos
2756 1836 3107 1894 Marcionitas
3138 1838 3329 1907 fuisse,
3363 1850 3433 1899 ut.

1844 1933 2134 1994 antequam
2161 1925 2218 1980 S.
2259 1925 2501 1982 Joannes
2543 1926 2828 1998 epistolam
2860 1929 3103 2000 scripsit,
3140 1946 3234 1987 eos
3255 1932 3434 1994 exstis

1845 2014 1973 2068 tisse
1996 2025 2336 2085 compertum
2369 2017 2477 2072 sit?
2501 2017 2584 2072 An
2622 2020 2769 2090 quod
2816 2019 3057 2091 lgnatius
3097 2021 3258 2075 morti
3293 2020 3428 2076 vici-

1842 2122 1947 2162 nus
1977 2119 2220 2165 moneret
2245 2111 2608 2177 Christianos,
2644 2123 2704 2169 ut
2752 2114 2855 2168 sibi
2901 2123 3158 2169 caverent
3215 2115 3285 2170 ab
3332 2117 3422 2181 iis,

1841 2197 1934 2265 qui
1983 2196 2176 2252 falsam
2224 2199 2533 2254 doctrinam
2586 2202 2641 2256 in
2696 2201 2944 2257 Ecclesia
2988 2219 3246 2274 spargere
3294 2213 3425 2259 tunc

1841 2290 2102 2359 temporis
2143 2293 2506 2359 conabantur,
2545 2293 2670 2348 inde
2708 2295 3038 2350 concludere
3076 2295 3254 2365 potuit
3284 2293 3420 2351 Ter-

1841 2379 2124 2446 tullianus,
2161 2397 2256 2437 eos
2293 2383 2480 2437 eadem
2513 2391 2594 2438 tot
2625 2385 2784 2439 annis
2819 2393 2945 2441 ante
2986 2385 3278 2442 docuisse?
3316 2387 3422 2442 Sed

1840 2485 2000 2540 neque
2030 2473 2134 2539 hic,
2160 2475 2358 2544 inquit,
2401 2492 2563 2546 neque
2594 2477 2800 2547 uspiam
2833 2478 2890 2531 in
2921 2486 3029 2531 toto
3059 2487 3246 2532 contra
3273 2478 3423 2534 Mar-

1839 2563 2038 2616 cionem
2072 2581 2222 2634 opere
2251 2565 2455 2637 Ignatii
2483 2569 2744 2633 meminit,
2786 2570 2936 2640 cujus
2968 2579 3076 2624 tam
3118 2571 3301 2626 multa:
3342 2573 3421 2627 lc-

1837 2666 2036 2725 guntur
2065 2657 2312 2712 adversus
2339 2658 2666 2714 Marcionica
2700 2661 2949 2731 ﬁgmenta
2974 2666 3262 2720 sententias.
3300 2663 3420 2721 Non

1837 2749 2090 2804 meminit
2117 2751 2337 2821 quidem
2383 2753 2604 2822 Ignatii,
2657 2755 2753 2824 qui
2799 2755 3002 2810 nullius
3042 2758 3324 2826 meminit;
3359 2760 3417 2816 in

1836 2851 1951 2898 toto
1977 2853 2163 2899 contra
2195 2844 2524 2900 Marcionem
2557 2861 2718 2914 opere
2753 2861 2850 2900 nec
2880 2863 3046 2901 unum
3074 2850 3294 2919 quidem
3328 2867 3422 2909 ec-

1836 2935 2204 2992 clesiasticum
2224 2937 2547 3007 scriptorem
2574 2939 2739 3005 citat;
2766 2935 3084 3008 Scripturis,
3106 2943 3417 3012 traditione,

1834 3031 2142 3088 rationibus
2189 3041 2395 3102 pugnat
2439 3041 2493 3086 et
2537 3033 2759 3102 quidem
2814 3030 3144 3102 lgnatianis,
3200 3053 3302 3094 nec
3351 3055 3420 3095 ex

1837 3123 2044 3195 lgnatio
2073 3123 2398 3177 nominatim
2441 3123 2766 3177 sententiam
2797 3123 3061 3193 aliquam,
3100 3142 3200 3183 nec
3224 3144 3289 3184 ex
3311 3130 3418 3195 alio

1835 3215 2096 3285 quopiam
2125 3214 2406 3269 describit.
2463 3212 2520 3267 Si
2568 3212 2812 3283 lgnatius
2845 3216 3110 3283 epistolas
3143 3219 3268 3274 ideo
3307 3237 3416 3278 non

1834 3305 2122 3374 scripsisse
2153 3303 2420 3358 dicendus
2449 3311 2566 3369 est;
2599 3319 2792 3358 omnes
2820 3305 2986 3359 etiam
3025 3306 3152 3360 libri
3191 3310 3282 3378 qni
3315 3311 3418 3367 ali-

1833 3395 1962 3465 quid
1993 3395 2251 3466 prseclare
2288 3405 2478 3450 contra
2523 3393 2910 3449 Marcionicam
2959 3397 3209 3453 haeresim
3237 3404 3416 3457 conti-

1831 3502 1961 3540 nere
1992 3486 2374 3555 reperiuntur,
2416 3484 2587 3556 spurii
2627 3493 2682 3539 et
2737 3488 3094 3542 commentitii
3145 3494 3408 3550 censendi

1831 3589 1979 3634 sunt.
2016 3577 2386 3632 Tertullianus
2426 3595 2535 3632 non
2567 3586 2776 3632 tantum
2808 3578 2862 3632 in
2913 3579 3038 3645 hoc,
3074 3583 3168 3636 sed
3210 3583 3264 3638 in
3299 3594 3414 3642 toto

1829 3670 1972 3741 quod
2010 3679 2192 3724 exstat
2231 3685 2416 3740 opere,
2459 3672 2662 3724 nullam
2709 3687 2947 3741 unquam
2981 3677 3306 3732 sententiam
3345 3695 3413 3738 ex

1828 3762 1942 3816 ullo
1971 3761 2239 3831 scriptore
2281 3761 2657 3818 ecclesiastico
2688 3763 2915 3818 totidem
2960 3765 3143 3820 verbis
3192 3770 3413 3832 nomine

1827 3853 1992 3909 citato
2019 3853 2308 3923 excerpsit.
2340 3851 2649 3908 Barnabam
2688 3855 2958 3922 nominat,
2985 3857 3080 3911 sed
3129 3867 3188 3912 ut
3223 3870 3411 3916 aucto-

1827 3959 1941 3998 rem
1974 3944 2217 4013 epistolae
2247 3944 2313 3998 ad
2345 3942 2623 4010 Hebraeos,
2667 3962 2789 4016 quae
2828 3963 2975 4004 nunc
3006 3947 3062 4003 S.
3100 3949 3255 4005 Pauli
3289 3968 3411 4008 cre-

1826 4033 1994 4088 ditur.
2037 4033 2291 4088 llermam
2343 4035 2494 4101 citat,
2555 4053 2718 4106 quem
2769 4055 2916 4095 nunc
2950 4050 3009 4095 ut
3032 4043 3409 4099 authenticum

1826 4125 2084 4193 admittit,
2113 4142 2260 4180 nunc
2293 4135 2353 4180 ut
2387 4129 2758 4200 apocryplium
2797 4131 3034 4200 despuit.
3075 4133 3409 4191 Clementem

1825 4216 2012 4273 laudat
2059 4226 2119 4271 ut
2170 4217 2356 4272 Romae
2399 4221 2741 4288 episc0pum,
2772 4235 2879 4276 non
2914 4233 2972 4277 ut
3000 4224 3241 4294 epistolae
3265 4228 3396 4281 scri-

1825 4318 2057 4380 ptorem.
2082 4307 2428 4364 Christianos
2461 4311 2674 4379 aliquot
2699 4311 2768 4364 ad
2805 4322 3003 4382 gentes,
3045 4316 3183 4387 πρὸς
3219 4317 3408 4389 ’Ἑλλη-

186 4402 398 4470 nomina,
423 4414 617 4463 κιειεε
644 4417 700 4462 ει
728 4407 1050 4477 opinionum
1099 4418 1354 4478 portenta
1388 4411 1722 4480 exploravit,
1757 4417 1802 4471 ι)
1826 4418 1943 4464 νας,
1978 4398 2251 4470 Οριιεουιλ
2283 4400 2615 4467 condidisse,
2648 4401 2802 4468 dicit,
2828 4405 3103 4460 neminem
3131 4409 3402 4464 nominat.

181 4500 227 4542 et
251 4493 294 4545 in
313 4505 552 4565 apertum
579 4498 877 4568 produxit?
899 4514 966 4553 an
989 4514 1375 4570 perversorum
1406 4504 1720 4573 dogmatum

185 4579 413 4641 insaniam
445 4599 540 4643 aut
575 4590 908 4654 rationibus,
941 4599 1038 4650 aut
1068 4591 1369 4662 Scripturaa
1391 4594 1721 4653 testimoniis

182 4677 380 4732 retudit?
405 4696 474 4735 an
503 4696 568 4736 ea
593 4689 753 4737 aetate
774 4682 932 4748 vixit,
963 4699 1069 4753 qua
1097 4682 1369 4752 Justinus,
1403 4695 1496 4741 aut
1521 4685 1721 4744 Miltia-

184 4762 277 4830 des,
304 4777 388 4823 aut
416 4768 691 4837 lrenmus,
722 4772 818 4842 qui
856 4772 946 4828 hic
977 4773 1452 4829 hwresiarcharum
1487 4787 1721 4831 contem-

183 4863 361 4922 pmnei
398 4864 798 4919 nominantur?
831 4880 902 4919 an
924 4881 989 4920 ea
1027 4866 1110 4920 vel
1144 4867 1300 4936 copia
1333 4867 1413 4922 vel
1451 4868 1718 4939 elegantia

185 4949 382 5019 scripsit,
412 4963 472 5008 ut
499 4969 629 5010 eum
670 4955 727 5010 in
758 4970 922 5025 opere
968 4955 1074 5012 isto
1105 4956 1477 5014 Tertullianus
1506 4968 1718 5029 optaret

184 5045 401 5113 assequi?
430 5044 580 5101 Nihil
624 5049 824 5102 horum
867 5048 924 5102 in
969 5044 1178 5118 lgnatio
1217 5049 1544 5120 reperimus,
1594 5067 1718 5121 qua:

184 5135 333 5189 omnia
371 5138 422 5191 in
453 5138 560 5194 illis
592 5139 1016 5209 spectabantur,
1059 5156 1201 5210 quos
1234 5142 1533 5197 nominavit
1577 5141 1715 5198 Ter-

186 5225 421 5298 tullianus,
453 5241 506 5286 et
543 5240 764 5303 propter
811 5248 932 5304 quae
977 5247 1074 5288 eos
1117 5235 1342 5289 omnino
1388 5224 1712 5292 nominavit.

183 5315 421 5377 Absonum
463 5334 548 5380 est
591 5326 760 5395 igitur
801 5325 1070 5398 lgnatium
1120 5327 1261 5381 inter
1294 5328 1416 5384 illos
1443 5343 1710 5398 quaerere,

185 5408 389 5482 iniquum
416 5417 659 5490 ﬂagitare
678 5437 694 5485 ;
716 5417 1118 5474 Tertullianum’
1143 5419 1413 5476 aﬂirmare
1446 5421 1566 5477 ideo
1584 5438 1710 5477 eum

185 5507 359 5568 penitus
384 5512 686 5583 ignorasse,
718 5513 865 5584 quod
901 5529 968 5570 eo
1015 5514 1118 5570 loci
1167 5530 1275 5572 non
1319 5517 1708 5582 nominaverit,

185 5602 239 5646 ab
257 5600 384 5654 omni
406 5603 618 5659 ratione
647 5604 886 5659 alienum
915 5613 1018 5660 est.

238 5683 413 5758 Tertio,
446 5691 806 5753 Tertullianus
830 5697 997 5767 fuisse
1019 5712 1326 5768 prtrcoquos
1360 5707 1409 5752 et
1439 5696 1706 5753 abortivos

1824 4493 2122 4562 Cujusdam
2165 4494 2282 4548 haec
2327 4495 2494 4548 verba
2534 4496 2763 4549 recitare
2816 4497 3029 4551 videtur
3075 4517 3089 4552 :
3144 4497 3407 4564 Quoniam

1822 4581 2031 4652 quidem
2063 4582 2382 4652 desponsata
2415 4592 2494 4637 est
2542 4582 2738 4651 Maria,
2770 4586 2970 4642 idcirco
2999 4597 3048 4642 et
3089 4588 3152 4641 ab
3196 4591 3404 4660 angelo,

1821 4680 1871 4725 et
1905 4669 1969 4724 ab
1999 4671 2237 4742 apostolo
2274 4672 2545 4727 mulierem
2591 4676 2987 4743 pronuntiatam
3029 4691 3048 4728 :
3089 4676 3407 4745 desponsata

1819 4764 1959 4818 enim
1999 4765 2387 4835 quodammodo
2433 4775 2634 4836 nupta;
2672 4768 2764 4821 sed
2809 4783 2877 4820 an
2926 4768 3129 4838 scripta
3176 4768 3400 4837 filerint,

1820 4873 1929 4913 non
1959 4858 2137 4927 docet,
2162 4867 2214 4913 et
2255 4860 2371 4930 ipsa
2413 4860 2568 4915 aﬂ‘crt
2608 4869 2818 4915 tantum
2864 4869 2923 4916 ut
2964 4861 3181 4917 refutet.
3231 4862 3405 4920 Justi-

1819 4969 1975 5021 num,
2006 4953 2293 5022 Irenaeum,
2332 4954 2652 5021 Miltiadem,
2684 4955 2978 5010 Proculum
3010 4959 3183 5012 semel
3223 4957 3403 5012 nomi-

1818 5052 1934 5112 nat,
1966 5061 2108 5115 quos
2133 5057 2186 5100 et
2217 5061 2277 5100 se
2300 5047 2454 5116 sequi
2487 5045 2771 5116 professus
2793 5055 2896 5101 est.
2925 5045 3128 5102 Praeter
3154 5048 3256 5102 hos
3287 5047 3397 5112 ille,

1819 5135 1914 5206 qui
1940 5135 2721 5205 quamplurimosaluereticos,
2753 5137 3018 5192 ducentos
3049 5151 3188 5207 pene
3221 5136 3401 5190 ethni-

1816 5242 1911 5282 cos
1934 5227 2138 5291 laudat,
2181 5228 2452 5282 neminem
2488 5242 2555 5281 ex
2603 5228 2965 5298 scriptoribus
3012 5227 3398 5284 ecclesiasticis

1816 5320 2104 5374 nominare
2133 5317 2391 5388 dignatus
2434 5328 2542 5386 est;
2575 5327 2629 5373 et
2668 5334 2736 5374 ex
2765 5334 2954 5374 eorum
2987 5335 3125 5386 quos
3150 5320 3398 5376 nominat

1816 5411 2034 5481 scriptis
2059 5425 2125 5464 ne
2153 5425 2259 5464 una
2283 5410 2502 5480 quidem
2534 5411 2802 5466 sententia
2849 5411 2915 5466 ad
2945 5410 3262 5466 refutandos
3294 5411 3398 5466 hae.-

1813 5503 2037 5567 reticos,
2090 5511 2186 5556 aut
2232 5501 2538 5558 doctrinam
2579 5502 2818 5575 aliquam
2855 5503 3226 5559 Christianam
3262 5519 3394 5558 cor.-

1813 5595 2162 5659 ﬁrmandam,
2214 5603 2474 5666 tanquam
2521 5596 2858 5661 testimonio,
2915 5604 3012 5651 aut
3063 5595 3166 5653 sub
3209 5595 3393 5666 specie

1814 5687 2160 5747 auctoritatis
2183 5690 2377 5744 utitur.
2408 5688 2695 5746 Silentium
2725 5689 2888 5763 igitur
2919 5687 3390 5771 Tertullianiniliil
