3848 6204
396 281 503 337 26³5

1444 295 1502 350 8.
1544 289 1891 350 lGNATlUS.
1918 318 1986 331 -—
2023 286 2564 344 PROLEGOMENA.

3547 289 3656 349 ’σι

388 422 452 479 ad
470 419 658 493 lgnatii
676 415 943 491 epistolici
959 412 1335 472 auctoritatem
1354 410 1784 466 imminuendam
1798 406 1961 461 valet.
1994 409 2042 466 Α
2067 403 2279 467 ducere,
2311 402 2558 456 idoneum
2584 399 2934 493 conﬁrmandi
2964 402 3029 456 de
3067 403 3311 472 proximo
3336 420 3460 474 jure
3491 405 3660 461 άεοσί-

456 513 685 581 Quarto,
728 510 996 584 Ignatium
1038 515 1289 563 nostrum
1331 519 1440 559 non
1489 512 1700 558 tantum
1753 499 1968 555 Tertul-

388 606 556 670 liano,
582 606 678 661 sed
711 614 764 660 et
788 601 1072 659 catholicis
1099 597 1344 669 ejusdem
1375 595 1475 651 aevi
1515 595 1761 666 ignotum
1796 590 1970 647 fuisse

389 698 611 753 aliunde
663 694 1042 767 deprehendit.
1099 689 1361 755 Scilicet,
1425 686 1673 742 catholici
1753 684 1965 753 lapsos,

389 788 552 840 etiam
575 784 816 848 marchos,
849 799 940 854 per
968 779 1328 852 paenitentiam
1355 778 1412 831 in
1449 775 1743 830 Ecclesium
1770 775 1972 828 admit-

391 878 588 932 tebant.
621 875 1002 937 Tertullianus,
1035 871 1276 926 Montani
1308 878 1556 934 sectator,
1580 867 1676 922 lib.
1710 865 1785 922 De
1811 866 1971 936 pudi-

390 968 543 1034 citia,
577 967 862 1020 catholicos
893 970 1180 1035 oppugnat.
1209 959 1454 1032 Ignatius
1486 960 1635 1013 docet
1665 960 1968 1029 paenitentes

389 1075 499 1114 esse
532 1058 914 1129 suscipiendos.
967 1053 1108 1128 Ergo
1151 1069 1246 1110 nec
1286 1051 1635 1116 Tertulliano,
1667 1067 1757 1105 nec
1787 1051 1972 1104 catho-

388 1152 508 1208 licis
537 1158 691 1204 notus
722 1149 847 1218 fuit.
873 1148 975 1201 Ain
1002 1162 1155 1215 vero,
1186 1160 1317 1216 ergo
1349 1157 1451 1198 nec
1478 1141 1838 1207 Tertulliano,
1869 1156 1972 1198 nec

389 1241 676 1299 catholicis
699 1251 861 1296 notus
887 1240 1008 1306 fuit,
1039 1240 1123 1295 vel
1167 1237 1314 1310 quod
1347 1236 1490 1290 idem
1529 1245 1634 1299 est,
1667 1243 1722 1290 et
1755 1233 1972 1290 Tertul-

390 1336 536 1390 liano
561 1345 614 1390 et
648 1333 934 1388 catholicis
968 1332 1189 1402 ignotus
1229 1329 1368 1384 fuit?
1401 1329 1563 1400 idque
1607 1327 1735 1382 hinc
1778 1327 1973 1397 depre-

389 1423 551 1478 hendi
583 1421 775 1494 putas?
821 1419 1128 1490 Utrumque
1176 1431 1326 1474 certe
1377 1433 1486 1472 non
1537 1417 1808 1488 sequitur.
1865 1415 1971 1470 Pro

389 1511 657 1565 alterutro
688 1508 908 1580 quidem
946 1509 1156 1578 species
1183 1508 1366 1578 aliqua
1403 1506 1709 1578 argumenti
1737 1515 1845 1572 est,
1872 1522 1972 1576 pro

389 1611 623 1672 utroque
666 1602 836 1656 nulla.
881 1598 1043 1655 Liber
1073 1599 1294 1669 quidem
1327 1599 1403 1652 De
1425 1599 1686 1668 pudicitia
1717 1597 1792 1652 ita
1829 1598 1972 1654 scri-

390 1706 515 1766 ptus
542 1704 646 1762 est,
675 1707 736 1751 ut
783 1695 1107 1766 plerumque
1147 1693 1326 1764 primo
1351 1691 1771 1763 Psychicorum,
1799 1690 1853 1745 id.
1887 1697 1973 1746 est

388 1788 789 1844 catholicorum
819 1786 1053 1857 objecta,
1090 1783 1217 1840 dein
1262 1783 1585 1839 Tertulliani
1618 1781 1971 1838 Montanistte

389 1880 778 1951 responsiones
808 1879 1110 1934 contineat.
1139 1876 1365 1948 Objecta
1394 1885 1578 1932 autem
1609 1876 1700 1930 illa
1737 1875 1820 1931 vel
1847 1889 1969 1929 om—

391 1973 478 2027 nia
515 1981 570 2027 et
599 1973 716 2027 sola
741 1970 986 2036 fuerunt,
1017 1984 1139 2040 qua:
1182 1967 1437 2024 catholici
1475 1967 1750 2024 haereticis
1799 1984 1972 2039 oppo-

389 2066 613 2128 nebant,
651 2075 707 2120 et
732 2065 801 2119 ad
831 2079 954 2134 qua:
982 2077 1014 2116 a
1045 2061 1384 2118 Tertulliano
1431 2063 1850 2132 responsionem
1874 2077 1972 2117 ex-

390 2161 708 2228 spectabant
753 2167 916 2228 atque
945 2156 1330 2228 postulabant;
1368 2156 1516 2226 quod
1549 2155 1598 2212 si
1627 2153 1836 2210 factum
1867 2171 1974 2226 pu-

391 2255 593 2315 temus,
639 2255 754 2303 tum
787 2246 1162 2303 Tertullianus
1192 2246 1406 2302 censeri
1443 2261 1553 2300 non
1597 2254 1779 2316 potest
1815 2246 1975 2316 lgna-

391 2340 528 2396 tium
574 2341 695 2396 ideo
730 2340 1034 2412 ignorasse,
1080 2341 1210 2412 quia
1268 2353 1396 2394 eum
1452 2353 1565 2394 non
1614 2338 1971 2404 nominabat;

390 2449 569 2504 neque
593 2434 738 2488 enim
770 2450 870 2504 pro
893 2450 953 2489 se
977 2433 1266 2488 nominare
1292 2433 1489 2504 potuit,
1515 2447 1692 2503 neque
1713 2432 1975 2487 adversus

389 2527 760 2583 senominare
785 2526 994 2594 debuit,
1050 2526 1156 2582 nisi
1193 2541 1288 2582 eos
1328 2535 1565 2591 tantum,
1611 2540 1844 2596 quorum
1877 2540 1976 2579 au-

389 2618 617 2675 ctoritas
645 2617 697 2673 ei
730 2617 1116 2688 objiciebatur.
1155 2615 1252 2671 Vel
1280 2617 1495 2684 objecta
1534 2617 1650 2673 hate
1683 2613 1976 2670 Tertullia-

390 2727 497 2769 nus
522 2711 626 2766 sibi
658 2711 764 2782 ipsi
791 2709 940 2776 fecit,
973 2726 1099 2766 cum
1137 2710 1349 2766 delectu
1387 2718 1442 2765 et
1489 2725 1589 2780 pro
1627 2708 1879 2772 arbitrio,
1921 2715 1977 2761 et

389 2818 502 2858 non
550 2818 618 2858 ex
646 2803 966 2874 praeseripto
995 2803 1419 2868 catholicorum,
1456 2801 1604 2872 quod
1643 2798 1978 2857 verisimilli-

389 2909 541 2950 mum
570 2906 691 2963 est;
723 2902 778 2950 et
822 2902 937 2949 tum
990 2893 1118 2950 inde
1161 2894 1343 2966 colligi
1384 2894 1536 2948 nullo
1575 2893 1739 2948 modo
1774 2899 1973 2963 potest,

388 2988 648 3045 omnibus
677 2988 825 3043 illius
854 2987 953 3042 aevi
998 2985 1285 3042 catholicis
1315 2987 1563 3058 ignotum
1604 2983 1778 3040 fuisse
1813 2983 1976 3056 lgna-

389 3081 527 3137 tium
565 3087 836 3144 nostrum,
873 3079 1019 3150 quod
1059 3076 1432 3134 Tertullianus
1474 3092 1602 3132 eum
1637 3091 1748 3132 non
1799 3076 1978 3132 nomi-

389 3172 624 3239 naverit,
662 3173 755 3242 qui
789 3171 1004 3241 objecta
1027 3184 1136 3224 non
1161 3169 1230 3224 ab
1266 3169 1375 3224 illis
1397 3167 1626 3238 accepit,
1649 3181 1828 3238 neque
1853 3181 1973 3222 om-

389 3265 481 3320 nia
525 3281 648 3336 quas
688 3263 766 3319 illi
813 3263 1058 3334 objiccre
1085 3270 1180 3316 aut
1204 3270 1430 3332 possent
1457 3270 1553 3316 aut
1587 3260 1824 3316 solerent
1863 3267 1978 3315 tra-

388 3359 576 3424 ctavit,
622 3358 716 3414 sed
750 3357 866 3428 ipse
895 3357 999 3412 sibi
1021 3365 1182 3428 prout
1203 3356 1304 3426 ipsi
1326 3355 1506 3410 visum
1521 3361 1607 3408 est
1627 3351 1848 3422 objccit,
1867 3363 1979 3421 quo

389 3449 609 3508 facilius
638 3453 894 3508 solveret.
922 3449 1062 3505 Male
1084 3449 1253 3520 igitur
1281 3447 1367 3502 vir
1397 3445 1753 3502 doctissimus
1775 3453 1828 3499 et
1847 3443 1980 3498 Ter-

389 3545 625 3600 tulliano
660 3552 714 3599 et
740 3541 1028 3599 catholicis
1060 3540 1168 3596 hoc
1198 3546 1522 3611 argumento
1570 3535 1840 3608 lgnatium
1881 3550 1980 3588 no-

391 3645 568 3692 strum
600 3637 843 3708 ignotum
877 3635 1048 3691 fuisse
1071 3635 1299 3704 colli‘git.
1333 3632 1404 3686 At
1436 3630 1685 3702 quaedam
1710 3629 1778 3684 de
1806 3627 1980 3683 eccle-

391 3730 632 3786 siasticis
664 3727 1031 3799 scriptoribus
1077 3726 1426 3781 adduxerunt
1457 3723 1538 3778 vel
1586 3719 1865 3786 catholici,
1896 3717 1980 3773 vel

392 3819 766 3876 Tertullianus
809 3834 910 3890 pro
952 3818 1224 3874 catholica
1275 3815 1578 3880 sententia;
1631 3815 1734 3868 hoc
1787 3812 1977 3867 saltem

393 3913 581 3984 negari
611 3912 826 3968 videtur
855 3927 966 3966 non
1000 3925 1183 3982 posse.
1214 3909 1325 3964 Cur
1354 3924 1466 3964 non
1503 3907 1670 3978 igitur
1709 3905 1978 3976 Ignatium

394 4007 540 4063 inter
591 4004 1002 4061 ecclesiasticos
1057 4003 1354 4074 scriptores
1408 4000 1807 4062 nominarunt,
1871 3998 1980 4054 nisi

394 4098 541 4172 quod
573 4112 700 4153 eum
731 4111 843 4152 non
872 4095 1177 4151 noverunt?
1220 4091 1565 4164 Respondeo,
1603 4091 1650 4146 si
1685 4092 1831 4145 ullus
1857 4103 1979 4144 om.

396 4191 530 4245 nino
571 4197 632 4244 ut
670 4187 1080 4244 ecclesiasticus
1125 4187 1362 4256 scripto‘r
1407 4184 1461 4237 in
1494 4183 1588 4238 illo
1617 4195 1782 4252 opere
1815 4178 1982 4235 fuerit

397 4280 552 4336 testis
582 4277 907 4349 productus,
941 4293 1086 4333 unus
1130 4286 1342 4332 tantum
1391 4274 1516 4342 fuit,
1569 4275 1800 4340 scilicet,
1843 4272 1979 4328 Her-

396 4387 557 4427 mas:
595 4370 690 4441 qui
724 4379 906 4426 tamen
935 4385 1041 4424 non
1094 4378 1154 4424 ut
1194 4367 1622 4434 ecclesiasticus,
1670 4367 1763 4422 sed
1793 4373 1855 4420 ut
1883 4381 1978 4421 ca-

2067 493 2272 564 plinam
2291 494 2691 562 magistrorum.
2715 490 2792 546 Ita
2815 493 3200 549 auctoritatem
3223 495 3345 564 ejus
3370 496 3658 563 diminuit,

2067 600 2234 656 quem
2287 584 2404 655 ipse
2445 583 2700 654 producit
2744 592 2845 639 :et
2879 584 2983 640 hoc
3021 585 3187 640 etiam
3230 585 3358 642 fecit
3386 601 3513 642 cum
3541 601 3659 644 non

2068 674 2334 730 Barnaba!
2369 676 2544 746 ipsius
2603 675 2892 744 epistolam
2942 675 3159 740 citaret,
3215 676 3310 732 sed
3357 691 3478 732 eam
3529 693 3660 748 qua

2069 766 2276 837 scripta
2320 775 2407 822 est
2451 766 2519 822 ad
2571 764 2852 832 Hebraeos,
2883 783 3008 837 qua:
3036 783 3186 823 nunc
3227 767 3282 822 in
3311 783 3524 825 canone
3547 779 3657 836 est,

2069 869 2125 912 et
2155 856 2215 912 S.
2267 857 2426 913 Pauli
2470 857 2712 928 Epistola
2769 859 3030 914 creditur.
3061 858 3177 913 lmo
3207 874 3340 915 vero
3385 876 3658 930 quorsum

2069 949 2330 1006 catholici
2361 949 2725 1015 Tertulliano,
2750 949 2833 1003 vel
2885 950 3004 1019 ipse
3045 949 3150 1005 sibi
3193 951 3458 1022 obiiceret
3494 954 3658 1009 testi-

2070 1049 2318 1102 monium
2357 1047 2644 1116 scriptoris
2675 1047 2746 1102 ab
2776 1045 3020 1102 Ecclesia
3051 1055 3262 1102 tantum
3292 1050 3529 1119 probati,
3560 1049 3658 1122 qui

2070 1149 2241 1197 totam
2267 1142 2440 1212 ipsam
2472 1139 2773 1196 Ecclesiam
2808 1141 3014 1210 sprevit
3035 1155 3101 1196 ac
3138 1141 3394 1212 despuit?
3430 1141 3538 1198 Sed
3568 1158 3657 1198 re-

2072 1249 2200 1288 vera
2233 1233 2514 1304 lgnatiana
2543 1232 2672 1288 talia
2702 1247 2811 1287 non
2840 1243 3017 1299 erant,
3073 1241 3133 1288 ut
3176 1247 3207 1288 a
3258 1233 3550 1290 catholicis
3597 1234 3657 1290 in

2071 1327 2175 1383 hac
2197 1343 2364 1383 causa
2406 1335 2556 1383 recte
2597 1336 2652 1381 et
2702 1327 2948 1396 apposite
3003 1326 3429 1395 adhiberentur;
3477 1343 3660 1400 neque

2070 1420 2218 1474 enim
2248 1419 2608 1491 quaestionem
2635 1419 2975 1489 spectabant,
3003 1434 3127 1489 quae
3147 1427 3282 1477 tunc
3317 1421 3656 1492 agitabatur,

2071 1525 2253 1581 neque
2297 1511 2364 1565 ad
2417 1510 2817 1566 catholicorum
2851 1511 3176 1566 sententiam
3218 1512 3659 1567 confirmandam

2072 1602 2180 1657 nisi
2214 1603 2436 1658 obtorto
2463 1602 2608 1659 collo
2647 1601 2843 1657 adduci
2875 1609 3191 1672 potuerunt,
3231 1612 3327 1658 aut
3354 1620 3482 1659 cum
3521 1605 3660 1661 scri-

2073 1700 2232 1762 ptura
2257 1692 2471 1749 Hermas
2509 1694 2790 1766 conjungi,
2829 1711 2948 1766 quae
2985 1695 3105 1752 sola
3142 1699 3366 1753 nime/tos
3398 1708 3567 1763 amat,
3597 1707 3662 1755 ut

2072 1784 2319 1855 loquitur
2341 1784 2738 1843 Tertullianus.
2770 1786 3012 1854 Quaestio
3043 1789 3191 1844 enim
3222 1799 3359 1853 erat,
3392 1807 3463 1845 an
3491 1792 3660 1847 Chri-

2071 1878 2256 1945 stiani,
2295 1878 2366 1934 ob
2403 1879 2613 1935 crimen
2663 1881 2916 1936 maechiae
2942 1881 3100 1952 ejecti
3145 1897 3241 1953 per
3278 1884 3658 1952 ptenitentiatn

2072 1973 2242 2043 recipi
2279 1972 2332 2028 in
2361 1971 2663 2030 Ecelesiam
2689 1975 2974 2031 deberent.
3017 1975 3262 2047 lgnatius
3303 1987 3487 2033 autem
3521 1980 3660 2034 nihil

2071 2061 2140 2118 de
2165 2061 2396 2118 moechis
2424 2062 2607 2129 habet,
2636 2062 2774 2118 nihil
2795 2064 2864 2120 de
2899 2065 2989 2131 iis,
3017 2066 3113 2136 qui
3136 2067 3266 2121 dum
3300 2067 3445 2122 intra
3475 2071 3659 2124 eccle-

2073 2151 2212 2208 siam
2252 2161 2400 2217 sunt,
2446 2163 2542 2208 aut
2582 2153 2736 2220 illud,
2767 2162 2864 2210 aut
2893 2155 3043 2209 aliud
3084 2157 3318 2228 quodvis
3357 2173 3522 2228 grave
3562 2159 3663 2214 cri-

2073 2258 2200 2298 men
2258 2252 2597 2314 perpetrant.
2653 2242 2748 2298 llle
2794 2243 2864 2298 ad
2909 2245 3176 2300 unitatem
3228 2245 3662 2302 ecclesiasticam

2077 2336 2329 2392 hortatur
2382 2334 2888 2406 Philadelphenses,
2955 2345 3012 2392 et
3049 2337 3115 2392 ad
3160 2351 3491 2393 consensum
3533 2354 3662 2393 eum

2074 2431 2332 2500 episcopo
2381 2444 2484 2486 suo
2545 2445 2560 2484 :
2607 2431 2878 2500 Quotquot
2929 2433 3071 2485 enim
3124 2430 3224 2487 Dei
3272 2440 3394 2486 sunt
3434 2442 3483 2486 et
3526 2431 3664 2487 Iesu

2075 2516 2302 2586 Christi,
2334 2519 2532 2592 inquit,
2563 2521 2656 2575 isti
2684 2537 2805 2575 cum
2833 2537 2893 2576 co
2929 2531 3052 2575 sunt
3079 2535 3098 2575 :
3129 2531 3180 2576 et
3199 2532 3450 2593 quotquot
3479 2525 3670 2594 utique

2074 2613 2379 2683 paenitentes
2427 2613 2638 2667 veniunt
2689 2614 2746 2668 in
2793 2615 3052 2668 unitatem
3111 2613 3380 2682 Ecclesia,
3428 2616 3520 2670 isti
3561 2616 3669 2671 Dei

2073 2715 2254 2761 erunt.
2289 2707 2368 2762 Ac
2396 2722 2592 2762 rursus
2618 2719 2742 2776 post
2767 2722 2942 2777 pauca
2978 2725 2991 2761 :
3031 2707 3130 2762 Ubi
3164 2707 3352 2764 divisio
3374 2719 3449 2764 est
3470 2718 3521 2763 et
3553 2709 3668 2776 ira,

2077 2797 2218 2852 Deus
2240 2814 2343 2852 non
2382 2797 2607 2852 habitat.
2645 2796 2902 2852 Omnibus
2939 2799 3110 2869 igitur
3151 2801 3522 2870 paenitentibus
3574 2799 3669 2853 di-

2077 2891 2238 2946 mittit
2267 2890 2431 2958 Deus,
2459 2892 2506 2944 si
2529 2891 2813 2962 poeniteant
2839 2893 2897 2945 in
2927 2893 3186 2947 unitatem
3233 2891 3353 2956 Dei,
3394 2903 3447 2947 et
3486 2892 3669 2946 conci-

2077 2985 2212 3040 lium
2239 2986 2492 3056 episcopi.
2528 2984 2655 3040 llaec
2683 2984 2925 3056 lgnatius
2951 2993 3139 3041 noster
3179 2985 3247 3041 de
3298 2986 3572 3042 haereticis
3613 2994 3670 3042 et

2080 3076 2449 3132 schismaticis
2479 3077 2722 3147 loquitur
2753 3075 2820 3130 ad
2861 3077 3128 3132 unitatem
3158 3076 3416 3133 Ecclesiae
3445 3086 3499 3133 et
3539 3094 3670 3134 con-

2079 3168 2268 3225 cilium
2299 3169 2545 3240 episeopi
2576 3169 2954 3225 redeuntibus.
2998 3167 3197 3225 Omnia
3224 3186 3347 3241 quae
3374 3179 3671 3242 utramque

2080 3262 2408 3318 sententiain
2440 3262 2771 3317 antecedunt
2807 3272 2902 3318 aut
2943 3272 3270 3335 sequuntur,
3307 3263 3409 3318 hoc
3433 3264 3668 3320 verissi-

2079 3369 2230 3408 mum
2264 3369 2390 3410 esse
2419 3354 2700 3410 evincunt.
2730 3352 2879 3410 Nihil
2915 3356 3006 3411 ille
3036 3356 3104 3411 de
3143 3357 3395 3420 moechis,
3426 3357 3571 3411 nihil
3599 3357 3669 3412 de

2079 3447 2319 3514 sicariis,
2354 3447 2422 3502 de
2457 3445 2762 3504 idololatris
2808 3447 2964 3507 nihil.
3003 3447 3235 3518 Φεύγετε
3270 3448 3539 3521 μερισμὸν
3573 3450 3670 3504 καὶ

2079 3539 2589 3605 κακοδιδασκαλίας,
2628 3541 2828 3611 inquit,
2879 3549 2934 3598 et
2986 3540 3092 3597 hoc
3135 3555 3519 3612 argumentum
3558 3543 3670 3598 late

2077 3630 2453 3701 persequitur.
2492 3629 2873 3689 Schismaticis
2911 3642 2968 3688 et
3003 3633 3276 3690 barreticis
3317 3635 3668 3705 persistentio

2078 3720 2183 3776 bus
2208 3729 2472 3776 aeternum
2518 3723 2852 3794 supplicium
2901 3724 3166 3790 minatur,
3212 3725 3668 3796 resipiscentibus

2078 3813 2442 3882 receptionem
2483 3817 2676 3871 suadet
2702 3823 2758 3870 et
2786 3817 3019 3871 salutem
3051 3818 3304 3888 spondet,
3338 3819 3544 3888 quibus
3573 3833 3667 3876 re-

2079 3906 2258 3976 ceptio
2282 3905 2336 3960 in
2365 3905 2664 3961 Ecclesiam
2688 3915 2882 3977 negata
2918 3922 3200 3977 nunquam
3228 3907 3354 3963 fuit.
3385 3908 3503 3964 [mo
3537 3925 3665 3979 gra-

2077 4001 2303 4057 vissima
2336 4009 2559 4072 peccata
2595 4012 2747 4057 extra
2773 4000 3072 4056 Ecclesiam
3099 4016 3128 4055 a
3157 4002 3534 4059 schismaticis
3570 4014 3668 4060 aut

2079 4093 2355 4149 haereticis
2383 4102 2715 4164 perpetrata,
2757 4095 2925 4148 etiam
2975 4092 3322 4150 Montanistis
3357 4095 3666 4164 judicihus,

2078 4187 2444 4257 receptionetn
2472 4187 2524 4240 in
2548 4185 2846 4241 Ecclesiam
2876 4185 3266 4256 paenitentibus
3296 4201 3404 4240 non
3433 4187 3668 4256 praeclu-

2079 4278 2295 4332 dcbant.
2319 4276 2569 4332 Citienim
2585 4278 2798 4331 dubium
2819 4289 2917 4342 est,
2938 4279 3014 4332 ait
3031 4277 3402 4333 Tertullianus
3422 4278 3527 4333 hoc
3545 4279 3669 4348 ipso

2080 4368 2158 4424 De
2185 4370 2442 4440 pudicitia
2470 4371 2630 4434 libro,
2655 4370 2960 4425 htcrcticnm
3000 4371 3332 4424 institutione
3368 4371 3666 4440 deceptum,

398 4463 632 4518 nonicus
664 4461 900 4531 scriptor
925 4461 1149 4532 produci
1176 4460 1411 4526 videtur,
1455 4459 1523 4514 ad
1553 4458 1712 4529 cujus
1741 4458 1974 4513 auctori-
2004 4471 2049 4528 Ῑ)
2077 4463 2284 4532 cognito
2308 4462 2635 4532 postmodum
2660 4479 2806 4527 casu,
2836 4471 2885 4516 et
2915 4463 3217 4533 poenitentia
3245 4464 3476 4532 expiato,
3506 4474 3554 4517 et
3581 4480 3670 4518 oe-

397 4563 564 4612 tatem
614 4554 1046 4611 imminuendam
1087 4553 1457 4609 Tertullianus
1489 4553 1799 4623 respondet,
1828 4550 1977 4622 quod

399 4651 515 4722 eius
543 4652 810 4721 scriptura
841 4649 1019 4704 divino
1052 4649 1400 4703 instrumento
1437 4663 1537 4700 non
1582 4646 1854 4700 meruisset
1892 4647 1978 4699 in-

399 4745 542 4810 cidi;
581 4743 728 4814 quod
756 4758 918 4798 nemo
941 4757 1181 4812 unquam
1219 4738 1593 4810 respondisset
1620 4737 1688 4792 de
1731 4745 1975 4800 auctore,

399 4836 496 4905 qui
523 4849 556 4890 a
584 4834 803 4889 nemine
845 4848 944 4902 pro
971 4833 1236 4888 canonico
1270 4831 1583 4894 haberetur,
1609 4836 1702 4882 aut
1728 4827 1821 4898 qui
1847 4828 1979 4881 sim-

400 4928 616 4998 pliciter
644 4935 704 4981 ut
723 4927 1131 4982 ecclesiasticus
1157 4922 1535 4979 tantummodo
1562 4930 1974 4992 proponeretur.

401 5017 671 5074 Praeterea
722 5016 1094 5073 Tertullianus
1137 5017 1338 5071 diserte
1393 5023 1550 5070 cavet
1600 5015 1654 5068 in
1702 5015 1807 5069 hoc
1860 5014 1979 5083 ipso

397 5126 586 5181 opere,
619 5126 686 5166 ne
713 5110 1030 5180 quisquam,
1073 5119 1268 5179 przeter
1313 5107 1613 5179 scriptorcs
1655 5106 1976 5172 canonicos,

398 5218 523 5258 eam
565 5203 717 5258 litem
754 5203 1039 5273 disceptet.
1076 5200 1210 5256 Nam
1247 5216 1356 5255 non
1384 5208 1594 5254 tantum
1650 5198 1717 5252 ad
1764 5196 1980 5253 Hermae

405 5293 706 5362 Pastorem,
750 5310 877 5350 cum
920 5295 1068 5365 picto
1122 5303 1342 5365 pastore
1391 5293 1448 5347 in
1497 5291 1668 5348 calice
1715 5293 1979 5347 collatum

401 5377 696 5458 respondet
730 5406 743 5442 :
773 5388 841 5442 At
872 5403 962 5458 ego
992 5387 1104 5457 ejus
1133 5386 1377 5441 Pastoris
1427 5386 1717 5455 scripturas
1765 5384 1977 5451 haurio,

403 5481 492 5550 qui
527 5497 628 5533 non
649 5489 818 5550 potest
843 5480 1044 5550 frangi,
1069 5479 1162 5535 sed
1193 5489 1249 5534 et
1286 5494 1410 5534 cum
1442 5491 1542 5549 pro
1571 5493 1672 5532 sua
1711 5477 1979 5531 sententia

402 5570 709 5626 Barnabam
764 5571 974 5639 laudat,
1012 5580 1066 5625 et
1092 5569 1306 5626 Hermae
1333 5568 1572 5641 praefert,
1616 5569 1668 5622 id
1720 5585 1828 5622 non
1861 5569 1981 5623 sine

403 5660 721 5732 prmfatione
749 5661 925 5716 facit:
971 5659 1098 5714 Volo
1141 5671 1314 5716 tamen
1351 5678 1416 5717 ea:
1464 5661 1820 5716 redundantia
1878 5658 1982 5712 ali-

404 5751 555 5824 cujus
584 5752 743 5805 ctiam
776 5751 980 5806 comitis
1021 5752 1379 5820 apostolorum
1413 5752 1768 5807 testimonium
1798 5765 1981 5809 super-

2079 4555 2223 4608 niam
2258 4555 2521 4624 consequi,
2563 4563 2613 4608 et
2650 4555 2706 4608 in
2745 4553 3038 4608 Ecclesium
3071 4556 3278 4626 redigi?
3328 4553 3455 4610 Haec
3497 4556 3674 4626 igitur

2077 4645 2362 4718 Ignatiana
2382 4647 2450 4701 ad
2476 4661 2595 4700 eam
2619 4647 2975 4716 quaestionem
3007 4663 3114 4701 non
3147 4647 3486 4717 spectabant,
3507 4663 3608 4703 nec
3636 4664 3672 4704 a

2079 4735 2375 4792 catholicis
2404 4737 2660 4806 usurpari
2689 4736 2742 4790 in
2772 4752 2836 4791 ea
2879 4752 2939 4791 re
2979 4745 3258 4806 poterant;
3307 4737 3453 4807 quod
3495 4737 3673 4804 igitur

2079 4827 2322 4898 lgnatius
2354 4839 2538 4882 noster
2567 4829 2621 4882 in
2653 4842 2719 4882 eo
2742 4829 2884 4882 libro
2907 4844 3013 4883 non
3043 4829 3372 4894 nominetur,
3406 4843 3507 4882 nec
3536 4843 3668 4884 cum

2079 4919 2382 4983 catholicis,
2402 4936 2502 4974 nec
2513 4919 2850 4975 Tertulliano
2869 4921 3111 4991 ignotum
3130 4920 3302 4976 fuisse
3313 4921 3568 4976 ostendit.
3585 4923 3604 4976 l
3612 4931 3672 4978 ta

2079 5014 2415 5083 conjecturis
2454 5029 2520 5069 ex
2558 5011 2879 5068 Tertulliani
2910 5014 3128 5069 silentio
3159 5015 3301 5068 male
3329 5015 3494 5078 natis,
3536 5015 3676 5068 toti-

2079 5120 2186 5175 que
2197 5105 2360 5176 capiti
2371 5115 2581 5168 octavo,
2605 5107 2748 5175 quod
2765 5106 2832 5160 ad
2854 5121 2954 5159 nos
2971 5113 3199 5175 spectat,
3212 5120 3537 5176 responsum
3556 5114 3669 5160 est.

2151 5196 2470 5264 Proximus,
2529 5199 2621 5254 cui
2668 5199 2891 5268 ignotus
2933 5196 3107 5253 fuisse
3165 5197 3372 5253 dicitur
3417 5199 3674 5268 lgnatius

2081 5301 2288 5358 noster,
2314 5299 2400 5346 est
2429 5289 2597 5346 Caius
2625 5290 2870 5360 quidam,
2895 5298 2956 5344 ut
2982 5291 3219 5358 videtur,
3252 5291 3412 5362 cujus
3461 5293 3674 5362 scripta

2081 5385 2266 5439 omnia
2299 5383 2598 5454 perierunt.
2632 5383 2691 5438 Si
2714 5383 2837 5438 libri
2864 5383 2984 5453 ejus
3005 5392 3304 5452 exstarent,
3333 5385 3469 5438 forte
3497 5399 3567 5438 ex
3598 5385 3677 5442 iis

2081 5475 2289 5545 aliquid
2312 5475 2445 5530 certi
2467 5475 2817 5540 haberemus,
2836 5491 2946 5546 quo
2969 5475 3086 5530 haec
3109 5476 3423 5546 conjectura
3457 5477 3677 5546 liquido

2081 5565 2256 5622 refelli
2303 5577 2512 5636 posset.
2569 5565 2728 5621 Nunc
2781 5583 2906 5622 cum
2967 5565 3337 5638 fragmentum
3384 5567 3674 5638 quoddam

2083 5658 2464 5713 tantummodo
2493 5661 2636 5726 apud
2665 5657 2958 5714 Eusebium
2991 5667 3187 5722 exstet,
3226 5659 3389 5728 idque
3419 5659 3537 5713 sine
3565 5674 3669 5712 no

2084 5747 2251 5814 mine,
2286 5747 2376 5804 cui
2411 5757 2792 5814 argumentum
2838 5749 3117 5808 innititur:
3154 5749 3325 5806 multo
3361 5749 3519 5806 nobis
3562 5747 3670 5804 dif-
