3848 6204
152 303 244 368 ’.αὖ

773 289 822 348 Ι.
859 289 1228 349 PEARSONII
1266 288 1594 346 VINDICIE
1651 284 2080 346 lGNATlANE.
2120 317 2190 330 --
2223 285 2408 344 PARS
2446 286 2490 343 l.

3273 294 3388 354 296

158 417 322 475 Icilior
345 412 456 470 hac
485 411 762 484 provincia
803 411 1074 479 redditur,
1123 411 1222 468 sed
1260 419 1317 466 et
1364 409 1686 479 conjectura

1794 404 2009 478 θρωπον
2041 404 2477 474 καταγγέλλοντα
2509 402 2600 458 τὸν
2631 404 2890 478 Χριστόν;
2949 403 3026 458 Ac
3064 405 3293 474 fortasse
3326 410 3381 466 id

157 507 298 566 simul
330 505 490 580 multo
523 505 777 570 debilior.
827 503 884 558 Si
927 503 1256 574 sapiuscule
1305 501 1477 557 Caius
1512 500 1604 555 ille
1633 500 1690 554 in

157 599 285 656 libris
303 598 409 656 suis
441 596 706 668 lgnatium
737 607 986 654 nostrum
1017 597 1383 664 nominasset,
1423 595 1570 668 quod
1622 594 1694 650 ab

154 691 232 746 illo
252 689 355 745 ﬁeri
382 688 620 758 potuisse
650 702 812 744 nemo
831 697 1002 754 certe,
1025 700 1224 758 praeter
1266 686 1563 752 Dallaeum,
1597 701 1694 741 ne-

156 794 262 850 gare
295 784 461 848 potest
493 776 652 846 (vixit
690 777 839 832 enim
889 775 1055 831 tertio
1106 775 1341 842 saeculo,
1396 783 1692 844 postquam

155 872 269 928 ista
291 869 536 926 dicuntur
570 867 764 940 lgnatii
803 869 1050 940 epistola
1085 868 1377 933 Salmasio,
1405 878 1464 924 et
1499 867 1695 924 Alber-

154 960 433 1029 tino);nihil
446 968 624 1016 tamen
650 960 705 1016 id
741 976 842 1016 nos
861 961 1038 1032 juvat,
1065 962 1132 1016 ad
1155 975 1298 1031 quos
1322 959 1400 1014 illi
1430 973 1541 1014 non
1572 975 1694 1030 per—

151 1062 400 1112 venerunt.
427 1051 505 1108 Ex
535 1053 790 1108 inutituto
819 1053 1088 1117 auctoris,
1115 1061 1170 1107 et
1214 1049 1694 1118 modoseribendi

152 1145 262 1199 nihil
290 1159 541 1215 reponere
569 1142 778 1209 licebit,
799 1143 946 1213 quod
974 1141 1044 1197 de
1070 1142 1296 1208 lrenato,
1329 1138 1692 1206 Tertulliano,

149 1235 409 1308 Epiphanio
441 1234 696 1290 fecimus.
736 1233 819 1290 Ad
876 1242 1262 1304 argumentum
1306 1231 1472 1303 igitur
1503 1247 1534 1286 e
1576 1227 1690 1286 fra-

147 1336 334 1398 gmento
376 1327 699 1398 productum
735 1341 804 1382 ex
837 1325 956 1382 solo
1007 1323 1318 1396 fragmento
1357 1324 1695 1394 respondere

147 1435 417 1490 possumus.
448 1417 581 1474 Illud
618 1427 806 1482 autem
849 1417 936 1474 sic
966 1432 1028 1472 se
1065 1417 1232 1472 habet
1266 1434 1279 1470 :
1312 1419 1565 1470 Artemon
1595 1416 1695 1469 do-

147 1517 265 1564 cebat
292 1510 546 1566 Christum
567 1525 680 1566 esse
703 1525 897 1580 purum
925 1517 974 1562 et
999 1508 1201 1562 nudum
1221 1507 1506 1574 hominem,
1532 1505 1689 1577 [gnto

148 1601 235 1655 tius
273 1601 585 1656 contrarium
627 1601 831 1654 docuit.
879 1597 1065 1654 Recte.
1104 1597 1210 1665 Qui
1248 1598 1587 1654 Artemonem
1615 1613 1698 1652 se-

143 1691 415 1760 qnebatttur,
457 1691 765 1746 asserebant
814 1689 1116 1744 doctrinam
1182 1704 1337 1742 suam
1390 1704 1501 1742 esse
1553 1687 1697 1741 anti-

143 1799 293 1853 quam,
325 1801 477 1854 usque
512 1784 580 1837 ad
630 1782 895 1836 Victorem
923 1782 1168 1848 durasse,
1199 1799 1233 1835 a
1265 1779 1562 1851 Zephyrino
1585 1797 1696 1837 esse

141 1888 382 1933 mutatam.
411 1876 571 1931 Caius
607 1876 858 1946 producit
899 1884 1116 1930 econtra
1163 1891 1251 1930 eos
1282 1876 1375 1945 qui
1421 1885 1545 1930 ante
1597 1873 1697 1928 Ze-

140 1952 382 2039 phyrinum
409 1967 686 2036 scripsere,
710 1967 803 2037 qui
837 1964 1110 2021 Christum
1156 1974 1207 2020 et
1253 1964 1420 2020 Deum
1452 1975 1501 2018 et
1533 1963 1698 2018 homi-

141 2077 232 2113 nem
254 2061 622 2130 pradicartmt.
657 2056 810 2113 Inter
831 2075 919 2113 eos
946 2056 1222 2128 Ignatium
1269 2076 1377 2112 non
1420 2059 1694 2125 nominat;

138 2167 235 2220 ergo
259 2166 368 2204 eum
393 2148 696 2219 ignorabat.
729 2146 800 2204 Ut
822 2147 1016 2203 Caium
1059 2148 1185 2203 ideo
1217 2148 1504 2218 ignorasse
1534 2147 1694 2220 lgna-

139 2245 246 2296 tium
267 2248 485 2300 constet.
520 2241 652 2309 quia
681 2255 807 2294 eum
837 2255 948 2294 non
975 2237 1306 2302 nominavit,
1347 2254 1573 2294 necesse
1603 2247 1694 2294 est

139 2332 346 2386 utetiam
373 2340 587 2388 constet
637 2347 764 2385 eum
790 2345 1006 2395 omnes,
1047 2345 1188 2401 quos
1221 2330 1364 2384 idem
1403 2330 1697 2400 scripsisse

136 2427 272 2490 norit,
292 2425 622 2480 nominasse.
650 2422 708 2478 Id
733 2439 862 2478 vero
884 2431 1138 2478 constare
1161 2437 1271 2476 non
1291 2430 1508 2492 potest;
1536 2431 1696 2477 erant

136 2515 252 2568 enim
279 2513 662 2584 quamplurimi
699 2514 793 2584 qui
838 2523 967 2568 ante
999 2510 1370 2583 Zephyrinum
1399 2511 1691 2581 scripsere,

133 2615 179 2660 et
201 2605 457 2662 Christum
487 2605 662 2661 Deum
702 2614 760 2660 et
793 2604 1071 2660 hominem
1098 2603 1309 2670 dixere,
1343 2619 1484 2675 quos
1514 2618 1693 2674 neque

129 2695 271 2754 Caius
310 2700 577 2766 nominat,
631 2711 814 2769 neque
877 2698 1166 2768 ignorasse
1215 2696 1528 2753 censendus
1580 2705 1688 2752 est.

128 2789 225 2846 lmo
247 2802 442 2849 certum
489 2802 576 2848 est
624 2792 823 2848 Caium
861 2793 1174 2862 aliquorum
1205 2791 1519 2848 testimonia
1551 2790 1692 2845 omi-

129 2885 249 2940 tisse
272 2901 385 2954 qua:
409 2887 690 2956 cognovit,
724 2895 801 2953 et,
830 2886 980 2956 quod
1021 2901 1139 2940 rem
1169 2893 1417 2960 nostram
1457 2883 1688 2954 propius

129 2986 330 3046 spectat,
373 2976 496 3032 ideo
530 2977 803 3031 nonnulla
841 2977 1196 3046 praeteriisse,
1229 2975 1378 3045 quod
1413 2989 1477 3030 ea
1509 2974 1660 3029 omni

128 3068 214 3122 bus
239 3079 353 3125 uota
382 3078 630 3140 putaret,
677 3069 735 3124 in
778 3083 1015 3138 quorum
1049 3082 1278 3122 numero
1315 3065 1512 3121 merito
1552 3079 1686 3122 sane

127 3157 336 3230 lgnatius
359 3163 652 3233 ponendus
679 3171 765 3218 est
795 3161 1044 3216 omnium
1077 3160 1430 3224 notissimus;
1477 3157 1684 3213 fatente

125 3254 263 3307 etiam
294 3255 407 3310 viro
474 3255 830 3321 doctissimo,
873 3253 920 3309 si
960 3252 1225 3323 epistolas
1267 3252 1393 3307 illas
1443 3250 1686 3321 scripsit,

125 3360 204 3400 eas
239 3363 336 3402 non
366 3349 615 3418 potuisse
642 3361 756 3402 non
784 3345 1042 3401 omnibus
1090 3359 1215 3400 esse
1253 3343 1684 3422 c0gnitissima's‘,

126 3437 225 3492 sine
265 3455 367 3507 qua
409 3439 723 3495 assertione
767 3445 1152 3508 argumentum
1217 3451 1427 3506 negans
1479 3434 1686 3490 nullius

126 3537 246 3583 esset
273 3531 548 3600 ponderis.
593 3529 891 3594 Praeterea,
939 3528 1074 3583 certi
1123 3527 1344 3597 generis
1389 3527 1686 3596 scriptores

129 3619 335 3676 incertus
378 3622 470 3676 ille
512 3630 716 3677 auctor
750 3619 942 3677 statuit
985 3622 1312 3689 producere,
1355 3633 1465 3672 non
1500 3625 1685 3671 autent

130 3711 259 3776 alios,
291 3713 342 3765 in
365 3728 475 3783 quo
500 3729 710 3784 genere
743 3709 804 3767 S.
841 3711 1084 3784 Iguatius
1111 3709 1338 3764 minime
1362 3709 1689 3764 recenseba-

130 3809 230 3865 tur,
258 3819 366 3869 eos,
396 3804 639 3866 scilicet,
666 3802 763 3873 qui
807 3801 1070 3858 adversus
1100 3809 1289 3872 gentes
1324 3800 1686 3870 scripserunt,

131 3898 173 3941 et
196 3906 250 3944 ex
279 3891 530 3962 professo
566 3894 839 3949 adversus
871 3892 1178 3948 htercticos.
1226 3891 1488 3947 Videmus
1520 3890 1690 3962 igitur

131 3979 250 4038 illius
305 3984 622 4039 institutum
672 3991 846 4054 atque
906 3983 1254 4054 propositum
1317 3981 1488 4038 fuisse
1551 3981 1690 4036 tales

131 4085 342 4132 auctores
364 4079 697 4148 producere,
727 4077 906 4147 qualis
933 4075 1174 4148 lgnatius
1205 4091 1315 4130 non
1365 4075 1468 4129 fuit
1493 4092 1508 4142 ;
1551 4075 1689 4130 tales

130 4165 366 4234 omittere,
396 4167 586 4238 qualis
609 4166 856 4239 lgnatius
882 4167 1111 4221 omnino
1149 4163 1274 4220 fuit.
1330 4163 1412 4219 Ex
1471 4164 1689 4220 silentio

133 4253 266 4324 igitur
291 4259 404 4314 Caii
432 4276 547 4314 non
573 4267 760 4330 potest
794 4257 983 4314 inferri
1013 4259 1284 4331 ignoratio
1315 4255 1530 4329 lgnatii.
1562 4255 1691 4313 l‘ltec

133 4351 285 4404 omnia
329 4352 382 4406 in
423 4353 613 4407 verbis
657 4351 727 4406 ab
757 4349 996 4406 Eusebio
1035 4350 1273 4405 laudatis
1318 4349 1686 4420 reperiuntur.

1791 497 1931 567 quod
1958 496 2157 549 dicitur
2183 495 2431 549 credibile
2464 495 2750 561 videretur,
2783 495 2890 548 nisi
2929 497 3006 550 eis
3046 497 3380 567 refragaren-

1793 594 1882 641 tur
1908 587 2143 656 primum
2177 587 2388 658 quidem
2428 587 2621 640 divina:
2679 585 2996 657 Scriptum,
3040 588 3228 643 deinde
3269 589 3382 660 [ra—

1794 687 1936 733 trum
1960 680 2315 750 quorumdam
2337 681 2540 748 scripta
2579 677 2810 734 Victoris
2851 690 3008 758 celate
3053 682 3382 751 antiquiora,

1793 786 1910 840 qua:
1934 770 2016 824 illi
2045 769 2294 824 adversus
2333 780 2508 842 gentes
2545 787 2642 840 pro
2671 772 2912 835 veritate,
2963 781 3014 826 et
3060 781 3246 826 contra
3297 775 3380 826 sui

1796 863 2046 932 temporis
2075 861 2346 917 haereticos
2376 863 2720 933 scripserunt.
2746 862 3020 918 Iustinum
3040 863 3299 934 intelligo,
3330 873 3381 918 et

1797 952 2122 1022 Miltiadem,
2171 963 2222 1009 et
2271 953 2585 1022 Tatianum,
2633 973 2696 1009 ac
2746 955 3086 1020 Clementem,
3145 956 3383 1028 aliosque

1792 1046 2232 1118 quamplurimas,
2269 1047 2321 1100 in
2342 1063 2566 1117 quorum
2597 1047 2837 1100 omnibus
2862 1047 3012 1101 libris
3042 1047 3286 1102 Christus
3322 1056 3381 1100 ut
3417 1035 3431 1048 ’

1794 1137 1936 1192 Deus
1968 1147 2391 1209 repraesentatur.
2423 1137 2564 1193 Nam
2597 1137 2790 1194 Irencri
2815 1139 3044 1208 quidem,
3075 1150 3124 1193 et
3166 1139 3382 1194 Melito-
3434 1149 3437 1151 ‘

1799 1230 1906 1298 nis,
1937 1239 1988 1285 et
2015 1231 2341 1302 reliquorum
2375 1232 2575 1300 scripta
2603 1232 2721 1301 quis
2760 1242 2836 1285 est
2878 1231 2968 1301 qui
3007 1232 3233 1302 ignoret,
3264 1247 3382 1303 qum

1796 1319 2070 1375 Christum
2120 1319 2289 1374 Deum
2328 1321 2486 1374 simul
2541 1329 2698 1390 atque
2742 1321 3002 1375 hominem
3048 1321 3385 1391 prcedicant?

1796 1410 2010 1477 Quibus
2040 1412 2222 1466 verbis
2257 1412 2453 1468 videtis
2491 1429 2616 1468 eum
2663 1411 2907 1482 proferre
2938 1413 3076 1466 velle
3116 1429 3383 1482 quorum-

1797 1502 1926 1557 dam
1958 1501 2189 1558 fratrum
2221 1504 2448 1573 scripta,
2487 1513 2700 1573 tempus
2729 1504 3011 1574 assignare
3043 1514 3168 1558 ante
3195 1503 3380 1559 Victo-

1797 1595 1876 1650 ris
1905 1604 2144 1661 aetatem,
2182 1605 2440 1652 auctores
2482 1598 2616 1652 certi
2662 1598 2878 1667 generis
2913 1597 3220 1668 indigitare,
3260 1613 3379 1666 eos,

1798 1703 2016 1759 nempe,
2050 1691 2142 1760 qui
2173 1691 2438 1745 adversus
2470 1699 2658 1760 gentes
2695 1699 2749 1745 et
2795 1691 3082 1746 haereticos
3120 1692 3204 1746 sui
3241 1702 3380 1746 tem-

1725 1761 1770 1816 Β
1798 1780 1948 1850 poris
1977 1795 2042 1834 ex
2074 1780 2321 1850 professo
2352 1783 2638 1851 scripsere.
2663 1781 2966 1838 Observare
2997 1785 3225 1852 potestis
3253 1783 3383 1838 alio-

1800 1888 1921 1926 rum
1947 1872 2313 1941 complurium
2338 1873 2560 1928 nomina
2581 1874 2649 1929 de
2673 1870 2941 1930 industria
2968 1875 3036 1928 ab
3062 1875 3179 1945 ipso
3211 1873 3383 1930 fuisse

1797 1964 2027 2031 omissa,
2056 1981 2247 2020 eorum
2293 1968 2584 2037 prtecipue,
2637 1969 2730 2038 qui
2769 1970 3008 2026 maxime
3045 1980 3204 2026 erant
3245 1971 3379 2026 noti.

1797 2056 2035 2110 Causam
2062 2057 2227 2128 igitur
2248 2058 2415 2114 Caius
2447 2078 2554 2115 non
2585 2061 2908 2132 assignavit,
2937 2063 3007 2118 ob
3033 2078 3196 2133 quam
3227 2061 3380 2132 lgna-

1796 2146 1932 2200 tium
1964 2149 2304 2214 nominaret;
2330 2167 2427 2206 cur
2451 2161 2630 2206 autem
2653 2167 2778 2206 eum
2804 2153 3096 2219 omitteret,
3119 2156 3379 2224 optimam

1795 2247 1850 2293 et
1886 2243 2406 2310 opportunissimam
2453 2245 2707 2314 prodidit.
2741 2244 2962 2300 Nullum
3006 2245 3172 2316 igitur
3200 2263 3263 2302 ex
3305 2249 3381 2304 si-

1796 2329 1964 2385 lentio
1996 2332 2160 2402 hujus
2187 2332 2476 2405 fragmenti
2500 2333 2708 2407 lgnatio
2735 2346 2924 2393 nostro
2960 2339 3284 2408 periculum.

1867 2421 2019 2477 Idem
2051 2423 2409 2494 judicandum
2437 2429 2502 2482 de
2557 2427 2821 2484 Clemente
2856 2431 3242 2498 Alexandrino,
3297 2435 3379 2490 in-

1794 2513 1932 2582 quit.
1991 2514 2102 2569 lmo
2151 2533 2282 2596 vero
2328 2523 2395 2573 de
2431 2517 2728 2576 Clementis
2765 2521 3119 2578 Alexandrini
3163 2525 3380 2581 silentio

1793 2602 1933 2657 nihil
1953 2603 2160 2674 liquido
2191 2605 2472 2676 aﬂirmari,
2503 2611 2640 2666 nihil
2666 2612 2790 2667 inde
2819 2621 2972 2668 certo
2999 2615 3250 2671 concludi
3280 2634 3379 2687 po-

1794 2701 1921 2749 test.
1970 2693 2386 2768 Quamplurima
2418 2702 2562 2756 enim
2598 2703 2720 2771 ejus
2753 2705 2953 2775 scripta
2991 2709 3288 2779 perierunt,
3321 2723 3380 2768 ut

1803 2783 2278 2844 Ὕποτυπώσεων
2305 2792 2429 2846 libri
2457 2809 2574 2857 vm,
2611 2793 2686 2848 De
2721 2798 2968 2864 paschale
3001 2799 3092 2856 lib.
3136 2819 3175 2869 ι,
3202 2803 3280 2859 De
3299 2807 3378 2873 ie-

1787 2880 1946 2951 junio
1974 2884 2297 2956 disputatio,
2340 2887 2418 2942 De
2447 2889 2827 2948 obtrectatione
2852 2894 2947 2948 lib.
2976 2912 3015 2963 t,
3047 2896 3124 2950 De
3159 2902 3380 2954 canoni-

1791 2974 1887 3026 bus
1941 2976 2312 3032 ecclesiasticis
2366 2989 2420 3034 et
2482 2980 2739 3036 adversus
2793 2983 3148 3044 Judaizautes
3202 2993 3298 3048 lib.
3339 3010 3377 3049 I.

1792 3058 1991 3118 Utrum
2031 3063 2224 3137 lgnatii
2256 3067 2311 3122 in
2343 3068 2451 3122 illis
2491 3070 2572 3124 vel
2610 3087 2800 3128 eorum
2831 3075 3016 3146 aliquo
3047 3080 3378 3148 meminerit,

1790 3167 1987 3222 necne,
2019 3170 2182 3212 nemo
2206 3169 2355 3214 certo
2386 3159 2657 3217 allirmare
2685 3175 2882 3234 potest.
2916 3165 2972 3222 ln
3005 3169 3379 3228 Admonitione

1791 3244 1863 3298 ad
1891 3254 2090 3316 gentes,
2121 3247 2176 3301 in
2205 3248 2382 3304 tribus
2410 3249 2700 3324 Ptedagogi
2731 3255 2908 3321 libris,
2946 3256 3002 3312 in
3054 3263 3378 3319 tractatibus

1791 3334 2031 3404 duobus,
2069 3353 2307 3408 quorum
2342 3357 2488 3397 nunc
2525 3342 2692 3408 unus,
2727 3361 2872 3403 nunc
2901 3348 3040 3403 alter
3076 3350 3256 3406 locum
3279 3369 3379 3409 oc-

1791 3430 1900 3483 tavi
1931 3429 2057 3483 libri
2108 3429 2446 3487 Stromateon
2493 3438 2816 3506 occupabat,
2857 3442 2948 3509 qui
2993 3442 3107 3511 jam
3158 3447 3375 3502 tandem

1790 3521 1956 3575 ambo
1990 3531 2230 3586 exstant,
2257 3524 2466 3579 nullum
2497 3528 2726 3583 omnino
2756 3517 3078 3601 scriptorem
3109 3533 3376 3592 Christia-

1788 3627 1924 3667 num
1979 3614 2231 3669 nominat
2278 3615 2554 3674 Clemens.
2619 3620 2688 3673 At
2742 3622 2799 3675 in
2845 3622 2997 3677 libris
3035 3618 3385 3678 Stromateon

1787 3701 2046 3774 plurimos
2073 3706 2291 3775 gentiles
2326 3717 2375 3762 et
2425 3708 2760 3766 Christianos
2802 3715 3060 3780 nominat,
3106 3715 3376 3787 Ignatiunt

1789 3813 2078 3867 nunquam.
2122 3796 2396 3856 Plurimos
2434 3801 2653 3872 quidem
2712 3803 2944 3874 gentiles
2979 3807 3250 3872 nominat,
3279 3809 3376 3864 sed

1791 3892 1921 3962 quid
1956 3892 2061 3948 hoc
2093 3893 2160 3948 ad
2195 3894 2502 3964 lgnatium?
2535 3911 2642 3951 non
2679 3913 2885 3966 paucos
2928 3898 3094 3955 etiam
3145 3901 3375 3956 hazreti-

1791 3999 1888 4039 cos
1932 3983 2088 4050 citat,
2134 3985 2230 4039 sed
2269 4001 2369 4041 nec
2412 3986 2555 4041 inter
2588 4002 2684 4041 eos
2717 3986 2961 4058 lgnatius
3010 3992 3377 4064 requirendus

1791 4081 1895 4129 est.
1931 4073 2288 4140 Christianos,
2327 4077 2431 4131 hoc
2471 4086 2557 4133 est
2600 4078 2898 4136 catholicos
2942 4099 3049 4138 non
3093 4084 3374 4154 plurimos,

1791 4169 1885 4223 sed
1939 4169 2306 4238 paucissimos
2368 4172 2652 4238 nominat,
2697 4181 2810 4228 tres
2853 4185 2999 4230 certe
3046 4185 3278 4242 tantum,
3327 4177 3376 4233 si

1792 4260 1958 4314 modo
1981 4269 2037 4315 et
2069 4261 2149 4315 illi
2197 4262 2456 4317 catholici
2491 4279 2683 4320 omnes
2719 4266 2849 4333 sint,
2885 4265 3212 4334 Barnabam,
3247 4267 3374 4323 Cle-

1792 4363 2054 4418 mentem,
2090 4351 2371 4420 Hermam,
2402 4370 2598 4411 omnes
2628 4365 2776 4412 certe
2810 4367 3070 4428 tanquam
3109 4359 3167 4414 S.
3202 4359 3376 4417 Paulo

133 4437 244 4494 Cum
268 4445 406 4498 enim
433 4446 691 4500 dicerent
719 4443 1059 4498 Artemonici
1090 4442 1432 4513 antiquiores
1467 4457 1684 4508 omnes,
1712 4457 1770 4522 Ι)
1793 4459 2031 4510 coaevos,
2068 4455 2125 4500 et
2155 4454 2420 4516 tanquam
2464 4463 2657 4504 sacros
2706 4451 2888 4521 potius
2917 4467 3083 4522 quam
3114 4453 3375 4508 ecclesia-

132 4533 266 4589 etiam
287 4539 564 4608 apostolos
585 4579 603 4606 ,
631 4553 824 4593 eorum
860 4536 1167 4592 doctrinam
1199 4537 1508 4603 tradidisse,
1539 4554 1689 4593 eam-

133 4638 217 4692 que
240 4627 288 4681 in
319 4627 561 4684 Ecclesia
587 4629 924 4685 custoditam
951 4629 1122 4686 fuisse
1153 4644 1328 4701 usque
1355 4630 1422 4684 ad
1451 4628 1688 4687 Victoris

133 4718 492 4792 episcopatum,
543 4731 602 4777 et
641 4721 747 4776 sub
789 4719 1100 4791 Zephyrino
1157 4720 1412 4791 pontifice
1467 4723 1689 4778 demum

132 4813 645 4881 esseadulteratam;
675 4823 874 4869 contra
921 4814 1040 4870 haec
1097 4812 1179 4868 sic
1221 4811 1390 4869 Caius
1442 4813 1552 4878 ille,
1595 4814 1690 4883 qui

133 4902 217 4958 sub
241 4902 564 4979 Zephyrino,
591 4907 678 4961 vel
719 4923 830 4962 non
860 4907 1034 4961 multo
1057 4914 1184 4978 post
1222 4906 1508 4976 scripsisse
1531 4916 1691 4976 puta-

134 5003 206 5047 tur
235 5014 251 5051 :
278 4993 379 5053 Ἦν
424 5001 470 5054 δ’
522 4999 593 5054 ἂν
642 4999 804 5070 τυχὸν
840 4998 1062 5052 πιθανὸν
1092 4999 1153 5052 τὸ
1185 4999 1498 5069 λεγόμενον,
1535 5001 1585 5052 εἰ
1613 4997 1690 5070 μὴ

135 5087 316 5158 πρῶτον
340 5092 440 5163 μὲν
471 5092 806 5146 ἀντέπιπτον
839 5093 1026 5155 αὐτοῖς
1057 5093 1114 5147 αἱ
1149 5092 1288 5146 θεῖαι
1322 5091 1556 5164 Γραφαί·
1593 5091 1690 5145 καὶ

134 5176 343 5249 ἀδελφῶν
390 5183 450 5236 δέ
498 5201 666 5237 τινων
701 5182 817 5236 ἐστὶ
847 5183 1154 5256 γράμματα
1186 5183 1534 5256 πρεσϐύτερα
1581 5182 1691 5236 τῶν

137 5266 356 5346 Βίκτορος
385 5276 622 5347 χρόνων,
657 5273 695 5330 ἃ
726 5277 925 5329 ἐκεῖνοι
969 5275 1109 5347 πρὸς
1141 5275 1210 5330 τὰ
1254 5275 1380 5348 ἔθνη
1417 5274 1560 5348 ὑπὲρ
1591 5275 1690 5346 τῆς

137 5360 373 5433 ἀληθείας,
390 5366 486 5420 καὶ
519 5366 661 5438 πρὸς
692 5367 791 5432 τὰς
822 5367 944 5420 τότε
978 5365 1218 5438 αἱρέσεις
1250 5365 1517 5438 ἔγραψαν·
1546 5364 1692 5436 λέγω

137 5454 179 5508 δὲ
213 5457 484 5516 Ἰουστίνου
517 5462 617 5516 καὶ
646 5461 962 5528 Μιλτιάδου,
985 5461 1077 5515 καὶ
1111 5457 1399 5526 Τατιανοῦ,
1429 5459 1524 5514 καὶ
1544 5459 1693 5532 Κλή-

137 5563 319 5618 μεντος,
368 5553 466 5607 καί
513 5553 720 5625 ἐτέρων
766 5551 1046 5616 πλειόνων,
1097 5553 1157 5605 ὲν
1200 5546 1283 5616 οἷς
1315 5552 1486 5606 ἇπασι
1519 5550 1692 5604 θεολο-

137 5644 284 5707 reita;
313 5644 341 5697 ὁ
371 5645 632 5718 Χριστός.
667 5645 750 5698 Τὰ
779 5645 888 5717 γὰρ
913 5643 1204 5716 Εἰρηναίου
1236 5660 1296 5697 τε
1329 5644 1422 5697 καὶ
1452 5642 1691 5699 Μελὶτω-

135 5749 206 5800 vos
232 5737 318 5792 καὶ
346 5736 456 5793 τῶν
496 5737 701 5791 λοιπῶν
734 5736 816 5802 τίς
846 5739 1034 5808 ἁγνοεί
1063 5735 1267 5808 βιϐλία,
1301 5734 1433 5789 Θεὸν
1467 5735 1560 5790 καὶ
1591 5735 1688 5792 ἄν·

429 5833 710 5892 Ριιτιιοι..
757 5830 878 5893 Gn.
931 5825 1006 5890 ν.

1793 4537 1962 4593 sticus
2011 4537 2328 4608 scriptores.
2369 4538 2635 4612 Κλήμης,
2684 4541 2883 4612 inquit,
2927 4544 2956 4596 ὁ
2987 4543 3307 4610 ἀπόστολος,
3345 4545 3375 4598 ὁ

1789 4630 2084 4696 ἀπόστολος
2133 4631 2453 4704 Βαρνάϐας,
2491 4633 2652 4699 θείως
2686 4637 2719 4707 ἡ
2751 4635 2979 4708 δύναμις
3011 4639 3044 4709 ὴ
3077 4637 3156 4708 τῷ
3199 4637 3375 4710 Ἑρμᾷ

1792 4722 1914 4776 κατ’
1956 4723 2300 4794 ἀποκάλυψιν
2345 4725 2600 4779 λαλοῦσαι.
2651 4726 2986 4798 Scriptorem
3037 4729 3373 4785 catholicum

1792 4817 2019 4872 secundi
2064 4817 2164 4871 aevi
2215 4833 2284 4872 ne
2319 4833 2486 4872 unum
2523 4818 2746 4888 quidem
2780 4821 3074 4875 nominat:
3116 4822 3163 4876 si
3211 4821 3374 4892 lgna~

1791 4910 1928 4965 tium
1953 4917 2260 4980 praetereat,
2285 4910 2528 4980 praeterit
2556 4920 2608 4965 et
2633 4909 3016 4984 Polycarpum,
3039 4921 3092 4966 et
3123 4911 3372 4983 Papiam,

1791 5011 1846 5056 et
1875 4999 2236 5068 Quadratum,
2274 5011 2328 5057 et
2364 5003 2680 5072 Aristidem,
2714 5013 2768 5059 et
2795 5003 3094 5071 Justinum,
3129 5014 3184 5060 et
3215 5004 3374 5061 Melic

1792 5103 1999 5162 tonem,
2029 5105 2084 5150 et
2117 5097 2542 5166 Athenagoram,
2580 5105 2634 5150 et
2659 5095 3072 5169 Dionysium,et
3104 5095 3370 5170 Hippoly-

1792 5197 1932 5256 tum,
1955 5196 2010 5243 et
2035 5187 2420 5259 Hegesippum,
2446 5199 2499 5244 et
2529 5189 2792 5246 Irenaeum
2814 5209 2829 5258 ;
2852 5207 2994 5261 quos
3025 5206 3219 5246 omnes
3243 5206 3370 5246 eum

1793 5279 2133 5352 ignoravisse
2156 5295 2262 5334 non
2294 5289 2448 5350 puto,
2467 5283 2641 5353 magis
2665 5297 2828 5352 quam
2856 5283 3176 5353 magistrum
3207 5298 3372 5339 suum

1790 5369 2134 5428 Pantasnum.
2187 5371 2294 5427 Sed
2325 5374 2519 5428 mirum
2560 5385 2660 5442 est,
2688 5375 2885 5445 inquit,
2915 5377 3006 5447 qui
3049 5376 3128 5430 uel
3152 5391 3221 5431 es:
3263 5392 3372 5430 una

1793 5462 2078 5519 Clementis
2095 5464 2164 5517 ad
2178 5462 2484 5518 Corinthios
2505 5466 2732 5535 epistola
2755 5469 2861 5522 tria
2874 5477 3159 5540 quatuorve
3177 5467 3295 5522 loca
3319 5471 3371 5524 in

1794 5553 2141 5612 Stromateon
2159 5571 2308 5625 opere
2326 5555 2774 5627 descripsit;nihil
2792 5560 2845 5613 in
2872 5567 2981 5612 tam
3001 5559 3183 5613 multis
3207 5556 3370 5630 Igna-

1794 5647 1877 5713 tii,
1891 5663 1952 5701 ne
1968 5648 2280 5702 sententiam
2295 5648 2504 5719 quidem
2520 5667 2681 5704 unam
2695 5652 2948 5722 reperisse
2962 5668 3124 5722 quam
3141 5663 3370 5709 notaret.

1792 5736 1903 5793 Cur
1934 5754 2042 5794 non
2079 5748 2134 5795 et
2177 5737 2484 5796 Barnabam
2531 5741 2698 5798 etiam
2743 5741 3016 5814 producit,
3044 5741 3137 5808 qui
3171 5741 3371 5811 saepius

3014 5837 3054 5891 9
