3864 6204
462 291 568 351 267

1453 293 1510 352 8.
1552 289 1904 353 lGNATlUS.
1940 325 2007 337 —-
2037 293 2571 353 PBOLECOMENA.

463 417 520 472 in
560 430 630 472 eo
671 428 838 486 Opere
885 412 1188 472 laudatur?
1217 429 1316 471 cur
1366 431 1476 470 non
1525 425 1579 472 et
1625 415 1906 481 Hermam,
1951 415 2045 486 qui
2078 422 2118 477 Α
2150 417 2507 486 produceret,
2539 432 2651 486 quo
2698 416 2970 474 refelleres
3007 427 3062 475 et
3107 417 3534 490 τέτρωται,ῳο
3561 422 3733 492 aperti

462 508 645 564 adhuc
674 505 1017 578 frequentius
1042 507 1368 564 adducitur?
1391 507 1718 580 Quicunque
1748 507 2049 565 Clementis

466 602 796 658 Stromateas
833 601 1007 673 probe
1036 603 1209 670 novit,
1245 618 1527 674 nunquam
1557 603 1849 661 mirabitur
1883 605 1954 659 ab
1981 619 2048 659 eo

463 695 734 767 lgnatium
777 713 903 754 esse
935 697 1268 768 praeteritum
1289 739 1304 764 ,
1339 705 1453 754 tres
1486 697 1731 770 reliquos
1763 699 1926 754 toties
1963 699 2048 755 ci-

462 799 630 848 tatos.
665 790 908 847 instituit
940 791 1055 848 illic
1086 792 1394 862 gnosticum
1427 806 1626 857 suum,
1663 807 1774 848 non
1807 789 2048 862 vulgari-

461 881 569 939 bus
611 883 899 954 theologia
941 883 1228 954 principiis
1262 883 1558 948 imbutum,
1589 883 1687 939 sed
1721 883 1866 939 ultra
1904 883 2046 938 alio-

458 991 584 1030 rum
605 973 1047 1032 Christianorum
1074 982 1278 1031 sortem
1301 975 1599 1040 elevatum,
1629 983 1684 1031 et
1703 985 1766 1032 ut
1786 975 2047 1046 magister

459 1068 712 1139 Origenis
745 1067 974 1139 mystica
1018 1082 1253 1138 quaeque
1283 1074 1339 1123 et
1372 1066 1670 1138 anagogica
1703 1065 1906 1136 ubique
1952 1080 2046 1121 se-

459 1172 676 1231 ctatur;
711 1163 895 1234 qualia
929 1163 983 1218 in
1017 1159 1282 1217 Barnabas
1314 1161 1568 1232 epistola,
1602 1169 1660 1217 et
1689 1158 1906 1215 Hermae
1932 1158 2048 1214 Pa—

455 1267 598 1312 store
621 1257 858 1329 plurima
888 1266 1206 1320 occurrunt,
1240 1256 1295 1311 in
1329 1256 1756 1326 simplicissimis
1781 1264 1838 1312 et
1865 1257 2046 1312 moni-

457 1360 638 1406 torum
655 1349 1036 1405 tantummodo
1058 1348 1362 1405 salubrium
1385 1349 1560 1418 plenis
1583 1347 1774 1419 lgnatii
1796 1350 2045 1418 epistolis

457 1459 566 1500 non
599 1443 967 1513 reperiuntur.
1005 1441 1111 1498 Sed
1143 1443 1313 1507 dices,
1355 1443 1520 1498 etiam
1571 1441 1872 1500 Clementis
1920 1444 2044 1515 epi-

454 1537 596 1592 stola
629 1535 1033 1606 simplicitatem
1066 1535 1425 1604 apostolicam
1457 1535 1632 1605 spirat
1653 1555 1666 1590 :
1687 1552 1756 1591 ex
1787 1535 1877 1591 illa
1913 1549 2044 1592 vero

462 1630 564 1684 tria
599 1638 908 1700 quatuorve
949 1628 1069 1683 loca
1105 1627 1282 1683 affert.
1320 1626 1397 1683 lta
1433 1644 1586 1684 sane.
1643 1629 1748 1684 Sed
1786 1627 2042 1686 Clemens

456 1723 862 1778 Alexandrinus
903 1721 1066 1777 etiam
1117 1722 1172 1776 in
1208 1722 1300 1776 illa
1334 1721 1541 1792 aliquid
1577 1736 1686 1775 non
1719 1721 1950 1791 simplex
1986 1730 2043 1776 et

2154 509 2424 564 mendacii
2453 518 2510 564 et
2537 509 2662 565 falsi
2692 511 2992 566 testimonii
3023 521 3147 569 reos
3174 512 3421 569 teneret?
3453 511 3660 568 Verum
3692 513 3736 569 si

2153 602 2256 657 hoc
2295 617 2406 657 non
2435 601 2677 668 fecisset,
2704 620 2860 658 suam
2899 605 3009 674 ipse
3049 606 3392 660 traditionem
3430 605 3500 659 ad
3541 607 3736 660 harum

2151 709 2394 748 normam
2428 696 2762 750 correxisset.
2803 695 2943 751 Ante
2971 696 3184 753 dixerat
3217 708 3574 767 opportunum
3594 698 3737 754 huc

2149 784 2324 840 locum
2360 803 2472 842 esse
2500 786 2790 858 lgnatiana
2831 798 3014 843 nostra
3061 792 3530 859 commemorandi,
3561 807 3737 859 nunc,

2149 881 2197 935 si
2245 892 2764 951 commemorasset,
2805 884 3135 940 sententiam
3178 900 3336 941 suam
3384 888 3738 953 correxisset;

2149 979 2208 1028 at
2236 987 2357 1029 eam
2389 974 2548 1030 aliter
2569 976 2843 1048 corrigere
2872 991 2985 1032 non
3017 977 3214 1048 potum,
3240 978 3346 1033 nisi
3371 986 3540 1034 totam
3569 979 3739 1037 oblit-

2151 1073 2383 1122 terasset
2430 1075 2594 1139 atque
2643 1069 3020 1140 expunxisset.
3080 1069 3318 1126 Hoccine
3367 1082 3550 1128 autem
3603 1073 3740 1130 huic

2147 1159 2273 1216 loco
2297 1171 2665 1232 opportunum
2706 1179 2829 1220 esse
2863 1165 3063 1234 potuit,
3089 1165 3236 1235 quod
3263 1173 3435 1220 totum
3469 1175 3741 1223 everteret

2147 1263 2202 1310 et
2230 1256 2602 1326 expungeret?
2632 1256 2756 1313 Haec
2787 1259 2974 1313 omnia
3017 1275 3183 1314 merae
3212 1268 3343 1316 sunt
3378 1260 3737 1329 conjectura,

2147 1358 2202 1405 et
2242 1349 2463 1419 quidem
2503 1351 2914 1419 infelicissimae,
2943 1368 3044 1409 nec
3088 1353 3281 1424 lgnatii
3326 1353 3597 1424 epistolis,
3631 1369 3738 1411 nec

2145 1441 2429 1512 proposito
2473 1441 2772 1500 Clementis
2802 1444 2917 1500 ullo
2955 1443 3119 1500 modo
3151 1446 3562 1502 convenientes.
3601 1445 3739 1503 Cle-

2147 1548 2303 1589 mens
2328 1549 2436 1589 non
2467 1549 2661 1592 omnes
2687 1535 2923 1593 hatreses
2950 1539 3212 1608 respexit,
3236 1540 3332 1594 sed
3365 1540 3577 1611 aliquas
3599 1551 3732 1597 tan-

2149 1633 2289 1691 tum,
2317 1640 2416 1681 sua
2447 1634 2604 1682 aetate
2635 1629 2873 1684 maxime
2898 1631 3222 1699 conspicuas
3244 1641 3299 1687 et
3321 1632 3541 1703 scriptis
3561 1635 3734 1690 etiam

2148 1713 2353 1784 ubique
2389 1723 2523 1771 tunc
2551 1717 2813 1786 temporis
2838 1717 3102 1784 celebres,
3127 1717 3330 1789 quibus
3366 1720 3608 1777 maxime
3631 1737 3735 1776 ea-

453 1817 677 1886 vulgare
729 1814 1148 1878 animadvertit,
1184 1814 1276 1870 sed
1312 1812 1513 1883 γνῶσιν
1543 1812 1882 1888 τελειοτέραν
1930 1829 2033 1884 pra

2144 1806 2333 1862 tholici
2371 1807 2730 1874 vexabantur,
2763 1822 2890 1864 cum
2917 1809 3259 1880 antiquiores
3300 1811 3423 1868 alia
3447 1811 3562 1884 jam
3590 1828 3737 1882 pene

455 1926 515 1966 se
542 1909 743 1974 ferens,
771 1907 916 1978 quod
951 1923 1019 1964 ex
1054 1907 1143 1961 illa
1191 1923 1298 1962 non
1335 1907 1503 1962 semel
1535 1908 1798 1978 excerpit.
1831 1905 2038 1963 Obser-

452 2010 545 2055 vat
581 1999 917 2054 Clementem
969 1996 1279 2052 Romanum
1331 1997 1668 2054 differentias
1701 2013 1903 2068 eorum.
1942 1999 2037 2068 qui

453 2102 581 2148 sunt
632 2091 849 2162 probati
899 2090 953 2145 in
991 2089 1266 2156 Ecclesia,
1297 2091 1635 2157 describere,
1675 2101 1730 2146 et
1764 2091 1905 2146 inter
1939 2107 2036 2148 eos

453 2198 652 2253 ponere
681 2182 775 2236 τὸν
807 2179 1030 2235 δυνατὸν
1061 2179 1263 2248 γνῶσιν
1296 2178 1554 2245 ἐξειπεῖν,
1589 2195 1716 2234 eum
1751 2179 1918 2249 igitur
1949 2179 2034 2234 lo-

449 2289 578 2331 cum
621 2273 706 2330 bis
753 2273 904 2340 citat,
939 2282 1058 2328 tum
1110 2272 1165 2326 in
1198 2271 1380 2342 primo
1413 2271 1578 2337 libro,
1614 2281 1730 2325 tum
1766 2270 1820 2324 in
1855 2278 2033 2326 sexto.

450 2365 721 2422 Observat
758 2381 885 2422 eum
935 2365 1108 2420 τύπον
1137 2365 1261 2420 τινὰ
1293 2363 1389 2420 τοῦ
1424 2362 1733 2418 Γνωστικοῦ
1785 2363 2034 2437 ὑπογρά-

450 2476 593 2529 φειν,
611 2459 841 2528 formam
864 2458 1148 2530 quamdam
1176 2457 1418 2514 Gnosttci
1438 2457 1750 2522 describere,
1773 2457 1841 2512 ad
1867 2472 2035 2527 quam

450 2565 646 2605 crimes
679 2564 817 2621 pene
849 2550 1094 2621 epistolae
1124 2559 1309 2619 partes
1337 2549 1480 2604 miro
1505 2549 1666 2604 modo
1701 2547 1868 2604 refert
1894 2549 2035 2605 libro

450 2650 671 2713 quarto.
706 2639 870 2697 Notat
905 2653 961 2698 et
991 2643 1218 2697 mundos
1265 2641 1387 2710 ejus
1414 2651 1530 2710 post
1569 2658 1862 2709 oceanum,
1891 2656 2032 2713 quos

449 2751 576 2790 cum
616 2735 916 2793 Platonicis
965 2734 1198 2792 confert.
1236 2734 1389 2790 Talia
1437 2737 1580 2806 apud
1615 2734 1885 2807 lgnatium
1928 2750 2034 2792 no-

450 2837 626 2882 strum
667 2826 916 2881 invenire
949 2841 1059 2880 non
1093 2833 1233 2880 erat.
1271 2822 1560 2879 Silentium
1595 2824 1763 2894 igitur
1794 2823 2036 2878 Alexan-

445 2919 596 2974 drini
653 2934 762 2973 non
817 2917 1024 2973 indicat
1074 2916 1357 2988 lgnatiana
1415 2930 1524 2970 non
1574 2913 1780 2982 fuisse,
1819 2914 1913 2970 sed
1965 2913 2033 2969 ad

450 3010 864 3066 informandum
901 3009 1253 3076 Cnosticum,
1289 3008 1360 3062 ad
1386 3009 1704 3079 mysticam,
1746 3016 1801 3064 et
1829 3022 2034 3076 anago—

450 3101 652 3171 gicam,
667 3099 1170 3171 tropologicamque
1190 3095 1498 3152 doctrinam
1522 3095 1926 3161 illustrandam,
1942 3101 2038 3149 aut

451 3191 852 3264 philosophiam
885 3189 1238 3246 excolendam
1273 3189 1502 3243 minime
1534 3187 1749 3242 idonea.

523 3283 630 3338 Sed
683 3290 896 3338 certum
939 3289 995 3336 et
1041 3280 1327 3334 definitum
1381 3276 1542 3333 nobis
1593 3277 1774 3331 locum
1829 3275 2037 3331 indicat

451 3373 792 3431 Stromateon
851 3387 1016 3442 opere
1071 3371 1106 3426 l.
1145 3387 1255 3435 vn,
1307 3385 1362 3441 p.
1406 3369 1530 3437 764,
1564 3384 1676 3440 quo
1707 3369 1830 3426 sine
1863 3368 2034 3424 dubio

447 3465 646 3536 lgnatii
681 3481 878 3522 nomen
914 3463 1194 3534 posuisset
1227 3461 1508 3530 Clemens,
1537 3462 1584 3517 si
1616 3459 1878 3532 epistolas
1911 3459 2034 3531 ejus

448 3575 692 3632 unquam
745 3557 988 3612 vidisset.
1047 3555 1184 3610 Mira
1236 3556 1460 3628 quidem
1505 3556 1624 3611 haec
1664 3555 2030 3626 perspicaeia,

445 3663 501 3708 et
532 3651 808 3710 scribendi
843 3652 1010 3707 moris
1048 3651 1192 3721 apud
1227 3659 1442 3705 veteres
1474 3655 1734 3704 accurata
1766 3648 2031 3701 observa-

449 3747 549 3811 tio,
583 3761 706 3817 qua:
739 3761 849 3816 quo
881 3744 1114 3814 quiSque
1148 3742 1270 3797 loco
1309 3741 1611 3812 quemlibet
1657 3754 1716 3795 se
1750 3738 2030 3808 antiquio-

445 3855 560 3894 rem
595 3839 882 3894 nominare
912 3837 1186 3902 debuerit,
1213 3834 1456 3890 indicare
1488 3833 1688 3904 potuit.
1729 3829 1831 3886 Ubi
1865 3829 2030 3883 tradit

444 3931 811 3986 hereticorum
839 3938 1006 3983 sectas
1039 3928 1267 3982 Adriani
1289 3927 1501 3982 demum
1523 3925 1752 3996 Augusti
1782 3922 2032 3991 tempori-

445 4016 542 4071 bus
571 4016 859 4070 coalescere
887 4017 1122 4087 crepisse,
1153 4026 1480 4087 opportunus
1518 4023 1634 4069 erat
1673 4013 1819 4066 locus
1866 4011 2031 4083 Igna-

445 4108 596 4162 tiana
622 4117 806 4162 nostra
832 4107 1294 4162 commemorandi.
1318 4106 1460 4175 Quid
1485 4121 1634 4171 vero,
1653 4121 1721 4160 an
1744 4105 1948 4176 aliquid
1973 4104 2028 4159 in

447 4215 607 4254 suam
634 4199 961 4256 sententiam
995 4215 1059 4254 ex
1091 4198 1391 4271 lgnatianis
1438 4199 1658 4255 trahere
1691 4196 1902 4269 potuit?
1943 4196 2026 4250 An

441 4290 688 4362 lgnatius
733 4291 808 4345 illi
844 4291 1072 4347 idoneus
1123 4292 1279 4347 testis
1338 4290 1464 4355 fuit,
1512 4306 1578 4346 ex
1611 4304 1725 4361 quo
1772 4289 2028 4360 probaret

442 4381 732 4436 haereticos
777 4396 883 4436 non
926 4380 1034 4436 nisi
1068 4379 1172 4436 sub
1220 4379 1446 4434 Adriani
1500 4378 1730 4449 imperio
1771 4377 2023 4448 coepisse,

2139 1898 2513 1956 evanuissent.
2563 1897 2767 1956 Harum
2825 1901 2978 1956 initia
3036 1901 3222 1972 aliquo
3267 1904 3434 1959 modo
3486 1904 3734 1973 indicat,

2139 1990 2383 2048 Ecclesia
2413 1992 2747 2062 posteriores
2773 1993 3038 2062 ostendit,
3056 2009 3159 2052 nec
3187 2003 3296 2052 tam
3332 1997 3553 2066 quidem
3582 1999 3736 2054 anti-

2137 2098 2278 2153 quas
2309 2098 2474 2153 quam
2528 2083 2634 2154 ipsi
2675 2083 3020 2154 iactitabant.
3069 2085 3225 2152 Quod
3266 2089 3412 2143 enim
3459 2087 3736 2147 Basilides

2137 2169 2420 2228 Glauciam
2451 2174 2778 2244 magistrum
2822 2189 2984 2229 suum
3025 2186 3316 2245 assereret,
3345 2194 3511 2249 quem
3558 2180 3733 2238 disci-

2136 2266 2251 2335 puli
2277 2265 2399 2336 ejus
2425 2265 2571 2321 Petri
2597 2266 2945 2337 interpretem
2974 2267 3145 2325 fuisse
3170 2269 3550 2341 afﬁrmabant;
3582 2277 3734 2346 quod

2138 2353 2506 2411 Valentiniani
2542 2356 2610 2412 ad
2643 2355 2942 2425 Theodadi,
2976 2367 3237 2430 tanquam
3267 2360 3324 2417 S.
3359 2361 3516 2419 Pauli
3557 2367 3734 2422 disci-

2135 2447 2326 2518 pulum
2357 2448 2634 2504 haereseos
2656 2464 2772 2505 sua:
2791 2449 3062 2520 originem
3079 2449 3380 2520 referrent;
3407 2454 3526 2510 haec
3537 2457 3736 2512 omnia

2137 2540 2295 2609 quasi
2329 2555 2441 2594 non
2467 2541 2604 2596 satis
2628 2551 2777 2598 certa
2822 2543 3033 2613 rejecit,
3063 2553 3120 2600 et
3152 2561 3276 2615 quae
3307 2547 3502 2601 harum
3547 2549 3734 2606 haere-

2136 2644 2270 2686 seon
2308 2631 2691 2701 antiquitatem
2739 2634 2969 2690 minime
3015 2635 3332 2706 probarent.
3371 2638 3545 2694 Aliter
3586 2641 3732 2698 satis

2136 2723 2290 2778 novit
2316 2723 2562 2778 omnium
2605 2725 3016 2782 eruditissimus
3058 2726 3338 2792 Clemens,
3368 2744 3477 2784 non
3507 2738 3729 2786 tantum

2137 2816 2240 2872 sub
2275 2815 2514 2888 Trajano
2542 2827 2669 2873 ante
2696 2819 3023 2888 Adrianum,
3057 2835 3171 2876 non
3199 2829 3412 2876 tantum
3450 2824 3559 2878 sub
3589 2833 3726 2880 tem-

2135 2923 2267 2978 pore
2297 2909 2542 2981 martyrii
2569 2907 2860 2979 lgnatiani,
2886 2919 2947 2966 ut
2971 2911 3085 2982 ipse
3111 2911 3352 2981 Ignatius
3375 2914 3607 2982 indicat,
3633 2917 3726 2972 sed

2135 2998 2299 3052 etiam
2351 3013 2466 3054 αηό
2521 3000 2897 3069 apostolorum
2941 3001 3234 3058 haereticos
3285 3003 3500 3073 aliquos
3552 3007 3724 3061 exsti-

2137 3091 2293 3158 tisse,
2320 3102 2381 3146 ut
2425 3100 2482 3147 et
2523 3093 2756 3149 historia
2794 3094 3188 3162 ecclesiastica,
3219 3104 3273 3151 et
3304 3097 3437 3166 ipsa
3462 3099 3636 3153 etiam
3667 3097 3723 3154 S.

2139 3180 2436 3252 Scriptura:
2479 3193 2769 3241 testantur.
2824 3186 3238 3257 Iniquissimum
3283 3189 3449 3259 igitur
3484 3200 3574 3245 est
3623 3190 3726 3247 hoc

2134 3275 2258 3330 loco
2300 3276 2609 3346 postulare,
2640 3286 2701 3332 ut
2743 3277 2997 3334 Clemens
3039 3276 3308 3349 lgnatium
3354 3290 3635 3349 nostrum,
3681 3284 3726 3338 si

2134 3369 2408 3437 scivisset,
2459 3370 2685 3437 citaret;
2719 3372 2788 3426 ab
2831 3372 2980 3427 omni
3029 3373 3243 3428 ratione
3294 3374 3733 3446 alienissima,

2132 3462 2471 3534 ignoravisse
2499 3478 2646 3530 eum,
2678 3465 2824 3534 quod
2861 3480 2969 3521 non
2997 3464 3264 3531 citaverit,
3299 3467 3659 3525 concludere.

2204 3553 2692 3612 Vcrumenimvcro
2754 3558 2938 3612 eadem
2979 3567 3058 3612 est
3097 3600 3112 3626 ,
3157 3557 3363 3630 inquit,
3405 3569 3454 3614 et
3498 3561 3727 3616 alterius

2131 3646 2411 3716 cujusdam
2437 3645 2722 3702 Clementis
2749 3650 3024 3705 sententia
3046 3650 3209 3704 ratio.
3233 3648 3336 3704 Ille
3361 3653 3504 3704 enim
3527 3655 3728 3706 statuit

2132 3738 2402 3792 Christum
2430 3755 2594 3792 unum
2624 3749 2830 3793 tantum
2868 3756 3069 3794 annum
3095 3742 3152 3794 in
3187 3743 3341 3795 terris
3362 3743 3728 3812 prcdicasse;

2132 3841 2187 3885 at
2224 3830 2470 3901 Ignatius
2515 3841 2694 3886 noster
2730 3833 2927 3887 diserte
2966 3833 3153 3888 scribit
3203 3833 3491 3888 Dominum
3542 3837 3729 3894 tribus

2130 3936 2256 3996 post
2308 3926 2640 3996 baptismum
2699 3925 2861 3980 annis
2914 3925 3299 3996 praedicavisse
3348 3928 3729 3999 evangelium.

2129 4017 2246 4074 Imo
2287 4034 2419 4074 vero
2463 4028 2652 4075 noster
2691 4017 2934 4089 lgnatius
2976 4019 3092 4074 haec
3138 4035 3421 4089 nunquam
3471 4022 3730 4092 scripsit.

2129 4111 2262 4179 Quae
2307 4114 2450 4171 enim
2492 4111 2684 4168 recitat
2717 4110 2952 4168 Dallaaus
3001 4127 3068 4167 ex
3109 4113 3340 4182 epistola
3382 4113 3449 4168 ad
3487 4113 3730 4172 Trallia-

2132 4219 2234 4260 nos
2263 4206 2460 4275 pagina
2492 4204 2580 4269 76,
2613 4203 2808 4259 eodem
2850 4204 3072 4275 quidem
3101 4205 3223 4260 loco
3250 4205 3395 4276 apud
3433 4204 3732 4265 Usseriurn

2129 4295 2516 4363 inveniuntur;
2565 4297 2659 4351 sed
2706 4305 2817 4351 tcta
2863 4297 3058 4367 pagina
3106 4298 3335 4352 miniata
3385 4307 3494 4363 est,
3550 4308 3610 4355 et
3657 4317 3734 4358 ea

2127 4389 2294 4444 verba
2324 4404 2431 4442 non
2461 4389 2528 4444 ad
2550 4399 2852 4451 auctorem,
2873 4389 2967 4445 sed
2993 4389 3440 4461 interpolatorem
3467 4392 3734 4464 epistolae

442 4489 568 4530 cum
602 4474 720 4544 ipse
749 4481 876 4528 ante
903 4471 1207 4528 Adrianum
1241 4475 1344 4528 sub
1376 4473 1555 4527 medio
1595 4469 1817 4541 Trajani
1853 4470 2025 4540 impe-
2056 4498 2102 4554 ι)
2129 4478 2411 4534 referenda
2445 4488 2592 4544 sunt,
2619 4491 2674 4536 el,
2699 4480 2768 4535 ad
2795 4497 2897 4536 nos
2927 4498 3035 4537 non
3079 4491 3352 4550 spectant,
3382 4481 3476 4552 qui
3507 4485 3736 4554 episto-

440 4566 527 4622 rio
556 4579 754 4638 passus
800 4567 906 4621 sit?
937 4563 1056 4621 Non
1104 4566 1211 4622 hoc
1243 4566 1360 4621 vult
1403 4565 1488 4620 vir
1527 4564 1920 4631 doctissimus;
1957 4561 2026 4618 ad

439 4665 774 4720 sententiam
829 4675 988 4716 suam
1039 4658 1477 4716 confirmandam
1524 4674 1635 4713 non
1679 4657 1857 4728 potuit
1897 4655 2025 4712 Cle-

439 4773 599 4814 mens
639 4757 908 4829 lgnatium
945 4755 1252 4818 nominare,
1288 4752 1477 4807 debuit
1531 4751 1598 4806 ad
1644 4751 2020 4807 refellendam.

440 4850 648 4906 Duram
692 4847 938 4920 profecto
995 4847 1167 4920 legem
1203 4845 1564 4915 scriptoribus
1597 4843 1838 4914 antiquis
1884 4843 2022 4915 figit,

437 4943 536 5014 qui
579 4943 968 4998 necessitatem
1012 4941 1081 4995 iis
1139 4939 1372 5009 imponit
1421 4937 1627 4993 citandi
1683 4937 2024 4993 clarissimos

439 5036 699 5094 Ecclesia
725 5036 996 5091 antistites
1032 5043 1224 5089 contra
1265 5048 1420 5088 suam
1457 5031 1805 5086 sententiam.
1834 5029 2025 5102 Neque

439 5129 546 5185 hoc
589 5128 706 5182 vult
738 5127 822 5181 vir
864 5125 1250 5192 doctissimus;
1282 5123 1414 5195 quid
1456 5123 1660 5195 igitur?
1702 5121 2020 5194 lgnatianas

437 5221 689 5291 epistolas
732 5218 1012 5274 traditioni
1057 5233 1171 5272 sua:
1213 5217 1543 5286 apertissime
1587 5225 1934 5288 repugnantes
1978 5217 2024 5270 si

437 5311 694 5376 sciuisset,
718 5308 925 5380 aliquid
949 5317 1098 5366 certe
1125 5307 1366 5375 fecisset,
1383 5308 1534 5378 quod
1564 5323 1673 5363 non
1701 5305 1861 5374 fecit;
1889 5307 2023 5378 quid

439 5411 622 5457 autem
667 5403 774 5458 hoc
812 5403 932 5458 est?
968 5401 1046 5457 vel
1088 5417 1178 5454 eas
1231 5401 1552 5471 refutasset;
1597 5400 1711 5455 imo
1742 5415 1873 5455 vero
1917 5399 2024 5456 hoc

439 5506 719 5560 nunquam
769 5489 1010 5547 fecisset.
1055 5489 1434 5560 Quisquamne
1464 5498 1710 5545 veterum
1751 5489 2024 5546 Christia-

439 5596 636 5636 norum
672 5597 794 5638 eam
831 5583 899 5639 de
936 5583 1344 5653 antiquioribus
1377 5581 1632 5640 Patribus
1665 5592 1718 5640 et
1745 5584 2020 5654 episcopis

439 5674 506 5728 de
534 5676 905 5743 apostolorum
927 5676 1213 5746 discipulis
1236 5685 1291 5732 et
1316 5677 1648 5750 martyribus
1681 5677 2019 5748 opinionem,

441 5770 510 5824 de
540 5767 722 5835 seipse
750 5783 872 5827 eam
903 5769 1386 5838 prasumptionem
1429 5770 1642 5834 habuit,
1679 5778 1738 5827 ut
1773 5785 1869 5827 eos
1897 5769 2020 5827 ideo

2128 4573 2235 4626 lam
2280 4571 2348 4626 ad
2395 4570 2706 4628 Trallianos
2753 4571 2998 4644 quidem,
3026 4573 3122 4628 sed
3161 4574 3233 4628 ab
3260 4575 3520 4631 omnibus
3550 4592 3734 4634 assu-

2127 4661 2328 4717 mentis
2357 4662 2608 4725 liberam,
2639 4662 3006 4720 defendimus.
3040 4663 3106 4719 Et
3128 4673 3311 4720 tamen
3350 4665 3454 4722 hoc
3486 4669 3733 4726 unicum

2126 4765 2510 4826 argumentum
2539 4755 2713 4824 affert,
2738 4773 2849 4827 quo
2872 4758 3064 4828 probet
3087 4756 3356 4829 lgnatium
3383 4770 3436 4815 et
3464 4758 3732 4833 Origeni,

2125 4855 2181 4900 et
2235 4845 2380 4901 Julio
2433 4846 2729 4915 Africano,
2770 4859 2826 4904 et
2881 4847 3165 4904 Lactantio
3214 4849 3461 4922 ignotum
3516 4850 3727 4909 fuisse.

2125 4937 2382 5008 Ejusdem
2413 4938 2603 4995 farinae
2629 4950 2758 4996 sunt
2784 4958 2905 5010 qua:
2928 4942 2995 4997 de
3019 4939 3190 4995 Paulo
3213 4942 3531 5013 eonjngato,
3563 4953 3624 4999 et
3655 4947 3734 5002 de

2126 5031 2533 5087 resurrectione
2571 5031 2779 5088 Christi
2827 5033 3036 5090 habet:
3073 5049 3197 5103 quae
3241 5033 3508 5090 adversus
3555 5033 3734 5106 lgna-

2126 5123 2261 5177 tium
2295 5121 2536 5190 Baronii,
2557 5139 2667 5178 non
2700 5134 2879 5180 autem
2912 5130 3162 5180 nostrum
3187 5135 3317 5181 sunt
3337 5125 3524 5181 allata.
3566 5125 3731 5186 Nihil

2125 5225 2306 5270 tamen
2336 5215 2480 5270 aliud
2500 5215 2742 5282 aﬂ'ert,nt
2760 5217 2952 5287 probet
2972 5217 3240 5289 lgnatium
3261 5217 3424 5273 etiam
3448 5217 3730 5290 Dionysio

2124 5306 2500 5362 Alexandrino
2550 5307 2720 5362 fuisse
2763 5307 3026 5377 ignotum.
3081 5304 3239 5373 Quod
3285 5308 3354 5362 ad
3396 5322 3494 5363 eos
3544 5309 3732 5380 igitur

2125 5405 2355 5466 spectat,
2385 5399 2745 5469 expungenda
2786 5397 2946 5467 plane
2985 5412 3054 5452 ex
3083 5397 3241 5452 titulo
3284 5396 3478 5468 capitis
3510 5413 3729 5471 magna

2124 5490 2215 5546 illa
2243 5491 2468 5546 nomina
2500 5488 2770 5562 Origenis,
2799 5488 2932 5545 Julii
2961 5489 3226 5556 Africani,
3256 5488 3552 5558 Lactantii,
3583 5489 3732 5548 Dio-

2123 5584 2265 5656 nysii
2296 5583 2676 5650 Alexandrini,
2707 5593 2761 5641 et
2783 5585 2959 5655 ipsius
2994 5584 3159 5640 etiam
3187 5583 3530 5656 Hieronymi.
3561 5583 3729 5643 Nihil

2121 5686 2268 5732 certe
2307 5677 2572 5733 hactenus
2595 5677 2888 5734 adductum
2922 5686 3026 5744 est,
3054 5693 3166 5749 quo
3192 5677 3454 5747 probetur
3481 5685 3581 5732 aut
3615 5693 3726 5732 ve-

2124 5769 2354 5827 risimile
2428 5769 2689 5829 reddatur
2768 5768 3042 5832 lgnatium
3111 5778 3364 5827 nostrum
3432 5767 3723 5827 Clementi
