1932 3102
70 159 124 189 169

410 162 437 192 J.
458 154 645 194 PEARSONII
664 165 828 195 VlNDlCIE
843 166 1095 197 ΙΕΝΔΤΙΔΝΛ-
1110 168 1204 199 PARS
1219 170 1255 199 ll.

1659 174 1712 204 2ἷο

70 221 261 249 Alexandrino
281 222 370 251 fuisse
393 223 518 259 ignotum
536 234 542 253 :
560 230 588 253 et
610 234 662 254 nos
677 227 785 254 meliori
807 235 870 262 jure
883 234 906 263 Α
921 227 1055 256 Bmoariis
1069 228 1300 264 autlonensmus,
1321 237 1440 266 quorum
1467 229 1603 268 ignoratio
1627 232 1712 261 etiam

68 268 92 295 ei
108 272 207 295 notum
233 268 322 297 fuisse
346 271 551 300 contendimus.
579 271 662 300 Nullo
684 273 758 300 enim
785 273 869 301 modo

69 313 220 341 verisimile
233 320 275 342 est
289 322 353 342 eum
373 324 455 351 quem
470 317 603 353 Origenes
616 318 768 353 discipulus
783 320 868 347 etiam

67 358 176 393 juvenis
194 364 251 387 tam
266 361 337 388 bene
352 362 428 390 novit
443 362 486 398 (ut
499 363 683 394 ostendimus)
697 364 867 393 Clementem

68 406 235 440 magistrum
251 406 405 442 ignorasse.

101 449 166 478 Haec
186 459 253 478 eum
265 460 281 479 e
294 452 437 481 Clemente
455 453 628 488 adduxisset,
653 455 762 483 tandem
785 463 869 491 argu-

66 500 192 524 mentum
209 506 225 525 a
242 499 403 526 testimonio
416 500 585 534 negativum,
597 508 613 528 a
627 501 748 535 silentio,
762 501 868 529 scilicet

66 543 236 578 scriptorum
252 548 317 571 ante
339 544 450 572 Eusebii
471 551 596 580 tempora
610 546 734 580 ductum,
755 548 863 575 varium

66 589 178 623 quidem
206 590 291 622 illud,
309 596 336 618 et
355 591 572 625 miscellaneum,
599 597 627 618 et
643 594 779 627 prolixum
800 602 867 621 coti-

65 634 165 667 cludit;
181 643 242 669 quo
257 635 414 671 lgnatianas
430 637 561 671 epistolas
582 640 711 667 omnibus
732 644 794 667 ante
810 640 865 666 Eu-

65 682 170 708 sebium
196 683 306 718 ignotas
327 691 357 711 se
379 684 509 718 probasse
532 690 621 719 putat,
644 686 759 720 ideoque
777 688 866 714 nullas

64 727 160 755 fuisse.
180 728 211 756 Id
229 734 320 756 autem
335 737 398 757 eum
415 731 449 757 de
465 731 573 758 nemine
589 732 723 766 probasse
738 734 863 766 ostendi;

64 783 117 802 non
137 778 173 803 de
189 775 306 808 Irenaeo,
325 784 380 803 non
404 778 438 804 de
458 778 656 806 Alexandrinis
670 800 677 811 ,
693 784 741 806 aut
757 779 865 806 {Ethio-

64 822 154 855 pibus,
170 830 228 849 nou
251 822 285 850 de
304 822 484 856 Tertulliano,
502 829 549 850 aut
567 824 644 857 Caio,
661 830 709 852 aut
725 826 864 853 Clemente

63 867 254 895 Alexandrino
268 878 274 895 :
287 869 374 896 multo
396 870 488 897 ntinus
507 871 541 897 de
558 870 685 906 Origene,
700 871 773 898 Julio
787 872 864 898 Afri-

918 275 1033 309 probata
1057 276 1080 303 si
1106 281 1190 310 esset,
1210 276 1314 304 nullam
1333 278 1443 313 neganti
1466 283 1630 314 argumento
1654 279 1712 307 vim

918 321 1040 349 adderet.
1060 321 1152 355 Quare
1171 330 1223 350 nos
1237 323 1325 351 multo
1338 324 1445 352 meliori
1457 325 1520 359 jure
1533 325 1573 353 sic
1588 325 1713 360 disputa-

919 375 992 396 mus.
1005 368 1074 396 Gum
1087 368 1255 404 Polycarpus
1268 369 1364 404 lgnatii
1376 370 1539 406 discipulus,
1553 378 1615 398 cum
1631 370 1712 399 Philo

918 418 946 441 et
961 414 1123 449 Agathopus
1136 415 1259 450 ejusdem
1269 416 1398 450 comites,
1414 424 1477 444 cum
1494 417 1614 445 [renatus
1631 417 1709 453 Poly-

918 459 994 494 carpi
1018 459 1182 495 discipulus,
1196 468 1260 488 eum
1288 460 1458 496 Theophilus
1477 462 1574 498 lgnatii
1594 463 1622 491 in
1647 462 1713 491 sedo

918 504 1089 532 Antiochena
1114 505 1263 541 aliquando
1285 514 1441 542 successor,
1456 513 1504 535 aut
1523 509 1647 543 ejusdem
1661 510 1713 537 nevi

918 549 1029 585 aliquis,
1045 558 1108 578 cum
1125 552 1244 587 denique
1259 551 1403 588 Origenes,
1420 555 1573 590 discipulus
1585 556 1713 584 Clemen-

919 597 963 628 tis,
981 597 1076 632 lgnatii
1094 599 1271 632 epistolarum
1294 600 1396 627 diserte
1411 603 1596 633 meminerint.
1614 608 1663 630 aut
1676 604 1710 630 ad

917 651 964 670 eas
978 649 1071 677 aperte
1082 647 1267 679 respexerint;
1281 654 1342 672 cum
1356 647 1373 673 ii
1388 654 1494 680 omnes,
1509 650 1554 683 qui
1570 649 1711 683 ignorasse

917 689 1113 722 perhibentur,
1133 690 1234 717 nullam
1259 692 1336 719 nobis
1355 700 1414 719 eam
1442 694 1508 727 ipsis
1526 694 1708 729 ignorantiam

918 735 1054 762 tribuendi
1076 736 1143 763 satis
1158 736 1261 770 justam
1285 745 1395 765 causam
1421 741 1602 773 praebuerint;
1626 748 1708 775 argu-

918 786 1038 806 mentum
1057 788 1072 807 a
1088 781 1198 808 silentio
1220 783 1344 816 negative
1366 783 1478 809 ductum
1505 784 1573 810 nihil
1596 786 1708 812 omnino

916 826 1007 852 valere
1031 827 1250 860 pronuntiamus,
1266 833 1292 854 et
1312 828 1346 855 ab
1365 829 1397 856 iis
1415 830 1461 864 qui
1484 835 1629 863 noverunt,
1645 832 1708 858 reli-

916 879 985 905 quos
999 879 1053 898 non
1071 872 1222 907 ignorasse,
1239 879 1285 900 aut
1299 874 1321 901 si
1341 875 1425 909 aliqui
1442 883 1474 902 ex
1495 876 1528 903 iis
1544 876 1613 904 forte
1633 878 1708 911 igno-

63 920 144 944 cano.
172 913 309 950 Dionysio
332 915 533 949 Alexandrino,
558 921 606 943 aut
629 916 783 950 Lactantio,
813 926 863 952 pro
879 914 899 941 Β
918 919 1047 952 raverint,
1066 925 1257 954 argumentum
1274 921 1336 948 inde
1354 921 1412 948 ﬁeri
1428 930 1483 949 non
1500 930 1581 957 posse
1593 924 1707 951 conclu—

62 967 183 994 qnorum
201 961 359 996 ignorantia
376 962 444 989 nihil
459 970 491 990 ex
512 964 614 991 nostris
637 964 761 997 epistolis
777 965 864 991 addo-

63 1007 115 1040 xit;
137 1014 195 1034 non
220 1008 255 1035 de
279 1008 433 1043 Epiphanio
472 1014 520 1036 aut
544 1009 723 1044 Hieronymo,
747 1018 801 1037 non
828 1011 862 1037 de

917 967 1017 994 dimus.

999 1089 1326 1096 __—-__.—_—

656 1138 803 1182 PARS
839 1138 1108 1184 SECUNDA

96 1229 172 1268 Qua
190 1234 387 1272 argumenta
400 1241 462 1273 pro
475 1234 594 1275 Ignatii
617 1233 766 1274 epistolis
781 1233 1054 1303 ῗέἰὲῇῗὲῑὲξῖιοιε
1079 1234 1272 1273 afferuntur,
1287 1239 1319 1267 et
1332 1235 1444 1268 Dalltei
1464 1236 1666 1277 objectiones

785 1272 852 1305 refe

325 1427 443 1456 CAPUT
462 1427 610 1457 PRIMUM.

56 1483 224 1521 Argumenta
249 1492 299 1521 pro
323 1483 474 1521 Ignatianis
497 1493 530 1512 ex
554 1486 619 1520 ipsis
636 1486 755 1521 epistolis
776 1487 858 1515 ducta

90 1519 258 1557 ngenium.
276 1518 305 1546 S.
330 1518 453 1557 Ignatias
473 1520 546 1557 circa
564 1518 593 1548 ἧι.
611 1518 722 1549 1).’107
737 1523 855 1557 scripsit.

88 1554 140 1580 Illi
156 1555 236 1592 aetati
252 1557 368 1592 materia
390 1556 563 1592 epistolartm-
585 1564 608 1583 ἠ
623 1565 714 1591 genere
737 1554 856 1592 spectata

161 1590 215 1626 inte
237 1591 368 1626 convenit.
385 1589 569 1625 Impostorum
585 1589 684 1626 scripta
707 1589 792 1620 solent
813 1594 857 1621 sui
871 1594 891 1623 C

87 1625 186 1663 sreculi
202 1633 290 1652 mores
303 1625 430 1653 redolere.
448 1625 525 1663 Ni_hil
540 1627 567 1653 in
579 1627 619 1654 Itis
633 1625 752 1662 epistolis
766 1634 856 1663 poste-

87 1660 168 1687 riora
190 1666 295 1695 spectat
321 1665 449 1698 tempara.
473 1660 619 1698 Episcopo:
635 1660 664 1689 iit
686 1663 753 1690 Asia
766 1660 856 1698 fuisse

87 1670 168 1687 ποτα
190 1670 295 1695 spectat
321 1670 449 1695 tempora.
473 1670 570 1696 Lptsco
590 1671 619 1689 os
635 1670 664 1689 m
686 1670 753 1690 Asta
773 1670 856 1698 [uisse

85 1700 262 1732 cer-tumeat,
280 1704 340 1732 cum
354 1695 383 1723 S.
401 1696 523 1731 Ignatius
540 1670 588 1724 af
595 1699 753 1732 martyrium
775 1699 856 1726 duce-

87 1736 174 1759 retur.
193 1730 383 1769 Epistolarum
396 1730 490 1769 auctor
502 1733 541 1759 ita
558 1730 693 1769 episcopos
707 1738 733 1760 et
746 1734 856 1769 presby-

89 1771 163 1796 teros
182 1766 324 1799 describit,
344 1771 373 1793 ut
390 1775 449 1801 qua:
462 1766 495 1794 de
510 1768 543 1795 iis
558 1768 633 1801 dicit,
646 1766 690 1795 illi
704 1766 789 1801 wtltti,
802 1766 856 1796 non

85 1806 180 1829 autem
198 1802 342 1840 posteriori
359 1803 506 1840 conveniat.
527 1803 594 1831 Duce
617 1804 728 1840 hwreses
753 1804 855 1840 Ignatii

89 1840 212 1874 tentpare
226 1837 344 1874 maxime
359 1837 493 1874 valebant,
509 1846 564 1865 una
581 1847 640 1874 qua!
655 1837 790 1866 Christum
806 1847 856 1874 pato

86 1873 170 1900 taliae
193 1873 341 1908 hominem,
363 1873 419 1899 alia
437 1881 496 1908 qua:
513 1873 613 1900 nudum
633 1875 765 1901 hominem
780 1873 854 1902 asse-

86 1908 173 1944 rebat.
202 1907 266 1944 Ilus
287 1907 358 1944 datas
373 1913 397 1935 et
412 1909 483 1944 solas
499 1910 652 1944 perstringit
672 1908 805 1944 Ignatius,
829 1916 854 1938 et

85 1942 230 1970 Christum
242 1942 399 1979 simpliciter
408 1942 538 1977 θεολογεῖ.
552 1942 713 1979 Apostolico:
724 1945 854 1973 doctrinm

87 1979 210 2016 traditio
223 1978 250 2004 in
265 1978 396 2016 epistolis,
416 1979 571 2006 traditiones
595 1988 647 2006 mm
662 1980 786 2015 scriptis.
804 1989 854 2016 po—

84 2014 251 2041 sterioribus
270 2014 376 2041 saeculis
388 2019 542 2041 memorata:
561 2014 852 2044 minimecortlinentur.

89 2048 178 2085 Multa
211 2054 344 2085 prteteArea
367 2049 395 2075 in
423 2049 518 2076 iisdem
545 2050 690 2077 traduntur
716 2059 774 2085 quin
802 2060 854 2078 non

86 2084 172 2110 aliam
188 2092 273 2119 quam
288 2083 390 2119 Ignatii
407 2089 512 2111 wtatem
529 2086 648 2120 sapiunt.
666 2083 742 2112 Nihil
755 2087 852 2113 certius

85 2120 221 2153 scriptum
249 2119 358 2154 atiquod
383 2119 575 2180 suppositionis
597 2121 745 2154 convincit,
772 2130 853 2157 quam

85 2155 199 2180 violatio
227 2159 387 2180 “macrum.
444 2156 503 2180 aria
532 2156 613 2180 liuius
644 2157 683 2180 rei
719 2157 851 2180 ememnla.

83 2155 387 2191 eiulatiotemporum.
423 2155 503 2182 Varia
532 2156 613 2190 hujus
644 2157 683 2183 rei
719 2155 851 2191 exempla.

85 2189 167 2216 Ficta
187 2189 346 2225 plerumque
372 2198 451 2225 opera
471 2198 505 2217 ea:
528 2189 675 2225 temporum
700 2189 802 2219 ratione
826 2200 853 2219 se

85 2222 211 2265 prodere:
225 2222 363 2265 _Epistolaz
382 2222 630 2265 Socraticorltrri‘ao
649 2225 750 2265 Allatio
772 2227 852 2253 editis

869 1273 997 1305 luntur:

912 1435 996 1468 atque
1018 1435 1140 1465 textura,
1165 1431 1323 1460 auctoritati
1350 1432 1460 1460 testium
1485 1433 1545 1468 pari
1572 1433 1703 1470 suffragio

911 1478 1069 1512 conjuncta,
1078 1477 1267 1513 plenissimam
1278 1478 1358 1506 tidem
1371 1483 1544 1514 extorqueat,
1552 1483 1580 1507 et
1592 1487 1712 1507 omnem-

910 1523 1054 1551 dubitandi
1073 1531 1170 1552 ansam
1192 1524 1334 1559 praecidat.
1353 1522 1405 1552 Ubi
1426 1525 1499 1552 enim
1523 1533 1577 1553 non
1595 1530 1703 1553 tantum

911 1574 995 1598 testes
1017 1570 1092 1598 omni
1114 1571 1273 1606 exceptione
1293 1572 1423 1606 majores,
1445 1579 1516 1606 quos
1537 1579 1588 1599 nec
1607 1572 1708 1601 fallere,

908 1616 1039 1650 voluisse,
1064 1624 1116 1644 nec
1140 1616 1222 1645 facile
1245 1616 1303 1645 falli
1327 1618 1451 1652 potuisse
1476 1618 1628 1652 putandum
1647 1623 1700 1653 est,

906 1663 1089 1697 adhibentur;
1109 1663 1157 1691 sed
1171 1665 1203 1690 'et
1218 1671 1262 1691 res
1277 1663 1347 1698 ipsa,
1363 1664 1407 1691 cui
1432 1664 1619 1696 testimonium
1637 1673 1702 1701 per-

906 1709 1012 1743 hibent,
1030 1710 1093 1737 talis
1106 1717 1168 1738 esse
1181 1715 1304 1745 apparet,
1321 1714 1352 1737 ut
1368 1718 1415 1738 eos
1431 1710 1515 1738 falsos
1530 1710 1617 1739 fuisse
1630 1712 1701 1740 nihil

906 1756 1040 1790 suadeat;
1067 1763 1118 1784 nec
1138 1764 1201 1783 cum
1226 1756 1370 1791 prudentia
1392 1756 1539 1792 quisquam
1561 1753 1709 1793 dubitare,

906 1809 957 1830 nec
972 1802 1033 1829 sine
1045 1802 1200 1837 pervicacia
1214 1802 1347 1838 refragari
1366 1807 1467 1837 potest.

940 1848 977 1876 Ut
989 1853 1081 1877 autem
1097 1856 1167 1884 opus
1188 1849 1363 1884 epistolicum
1379 1850 1531 1885 apostolico
1544 1850 1605 1878 viro
1626 1856 1708 1891 recte,

904 1900 1060 1931 competere
1089 1896 1271 1929 ostendatur,
1304 1896 1516 1931 supponendum
1544 1897 1572 1925 in
1601 1898 1699 1933 primis

905 1942 1038 1977 lgnatium
1052 1943 1210 1978 quemdam,
1227 1943 1262 1970 ab
1279 1942 1411 1978 apostolis
1428 1943 1587 1970 ordinatum
1601 1943 1699 1972 Antio-

904 1989 1015 2017 chensis
1029 1988 1159 2017 Ecclesiae
1173 1989 1343 2025 episcopum,
1359 1998 1408 2025 per
1423 1989 1536 2025 triginta
1552 1990 1698 2018 minimum

905 2044 994 2068 annos
1007 2044 1068 2064 eam
1089 2037 1182 2065 sedem
1197 2037 1332 2068 tenuisse,
1351 2042 1382 2064 ut
1394 2036 1528 2073 Georgius
1541 2037 1698 2072 Syncellus,

904 2087 932 2111 et
945 2082 1160 2120 Chronugraphia
1193 2082 1350 2118 Nicephoro
1365 2082 1498 2110 attributa
1514 2082 1542 2110 in
1558 2082 1698 2110 veteribus

904 2136 973 2156 mss.
988 2129 1099 2165 ﬂuibus
1118 2136 1259 2157 consonus
1278 2132 1319 2157 est
1339 2127 1513 2162 Anastasius,
1539 2133 1696 2161 testantur;

904 2176 1014 2204 tandem
1025 2177 1060 2204 ab
1074 2176 1241 2211 imperatore
1255 2176 1386 2211 Trajano,
1400 2174 1427 2203 in
1443 2175 1617 2211 expeditione
1630 2174 1698 2203 Par-

903 2223 989 2257 thica,
1013 2226 1048 2251 ad
1069 2223 1172 2251 bestias
1194 2223 1425 2255 condemnatum,
1446 2227 1473 2249 et
1492 2222 1527 2249 ab
1548 2221 1696 2249 Antiochia

85 2260 147 2287 inde
161 2260 299 2301 falsitati!
311 2261 513 2303 ξοηιξξζιειιηηιν.
527 2261 627 2289 Βαιιίεί
640 2261 752 2296 confusa
764 2270 853 2289 Γετιιηι
870 2267 892 2294 Ι)
905 2269 1020 2296 Romam
1038 2273 1170 2301 tractum,
1189 2268 1212 2296 si
1233 2268 1299 2303 quid
1315 2268 1457 2303 scripserit
1471 2267 1499 2294 in
1514 2267 1610 2295 itinere
1629 2267 1699 2295 satis

86 2296 216 2322 tractatio
229 2295 442 2323 reprelienditur.

85 2363 229 2397 Quoniam
253 2367 418 2398 argumenta
450 2366 545 2390 nostra
575 2370 625 2397 pro
652 2363 763 2398 scriptis
789 2370 854 2391 vere

55 2407 205 2443 lgnatianis
218 2409 246 2435 in
262 2413 378 2436 externa
391 2412 419 2435 et
437 2408 544 2436 interna
560 2408 723 2442 divisimus;
739 2413 853 2436 externa

55 2461 143 2483 autem
156 2464 173 2484 a
190 2454 360 2483 testimoniis
376 2454 459 2490 petita
478 2455 563 2490 priori
583 2455 778 2482 dissertatione
798 2455 853 2482 late

55 2502 195 2537 prosecuti
221 2509 332 2534 sumus,
356 2501 391 2528 ab
412 2500 617 2535 objectionibus
639 2500 852 2535 vindicavimus,

55 2553 193 2585 testesque
207 2548 234 2575 in
248 2547 420 2576 contrarium
434 2547 535 2574 allatos
548 2547 630 2582 plane
646 2547 850 2581 expunximus;

55 2596 161 2623 interna
179 2601 258 2622 nunc
273 2593 468 2629 proponimus,
486 2601 520 2620 ex
537 2591 662 2628 epistolis
677 2593 746 2627 ipsis
757 2593 851 2627 ducta,

54 2649 112 2675 quae
128 2640 245 2669 easdem
261 2640 335 2668 clare
350 2640 499 2667 ostendant
512 2639 619 2666 auctori
635 2646 687 2666 suo
700 2647 716 2666 a
732 2638 783 2666 SS.
799 2638 852 2667 Pa-

54 2690 140 2717 tribus
173 2693 340 2716 constanter
367 2687 509 2722 assignato
537 2686 661 2721 apprime
686 2694 850 2722 congruere,

55 2736 205 2771 [inscripti
215 2735 350 2770 temporis
365 2734 557 2769 antiquitatem
571 2733 673 2768 optime
688 2733 768 2766 ferre,
783 2734 851 2760 tanti

55 2784 112 2816 viri,
123 2788 152 2810 et
167 2781 325 2817 apostolici,
341 2785 369 2808 et
382 2780 515 2815 episcopi,
533 2784 560 2806 et
574 2780 702 2815 martyris
721 2784 776 2807 tum
793 2780 852 2815 pie-

56 2830 109 2864 tati,
118 2836 179 2857 tum
190 2830 261 2861 zelo,
269 2833 326 2855 tum
336 2826 496 2862 prudentiae,
506 2831 563 2854 tum
576 2826 678 2860 itineri,
688 2830 745 2853 tum
754 2826 851 2853 vincu-

56 2877 96 2907 lis.
110 2882 169 2904 tum
185 2875 494 2907 concussionibus,tum
504 2873 758 2909 refrigerationibus
772 2873 851 2908 plene

56 2923 239 2954 respondere;
256 2923 325 2950 adeo
344 2926 375 2949 nt
393 2920 516 2951 ipsarum
532 2920 713 2953 epistularum
734 2919 850 2948 materia

905 2316 1023 2343 molesto
1037 2316 1136 2351 partim
1149 2315 1284 2351 Smymaa,
1297 2314 1395 2349 partim
1409 2313 1528 2346 Troade,
1542 2318 1570 2340 et
1584 2313 1696 2348 quidem

904 2363 1010 2391 decimo
1026 2362 1135 2398 imperii
1153 2361 1266 2396 Trajani
1284 2383 1292 2395 ,
1315 2361 1436 2396 vulgaris
1451 2368 1513 2388 terte
1531 2360 1696 2388 Christiana:

904 2409 1021 2445 septimo
1035 2413 1098 2444 post
1111 2409 1291 2436 centesimum
1311 2415 1394 2441 anno,
1410 2415 1482 2435 anno
1494 2406 1597 2435 Christi
1619 2415 1694 2441 vero,

904 2460 935 2483 ut
951 2463 1002 2491 ego
1017 2456 1129 2491 quidem
1152 2455 1292 2487 existimo,
1310 2454 1362 2481 H5
1382 2454 1515 2489 epistolas
1538 2454 1693 2489 scripsisse.

903 2502 1026 2531 Dicimus
1037 2502 1130 2537 itaque
1143 2502 1193 2528 has
1203 2500 1344 2536 epistolas,
1357 2508 1427 2535 quas
1440 2500 1536 2527 habuit
1547 2499 1694 2534 Eusebius,

903 2553 931 2577 et
948 2556 999 2576 nos
1014 2556 1088 2576 nunc
1104 2548 1247 2579 habemus,
1271 2547 1294 2574 si
1310 2546 1482 2581 penitissime
1500 2546 1694 2581 inspiciantur,

903 2595 927 2624 si
940 2595 1067 2623 acumine
1081 2595 1123 2622 vel
1137 2594 1257 2621 maxime
1271 2593 1368 2620 critico
1382 2593 1576 2625 discutiantur,
1593 2594 1616 2620 si
1633 2600 1694 2620 nta-

903 2639 971 2667 teria
986 2643 1014 2666 et
1033 2639 1131 2666 modus
1147 2637 1308 2672 scriptionis
1321 2637 1499 2664 exactissime
1513 2638 1693 2671 trutinentur,

902 2690 930 2714 et
943 2684 1061 2718 auctori,
1077 2689 1104 2712 et
1122 2684 1250 2719 tempori,
1272 2687 1299 2710 et
1313 2683 1452 2711 occasioni
1464 2684 1568 2718 optime
1579 2690 1693 2718 respon-

902 2732 983 2764 dere;
1001 2739 1052 2758 nec
1074 2731 1179 2757 homini
1200 2730 1327 2757 veritatis
1345 2729 1471 2757 studioso
1492 2729 1535 2756 vel
1550 2729 1693 2756 minimam

902 2779 936 2806 de
954 2779 1049 2806 lictore
1065 2778 1158 2813 aliquo
1178 2776 1316 2812 cogitandi
1330 2783 1425 2804 ansam
1441 2776 1572 2811 praebere,
1589 2780 1617 2802 et
1629 2774 1694 2802 Dal-

902 2825 990 2852 lazano
1014 2824 1158 2859 impostori
1185 2828 1248 2858 post
1266 2824 1400 2851 ducentos
1422 2830 1511 2850 annos
1532 2822 1558 2848 in
1581 2829 1693 2849 scenam

902 2870 1037 2906 producto
1050 2877 1165 2905 prorsus
1183 2876 1349 2904 repugnare.

936 2917 1057 2947 Joannes
1067 2916 1216 2952 Launoyus
1226 2915 1391 2944 Parisieusis
1402 2915 1557 2950 theologus,
1566 2919 1690 2943 veterum
