3848 6204
424 245 525 305 ﬁl

1419 250 1477 306 S.
1517 248 1873 307 EGNATIUS.
1926 281 1980 291 —
2012 246 2555 306 PROLEGOHENA.

3588 248 3696 307 ΤΒ

424 368 758 439 scriptorum
798 364 999 424 cenSor
1037 368 1361 432 acerrimus,
1407 370 1461 423 in
1494 369 1708 439 judicio
1747 369 1815 424 de
1856 368 2012 424 libris
2040 372 2083 429 Α
2113 367 2275 423 diciis
2303 369 2619 438 proderent,
2650 378 2773 437 quae
2808 363 2978 419 ritum
3014 359 3229 418 nullum
3272 360 3533 419 Ecclesiae
3572 374 3698 434 post

426 456 673 529 Dionysii
715 458 1087 531 Areopagitae,
1122 459 1191 514 de
1222 459 1738 529 antiquissimorum
1778 458 2010 515 Patrum

425 550 587 621 genio
613 552 861 622 apposite
889 551 1223 608 observavit.
1260 570 1280 603 ι
1309 551 1414 619 Qui
1451 553 1556 607 hoc
1597 562 1843 623 tempore
1868 553 2010 607 scri-

427 642 588 710 bunt,
627 645 682 698 in
727 645 905 701 tribus
932 645 1286 715 potissimum
1332 645 1663 716 scriptorum
1714 646 2011 717 generibus

424 736 775 792 elaborandis
796 737 1078 793 insudant.
1102 736 1206 790 Alii
1240 752 1342 806 pro
1374 737 1704 793 Christianis
1725 738 2009 809 apologias

424 839 783 899 componunt,
840 831 1045 901 quibus
1096 829 1383 900 religionis
1425 845 1584 885 novae
1631 830 2005 886 sinceritatem

424 920 870 992 interpretentur,
916 923 1001 977 vel
1047 923 1419 994 proﬁtentium
1460 922 1837 977 innocentiam
1875 937 2007 993 pro-

420 1013 570 1078 bent,
604 1014 687 1068 vel
731 1015 1040 1085 principum
1082 1014 1302 1071 animos
1334 1030 1366 1069 a
1399 1014 1785 1071 vexationibus
1827 1015 2005 1071 abdu—

418 1114 564 1161 cant.
599 1106 704 1161 Alii
739 1107 990 1162 scribunt
1017 1107 1305 1178 epistolas,
1338 1107 1540 1178 quibus
1568 1106 1918 1162 Christianos
1947 1107 2005 1163 in

419 1204 641 1265 accepta
668 1195 774 1251 ﬁde
812 1198 1196 1264 corroborent,
1225 1198 1312 1254 vel
1340 1199 1704 1253 ecclesiarum
1733 1197 2005 1269 preposi-

417 1297 502 1341 tos
526 1288 861 1344 salutaribus
880 1290 1229 1345 documentis
1251 1291 1548 1354 instruant,
1566 1289 1649 1345 vel
1674 1289 2006 1346 Christiana

415 1379 677 1435 doctrina:
714 1382 1009 1436 utilitatem
1042 1393 1098 1436 et
1137 1393 1479 1438 terrenarum
1519 1398 1702 1438 rerum
1746 1392 2001 1439 contem-

417 1479 570 1542 ptum
606 1473 861 1539 doceant,
903 1471 986 1527 vel
1028 1472 1097 1527 ad
1147 1473 1438 1529 subeunda
1482 1489 1585 1544 pro
1626 1473 1853 1532 Christo
1884 1484 2001 1532 tor-

416 1572 601 1618 menta
638 1564 924 1630 inducant,
955 1566 1040 1619 vel
1068 1580 1192 1634 quae
1215 1564 1330 1635 jam
1373 1565 1478 1636 ipsi
1508 1566 1836 1636 pertulerint
1879 1566 2001 1625 sine

418 1653 547 1711 fuco
575 1665 875 1726 exponant.
913 1658 1017 1712 Alii
1064 1659 1304 1730 denique
1337 1660 1767 1715 commentarios
1803 1660 1995 1725 edunt,

415 1748 617 1819 quibus
642 1750 1012 1806 Christianam
1040 1751 1200 1806 [idem
1230 1762 1594 1824 propugnent,
1617 1762 1673 1808 et
1699 1754 1749 1809 ei
1773 1762 1987 1809 contra-

414 1840 550 1908 rias,
586 1856 710 1912 quae
738 1850 870 1898 tunc
913 1844 1255 1912 oriebantur,
1283 1846 1521 1902 haereses
1554 1845 1827 1901 refellant.
1871 1844 2002 1903 Haec

406 1942 493 1991 est
526 1934 793 2002 conditio,
825 1936 914 1993 hic
944 1937 1139 2006 genius
1169 1939 1354 1995 smculi
1396 1940 1450 1994 in
1483 1955 1596 2011 quo
1626 1940 1763 1995 vixit
1796 1939 2000 2012 Diony-

409 2022 529 2079 sius
574 2023 904 2095 Areopagita
938 2041 951 2079 :
1000 2028 1116 2083 haec
1156 2030 1449 2099 occupatio
1490 2030 1820 2100 scriptorum
1844 2072 1859 2099 ,
1900 2032 1995 2102 qui

406 2111 528 2167 suis
552 2114 814 2183 operibus
845 2117 1126 2173 nascentis
1155 2116 1418 2175 Ecclesia:
1449 2120 1693 2190 pondera
1716 2130 1995 2177 sustenta-

406 2211 557 2259 runt.
599 2223 619 2257 ι
655 2204 782 2262 llaec
814 2222 845 2262 a
869 2206 1133 2281 Launoyo
1168 2221 1317 2265 recte
1349 2212 1638 2268 observata
1671 2212 1996 2270 utPseudo-

408 2295 730 2369 Dionysium
768 2308 954 2370 aperte
1003 2300 1280 2370 risl'ellnnt,
1328 2302 1401 2359 ita
1435 2303 1493 2360 S.
1537 2303 1809 2376 lgnatium
1846 2306 1996 2363 haud

408 2404 604 2459 parum
631 2389 846 2461 juvant,
888 2393 1191 2448 ostendunt
1231 2395 1378 2450 enim
1411 2397 1678 2467 epistolas
1711 2399 1816 2454 sub
1847 2399 1995 2455 illius

405 2482 631 2538 nomine
675 2484 911 2553 p05teris
966 2486 1199 2542 traditas
1240 2490 1545 2543 secundum
1595 2491 1747 2546 illius
1807 2493 1993 2548 saeculi

402 2574 624 2645 genium
660 2574 831 2631 fuisse
870 2578 1240 2648 conscriptas.
1288 2578 1468 2637 Nemo
1496 2584 1644 2638 enim
1686 2600 1797 2639 non
1846 2587 1996 2643 videt

404 2665 461 2721 iu
484 2666 595 2721 illis
619 2666 969 2724 Christianos
999 2668 1055 2723 in
1084 2681 1307 2740 accepta
1339 2672 1443 2728 [ide
1473 2674 1845 2743 corroborari,
1891 2677 1991 2731 ad-

400 2775 597 2816 versus
631 2762 929 2818 schismata
952 2772 1011 2820 et
1034 2765 1271 2823 haereses
1305 2774 1437 2823 tunc
1467 2780 1689 2825 exortas
1740 2772 1942 2826 muniri
1973 2791 1991 2841 ς

395 2854 763 2910 ecclesiarum
797 2858 1127 2927 prmpositos
1158 2858 1499 2915 salutaribus
1525 2860 1877 2917 documentis
1908 2864 1994 2918 in-

402 2946 563 3013 strui,
588 2955 684 3002 aut
708 2947 780 3003 ob
801 2950 1168 3003 constantiam
1198 2950 1255 3004 in
1278 2951 1480 3006 tuenda
1506 2953 1740 3007 veritate
1753 2954 1989 3020 laudari,

2115 461 2375 532 martyris
2416 469 2651 515 mortem
2687 466 2941 513 exortum
2978 456 3339 526 respicerent,
3375 470 3498 525 quae
3527 454 3699 509 haere-

2111 554 2217 610 sim
2251 553 2464 607 nullam
2487 566 2679 607 earum
2710 566 2835 621 quae
2858 558 3050 621 postea
3072 547 3413 620 pullularunt
3434 547 3700 618 perstrin-

2110 657 2321 719 gerent,
2347 660 2470 716 quze
2498 643 2807 700 doctrinam
2849 642 3058 699 nullam
3087 656 3119 696 a
3153 651 3336 695 mente
3366 639 3700 709 apostolico-

2110 756 2232 795 rnm
2265 741 2509 796 virorum
2551 738 2785 793 alienam
2824 737 3107 802 docerent,
3136 750 3261 805 quae
3295 733 3434 788 nihil
3465 749 3533 789 ex
3571 732 3699 788 Pla-

2110 835 2295 890 tonica
2333 832 2547 899 schola,
2583 847 2749 902 quam
2784 830 2879 886 alii
2922 829 3107 885 statim
3153 826 3391 896 amplexi
3428 835 3555 883 sunt
3599 826 3700 881 ad-

2107 929 2398 993 ducerent,
2429 941 2556 997 quae
2599 924 3013 995 simplicitatem
3058 921 3393 992 primitivam
3434 920 3490 975 in
3527 920 3699 975 rebus

2107 1020 2371 1077 omnibus
2401 1024 2829 1081 conservarent,
2871 1031 2996 1086 quae
3028 1023 3182 1070 tanto
3224 1014 3347 1068 viro
3375 1023 3431 1067 et
3465 1012 3698 1084 martyri

2107 1111 2313 1181 ubique
2330 1108 2752 1178 responderent,
2771 1114 3162 1173 tantorumque
3177 1101 3250 1170 _S.
3271 1100 3508 1172 Spiritus
3520 1100 3701 1156 dono-

2105 1220 2225 1261 rum
2268 1203 2576 1275 specirnina
2614 1201 2757 1256 vivis
2786 1199 3069 1256 coloribus
3098 1197 3479 1269 depingerent.
3526 1193 3701 1251 Recte

2105 1299 2342 1355 Dallaeus
2371 1313 2494 1367 cap.
2521 1297 2591 1351 10
2616 1312 2631 1350 :
2667 1316 2686 1347 ι
2718 1294 2941 1350 Diﬂicile
2965 1299 3050 1348 est
3076 1291 3243 1347 etiam
3267 1288 3669 1361 peritissimum

2103 1407 2170 1447 ac
2207 1390 2630 1448 callidissimum
2668 1387 3025 1456 impostorem
3069 1383 3143 1438 ita
3175 1382 3280 1439 sibi
3328 1381 3703 1452 undequaque

2101 1493 2317 1543 cavere,
2343 1489 2404 1533 ut
2426 1492 2535 1532 non
2567 1476 2617 1531 ei
2662 1474 2870 1546 aliquid
2902 1472 3235 1544 imprudenti
3273 1472 3512 1537 excidat,
3540 1471 3699 1542 quod

2101 1566 2287 1625 dolum
2331 1567 2546 1638 prodat.
2588 1584 2609 1618 ι
2642 1563 2765 1620 lam
2808 1578 2939 1618 vero
2969 1563 3117 1618 clare
3154 1570 3210 1617 et
3250 1572 3438 1632 aperte
3474 1576 3695 1626 assero,

2101 1645 2239 1715 nihil
2289 1661 2344 1715 in
2394 1660 2481 1715 his
2520 1657 2772 1728 epistolis
2821 1655 3061 1712 Eusebio
3111 1655 3353 1726 cognitis
3397 1669 3694 1726 apparere,

2100 1753 2249 1823 quod
2288 1767 2412 1808 eam
2440 1760 2658 1807 aetatem
2708 1765 2876 1821 quam
2917 1749 3157 1804 Dallazus
3196 1748 3399 1816 innuit,
3444 1748 3529 1804 vel
3563 1764 3697 1805 eam

2099 1842 2267 1897 etiam
2296 1856 2465 1911 quam
2501 1839 2842 1904 Blondellus,
2872 1848 2969 1894 aut
3008 1853 3176 1909 quam
3211 1836 3515 1895 Salmasius
3545 1840 3697 1894 indi-

2098 1944 2208 1999 cat,
2243 1934 2441 2004 sapiat,
2478 1946 2574 1989 aut
2617 1948 2843 2004 quoquo
2885 1932 3052 1988 modo
3098 1932 3360 1989 redoleat.
3410 1930 3555 1987 Nihil
3601 1933 3701 1987 hic

2098 2025 2167 2081 de
2198 2026 2501 2083 haeresibus
2530 2035 2663 2080 tunc
2696 2024 2957 2094 temporis
2996 2024 3261 2091 subortis,
3300 2024 3436 2080 nihil
3466 2024 3535 2080 de
3563 2041 3675 2081 mo

2098 2120 2254 2175 ribus
2298 2126 2395 2173 aut
2431 2116 2700 2173 institutis
2730 2115 3173 2172 Christianorum
3208 2126 3323 2171 tum
3356 2117 3513 2173 valde
3560 2134 3695 2172 mu-

2098 2212 2251 2279 tatis,
2304 2211 2441 2267 nihil
2488 2210 2557 2266 de
2601 2210 2760 2266 novis
2804 2210 3006 2265 ritibus
3051 2219 3175 2280 post
3219 2208 3411 2281 lgnatii
3454 2222 3697 2267 mortem

2096 2305 2334 2376 primum
2369 2304 2672 2375 usurpatis,
2704 2303 2843 2358 nihil
2881 2304 2949 2358 de
2992 2320 3095 2359 usu
3130 2302 3390 2360 Ecclesiae
3417 2305 3514 2375 qui
3561 2315 3700 2375 post

2096 2397 2290 2468 lgnatii
2324 2405 2555 2452 mortem
2586 2397 2885 2466 primulum
2918 2396 3221 2460 obtinebat,
3243 2397 3445 2467 quibus
3473 2414 3534 2454 se
3558 2414 3700 2467 pro-

2094 2490 2235 2547 didit
2281 2492 2440 2546 lictus
2477 2488 2772 2559 Dionysius
2807 2508 2821 2544 :
2852 2488 3040 2545 omnia
3073 2490 3261 2558 potius
3301 2489 3370 2544 ab
3403 2488 3490 2545 his
3524 2490 3701 2559 jnlane

2095 2582 2335 2647 diversa,
2375 2581 2643 2651 proximis
2674 2581 2822 2635 aetati
2858 2580 3173 2651 apostolicae
3203 2581 3540 2651 temporibus
3566 2597 3696 2638 ma-

2097 2674 2244 2729 xime
2270 2672 2600 2740 conformia,
2639 2681 2693 2727 et
2729 2672 2799 2726 ab
2814 2660 3146 2741 'impostoris
3174 2672 3376 2728 saeculo
3404 2671 3552 2728 haud
3589 2689 3693 2744 pa—

2094 2782 2215 2822 rum
2253 2766 2607 2821 abhorrentia
2642 2773 3125 2835 reprtesentantur.

2166 2858 2244 2915 De
2269 2860 2546 2931 episcopis
2583 2858 2806 2930 quidem
2842 2855 2989 2913 Asiae
3017 2857 3189 2914 multa
3238 2857 3483 2928 loquitur
3515 2856 3690 2930 lgna-

2094 2951 2225 3017 tius,
2250 2967 2395 3022 quos
2418 2952 2491 3006 ibi
2530 2959 2658 3005 tunc
2686 2948 2862 3005 fuisse
2890 2957 3106 3004 constat
3134 2969 3149 3006 :
3175 2965 3301 3005 nam
3330 2948 3388 3005 S.
3415 2947 3688 3017 Joannes,

401 3049 456 3094 et
480 3049 742 3111 tanquam
770 3041 985 3111 pietatis
1005 3043 1254 3111 exempla
1280 3044 1485 3114 populo
1507 3046 1777 3116 proponi;
1805 3063 1989 3103 rerum
2016 3079 2062 3141 c
2098 3056 2120 3090 ι
2154 3038 2491 3094 novissimus
2516 3038 2766 3093 omnium
2800 3037 3025 3109 scripsit
3052 3038 3429 3109 Evangelium,
3454 3049 3690 3110 rogatus

400 3133 638 3204 denique
662 3133 1011 3204 pnesentium
1035 3145 1411 3207 contemptum
1437 3136 1646 3205 doceri,
1672 3137 1993 3207 futurarum.

400 3234 751 3296 prospectum
790 3234 847 3281 et
889 3229 1362 3298 exspectationem
1411 3228 1592 3300 urgeri
1636 3239 1692 3287 et
1738 3231 1985 3302 martyrii

401 3332 661 3374 coronam
698 3318 873 3373 modis
897 3319 1159 3377 omnibus
1181 3320 1530 3391 ampliﬁcari.
1564 3320 1693 3378 Haec
1716 3323 1986 3390 conditio,

400 3409 492 3464 hic
543 3410 740 3480 genius
788 3411 998 3477 saeculi,
1049 3428 1163 3482 quo
1211 3414 1347 3469 vixit
1387 3413 1447 3469 S.
1494 3414 1762 3486 lgnatius,
1793 3416 1850 3470 in
1898 3416 1987 3472 liis

399 3501 649 3572 epistolis
683 3503 923 3559 maxime
956 3505 1200 3573 relucet;
1230 3520 1423 3560 earum
1456 3505 1625 3576 igitur
1658 3506 1887 3561 materia
1926 3507 1983 3562 in

401 3608 600 3664 genere
638 3603 881 3664 spectata
908 3598 1123 3651 auctori
1173 3612 1206 3652 a
1244 3598 1525 3654 veteribus
1563 3599 1849 3670 assignato
1888 3614 1985 3670 ap-

398 3683 577 3753 prime
606 3683 919 3753 respondet.

472 3773 545 3831 Ut
590 3785 776 3831 autem
820 3778 887 3832 ad
926 3778 1103 3848 magis
1136 3778 1493 3849 particularia
1532 3778 1885 3847 descendam,
1930 3789 1986 3834 et

2091 3131 2162 3185 ab
2202 3130 2347 3185 Asiae
2374 3131 2669 3202 episcopis,
2706 3149 2727 3185 ι
2764 3142 2824 3188 ιιι
2856 3148 2922 3187 ex
2952 3133 3123 3186 veteri
3169 3131 3463 3187 traditione
3497 3130 3686 3200 loqui-

2089 3233 2181 3279 tur
2203 3222 2592 3295 llieronymus.
2627 3223 2703 3280 De
2735 3239 2929 3280 eorum
2966 3240 3075 3280 uno
3106 3224 3249 3280 idem
3287 3226 3341 3280 in
3367 3224 3641 3295 Catalogo
3666 3241 3686 3278 :

2093 3334 2116 3367 ι
2160 3314 2495 3387 Polycarpus
2527 3315 2758 3373 Joannis
2790 3318 3028 3388 apostoli
3061 3318 3388 3388 discipulus,
3424 3326 3479 3372 et
3513 3316 3588 3371 ab
3620 3330 3690 3372 eo

2089 3406 2342 3481 Smyrnae
2370 3410 2665 3481 episcopus
2699 3409 3010 3474 ordinatus,
3042 3409 3213 3464 totius
3247 3410 3391 3464 Asiae
3422 3409 3692 3479 princeps

2087 3499 2212 3567 fuit,
2248 3521 2268 3553 ι
2306 3502 2455 3573 quod
2484 3500 2578 3556 diu
2615 3512 2742 3557 ante
2766 3518 2892 3557 eum
2936 3502 3120 3559 testati
3149 3511 3274 3558 sunt
3307 3502 3536 3558 secundi
3576 3486 3691 3557 sse-

2086 3594 2195 3649 culi
2221 3595 2523 3665 scriptores
2554 3596 2663 3651 duo
2689 3595 3119 3665 pramlarissimi,
3152 3594 3391 3651 lrenaeus
3415 3604 3472 3651 et
3515 3594 3693 3668 Poly—

2086 3700 2288 3747 crates.
2344 3691 2422 3747 De
2454 3692 2565 3746 alio
2600 3692 2832 3762 legimus
2875 3694 2928 3746 in
2969 3690 3435 3749 Chalcedonensis
3476 3693 3691 3764 synodi

2085 3785 2303 3841 actione
2335 3784 2623 3841 undecima
2661 3802 2675 3839 :
2715 3784 2847 3838 Ἀπὸ
2879 3783 2975 3837 τοῦ
3017 3783 3172 3852 ἁγίου
3204 3782 3465 3856 Τιμοθέου
3511 3784 3693 3856 μέχρι

2084 3876 2179 3931 νῦν
2205 3876 2520 3931 εἰκοσιεπτὰ
2544 3876 2834 3931 ἐπίσκοποι
2855 3876 3125 3945 ἐγένοντο·
3151 3876 3354 3938 πάντες
3377 3875 3434 3930 ὲν
3464 3877 3698 3949 Ἐφέσῳ

2083 3966 2594 4038 ἐχειροτονήθησαν.
2630 3985 2649 4017 ι
2688 3966 2731 4019 A
2764 3976 2957 4021 sancto
2993 3965 3284 4021 Timotheo
3313 3981 3490 4035 usque
3524 3982 3699 4023 nunc

2082 4058 2277 4128 viginti
2329 4068 2536 4127 septem
2587 4057 2830 4127 episcopi
2881 4054 3052 4124 facti;
3105 4071 3298 4111 omnes
3347 4055 3403 4109 in
3452 4054 3699 4126 Epheso

2082 4156 2213 4202 sunt
2243 4147 2506 4202 ordinati.
2551 4165 2569 4198 ι
2606 4145 2665 4200 ln
2690 4162 2803 4216 quo
2842 4162 3076 4202 numero
3111 4144 3287 4202 fuisse
3319 4142 3694 4216 Onesimum,

397 4237 654 4297 Dallaeus.
687 4238 925 4310 «Hujus,
954 4241 1152 4311 inquit,
1177 4241 1493 4312 impostoris
1515 4242 1569 4296 in
1595 4242 1681 4297 his
1703 4243 1979 4298 adornan-
2082 4240 2244 4310 cujus
2292 4239 2543 4295 meminit
2594 4238 2862 4310 lgnatius,
2912 4254 3026 4294 non
3073 4248 3159 4294 est
3207 4254 3309 4294 cur
3362 4238 3692 4297 dubitetur.

395 4330 483 4386 dis
511 4328 825 4401 lgnatioque
859 4330 1160 4387 subdendis
1195 4331 1447 4401 epistolis
1477 4333 1769 4388 consilium
1809 4333 1977 4399 idem,
2084 4332 2327 4404 lgnatius
2362 4332 2480 4403 ipse
2512 4347 2573 4388 se
2606 4331 2926 4403 episcopum
2963 4330 3136 4403 Syriae
3181 4330 3415 4401 appellat
3443 4348 3458 4397 ;
3491 4332 3594 4386 sed
3630 4343 3704 4390 et

394 4425 543 4494 quod
576 4424 813 4479 aliorum
856 4425 1251 4495 plerarumque
1283 4426 1534 4496 ejusdem
1573 4425 1770 4481 farina:
1807 4428 1979 4481 artili-
2010 4422 2054 4479 D
2086 4428 2153 4484 ab
2181 4425 2518 4497 Hieronymo
2552 4444 2572 4478 ι
2610 4425 2969 4481 Antiocbenze
3007 4423 3265 4480 Ecclesiae
3299 4423 3494 4480 tertius
3546 4438 3703 4493 post

398 4533 525 4572 cum
574 4516 745 4573 fuisse
784 4517 1024 4572 videtur.
1076 4536 1096 4569 ι
1138 4517 1212 4573 Ita
1250 4520 1341 4575 ille
1377 4519 1447 4574 de
1488 4534 1592 4574 suo
1622 4534 1742 4590 cap.
1769 4520 1869 4587 38;
1908 4520 1976 4576 de
2085 4517 2304 4573 Petrum
2328 4518 2640 4588 apostolum
2671 4516 2968 4587 episcopus
2995 4535 3015 4568 ι
3055 4515 3393 4586 agnoscitur,
3424 4524 3487 4571 ut
3514 4526 3577 4572 et
3608 4521 3700 4575 ab

2081 4612 2230 4667 aliis.
2265 4610 2341 4666 De
2366 4610 2642 4681 episcopis
2666 4609 2763 4664 diu
2797 4618 2925 4664 ante
2959 4608 3150 4679 lgnatii
3188 4610 3512 4680 martyrium
3541 4623 3577 4663 ει
3620 4610 3696 4667 S.

2080 4702 2292 4760 Joanne
2326 4701 2595 4757 institutis
2617 4715 2686 4755 ex
2718 4700 2889 4755 veteri
2926 4698 3223 4753 traditione
3254 4697 3503 4767 loquitur
3538 4696 3701 4756 Cle-

2082 4811 2240 4851 mens
2276 4794 2683 4850 Alexandrinus
2731 4792 2874 4863 apud
2923 4791 3226 4847 Eusebium
3275 4789 3313 4844 l.
3352 4803 3433 4857 ιιι,
3463 4805 3514 4845 e.
3547 4790 3639 4847 2'5
3678 4810 3699 4847 :

2092 4887 2310 4960 Ἐπειδὴ
2350 4886 2464 4958 γὰρ
2492 4885 2588 4939 τοῦ
2631 4885 2899 4957 τυράννου
2942 4882 3367 4957 τελευτήσαντος
3411 4881 3525 4936 ἀπδ
3569 4884 3705 4957 τῆς

2078 4981 2304 5053 Πάτμου
2333 4979 2437 5050 τῆς
2468 4979 2634 5049 νήσου
2669 4976 2932 5049 μετῆλθεν
2961 4975 3055 5028 ἐπὶ
3085 4975 3186 5044 τὴν
3220 4975 3473 5043 Ἔφεσον,
3496 4975 3705 5049 ἀπῄει

2078 5074 2568 5149 παρακαλούμενος
2596 5073 2689 5126 καὶ
2714 5070 2807 5124 ἐπὶ
2839 5070 2910 5124 τὰ
2936 5069 3288 5140 πλησιόχωρα
3318 5068 3426 5123 τῶν
3456 5069 3685 5137 ὲθνῶγ,

2078 5170 2210 5225 ὅπου
2240 5169 2339 5241 μὲν
2363 5167 2695 5231 ἐπισκόπους
2714 5164 3094 5235 καταστήσων,
3117 5163 3252 5217 ὅπου
3286 5162 3344 5216 δὲ
3374 5162 3501 5226 ὅλας
3541 5164 3705 5220 Ἐκ..

2077 5263 2306 5336 κλησίας
2338 5260 2617 5334 ἁρμόσων.
2652 5260 2787 5313 ὅπου
2830 5257 2888 5310 δὲ
2919 5256 3107 5328 κλήρῳ
3144 5255 3244 5310 ἕνα
3278 5256 3343 5325 γέ
3370 5273 3495 5309 τινα
3536 5256 3708 5333 κλη-

2083 5354 2273 5427 ρώσων
2308 5352 2418 5406 τῶν
2453 5352 2562 5404 ὑπὸ
2592 5350 2687 5404 τοῦ
2732 5346 3051 5419 Πνεύματος
3100 5345 3540 5419 σημαινομένων.
3602 5348 3706 5406 Ita

2079 5457 2226 5504 recte
2260 5447 2409 5502 hunc
2433 5447 2615 5501 locum
2643 5460 2711 5500 ex
2738 5443 2915 5499 tribus
2937 5456 3074 5496 mss.
3104 5440 3390 5495 codicibus
3415 5438 3706 5499 restituit

2077 5539 2433 5598 doctissimus
2448 5536 2761 5592 Valesiusu
2785 5534 2923 5590 Cum
2954 5532 3099 5588 enim
3127 5546 3193 5587 ex
3223 5528 3710 5599 insula.Pathmo

2075 5626 2354 5698 Ephesum
2401 5625 2676 5692 rediisset,
2711 5620 2976 5688 Joannes,
3030 5623 3099 5678 ad
3145 5619 3408 5676 ﬁnitimas
3439 5636 3706 5693 quoque

2070 5717 2388 5789 provincias
2423 5725 2647 5786 rogatus
2682 5728 2740 5771 se
2772 5713 3028 5782 contulit,
3047 5712 3247 5780 partim
3275 5720 3335 5766 ut
3367 5712 3711 5785 episcOpos

399 3868 687 3924 ostendam
721 3883 784 3924 ea
810 3885 934 3939 qua:
962 3870 1016 3924 in
1049 3871 1135 3927 his
1160 3872 1412 3942 epistolis
1444 3872 1818 3938 continentur,
1852 3873 1982 3928 talia

398 3975 541 4023 esse,
567 3961 753 4031 qualia
781 3962 851 4017 ab
884 3962 1203 4033 impostore,
1226 3965 1529 4034 praesertim
1556 3964 1853 4033 Dallazano,
1878 3967 1983 4021 mi-

397 4054 549 4108 nime
578 4054 812 4110 conﬁcta
840 4070 963 4110 esse
994 4065 1255 4126 appareat
1292 4075 1306 4111 :
1342 4072 1451 4113 non
1490 4057 1602 4113 alio
1632 4066 1757 4113 utar
1789 4058 1983 4129 dispu-

396 4146 625 4201 tationis
671 4146 1049 4213 fundamento,
1082 4164 1248 4219 quam
1289 4164 1403 4220 quo
1442 4164 1551 4205 non
1595 4151 1764 4206 semel
1808 4152 1981 4207 utitur

395 4612 519 4667 aliis
542 4627 663 4682 cap.
689 4612 724 4666 4
751 4630 764 4666 :
796 4629 815 4662 ι
855 4610 1110 4681 Plerique
1138 4626 1205 4666 eo
1234 4612 1582 4682 potissimum
1608 4612 1844 4669 consilio
1874 4628 1972 4667 sua

393 4705 650 4775 ﬁgmenta
678 4703 780 4759 sub
811 4704 1044 4759 aliorum
1077 4704 1303 4760 nomine
1329 4704 1520 4771 edunt,
1551 4714 1613 4761 ut
1646 4720 1733 4760 res
1763 4705 1846 4759 sui
1874 4721 1976 4761 sae-

393 4797 504 4852 culi
536 4811 708 4852 novas
736 4795 876 4851 falso
909 4796 1254 4866 antiquitatis
1290 4798 1512 4852 nomine
1541 4797 1880 4852 constituant
1910 4813 1976 4853 ac

391 4886 742 4943 conﬁrment.
789 4904 809 4939 ι
855 4888 973 4941 lmo
1020 4887 1128 4940 hoc
1170 4886 1270 4940 toti
1303 4886 1502 4940 horum
1539 4887 1975 4941 homuncionum

393 4979 578 5052 generi
605 4979 743 5035 adeo
764 4987 1074 5049 competere
1103 4980 1399 5034 arbitratus
1419 4986 1525 5044 est,
1550 4988 1610 5033 ut
1635 4993 1745 5033 non
1768 4979 1975 5035 veritus

392 5074 464 5129 sit
492 5074 721 5129 dicere:
768 5092 788 5126 ι
829 5072 998 5130 Miros
1038 5073 1198 5128 nobis
1244 5087 1442 5127 narras
1483 5074 1835 5143 impostores,
1875 5073 1975 5145 qui

393 5167 757 5237 imposturam
779 5166 1000 5235 quidem
1032 5165 1264 5233 faciunt,
1282 5174 1541 5221 caeterum
1567 5166 1641 5220 ob
1667 5181 1832 5237 quem
1850 5181 1974 5221 eam

391 5257 623 5323 faciunt,
649 5256 889 5313 fructum
918 5258 1127 5312 nullum
1156 5273 1223 5313 ex
1245 5273 1309 5312 ea
1336 5259 1617 5328 percipere
1642 5269 1917 5331 satagunt.
1948 5277 1968 5312 ι

392 5349 494 5421 (De
520 5349 1056 5419 pseudo-apostolicis
1074 5349 1111 5405 Ι.
1130 5365 1193 5416 ιι,
1219 5366 1269 5405 c.
1287 5350 1402 5421 l5.)
1424 5348 1492 5404 Et
1524 5364 1713 5405 revera
1735 5349 1975 5405 incredi-

397 5444 498 5500 uile
527 5445 686 5513 plane
706 5451 812 5511 est,
836 5453 898 5499 ut
926 5444 1213 5514 impostor,
1260 5445 1357 5514 qui
1388 5445 1494 5499 sub
1522 5445 1685 5498 linem
1706 5443 1852 5498 tertii
1878 5450 1975 5497 aut

396 5536 610 5595 initium
650 5535 833 5606 quarti
880 5535 1068 5591 saeculi
1113 5535 1333 5602 vixerit,
1368 5534 1630 5606 epistolas
1680 5534 1970 5598 scriberet,

394 5640 444 5684 et
476 5628 534 5684 S.
577 5628 786 5699 lgnatiu
810 5627 1090 5694 subderet,
1128 5644 1253 5699 qua:
1281 5644 1459 5683 aevum
1491 5628 1623 5683 illud
1654 5627 1973 5697 impostoris

392 5722 542 5778 nullo
571 5721 738 5777 modo
766 5720 1099 5783 redolerent,
1126 5736 1251 5778 uuae
1289 5720 1654 5779 imuosturam
1686 5719 1854 5777 nullis
1886 5719 1974 5776 in-
