3864 6204
154 333 263 389 273

920 335 971 392 J.
1010 335 1381 396 PEARSONH
1416 334 1742 394 WNDICUE
1768 334 2268 392 IGNATIANJE.-
2299 335 2482 394 PARS
2513 335 2578 393 ll.

3322 338 3434 397 274

156 451 546 520 constitueret,
593 455 793 524 partim
837 466 898 512 ut
930 456 1204 515 Ecclesias
1252 459 1496 530 integras
1540 459 1746 514 forma-
1778 464 1819 519 Δ
1849 473 1966 522 sus,
2016 459 2106 514 cui
2159 459 2274 514 hac
2317 457 2492 529 elogia
2529 474 2561 514 a
2602 458 2860 530 quopiam
2914 458 3321 518 tribuebantnr.
3369 459 3429 516 Si

159 549 260 611 ret,
294 546 501 616 partim
535 557 598 603 ut
637 549 891 606 homines
923 551 1029 606 sibi
1078 567 1110 606 a
1147 551 1354 623 Spiritu
1389 553 1660 609 indicatos
1692 555 1746 609 in

155 637 366 693 clerum
395 649 710 711 seponeret.
745 661 766 695 ι
801 641 959 698 Unde
981 655 1175 700 coacta
1201 645 1292 700 illa
1319 645 1572 701 Walonis
1603 645 1750 702 Mes-

155 729 315 785 salini
355 729 749 804 interpretatio
785 735 1050 802 concidit,
1083 733 1181 806 qui
1209 737 1487 809 episcOpis
1517 739 1608 794 hic
1628 739 1749 809 plu-

153 835 264 888 res,
281 824 643 896 presbyteros
675 827 733 882 in
761 827 920 893 urbe,
947 828 1154 901 κλῆρον
1174 828 1294 892 ἕνα.
1324 847 1498 886 unum
1520 831 1750 903 preshyo

151 921 369 982 terum,
423 917 544 973 sive
586 919 1046 991 chorepiscopum
1089 923 1145 978 in
1197 938 1359 995 pago,
1397 925 1537 979 mire
1575 924 1749 980 inter-

147 1015 424 1074 pretatur.
458 1007 541 1064 Ex
573 1010 773 1066 horum
816 1013 1204 1083 episcoporum
1247 1016 1602 1072 successione
1633 1016 1750 1073 dis-

147 1107 305 1168 putat
330 1101 606 1157 adversus
626 1102 915 1161 haereticos
939 1104 1334 1176 Tertullianns,
1373 1119 1568 1164 contra
1597 1109 1748 1165 Mar-

145 1189 354 1243 ciouem
386 1190 428 1244 1.
461 1206 539 1256 ιν,
573 1207 626 1247 c.
661 1193 696 1248 5
729 1211 745 1248 :
791 1212 812 1247 ι
846 1192 1125 1252 Habemus
1151 1205 1206 1251 et
1234 1196 1466 1254 Joannis
1496 1199 1748 1257 alumnas

145 1280 455 1338 Eeclesias.
489 1281 629 1338 Nam
662 1286 767 1342 etsi
798 1286 1168 1358 Apocalypsin
1203 1289 1324 1359 ejus
1366 1289 1612 1346 Marcion
1649 1306 1745 1346 re-

145 1375 317 1446 spuit,
343 1376 488 1432 ordo
503 1386 686 1433 tamen
712 1381 1100 1452 episcoporum
1115 1383 1182 1437 ad
1199 1383 1470 1453 originem
1482 1399 1747 1441 recensus

144 1466 200 1522 in
231 1465 514 1524 Joannem
545 1471 716 1526 stabit
739 1481 1044 1530 auctorem.
1078 1494 1098 1526 ι
1132 1473 1204 1530 Ut
1235 1476 1446 1549 reliqua
1468 1476 1744 1545 omittam,

143 1559 334 1617 nullus
371 1577 623 1632 unquam
659 1565 902 1635 scriptor
948 1565 1304 1625 Christianus
1343 1579 1398 1625 et
1439 1571 1746 1628 catholicus

142 1649 282 1706 dixit
312 1652 616 1721 pauciores
648 1653 877 1712 ordines
931 1657 1047 1712 sive
1081 1660 1309 1729 gradus,
1340 1677 1509 1732 quam
1534 1671 1646 1719 tres
1688 1663 1744 1718 in

145 1740 402 1799 Ecclesia
467 1743 647 1801 fuisse
699 1747 947 1802 ecundo
999 1751 1247 1821 saeculo,
1312 1760 1410 1808 aut
1461 1754 1573 1809 ulla
1624 1755 1747 1825 ejus

142 1845 337 1906 parte;
381 1853 499 1908 quo
530 1837 754 1909 quidem
787 1841 990 1897 saeculo
1020 1839 1269 1913 lgnatius
1300 1846 1542 1916 scripsit.
1583 1845 1746 1905 Nullo

147 1928 314 1985 modo
357 1929 537 2001 igitur
581 1932 884 1989 verisimile
923 1945 1010 1992 est
1055 1939 1348 2008 pauciores
1395 1949 1528 1996 tunc
1571 1943 1744 1998 exsti-

145 2020 299 2076 tisse.
335 2021 401 2076 Si
433 2023 730 2094 quisquam
766 2024 821 2080 id
853 2027 1061 2083 dixisse
1093 2031 1373 2099 putandus
1399 2041 1566 2097 esset,
1604 2033 1747 2089 inter

147 2112 265 2169 illos
311 2123 470 2172 certe
515 2116 876 2186 reperiretur,
919 2120 1014 2190 qui
1049 2123 1292 2193 episcopi
1342 2131 1398 2179 et
1443 2124 1744 2196 presbyteri

145 2206 372 2261 omina
397 2205 456 2260 in
481 2209 864 2278 apostolorum
887 2213 1108 2284 scriptis
1136 2214 1372 2273 confusa
1404 2233 1526 2273 esse
1548 2219 1743 2274 existi-

145 2297 396 2352 nabant.
434 2298 509 2352 At
551 2301 609 2354 hi
647 2301 753 2371 ipsi
781 2316 976 2359 omnes
1005 2315 1139 2362 tunc
1180 2323 1307 2362 cum
1347 2310 1574 2364 nomina
1608 2325 1746 2366 con-

149 2389 264 2444 fusa
294 2405 428 2446 esse
465 2392 847 2460 crediderunt,
896 2405 993 2451 aut
1023 2397 1219 2452 saltem
1266 2407 1394 2455 ante
1434 2401 1741 2457 secundum

151 2480 442 2547 saeculum,
486 2480 752 2536 dixerunt
784 2483 1009 2540 ordines
1047 2489 1164 2540 sive
1204 2487 1409 2556 gradus
1443 2487 1619 2544 fuisse
1658 2487 1744 2543 di-

149 2571 405 2640 stinctos,
452 2582 518 2629 ut
555 2589 659 2630 suo
703 2575 830 2632 loco
883 2577 1300 2635 demonstrabo.
1353 2579 1484 2636 Sine
1521 2589 1744 2636 contro—

147 2664 325 2720 versia
375 2666 550 2736 igitur
591 2683 739 2738 pono
782 2669 1072 2740 episcopos
1105 2671 1160 2727 in
1199 2672 1333 2728 Asia
1381 2681 1512 2730 tunc
1544 2673 1739 2742 fuisse,

137 2775 271 2814 cum
304 2760 561 2831 lgnatius
600 2763 668 2818 ad
713 2765 1041 2837 martyrium
1090 2763 1400 2822 festinaret.
1439 2765 1562 2822 Jam
1606 2781 1742 2824 vero

137 2853 219 2907 ita
266 2854 569 2925 episcopos
623 2857 712 2913 sui
761 2859 1027 2928 temporis
1069 2858 1332 2915 describit
1379 2860 1739 2930 epistolarum

135 2954 365 3013 auctor,
399 2948 477 3002 ita
511 2963 732 3020 semper
759 2949 826 3006 de
857 2951 924 3007 iis
959 2951 1227 3021 loquitur,
1265 2962 1326 3008 ut
1351 2952 1592 3009 dubitari
1626 2969 1740 3010 non

133 3039 341 3109 possit,
379 3041 520 3112 quin
561 3044 748 3098 omnia
796 3043 867 3098 ab
904 3058 973 3100 eo
1012 3044 1160 3100 dicta
1207 3045 1300 3099 illa
1333 3045 1452 3117 ipsa
1491 3055 1739 3118 tempora

1851 550 2035 606 omnia
2071 549 2221 606 illius
2247 550 2427 606 aetatis
2457 551 2661 620 scripta
2701 567 3111 622 percurramus,
3143 553 3278 608 nihil
3317 562 3428 608 tam

1852 644 2153 700 honoriﬁce
2184 644 2253 699 de
2298 659 2368 700 eo
2411 645 2607 700 ordine
2645 645 2854 702 dictum
2895 647 3258 718 reperiemus.
3308 645 3430 700 Non

1852 737 2017 809 igitur
2041 753 2163 794 eam
2195 747 2410 796 aetatem
2448 740 2563 796 hec
2592 739 2844 810 sapiunt;
2872 748 2928 796 et
2959 740 3219 796 deliraret
3247 753 3429 809 pane.

1851 826 1964 883 imo
1989 827 2259 885 insaniret
2289 829 2579 902 impostor,
2609 830 2707 900 qui
2737 830 2807 886 ad
2843 831 3186 902 tyrannidem
3215 831 3430 901 episco—

1850 936 2043 991 porum
2069 923 2500 978 confirmandam
2541 923 2625 995 (ut
2655 922 2833 978 voluit
2859 932 2981 992 post
3006 921 3267 979 Socinum
3301 920 3429 976 Dab

1849 1012 2030 1083 laus),
2063 1014 2178 1070 haec
2230 1015 2585 1086 excogitaret,
2642 1024 2700 1072 et
2759 1016 2928 1072 simul
2980 1008 3429 1088 presbyterorum

1849 1106 2256 1173 auctoritatem,
2285 1108 2398 1178 jam
2421 1108 2517 1162 diu
2545 1108 2872 1164 diminutam
2907 1118 3074 1178 atque
3103 1107 3427 1177 collapsam,

1848 1198 2138 1254 restituere
2161 1207 2217 1254 et
2249 1199 2626 1272 redintegrare
2647 1209 2964 1256 conaretur.
2985 1199 3229 1271 lgnatius
3252 1197 3430 1256 officia

1847 1291 2223 1347 ecclesiastica
2256 1291 2402 1346 unde
2429 1299 2486 1346 et
2531 1291 2854 1362 simpliciter
2895 1292 3014 1348 suis
3049 1291 3430 1348 functionibus

1847 1393 1903 1440 et
1929 1384 2245 1440 nominibus
2275 1384 2590 1456 distinguit,
2620 1393 2732 1441 tres
2757 1392 2971 1440 tantum
2995 1399 3186 1442 sacros
3208 1383 3430 1439 ordines

1847 1477 2115 1548 agnoscit,
2148 1477 2446 1546 unicuique
2479 1493 2639 1532 suum
2681 1477 2948 1532 honorem
2993 1485 3162 1546 atque
3191 1475 3432 1546 dignita-

1847 1575 1957 1622 tem
1987 1567 2198 1633 tribuit,
2236 1568 2368 1622 nulli
2407 1567 2634 1638 derogat
2659 1575 2718 1622 ut
2749 1567 2906 1624 alteri
2931 1567 3216 1631 inserviat,
3248 1565 3432 1621 omni-

1846 1659 1950 1715 bus
1973 1659 2340 1715 obedientiam
2375 1659 2745 1726 prazstandam
2775 1675 2898 1716 esse
2926 1659 3183 1730 a-populo
3218 1667 3428 1723 monet,

1847 1743 2016 1816 idque
2043 1745 2096 1799 in
2126 1761 2252 1802 eum
2283 1755 2494 1802 tantum
2522 1746 2710 1816 linem,
2740 1755 2802 1806 ut
2833 1748 3078 1807 schisma
3097 1746 3333 1806 evitetur
3375 1757 3433 1804 et

1848 1838 2032 1893 unitas
2056 1849 2437 1896 conservetur.

1940 1927 2196 1986 Secundo
2251 1931 2507 1988 observat
2559 1929 2832 1989 Eusebius
2889 1929 3160 2002 lgnatium
3209 1932 3432 1988 munire

1852 2022 2197 2094 potissimum
2221 2023 2480 2080 ecclesias
2501 2025 2766 2080 adversus
2791 2039 2891 2080 sua
2914 2032 3076 2080 aetate
3099 2023 3431 2094 pullulantes

1846 2124 1900 2171 et
1942 2116 2051 2171 late
2085 2125 2403 2187 grassantes
2451 2117 2724 2184 haereses;
2763 2115 2909 2186 quod
2957 2131 3082 2170 cum
3134 2115 3206 2170 sit
3246 2131 3342 2185 per
3371 2130 3432 2172 se

1848 2209 2146 2265 verisimile
2199 2210 2352 2279 (quid
2379 2209 2525 2264 enim
2549 2225 2612 2264 ca
2637 2210 3011 2264 admonitione
3041 2210 3429 2280 opportunius,

1844 2311 1940 2356 aut
1978 2302 2098 2358 viro
2138 2303 2441 2372 apostolico
2465 2302 2686 2374 dignius
2731 2301 2933 2373 fuit?),
2969 2318 3036 2358 ex
3065 2302 3152 2358 his
3182 2302 3430 2373 epistolis

1843 2395 2192 2451 verissimum
2247 2411 2371 2452 esse
2426 2397 2821 2466 comperimus.
2894 2395 3027 2452 Duae
3081 2396 3428 2466 potissimum

1843 2488 2082 2545 haereses
2109 2489 2176 2544 de
2197 2497 2391 2544 natura
2410 2488 2617 2544 Christi
2640 2504 2704 2544 ea
2735 2497 3060 2558 tempestate
3087 2487 3428 2556 obtinebant,

1841 2583 2136 2639 utveritati
2159 2582 2440 2638 catholicae
2462 2583 2536 2638 ita
2564 2591 2620 2637 et
2647 2581 2753 2639 sibi
2784 2582 2917 2654 ipsis
2945 2597 3173 2661 prorsus
3203 2591 3428 2638 contra-

1842 2675 1940 2731 riae
1969 2693 1986 2732 :
2022 2691 2257 2748 quarum
2308 2675 2480 2732 altera
2508 2674 2849 2755 Docetarum‘
2867 2674 2992 2743 fuit,
3021 2691 3054 2731 a
3091 2675 3431 2734 Simoniania

1842 2776 2131 2836 ortorum,
2207 2767 2462 2823 humanae
2508 2778 2719 2822 natura;
2771 2767 3054 2824 veritatem
3106 2769 3160 2822 in
3205 2765 3428 2823 Christo

1841 2860 2277 2928 destruentium;
2315 2861 2485 2917 altera
2505 2860 2912 2925 Ehionitarum,
2933 2859 3176 2915 divinam
3198 2874 3426 2932 prorsus

1844 2961 2097 3007 naturam
2146 2959 2202 3006 et
2246 2961 2508 3008 aeternam
2557 2952 2964 3022 generationem
3014 2951 3424 3021 denegantiutu,

1841 3041 2087 3113 legisque
2135 3042 2494 3098 caeremonias
2526 3043 2858 3114 urgentium.
2915 3041 3025 3098 llas
3051 3041 3214 3112 primi
3239 3041 3423 3097 saeculi

134 3132 474 3202 respiciant.
505 3131 646 3189 Nam
691 3135 903 3191 nudum
939 3150 1139 3191 nomen
1175 3135 1341 3192 oﬂicii
1385 3152 1483 3193 seu
1528 3137 1742 3194 ordinis
1765 3167 1814 3228 ο
1845 3133 2083 3190 haereses
2129 3134 2341 3204 antiqui
2393 3134 2692 3204 scriptores
2747 3141 3055 3203 agnoscunt
3059 3151 3102 3228 ξ-
3138 3130 3424 3205 lgnaliano

136 3224 320 3295 ponit,
353 3225 571 3280 nullum
605 3226 714 3281 illis
753 3227 1166 3284 insolentiorem
1199 3228 1423 3286 titulum
1451 3229 1736 3297 attribuit;

133 3331 251 3371 non
275 3317 600 3390 ἀρχιερέας,
633 3329 728 3374 aut
759 3319 960 3392 ἱερέας,
994 3336 1104 3377 non
1134 3321 1420 3393 ἄρχοντας,
1451 3331 1512 3377 ut
1533 3321 1736 3393 posteri

134 3409 422 3477 solebant,
463 3411 722 3481 appellat.
779 3409 939 3467 Nulla
982 3413 1129 3485 apud
1170 3429 1297 3469 eum
1341 3413 1414 3469 de
1459 3413 1739 3474 cathedris

136 3504 378 3568 mentio,
430 3503 583 3557 nulla
625 3502 694 3558 de
741 3505 1114 3572 ordinatione,
1161 3515 1257 3562 aut
1302 3507 1592 3573 electione,
1643 3517 1738 3563 aut

137 3596 526 3652 successione.
572 3593 734 3652 Nulla
784 3597 874 3652 hic
928 3598 1260 3669 episcopalis
1302 3600 1540 3670 alicujus
1590 3601 1739 3656 sedis

139 3689 517 3760 prarogativa
568 3689 924 3760 depingitur;
984 3691 1134 3746 nulla
1189 3692 1258 3746 ad
1308 3693 1598 3747 ecclesiam
1637 3693 1740 3747 ali-

136 3795 302 3850 quam
339 3794 459 3850 prae
490 3777 616 3833 aliis
651 3779 945 3849 appellatio
993 3789 1372 3847 memoratur;
1420 3780 1570 3834 nulla
1610 3780 1740 3834 ohe-

137 3870 384 3936 dientia,
444 3869 558 3926 nisi
607 3885 672 3926 ea
718 3886 846 3940 quae
907 3871 1218 3927 necessaria
1260 3877 1348 3927 est
1397 3871 1464 3925 ad
1513 3869 1736 3925 vitanda

138 3963 444 4018 schismata
465 3971 522 4018 et
547 3961 807 4018 Ecclesiae
823 3963 1090 4018 unitatem
1113 3963 1572 4027 conservandam,
1592 3977 1735 4032 pras-

137 4049 356 4126 cipitur.
413 4054 778 4126 Presbyteros
823 4056 1043 4110 interim
1096 4070 1209 4110 non
1262 4054 1540 4125 deprimit,
1594 4068 1737 4125 quos

136 4163 352 4218 semper
402 4147 686 4217 episc0pis
736 4147 1024 4219 adjungit;
1077 4161 1272 4202 eorum
1311 4145 1630 4216 dignitatem
1678 4153 1736 4202 et

135 4242 531 4297 auctoritatem
591 4241 872 4311 praedicat,
920 4256 987 4296 ac
1035 4239 1442 4296 studiosissime
1497 4245 1730 4294 tuetur:

135 4334 629 4408 Θεοπρεπέστατον
661 4343 715 4390 et
757 4333 1167 4405 ἀξιονόμαστον,
1201 4341 1258 4388 et
1282 4331 1380 4385 τοῦ
1419 4330 1555 4385 Θεοῦ
1583 4328 1735 4397 ἄξιον

135 4432 540 4503 πρεσϐυτέριον
556 4439 737 4493 vocat,
765 4431 845 4492 εἰς
863 4429 1028 4483 τόπον
1061 4426 1340 4499 συνεδρίω
1363 4425 1473 4479 τῶν
1499 4423 1738 4480 ἀποστό-

1843 3240 1961 3279 αινο
1991 3225 2226 3280 nimium
2261 3224 2508 3296 viguisse
2535 3239 2730 3280 omnes
2759 3222 3024 3280 fatentur.
3059 3221 3216 3279 Unde
3245 3223 3416 3279 Theo-

1839 3317 2071 3373 doretus
2101 3317 2177 3373 ita
2226 3313 2608 3370 Ha'reticarum
2635 3315 2940 3385 fabularum
2982 3317 3157 3372 libros
3187 3317 3422 3388 partitus

1836 3417 1940 3476 est,
1973 3418 2032 3464 ut
2061 3409 2274 3480 primus
2296 3424 2392 3466 eos
2419 3409 2514 3480 qui
2535 3410 2766 3465 alterum
2794 3418 3102 3466 creatorem
3135 3409 3424 3464 conﬁnxe-

1837 3509 1988 3569 runt,
2019 3500 2240 3574 δοκήσει
2271 3501 2328 3555 δὲ
2360 3502 2596 3572 φανῆναι
2625 3500 2718 3554 τὸν
2750 3501 2957 3573 Κύριον
2988 3502 3068 3564 εἰς
3099 3499 3422 3573 ἀνθρώπους

1835 3591 2066 3662 ἔφασαν,
2104 3591 2378 3648 secundus
2408 3601 2590 3646 autem
2636 3591 2760 3646 illos
2804 3592 2900 3662 qui
2934 3589 3088 3662 ψιλὸν
3132 3589 3421 3661 ἄνθρωπον

1834 3681 1927 3737 τὸν
1946 3681 2151 3754 Κύριον
2180 3682 2650 3755 προσηγόρευσαν,
2679 3681 3153 3752 complecteretur.
3178 3678 3254 3734 De
3279 3679 3422 3750 prio-

1837 3776 1994 3830 ribus
2024 3773 2392 3846 Hieronymus
2473 3779 2723 3837 adversus
2749 3777 3115 3848 Luciferianoa
3153 3789 3180 3822 .-
3210 3789 3231 3822 ι
3273 3771 3420 3840 Apo-

1836 3865 1997 3921 stolis
2022 3865 2205 3921 adhuc
2238 3865 2292 3919 in
2321 3865 2524 3921 saeculo
2553 3863 2970 3933 superstitibus,
2999 3862 3142 3932 apud
3174 3861 3420 3917 Iudaeam

1834 3957 2048 4013 Christi
2092 3956 2364 4028 sanguine
2413 3955 2642 4019 recenti,
2683 3955 3008 4025 phantasma
3041 3951 3259 4007 Domini
3292 3967 3420 4007 cor-

1836 4066 1939 4123 pus
1968 4050 2339 4108 asserebatur.
2375 4068 2394 4102 ι
2437 4048 2510 4106 De
2540 4049 2800 4106 secundis
2845 4047 2987 4106 idem
3037 4047 3091 4100 in
3121 4046 3416 4118 Catalogo:

1841 4160 1862 4198 ι
1901 4141 2146 4199 Joannes
2184 4143 2468 4213 apostolus
2515 4142 2854 4198 novissimus
2905 4141 3153 4196 omnium
3198 4141 3422 4209 scripsit

1834 4234 2218 4306 Evangelium,
2265 4243 2493 4306 rogatus
2523 4234 2592 4289 ah
2635 4234 2781 4290 Asite
2827 4233 3102 4304 episcopis
3153 4232 3422 4288 adversus

1833 4327 2159 4384 Corinthum
2215 4328 2464 4398 aliosque
2523 4327 2846 4395 haereticos,
2898 4334 2952 4383 et
3001 4326 3239 4383 maxime
3288 4334 3420 4379 tunc

1834 4419 2220 4477 Ebionitarum
2245 4420 2442 4490 dogma
2475 4435 2838 4491 consurgens,
2866 4419 2962 4490 qui
2984 4427 3242 4477 asserunt
3258 4417 3420 4477 Chri-

131 4521 240 4575 ὶων
270 4523 538 4588 collocat,
580 4521 744 4592 νόμον
785 4517 960 4591 Ἰησοῦ
988 4517 1227 4591 Χριστοῦ
1273 4517 1550 4588 indigitat,
1587 4514 1738 4581 ἀξιό-

1843 4522 1988 4568 stum
2013 4523 2140 4568 ante
2163 4511 2391 4568 Mariam
2417 4526 2528 4567 non
2547 4509 2741 4568 fuisse.
2777 4530 2796 4564 ι
2839 4510 2991 4578 Quas
3013 4511 3176 4566 etiam
3200 4511 3255 4565 in
3287 4510 3419 4567 Asia

131 4613 335 4668 πλοκον
356 4611 737 4684 πνευματικὸν
761 4611 1023 4680 στέφανον
1046 4608 1440 4681 πρεσϐυτερίου
1470 4606 1730 4672 celebrat,

132 4716 193 4760 ut
216 4707 298 4762 eis
327 4705 600 4761 obediant
612 4702 915 4760 Christiani
944 4700 1342 4773 ἀπερισπάστῳ
1367 4699 1578 4773 διανοίᾳ
1601 4714 1735 4754 sua-

129 4796 246 4852 det.
281 4794 450 4851 Unde
482 4793 648 4850 Walo
688 4793 1017 4850 Messalinus
1047 4813 1061 4849 :
1105 4810 1126 4845 ι
1166 4791 1289 4860 Quo
1325 4792 1566 4862 primum
1593 4800 1730 4846 tem-

133 4904 266 4957 pore
297 4895 527 4956 caeptos
555 4895 641 4942 est
677 4885 1032 4956 episcopatus
1074 4884 1385 4955 superstrui
1422 4897 1488 4937 ac
1531 4899 1729 4955 super-

133 4981 260 5050 poni
305 4979 716 5051 presbyteratui
746 4979 1014 5052 scriptum
1056 4977 1189 5033 illud
1224 4977 1519 5047 prodiisse,
1549 4977 1601 5032 id
1637 4993 1730 5032 ar-

129 5083 402 5141 gumento
457 5080 564 5138 est,
606 5072 755 5142 quod
810 5071 887 5126 ita
939 5070 1315 5142 episcopatum
1373 5069 1612 5134 extollit,
1670 5079 1729 5126 ut

135 5167 495 5240 presbyteros
524 5182 634 5221 non
675 5165 966 5236 deprimat.
1007 5165 1177 5220 Suam
1215 5163 1361 5220 enim
1398 5162 1509 5218 illis
1551 5163 1730 5234 digni-

133 5269 300 5318 tate
339 5269 662 5330 conservat,
694 5276 859 5331 quam
896 5260 951 5316 in
986 5259 1166 5331 prima
1199 5256 1443 5314 Ecclesia
1475 5256 1730 5312 obtinue-

133 5366 282 5420 runt,
326 5356 469 5410 dum
516 5353 625 5411 illis
669 5361 932 5425 tanquam
964 5353 1230 5425 apostolis
1275 5349 1409 5421 ipsis
1458 5350 1724 5405 honorem

131 5459 254 5500 esse
297 5443 620 5499 habendum
659 5445 1002 5513 pronuntiat,
1036 5452 1092 5498 et
1129 5443 1310 5499 locum
1347 5444 1725 5515 apostolorum

134 5547 320 5596 tenere
351 5533 614 5596 aﬂirmat.
655 5557 676 5592 ι
712 5538 784 5594 At
809 5538 1025 5596 labente
1065 5539 1228 5595 tertio
1255 5540 1479 5606 saeculo,
1512 5546 1608 5594 aut
1639 5539 1725 5592 in-

131 5645 298 5688 eunte
337 5641 566 5703 quarto,
611 5632 1022 5703 presbyteratus
1065 5632 1390 5696 auctoritas,
1439 5631 1606 5687 etiam
1645 5631 1724 5686 l'a-

134 5724 378 5780 tentibus
413 5723 772 5789 adversariis,
815 5723 973 5780 valde
1010 5733 1130 5778 erat
1173 5725 1486 5780 imminuta.
1529 5721 1724 5780 Nullus

134 5824 252 5871 erat
284 5823 420 5872 tunc
443 5814 501 5872 iu
523 5815 654 5873 orbe
683 5815 1000 5874 Christiano
1028 5817 1477 5888 presbyterorum
1498 5832 1725 5876 conses-

1836 4605 2077 4660 maxime
2109 4603 2353 4676 viguisse
2398 4604 2658 4661 observat
2696 4603 3038 4676 Epiphanius
3091 4603 3285 4660 haeresi
3325 4601 3416 4659 Si:

1836 4695 2004 4752 Ἔνθα
2029 4696 2140 4769 γὰρ
2171 4696 2263 4750 τὸν
2285 4697 2523 4768 Χριστὸν
2553 4697 2619 4750 ὲκ
2646 4695 2992 4768 παρατριθῆς
3026 4693 3178 4766 ψιλὸν
3205 4695 3420 4768 ἄνθρω-

1843 4804 1936 4843 nov
1970 4789 2269 4862 ἐκήρυττεν
2300 4791 2331 4844 ὁ
2361 4789 2553 4844 Έϐιων
2584 4788 2677 4842 καὶ
2704 4787 3040 4860 ὁΚήρινθος,
3074 4787 3169 4842 καὶ
3193 4789 3244 4842 οἱ
3278 4790 3418 4860 ἀμφ’

1835 4882 2064 4947 αὐτοὺς,
2099 4882 2244 4953 φημὶ
2274 4882 2331 4937 δὲ
2362 4883 2421 4936 ὲν
2451 4885 2518 4954 τῇ
2562 4882 2738 4953 Ἀσίᾳ.
2784 4881 3027 4952 lgnatius
3059 4898 3186 4937 cum
3217 4899 3248 4938 a
3272 4884 3420 4950 schis-

1833 4973 2147 5031 smaticiset
2161 4973 2432 5031 haereticis
2463 4989 2681 5044 semper
2711 4974 3018 5028 cavendum
3048 4989 3172 5030 esse
3199 4974 3415 5045 doceat,

1830 5068 1932 5124 has
1961 5069 2236 5139 praecipue
2285 5070 2522 5125 haereses
2575 5068 2728 5139 petit,
2771 5067 2897 5123 illas
2946 5066 3286 5138 frequenter,
3323 5083 3416 5122 se-

1827 5161 1960 5218 dulo
1992 5171 2048 5218 et
2076 5173 2263 5233 aperte
2287 5159 2416 5218 ferit
2444 5179 2458 5216 :
2499 5161 2741 5230 priorem
2780 5158 3110 5215 Docetarum
3139 5198 3157 5225 ,
3185 5175 3218 5215 a
3247 5159 3419 5215 disci-

1830 5257 1976 5326 pulis
1998 5255 2281 5312 Menandri
2310 5265 2441 5311 tunc
2465 5254 2731 5325 temporis
2760 5252 3198 5320 disseminatam,
3226 5264 3414 5322 atque,

1827 5357 1891 5404 ut
1919 5348 2184 5406 credibile
2217 5357 2323 5414 est,
2371 5363 2404 5402 a
2430 5345 2712 5402 Saturnilo
2740 5345 2882 5416 apud
2907 5344 3257 5400 Antiochiam
3298 5345 3414 5414 jam

1827 5450 1946 5498 tum
1976 5440 2260 5497 defensam
2280 5482 2296 5509 ,
2321 5439 2554 5511 epistola
2584 5438 2651 5494 ad
2680 5437 2994 5510 Smyrnzeos
3018 5446 3182 5506 atque
3213 5434 3419 5492 Tralle-

1827 5534 1944 5591 sios
1974 5533 2189 5604 jugulat
2215 5549 2229 5586 :
2265 5533 2493 5589 alteram
2521 5531 2592 5588 ab
2618 5529 2829 5588 Ebione
2860 5529 3160 5599 profectam
3195 5528 3414 5599 lateque

1829 5643 1925 5698 per
1953 5626 2232 5682 Orientem
2268 5640 2517 5696 sparsam
2556 5623 2790 5695 epistola
2820 5623 2889 5678 ad
2921 5621 3308 5692 Polycarpum,
3343 5623 3416 5678 ad

1830 5719 2121 5791 Ephesios,
2161 5717 2545 5792 Magnesianos
2606 5726 2662 5772 et
2684 5713 3146 5788 Philadelphenos
3187 5713 3408 5769 refellit.

1827 5813 2031 5872 Praeter
2077 5815 2180 5870 bas
2212 5812 2350 5870 duas
2377 5812 2614 5870 haereses
2658 5810 2866 5866 nullam
2907 5809 3134 5868 omnino
3159 5808 3406 5880 attingit:
