3848 6204
435 339 553 396 ³175
1471 337 1528 393 S.
1568 333 1917 394 IGNATIUS.
1953 363 2026 376 -—
2058 329 2597 389 PROLEGOMENA.
3615 323 3730 381 πυ

445 455 716 528 quidquid
761 455 816 509 in
843 453 934 516 his
963 453 1216 526 epistolis
1243 453 1312 510 de
1341 453 1664 524 particulari
1710 453 1894 522 aliqua
1923 451 2036 505 hae-
2064 455 2110 511 Α
2136 449 2315 504 virum
2340 447 2702 519 apostolicum
2725 443 3029 501 doctrinam
3051 441 3440 514 evangelicam,
3461 455 3631 512 quam
3653 443 3730 497 ab

438 562 614 605 retica
657 549 907 604 doctrina
955 549 1221 618 scriptum
1270 556 1374 613 est,
1411 546 1478 602 ad
1508 561 1698 602 earum
1730 559 1896 600 unam
1932 558 2025 599 re-
2130 542 2400 612 apostolis
2427 555 2654 611 quoquo
2681 537 2849 593 modo
2871 543 3178 608 acceperat,
3216 533 3466 605 epistolis
3483 534 3604 588 suis
3628 548 3728 588 re-

439 643 574 699 ferri
613 650 670 697 et
702 651 885 713 potest
915 651 971 696 et
994 641 1175 696 debet.
1219 638 1344 695 Haec
1381 640 1550 711 igitur
1586 638 1771 694 omnia
1802 636 2024 705 etﬁdei,

441 748 498 793 et
523 737 819 802 doctrinm,
856 745 909 791 et
958 735 1192 806 tempori
1245 733 1305 790 8.
1331 733 1528 806 lgnatii
1573 734 1783 805 Optime
1821 746 2026 788 conve-

442 831 624 885 niunt.
670 829 803 884 Erat
828 839 978 885 certe
1024 828 1266 900 lgnatius
1307 829 1451 884 inter
1478 844 1595 893 eos,
1625 828 1720 899 qui
1741 826 2026 882 Christum

445 923 790 992 ἑθεολόγουν,
843 931 902 978 ut
960 924 1218 980 catholici
1283 923 1433 980 illius
1502 923 1678 979 aetatis
1729 921 2024 978 faciebant.

442 1015 580 1071 Nam
603 1018 696 1088 qui
727 1017 1044 1088 religionem
1074 1028 1321 1074 nostram
1348 1019 1727 1086 deseruerant,
1759 1015 2029 1074 referente

442 1106 643 1177 Plinio,
667 1128 686 1161 ι
713 1110 1056 1167 allirmabant
1081 1113 1224 1168 hanc
1247 1113 1419 1169 fuisse
1449 1128 1724 1170 summam
1747 1113 1831 1170 vel
1855 1113 2030 1183 culpa:

445 1219 583 1273 suae,
624 1205 711 1261 vel
753 1205 980 1272 erroris,
1018 1204 1167 1276 quod
1197 1214 1385 1262 essent
1427 1207 1570 1262 soliti
1613 1215 1758 1263 stato
1784 1206 1873 1261 die
1900 1215 2029 1262 ante

447 1299 623 1354 lucem
671 1300 988 1367 convenire,
1039 1314 1374 1370 carmenque
1407 1300 1650 1369 Christo,
1688 1300 1847 1371 quasi
1890 1299 2025 1369 Deo,

443 1393 626 1448 dicere
655 1406 842 1448 secum
874 1393 1130 1448 invicem.
1164 1411 1183 1446 ι
1240 1391 1312 1448 Ut
1339 1403 1486 1448 recte
1516 1394 1829 1450 observavit
1867 1403 2028 1452 vetns

441 1485 532 1540 ille
573 1495 768 1542 auctor
811 1486 956 1558 apud
1000 1487 1298 1544 Eusebium
1343 1489 1382 1543 1.
1411 1505 1465 1555 v,
1506 1504 1555 1545 c.
1579 1490 1688 1544 28:
1721 1489 1944 1562 Ψαλμοὶ
1971 1489 2027 1545 δὲ

439 1578 554 1633 ὅσοι
587 1581 682 1633 καὶ
727 1580 864 1651 ᾠδαὶ
914 1579 1160 1650 ἀδελφῶν
1193 1582 1452 1654 ἀπαρχῆς
1499 1583 1604 1636 ὑπὸ
1637 1583 1845 1638 πιστῶν
1893 1602 2031 1655 γρα-

441 1675 626 1741 φεῖσαι
678 1673 770 1727 τὸν
816 1673 990 1743 Λόγον
1039 1672 1135 1727 τοῦ
1181 1674 1318 1728 Θεοῦ
1368 1675 1462 1730 τὸν
1508 1676 1742 1749 Χριστὸν
1797 1677 2028 1749 ὑμνοῦσι

327 1843 334 1852 ί
440 1766 842 1837 θεολογοῦντες.
905 1787 924 1820 ι
964 1767 1168 1823 Psalmi
1209 1779 1264 1824 et
1295 1770 1506 1824 cantica
1563 1771 1818 1839 fratrum,
1871 1789 2024 1844 qua:-

441 1878 661 1932 cunquc
704 1862 772 1918 ab
801 1861 961 1918 initio
993 1879 1023 1918 a
1057 1863 1309 1920 fidelibus
1340 1865 1648 1936 conscripta
1685 1876 1834 1936 sunt,
1862 1866 2028 1924 Chri-

442 1965 586 2013 stum
620 1954 857 2011 Verbum
887 1955 982 2012 Dci
1013 1956 1417 2024 concelebrant,
1449 1957 1790 2015 divinitatem
1821 1961 1871 2016 ei
1904 1960 2011 2016 tri-

440 2048 677 2103 buendo.
715 2049 742 2102 t’
771 2047 850 2104 lla
875 2049 1093 2119 quidem
1122 2050 1363 2121 lgnatius
1392 2051 1715 2122 simpliciter
1741 2052 2025 2110 Christum

443 2144 613 2196 Deum
643 2141 898 2210 appellat,
931 2149 990 2194 ut
1014 2138 1182 2211 Epist.
1213 2140 1283 2196 ad
1315 2139 1627 2214 Smyrnaeos
1648 2161 1661 2198 :
1681 2143 1900 2211 Δοξάξω
1934 2146 2030 2218 Ἰη-

441 2233 572 2289 σοῦν
605 2233 843 2306 Χριστὸν
873 2233 966 2288 τὸν
998 2234 1154 2300 Θεόν,
1187 2244 1242 2291 et
1278 2253 1292 2290 :
1344 2235 1768 2310 Ὑποδεξάμενοι
1801 2240 1877 2304 ὼς
1909 2240 2028 2294 δια-

441 2326 631 2390 κόνους
646 2325 883 2398 Χριστοῦ
901 2325 1059 2404 Θεοῦ,
1086 2327 1153 2380 ad
1178 2325 1542 2399 Polycarpum
1575 2348 1588 2384 :
1626 2331 1714 2384 Ἐν
1731 2331 1849 2403 Θεῴ
1873 2333 2029 2404 ἡμῶν

454 2415 630 2490 Ἰησοῦ
647 2419 690 2471 Χ
702 2417 888 2489 ριστῷ,
909 2417 974 2472 ad
993 2415 1256 2487 Ephesios
1275 2436 1288 2470 :
1307 2417 1364 2472 ὐ
1381 2418 1489 2491 γὰρ
1501 2419 1631 2484 Θεὸς
1653 2419 1808 2492 ἡμῶν
1825 2423 2030 2495 Ἰησοῦς

439 2514 470 2566 ὁ
497 2509 732 2584 Χριστὸς
783 2510 1125 2583 ὲκυοφορήθη
1184 2511 1288 2565 ὑπὸ
1320 2513 1536 2586 Μαρίας
1557 2553 1570 2576 ,
1607 2515 1674 2569 ad
1707 2513 2024 2573 Romanos:

442 2595 603 2651 Κατά
654 2597 838 2652 πίστιν
888 2598 985 2652 καὶ
1041 2597 1266 2671 ἀγάπην
1312 2599 1407 2654 τοῦ
1462 2603 1702 2673 Χριστοῦ
1755 2604 1849 2658 τοῦ
1894 2605 2029 2661 Θεοῦ

442 2688 624 2760 ἡμῶν.
656 2688 791 2745 Post
833 2700 1014 2746 autem
1046 2701 1321 2762 receptam
1357 2694 1410 2748 in
1443 2693 1688 2751 Ecclesia
1719 2696 2027 2753 doctrinam

443 2780 802 2847 Platonicam,
834 2791 948 2838 tum
983 2785 1212 2839 secundi
1252 2793 1368 2840 tum
1401 2787 1545 2841 tertii
1579 2789 1762 2844 saeculi
1794 2790 2028 2861 scripto-

443 2891 535 2932 res
581 2892 690 2931 non
723 2875 867 2932 soliti
913 2887 1043 2932 sunt
1078 2876 1214 2932 adeo
1256 2878 1583 2948 simpliciter
1618 2879 1902 2936 Christum
1938 2880 2030 2934 τὸν

443 2967 584 3023 Θεὸν
614 2968 818 3038 ubique
853 2969 1174 3039 praedicare,
1217 2977 1280 3025 ut
1314 2969 1429 3026 haec
1477 2970 1638 3042 plane
1689 2969 2027 3042 lgnatianam

443 3068 661 3115 atatem
697 3059 932 3130 sapiant.
970 3057 1279 3131 Objiciebat
1317 3061 1615 3131 aliquando
1639 3059 1870 3119 Photius
1901 3061 2028 3119 Cle-

445 3151 617 3206 menti
645 3149 896 3205 Romano
937 3167 952 3204 :
989 3151 1110 3204 Ὅτι
1167 3151 1427 3222 ἀρχιερέα
1461 3151 1554 3204 καὶ
1589 3153 1897 3223 προστάτην
1938 3151 2030 3205 τὺν

443 3241 649 3316 Κύριον
683 3242 838 3315 ήμῶν
874 3241 1083 3313 Ἰησοῦν
1115 3242 1350 3314 Χριστὸν
1383 3241 1742 3314 ἐξονομάζων,
1778 3242 1898 3296 οὐδὲ
1927 3242 2028 3307 τὰς

445 3335 771 3408 θεοπρεπεῖς
794 3335 888 3388 καὶ
910 3334 1247 3407 ὑψηλοτέρας
1275 3336 1454 3406 ἀφῆκε
1479 3336 1605 3407 περὶ
1632 3336 1797 3390 αὐτοῦ
1825 3355 1937 3407 φων
1949 3337 2037 3410 de;

453 3450 472 3482 ι
508 3428 666 3496 Quod
701 3445 978 3485 summum
1015 3430 1358 3484 sacerdotem
1409 3429 1807 3500 praesidemque
1848 3430 2032 3484 Domi-

447 3540 578 3578 num
632 3531 886 3578 nostrum
918 3520 1105 3578 Jcsum
1136 3520 1418 3577 Christum
1470 3523 1772 3593 appellans,
1808 3538 1877 3577 ne
1909 3521 2032 3578 illas

446 3616 669 3687 quidem
731 3614 844 3669 Deo
893 3614 1282 3670 convenientes
1336 3623 1390 3669 et
1445 3614 1795 3674 sublimiores
1846 3614 1914 3670 de
1966 3629 2032 3670 eo

381 3701 395 3727 '
447 3724 613 3765 voces
651 3708 1114 3779 pronuntiaverit.
1145 3727 1164 3760 ι
1222 3706 1290 3761 Ει
1329 3707 1584 3763 secundae
1621 3706 1743 3777 ejus
1785 3705 2033 3777 epistola

449 3802 634 3856 minus
673 3807 907 3869 recepta
938 3798 1044 3854 hoc
1085 3798 1482 3854 adminiculum
1521 3798 1762 3862 adhibet,
1795 3797 1942 3869 quod
1972 3798 2031 3851 ἐν

445 3894 589 3966 ἀρχῇ
620 3892 855 3964 Χριστὸν
885 3887 976 3942 τὸν
1009 3889 1142 3942 Θεὸν
1194 3889 1446 3964 κηρύσσῃ
1472 3930 1487 3954 ,
1543 3908 1561 3939 ι
1600 3889 1654 3942 in
1706 3889 1826 3960 ipso
1875 3887 2033 3944 initio

445 3980 730 4034 Christum
760 3978 928 4033 Deum
957 3977 1233 4049 praedicet.
1267 3999 1285 4031 ι
1326 3977 1511 4032 Prima
1545 3979 1692 4033 enim
1727 3979 1874 4036 illius
1902 3977 2032 4049 Epi-

447 4071 602 4127 stola!
623 4071 788 4125 verba
818 4078 984 4125 sunt:
1023 4068 1289 4138 Ἀδελφοὶ,
1322 4068 1495 4133 οὕτως
1521 4069 1602 4123 δεῖ
1633 4071 1781 4141 ἡμᾶς
1815 4071 2033 4140 φρονεῖν

446 4162 581 4234 περὶ
627 4161 801 4234 Ἰησοῦ
832 4161 1089 4236 Χριστοῦ,
1126 4162 1203 4226 ὡς
1237 4161 1365 4235 περὶ
1397 4161 1555 4226 Θεοῦ,
1608 4181 1626 4213 ι
1667 4160 1920 4228 Fratres,
1955 4161 2031 4216 ita

447 4258 667 4320 oportet
695 4265 795 4305 nos
823 4251 890 4305 de
914 4249 1135 4305 Christo
1167 4251 1393 4316 sentire,
1424 4261 1485 4304 ut
1510 4251 1578 4305 de
1611 4249 1739 4306 Deo.
1768 4270 1787 4303 ι
1829 4249 2032 4307 Primis

447 4345 635 4412 itaque
686 4341 946 4398 Ecclesia:
1000 4342 1342 4414 temporibus
1398 4342 1543 4397 hanc
1607 4342 2031 4412 appellationem

449 4437 690 4491 maxime
720 4436 1134 4490 convenientem
1163 4434 1377 4505 putavit
1404 4435 1648 4504 optimus
1669 4448 1864 4488 censor
1883 4433 2033 4488 Pho-

2127 643 2515 705 praasentasse,
2532 642 2587 687 et
2609 632 2882 688 Ecclesias
2909 640 2972 686 ut
2995 630 3072 685 illi
3092 629 3454 692 adhaererent,
3472 626 3731 696 impense

2127 743 2357 799 rogasse
2376 745 2392 782 :
2409 727 2650 796 seipsum
2669 725 2816 780 enim
2840 723 2975 779 satis
3002 722 3242 792 explicat
3265 718 3555 784 Eusebius,
3582 718 3726 773 dum

2127 821 2417 892 proﬁtetur
2453 834 2513 876 se
2556 833 2654 874 eos
2701 815 3082 872 tantummodo
3133 821 3726 878 commemoraturum,

2129 916 2185 971 in
2224 929 2460 985 quorum
2497 912 2876 968 monumentis
2929 907 3322 978 ’Δποστολικῆς
3367 905 3727 970 διδασκαλίας

2129 1007 2436 1080 παράδοσις
2496 1006 2762 1078 φέρεται,
2822 1022 2843 1057 ι
2877 1011 2957 1068 ut,
2988 1002 3140 1057 verbi
3189 1002 3386 1072 gratia,
3434 998 3632 1070 lgnatii
3665 1010 3728 1054 et

2129 1100 2456 1167 Clementis;
2489 1118 2507 1151 ι
2565 1113 2795 1170 prorsus
2826 1095 2905 1152 uti
2942 1096 3188 1166 loquitur
3230 1091 3471 1146 Irenazus
3495 1091 3567 1145 de
3592 1089 3727 1144 (lle-

2129 1191 2336 1247 mentis
2365 1189 2621 1260 epistola,
2652 1203 2817 1258 quam
2865 1185 3017 1240 misit
3053 1182 3298 1238 Ecclesia
3343 1179 3593 1234 Romana
3646 1179 3722 1234 ad

2121 1281 2452 1340 Corinthios
2471 1321 2486 1346 ,
2535 1277 2838 1334 ἀνανεοῦσα
2885 1276 2986 1348 τὴν
3035 1275 3222 1329 πίστιν
3271 1271 3474 1334 αὐτῶν,
3507 1269 3604 1323 καὶ
3649 1269 3726 1341 ἢν

2127 1371 2325 1425 νεωστὶ
2357 1371 2468 1425 ἀπὸ
2495 1370 2604 1424 τῶν
2635 1367 2948 1423 ἀποστόλων
2977 1364 3282 1438 παράδοσιν
3309 1363 3544 1432 εἰλήφει,
3578 1379 3600 1412 ι
3629 1375 3726 1416 I'I.b

2129 1475 2336 1532 parans
2359 1461 2520 1517 ﬁdem
2551 1474 2768 1520 eorum,
2797 1466 2855 1513 et
2877 1472 3042 1528 quam
3077 1457 3130 1510 in
3160 1454 3366 1511 recenti
3395 1454 3467 1508 ab
3495 1462 3727 1523 aposto-

2131 1556 2202 1612 lis
2245 1561 2570 1625 receperant
2617 1551 2994 1607 traditionem.
3026 1567 3046 1602 ι
3107 1546 3179 1604 Ut
3223 1547 3391 1619 igitur
3416 1545 3724 1602 Clementis

2129 1645 2363 1718 epistola
2419 1643 2866 1716 promptuarium
2911 1656 3023 1696 non
3062 1648 3149 1695 est
3197 1637 3555 1694 traditiouum
3607 1651 3722 1691 non

2131 1735 2490 1806 scriptarum,
2529 1735 2602 1788 ita
2645 1748 2746 1788 nec
2785 1731 3003 1802 lgnatii.
3048 1727 3242 1784 Nullas
3261 1727 3356 1783 ille
3389 1727 3724 1782 traditiones

2056 1811 2101 1868 Β
2131 1843 2241 1885 non
2273 1828 2532 1898 scriptas,
2572 1841 2714 1898 quas
2743 1825 2862 1881 sive
2891 1838 3038 1884 vere.
3071 1823 3188 1878 sive
3218 1820 3360 1877 falso
3383 1819 3723 1890 apostolicas

2128 1931 2354 1986 vocant,
2400 1921 2564 1976 nobis
2607 1921 2662 1975 in
2695 1918 2951 1992 genuinis
2991 1916 3238 1987 epistolis
3286 1914 3718 1970 commendavit.

2127 2012 2276 2070 Nihil
2319 2013 2388 2069 de
2427 2012 2603 2079 festis,
2643 2011 2782 2066 nihil
2817 2010 2885 2065 de
2913 2010 3074 2065 statis
3104 2007 3446 2078 jejuniorum
3497 2013 3722 2076 tempo-

2128 2106 2309 2172 ribus,
2339 2105 2479 2160 nihil
2507 2105 2575 2160 de
2607 2118 2759 2159 more
2783 2101 3070 2158 Paschalis
3110 2098 3446 2161 celebrandi,
3482 2097 3622 2152 nihil
3647 2096 3724 2152 de

2127 2197 2484 2254 Pentecostes
2507 2204 2603 2251 aut
2625 2194 2854 2250 Sabbati
2877 2191 3284 2259 observatione,
3315 2191 3451 2245 nihil
3479 2189 3724 2259 denimae

2127 2292 2198 2347 de
2225 2303 2560 2360 quocunque
2590 2288 2724 2354 ritu,
2773 2286 2937 2356 cujus
2967 2284 3273 2354 antiquitas
3305 2283 3364 2336 in
3394 2290 3723 2337 controver-

2129 2383 2272 2439 siam
2301 2380 2492 2435 venire
2521 2386 2722 2450 potest,
2751 2377 2941 2433 tradit.
2973 2374 3128 2429 'l'alia
3163 2373 3387 2444 quidem
3431 2371 3724 2442 quamplu-

2131 2475 2276 2530 rima
2319 2481 2434 2528 tum
2487 2471 2545 2526 in
2584 2469 3134 2541 interpolationibus,
3166 2477 3284 2522 tum
3332 2466 3386 2520 in
3416 2465 3558 2520 ﬁctis
3601 2465 3725 2534 epi—

2133 2566 2295 2623 stolis
2321 2565 2677 2635 reperiuntur
2709 2579 2723 2615 :
2752 2576 2934 2632 neque
2961 2559 3256 2631 quisquam
3282 2557 3410 2627 jure
3441 2556 3725 2610 allirmare

2128 2666 2312 2730 potest
2344 2664 2441 2712 aut
2485 2655 2714 2712 credere
2737 2693 2753 2718 ,
2800 2653 3162 2722 impostorem
3209 2648 3357 2704 tertii
3402 2646 3593 2703 δευουιί
3648 2645 3721 2700 ab

2127 2751 2390 2809 onibus
2441 2745 2762 2819 hujusmodi
2817 2744 3022 2800 ritibus
3075 2756 3176 2800 sua
3221 2747 3380 2795 aetate
3435 2736 3721 2806 usurpatis

2131 2844 2412 2899 abstinere
2442 2839 2707 2896 voluisse.
2756 2835 2906 2892 Nulli
2951 2835 3120 2906 igitur
3149 2847 3268 2890 aevo
3295 2832 3400 2888 nisi
3428 2830 3718 2902 lgnatiano

2129 2935 2249 2992 haec
2275 2932 2576 2991 convenire
2599 2932 2910 2987 videantur.

2201 3045 2411 3115 Quarto
2449 3045 2851 3101 charismatum
2896 3039 3152 3096 meminit
3204 3049 3336 3095 tunc
3377 3037 3432 3092 in
3467 3035 3717 3091 Ecclesia

2133 3141 2378 3196 maxime
2416 3138 2754 3204 florentium,
2794 3147 2849 3193 et
2874 3134 3117 3205 Spiritus
3163 3130 3339 3188 sancti
3377 3130 3445 3186 ad
3475 3143 3536 3185 se
3575 3143 3718 3183 nou-

2132 3248 2415 3304 nunquam
2461 3230 2760 3304 loquentis,
2816 3229 2962 3298 quod
2992 3225 3330 3297 posteriores
3377 3222 3560 3277 facere
3607 3237 3716 3276 non

2131 3325 2328 3381 solent.
2362 3321 2699 3378 Parcissime
2727 3320 2903 3374 utitur
2944 3316 3276 3372 testimoniis
3304 3314 3361 3368 S.
3389 3311 3716 3382 Scriptura.

2129 3414 2390 3471 Paulinas
2441 3413 2663 3484 quidem
2714 3408 2980 3480 epistolas
3025 3407 3230 3479 ubique
3279 3405 3547 3471 imitatur,
3597 3417 3721 3472 qua

2130 3523 2161 3564 a
2201 3506 2476 3577 principio
2528 3504 2585 3558 in
2639 3501 2890 3557 ecclesiis
2943 3499 3203 3554 omnibus
3256 3496 3409 3552 fuere
3452 3495 3722 3564 receptis-

2129 3601 2328 3665 simae;
2380 3596 2676 3667 Evangelia
2727 3594 2951 3664 parcius
2999 3592 3165 3656 citat,
3195 3603 3320 3660 qua:
3359 3585 3538 3642 serius
3572 3585 3721 3640 reei-

2128 3693 2422 3763 piebantur
2470 3697 2525 3744 et
2574 3703 2604 3742 a
2655 3687 2861 3757 spuriis
2918 3682 3430 3753 distinguebantur;
3483 3692 3724 3748 quaque

2133 3781 2363 3839 secundi
2422 3780 2610 3837 saeculi
2665 3779 2779 3848 jam
2848 3775 3018 3831 adulti
3083 3782 3140 3828 et
3207 3771 3357 3827 tertii
3423 3768 3724 3838 scriptores

2133 3874 2586 3946 frequentissime
2632 3871 2992 3941 usurpabant.
3025 3867 3208 3938 Ipsum
3269 3861 3589 3934 scriptionis
3631 3875 3726 3931 ge-

2132 3984 2240 4025 nus
2268 3981 2379 4022 non
2406 3967 2698 4021 minimum
2727 3969 2813 4019 cst
2841 3962 3088 4034 ejusdem
3117 3960 3216 4014 aevi
3255 3957 3542 4013 indicium.
3572 3952 3728 4008 Nihil

2131 4062 2189 4117 in
2247 4061 2335 4115 his
2381 4059 2631 4130 epistolis
2681 4066 3041 4120 extraneum,
3092 4051 3231 4108 nihil
3296 4064 3366 4105 ex
3409 4047 3730 4103 eruditione

2136 4152 2421 4224 gentilium
2445 4149 2784 4221 profectum;
2835 4146 3020 4202 omnia
3051 4143 3354 4199 doctrinam
3383 4153 3520 4210 pure
3551 4152 3729 4192 evan-

2134 4246 2362 4318 gelicam
2383 4287 2398 4310 ,
2428 4253 2482 4299 et
2514 4241 2922 4312 simplicitatem
2965 4236 3070 4292 viri
3109 4233 3396 4306 apostolici
3445 4231 3726 4286 redolent.

2133 4336 2238 4404 Qui
2269 4344 2457 4408 postea
2481 4337 2774 4406 scripsere,
2799 4331 3088 4386 doctorum
3114 4328 3257 4399 apud
3288 4332 3478 4396 gentes
3507 4331 3733 4377 senten-

2133 4432 2241 4487 tias
2281 4444 2584 4500 usurpare,
2641 4436 2695 4482 et
2733 4440 2927 4482 eorum
2974 4433 3370 4490 nonnunquam
3410 4417 3579 4471 etiam
3625 4415 3732 4469 do-

449 4529 595 4596 tins;
658 4544 723 4584 ea
775 4538 958 4583 autem
1021 4529 1185 4584 toties
1240 4528 1310 4582 ab
1357 4525 1567 4598 lgnatio
1625 4527 1875 4597 repetita,
1933 4542 2033 4582 nec
2064 4537 2111 4593 ι)
2140 4534 2322 4595 gmata
2349 4520 2679 4576 Christiana:
2713 4515 2968 4588 religioni
3003 4513 3316 4568 immiscere
3344 4510 3597 4565 solebant
3629 4525 3644 4560 :
3676 4509 3733 4563 id

449 4640 574 4680 cum
613 4623 739 4680 ullis
765 4622 1131 4695 posteriorum
1175 4621 1601 4676 limitationibus
1648 4621 1883 4691 prolata,
1934 4621 2032 4676 sed

449 4717 596 4772 nudo
645 4724 702 4770 et
746 4713 1069 4786 simpliciter
1115 4713 1321 4783 ubique
1383 4715 1675 4784 praedicata
1733 4713 2032 4768 maximam

449 4808 776 4864 venerandae
826 4807 974 4862 illius
1010 4805 1356 4876 antiquitatis
1396 4817 1452 4861 et
1482 4805 1858 4877 simplicitatis
1905 4821 2034 4877 spe-

451 4902 591 4956 ciem
619 4900 862 4956 exhibet.

525 4991 715 5048 Tertio
743 4991 1016 5048 Eusebius
1047 4991 1242 5062 lgnatil
1280 4990 1542 5062 epistolas
1570 4998 1723 5046 tanta
1751 5006 1876 5046 cum
1908 4992 2035 5046 dili-

461 5084 644 5156 gentia
686 5083 996 5154 descripsit,
1027 5084 1175 5153 quod
1201 5083 1306 5153 ipsi
1341 5083 1475 5137 visa:
1524 5083 1636 5138 sint
1682 5082 2034 5138 traditionem

451 5175 812 5247 apostolicam
842 5189 1199 5241 conservare,
1232 5172 1594 5246 προύτρεπεν,
1631 5173 1829 5244 inquit,
1867 5173 2037 5247 ἀπρὶξ

451 5269 672 5341 ιχεσθαι
703 5269 805 5340 τῆς
835 5267 945 5322 τῶν
968 5267 1281 5321 ἀποστόλων
1314 5267 1684 5340 παραδόσεως.
1710 5268 1828 5324 Hoc
1853 5277 2039 5324 autem

453 5363 865 5433 intelligendum
903 5378 1215 5427 monemus,
1245 5370 1307 5416 ut
1333 5362 1437 5431 ipsi
1476 5373 1693 5418 veteres
1724 5363 2038 5428 voluerunt,

455 5467 565 5506 non
594 5463 653 5508 ut
683 5454 874 5524 nuperi
904 5454 1199 5522 scriptores
1225 5454 1572 5525 intelligunt;
1606 5455 1765 5525 quasi
1794 5455 2038 5526 Ignatius

456 5545 672 5614 scriptis
706 5547 969 5601 mandare
1019 5547 1070 5600 in
1101 5547 1286 5601 animo
1317 5547 1572 5603 habuerit
1617 5547 1940 5603 traditiones
1971 5549 2040 5603 ab

455 5636 717 5705 apostolis
742 5647 1015 5709 acceptas,
1048 5655 1187 5708 quas
1215 5639 1292 5694 illi
1324 5640 1529 5711 scripto
1579 5641 1806 5695 minime
1851 5639 2040 5696 consi-

457 5736 756 5797 gnassent;
778 5731 919 5798 quod
956 5731 1290 5786 cardinalem
1315 5731 1636 5799 Baronium,
1669 5741 1722 5787 et
1744 5732 1881 5788 alios
1906 5733 2042 5787 adeo

456 5818 666 5877 lel'ellit.
707 5818 850 5877 Nihil
877 5821 1024 5878 aliud
1053 5823 1223 5880 voluit
1254 5821 1545 5890 Eusebius,
1574 5839 1738 5892 quam
1770 5825 2040 5897 lgnatium

2138 4627 2320 4671 autem
2352 4630 2418 4670 ex
2447 4629 2513 4668 ea
2547 4626 2730 4668 rerum
2783 4608 3035 4675 scientia,
3071 4621 3200 4677 qua,
3231 4613 3526 4672 antequam
3557 4600 3734 4656 Chri-

2137 4706 2306 4764 stiani
2353 4706 2588 4771 ﬂerent,
2641 4703 2856 4774 praediti
2911 4701 3127 4756 fuerant
3155 4740 3169 4763 ,
3219 4696 3617 4768 praestiterunt,
3673 4706 3737 4748 ut

2138 4799 2512 4855 Tertullianus
2544 4797 2820 4852 observat.
2869 4791 3112 4864 lgnatius
3142 4789 3234 4843 diu
3277 4789 3393 4859 jam
3429 4788 3737 4858 episcopus

2141 4890 2359 4955 fuerat,
2407 4899 2463 4944 et
2498 4888 2874 4944 Christianam
2930 4885 3252 4954 religionem
3309 4891 3424 4935 tum
3480 4879 3736 4949 primum

2139 4991 2458 5052 susceperat
2491 5024 2505 5048 ,
2539 4996 2665 5036 cum
2698 4975 2958 5051 perpauci
2991 4993 3058 5032 ex
3080 4976 3336 5047 gentibus
3367 4972 3523 5028 docti
3562 4969 3736 5026 Chri-

2141 5077 2308 5132 stiani
2343 5075 2471 5130 facti
2503 5083 2664 5140 sunt;
2699 5074 2754 5127 in
2789 5087 2856 5127 eo
2895 5071 3062 5142 igitur
3091 5067 3451 5139 perspicimus
3479 5067 3736 5118 animam

2138 5183 2276 5238 pure
2325 5167 2732 5232 Christianam,
2810 5185 2829 5216 ι
2862 5180 2970 5221 non
3001 5162 3208 5219 scholis
3246 5161 3563 5225 formatam,
3615 5173 3734 5212 non

2136 5263 2484 5322 bibliothecis
2504 5261 2884 5325 exercitatam,
2899 5273 3006 5313 non
3029 5255 3327 5312 academiis
3347 5263 3402 5308 et
3422 5253 3738 5323 porticibus

2140 5356 2340 5413 Atticis
2370 5365 2608 5426 pastam.
2641 5372 2662 5406 ι
2713 5352 2771 5408 Si
2813 5361 3030 5423 gentem
3077 5359 3134 5404 et
3169 5348 3458 5404 ecclesiam
3510 5355 3737 5415 spectes

2143 5449 2232 5505 cui
2259 5447 2499 5519 praefuit,
2541 5447 2668 5501 viro
2716 5445 2862 5516 apud
2914 5442 3085 5514 Syros
3120 5449 3202 5496 tot
3255 5454 3433 5495 annos
3483 5446 3734 5505 morato,

2143 5543 2331 5599 sinon
2374 5549 2427 5597 et
2457 5541 2600 5610 apud
2649 5537 2874 5595 eosdem
2924 5545 3054 5592 nato
3094 5534 3456 5602 educatoque,
3487 5533 3736 5586 maxime

2143 5637 2401 5693 convenit
2429 5634 2667 5705 plurium
2699 5631 3066 5701 epithetorum
3097 5625 3398 5698 congestio,
3427 5632 3491 5678 ut
3521 5631 3580 5678 et
3609 5624 3736 5678 lon-

2146 5731 2497 5801 gissimarnm
2543 5727 2602 5783 8.
2623 5725 2779 5781 Pauli
2812 5724 3197 5794 praefationum
3231 5721 3489 5777 imitatio.
3527 5719 3736 5789 Marty-

2144 5835 2264 5876 rem
2314 5821 2382 5876 ab
2427 5821 2547 5891 ipso
2591 5820 2922 5891 imperatore
2969 5814 3218 5872 Romano
3271 5814 3734 5876 condemnatum,
