1932 3102
64 163 117 192 m

403 161 429 190 J.
451 161 635 190 PEARSONll
656 161 818 192 νιΝΒιοιΛε
836 162 1045 192 ΙΟΝΑΤΙΑΝΕ.
1059 164 1192 193 —PARS
1210 164 1243 194 ll.

1650 167 1703 196 278

67 232 83 251 a
99 223 248 259 metropoli
265 222 354 259 Syris:
363 223 511 252 Antiochia
527 224 561 251 ad
580 224 657 252 orbis
671 224 811 252 dominam
832 225 860 251 in
874 227 899 255 Α
914 225 964 253 xit.
980 224 1112 262 Origenes
1134 226 1217 262 igitur
1228 225 1328 254 Plotini
1345 226 1550 262 condiscipulus
1567 227 1703 256 Adaman-

67 269 188 297 vinculis
202 269 434 303 circumductum,
457 269 561 298 factum
578 270 685 305 angelis
704 274 732 298 et
742 270 863 298 homini-

67 316 118 344 bus
143 316 352 351 spectaculum,
368 317 487 345 maxime
512 317 666 345 docuerunt
694 317 778 345 ardor
806 317 861 359 ille,

63 367 148 398 atque
162 362 334 390 desiderium
350 370 399 397 pro
409 362 566 390 Christiana
582 363 714 398 religione
729 363 860 398 patiendi,

69 415 219 443 morasque
233 416 330 436 omnes
345 412 426 443 atque
447 409 590 437 obstacula
605 408 765 436 removendi
781 408 862 437 fortis

67 458 94 483 et
106 459 245 482 constans
259 454 378 489 cupido;
397 462 459 490 quas
473 463 536 483 cum
553 455 582 483 in
596 455 669 488 aliis,
689 458 747 482 tum
770 454 797 482 in
816 455 861 482 illa

66 501 221 536 praesertim
236 501 271 528 ad
284 500 424 529 Romanos
439 501 557 536 epistola
570 501 664 529 verbis
678 501 724 537 pio
755 501 861 528 fervore

62 547 236 582 plenissimis
253 547 401 581 expressit.

95 592 313 620 Conculendum
327 592 439 627 quidem
458 597 500 621 est
515 593 586 620 nihil
603 593 707 621 certius
725 597 774 621 aut
792 593 860 622 soli-

63 637 122 665 dius
144 638 284 673 scriptum
308 638 432 673 aliquod,
457 643 505 666 aut
522 640 711 667 narrationem
735 640 859 674 spuriam

64 684 190 719 probare,
214 692 298 720 quam
320 685 402 712 ﬁdem
427 689 582 720 temporum
601 685 742 714 violatam.
765 685 861 713 Tradit

66 730 190 759 Laertius
212 732 408 766 Anaxagoram
443 732 637 767 philosophum
658 732 719 760 viso
743 732 859 760 Mausoli

64 779 190 812 sepulcro
209 778 281 806 hanc
297 778 462 806 sententiam
480 780 628 814 protulisse
642 787 649 805 :
665 779 757 814 Τάφος
774 779 858 805 πολυ-

64 825 138 860 τελὴς
154 822 341 859 λελιθωμένης
354 825 428 852 ἐστὶν
440 825 536 858 οὐσίας
552 826 672 853 εἴδωλον.
690 825 749 854 Νοη
765 827 856 854 credo.

64 872 240 906 Anaxagoras
255 871 328 898 enim
343 872 387 899 ille
407 873 508 908 olymp.
522 880 646 900 Lxxxvnl
660 879 785 900 mortuus
799 876 856 906 est;

914 271 970 300 tius
985 276 1080 300 noster
1094 280 1156 301 esse
1172 281 1226 300 non
1243 273 1341 308 potuit.
1358 272 1536 301 Susariouern
1552 278 1578 301 et
1598 273 1704 310 Sanny-

913 318 1019 346 rioncm
1043 319 1170 346 eumdem
1185 323 1293 354 poetam
1313 319 1399 347 fuisse
1411 320 1508 347 volunt
1526 320 1662 347 nonnulli.
1677 324 1705 347 et

913 365 1050 400 praecipue
1066 364 1201 392 Seldeuus
1222 365 1256 392 ad
1272 364 1409 393 Marmora
1420 365 1626 393 Arundelliana.
1648 366 1705 401 Ego

913 415 1004 438 autem
1024 416 1054 439 ut
1068 412 1177 439 credam
1203 412 1326 439 animum
1351 412 1480 440 inducere
1505 420 1560 439 non
1578 420 1703 447 possum,

913 464 975 485 cum
997 458 1068 485 ratio
1084 461 1238 493 temporum
1255 462 1398 494 repugnet.
1423 457 1492 486 Nam
1510 459 1625 487 Susario
1644 458 1703 486 lcs-

912 503 1013 531 riensis
1033 504 1139 539 primus
1157 504 1300 532 comoediae
1323 504 1450 532 inventor
1464 504 1535 540 apud
1550 505 1702 532 Athenien-

912 557 957 578 ses
975 549 1043 583 fuit,
1058 551 1176 578 testibus
1190 550 1331 579 Clemente
1352 551 1550 585 Alexandrino,
1572 551 1703 579 Diomede

911 595 1089 628 scholastica,
1110 599 1138 623 et
1148 596 1234 623 veteri
1254 600 1367 624 auctore
1398 596 1425 623 in
1443 597 1585 632 prooemiis
1597 597 1703 625 Aristo-

911 640 995 675 phani
1017 640 1147 675 praeﬁxis.
1168 641 1240 669 Ante
1262 646 1353 669 autem
1370 641 1506 670 Pisistrati
1530 643 1702 678 tyrannidem

912 685 1089 714 Susariouem
1119 687 1193 715 hunc
1224 689 1388 716 comoediam
1422 689 1560 718 invenisse
1584 698 1618 717 ex
1642 690 1702 725 ipso

910 740 1049 760 marmore
1062 733 1260 761 Arundelliano
1274 738 1393 762 constat.
1424 735 1460 762 At
1473 734 1619 771 Sannyrio,
1634 740 1703 764 teste

912 778 997 806 Suida
1021 778 1053 807 V.
1065 779 1200 815 Διοκλῆς,
1224 785 1282 807 tum
1302 780 1388 808 Diocli
1414 785 1469 808 tum
1486 780 1611 817 Philyllio
1637 789 1702 818 syn-

910 826 1032 853 chronus
1057 826 1109 854 fuit
1127 835 1133 852 :
1154 830 1182 854 et
1202 835 1296 854 revera
1321 827 1389 854 vixit
1405 832 1485 855 aetate
1496 827 1699 863 Aristophanis.

909 871 990 899 Certe
1018 878 1080 907 post
1103 872 1204 900 editam
1225 872 1365 908 Euripidis
1390 873 1552 908 tragtediam
1582 872 1702 901 Orestem

65 918 174 945 Mausoli
202 923 298 945 autem
322 919 479 953 sepulcrum
503 923 568 947 ante
581 920 691 955 -olymp.
716 928 771 947 cvn
794 927 859 947 con-
874 916 895 944 Β
910 917 1020 952 scripsit
1035 926 1042 944 :
1063 922 1173 946 exstant
1190 919 1264 946 enim
1277 919 1337 954 ejus
1350 927 1447 947 versus
1460 927 1493 947 ex
1508 919 1594 954 ipsius
1608 920 1700 946 Danae

64 965 145 991 ditum
167 973 225 992 non
243 970 295 993 est.
319 966 373 992 Aut
398 965 481 999 igitur
497 966 556 993 haec
567 966 649 993 verba
672 966 856 1001 philosophus

64 1011 102 1037 ille
118 1018 265 1044 nunquam
280 1011 359 1043 dixit,
373 1016 422 1038 aut
438 1012 492 1039 alia
512 1016 586 1039 certe
605 1012 754 1040 occasione
768 1012 855 1045 dixit;

63 1056 231 1084 Iausoleum
257 1057 330 1084 enim
356 1066 497 1092 nunquam
522 1058 593 1085 vidit
613 1066 620 1085 :
643 1059 717 1094 quod
735 1059 770 1086 ab
790 1059 856 1086 illu-

61 1103 228 1130 strator-ibus
256 1103 358 1130 Laertii
385 1104 519 1136 nondum,
545 1105 654 1139 opinor,
678 1105 856 1133 observatum

60 1153 107 1177 at.
134 1148 175 1176 [ta
196 1149 313 1184 quidem
328 1149 541 1178 Stesimbrotum
566 1151 677 1187 sugillat
691 1150 857 1179 Plutarchus

60 1197 84 1223 in
98 1196 160 1223 Vita
175 1196 386 1229 Themistoclis,
410 1196 484 1232 quod
499 1204 563 1225 em
585 1197 731 1225 tradiderit
743 1200 856 1225 Anaxa-

61 1250 129 1277 gorae
145 1243 318 1277 discipulum
342 1242 440 1275 fuisse,
461 1243 512 1270 οὐκ
527 1240 558 1270 εὖ
577 1244 633 1270 τῶν
652 1243 757 1280 χρόνων
774 1243 858 1271 ἁπτό-

62 1296 148 1323 μενος.
172 1288 214 1315 Ita
234 1289 271 1316 de
292 1292 383 1316 morte
402 1288 547 1324 Eupolidis
569 1289 766 1317 historicorum
790 1297 857 1316 con-

58 1341 170 1362 sensum
188 1334 333 1369 diligentia
350 1334 541 1363 Eratosthenis
559 1335 711 1363 refutatum
729 1342 792 1363 esse
808 1335 857 1362 ob-

59 1385 148 1408 servat
162 1380 267 1408 Cicero
282 1381 316 1408 ad
330 1381 463 1414 Atticum,
478 1381 525 1408 lib.
540 1388 568 1408 vi
578 1402 587 1415 ,
610 1381 691 1416 epist.
709 1382 722 1408 l
740 1390 747 1408 :
762 1389 773 1407 ‹
789 1380 857 1414 Quis

57 1427 130 1454 enim
151 1434 212 1455 non
233 1427 306 1454 dixit
326 1427 444 1455 Εὔπολιν
459 1427 506 1454 τὸν
521 1427 572 1463 τῆς
588 1428 706 1463 ἀρχαίας
728 1427 764 1455 ab
781 1426 857 1454 Alci-

59 1473 135 1501 biade
148 1473 302 1509 navigante
314 1474 341 1500 in
354 1474 477 1501 Siciliam
491 1474 627 1509 deiectum
644 1480 707 1501 esse
722 1473 748 1500 in
763 1472 858 1500 mare?

59 1518 209 1553 Redarguit
227 1519 442 1553 Eratosthenes,
460 1519 539 1548 aﬂ'ert
558 1519 632 1547 enim
648 1526 718 1555 quas
735 1519 780 1546 ille
795 1522 858 1554 post

58 1565 84 1593 id
106 1570 220 1601 tempus
245 1565 354 1593 fabulas
377 1566 514 1594 docuerit.
532 1575 542 1592 ι
571 1565 672 1593 Narrat
696 1564 856 1593 Holstenius

58 1610 262 1647 Porphyrium,
282 1620 345 1640 cum
368 1612 458 1647 prima
481 1612 635 1639 litterarum
659 1619 692 1639 ac
715 1610 856 1646 sapientiae

59 1657 241 1686 fundamenta
255 1658 435 1693 percepisset,
450 1665 565 1693 puerum
590 1657 679 1685 ferme
694 1657 784 1685 adhuc
794 1656 857 1684 Ori-

57 1705 129 1738 με
149 1704 228 1732 fama
241 1704 363 1732 excitum
375 1705 569 1732 Alexandriam
582 1704 616 1732 ad
628 1704 781 1732 doctrinam
796 1704 857 1739 ejus

58 1749 265 1784 percipiendam
290 1749 446 1784 profectum
463 1749 561 1778 fuisse.
584 1749 645 1777 Non
671 1751 771 1783 credo;
792 1749 857 1777 licet

59 1796 108 1823 hoc
131 1803 168 1823 ex
188 1794 314 1823 Eusebio
332 1800 360 1823 et
375 1795 522 1824 Vincentio
546 1795 691 1823 Lirinense
710 1794 856 1831 Porphyrii

58 1842 225 1870 auctoritate
239 1849 271 1870 se
287 1842 443 1870 ostendisse
464 1846 552 1877 putet.
566 1841 729 1870 Vincentius
745 1842 856 1876 quidem

59 1888 124 1915 idem
140 1888 245 1921 tradit,
262 1887 311 1915 sed
326 1895 361 1915 ex
384 1888 456 1917 male
480 1888 601 1924 acceptis
616 1888 762 1924 Porphyrii
785 1887 856 1923 apud

59 1934 209 1963 Eusebium
228 1934 335 1968 verbis,
346 1943 409 1970 quae
423 1943 486 1964 eum
498 1934 695 1963 Alexandriam
718 1936 753 1963 ad
768 1935 858 1962 viden.

58 1982 119 2007 dum
140 1978 295 2014 Origenem
327 1979 481 2015 profectum
508 1988 570 2009 esse
600 1980 715 2008 minime
740 1980 855 2014 docent;

58 2031 160 2054 tantum
175 2025 256 2054 enim
271 2026 330 2054 ait:
343 2024 379 2063 Ὦ
394 2027 473 2062 κάγὼ
487 2026 587 2063 κομιδῆ
598 2026 658 2060 νέος
673 2026 712 2054 ὢν
728 2026 768 2053 ἔτι
784 2027 857 2054 ἐντε-

57 2074 171 2109 τύχηια,
194 2083 205 2100 ε
220 2081 305 2109 quem
317 2081 369 2109 ego
379 2073 490 2109 juvenis
505 2074 597 2101 adhuc
609 2073 735 2101 conveni.
753 2083 763 2099 ι
778 2072 858 2101 Certe

56 2121 234 2149 Alexandriae
265 2120 393 2156 Origenis
421 2119 509 2147 nostri
535 2119 688 2154 discipulus
713 2127 775 2148 esse
800 2127 856 2147 non

58 2167 144 2201 potuit
164 2165 354 2202 Porphyrius,
378 2165 426 2201 qui
451 2165 479 2193 in
500 2165 603 2193 ﬁnibus
616 2165 681 2202 Tyri
704 2173 778 2193 anno
790 2165 855 2193 Ale-

57 2212 152 2240 xandri
182 2211 282 2240 Severi
305 2211 413 2239 decimo
443 2215 526 2239 natus
550 2215 608 2244 est;
638 2210 735 2239 eodem
763 2215 854 2238 autem

907 968 965 991 tum
984 964 1054 1000 apud
1065 964 1213 999 Euripidis,
1227 969 1285 992 tum
1305 964 1497 999 Aristophanis
1512 963 1698 996 Scholiasten,

906 1011 1010 1046 quibus
1032 1012 1153 1046 exagitat
1174 1010 1371 1047 Hegelochum,
1388 1010 1527 1047 Euripidis
1538 1012 1699 1048 ὑποκριτὴν.

907 1058 954 1093 qui
968 1056 1092 1085 Orestem
1111 1065 1196 1093 agens
1210 1057 1375 1085 versiculum
1393 1057 1488 1091 illum,

985 1126 1035 1153 Ἐκ
1053 1126 1193 1161 κυμάτων
1207 1126 1263 1162 γὰρ
1278 1126 1365 1160 αὖθις
1380 1127 1419 1154 αὖ
1435 1126 1542 1162 γαλήν’
1558 1126 1629 1161 ὁρῶ,

908 1194 980 1221 male
994 1194 1229 1229 pronuntiaverat.
1255 1195 1354 1223 Plures
1376 1195 1460 1231 igitur
1471 1203 1554 1231 quam
1569 1196 1621 1223 MO
1635 1196 1700 1224 anni

908 1242 981 1270 inter
996 1241 1176 1270 Susarionem
1189 1262 1197 1274 ,
1221 1242 1342 1278 primum
1369 1242 1512 1270 comoediae
1526 1242 1597 1277 apud
1613 1242 1699 1270 Athe-

908 1288 1019 1316 nienses
1047 1288 1219 1315 inventorem
1231 1308 1239 1322 ,
1261 1292 1288 1315 et
1307 1287 1521 1323 Sanuyriouem,
1536 1288 1636 1316 veteris
1650 1296 1699 1316 co-

911 1334 1017 1362 mtediat
1031 1334 1205 1370 scriptorem,
1229 1334 1455 1362 intercesserunt.
1482 1333 1596 1362 Susario
1617 1333 1701 1369 igitur

907 1384 935 1407 et
947 1380 1085 1417 Sannyrio
1105 1381 1177 1409 idem
1192 1385 1271 1416 poeta
1287 1388 1348 1410 esse
1367 1389 1423 1409 non
1438 1381 1538 1416 potuit.
1563 1380 1596 1409 Et
1612 1381 1700 1409 miror

908 1426 1032 1454 lsaacum
1055 1427 1250 1455 Casaubonum
1271 1427 1308 1455 ita
1331 1427 1419 1463 decipi
1441 1427 1581 1463 potuisse,
1600 1432 1630 1455 ut
1646 1429 1699 1456 ista

907 1473 1040 1502 scriberet
1052 1473 1086 1501 ad
1098 1473 1220 1501 Athenaei
1235 1474 1282 1501 lib.
1295 1482 1343 1507 vn,
1360 1482 1420 1509 cap.
1434 1474 1450 1502 9
1465 1483 1471 1501 :
1486 1484 1495 1500 ι
1512 1474 1571 1501 Non
1582 1474 1695 1502 tuemini

908 1520 1014 1547 laudari
1039 1519 1104 1548 alibi
1128 1520 1155 1547 in
1180 1520 1224 1548 his
1245 1520 1325 1547 libris
1349 1520 1569 1547 vetustissimum
1590 1525 1699 1556 poetam

909 1565 1109 1601 Sannyrionem
1137 1565 1191 1593 nisi
1223 1565 1266 1593 hic
1290 1565 1334 1592 ubi
1361 1565 1492 1592 scribitur
1514 1573 1522 1592 :
1545 1565 1700 1601 Σαννυρίων

869 1593 891 1622 c
906 1611 928 1637 δ’
942 1612 970 1638 ὲν
984 1593 1098 1636 ξ’ἐλωτι
1121 1609 1154 1637 Ὦ
1167 1610 1284 1646 βατίδες,
1302 1608 1460 1645 ὧγλαύκων
1472 1610 1554 1646 κάρα.
1569 1593 1697 1647 Antiqua:

907 1657 1051 1685 comwdiaa
1074 1661 1152 1692 poeta
1180 1656 1224 1685 hic
1246 1657 1298 1684 fuit
1323 1657 1549 1692 antiquissimus,
1579 1657 1612 1685 de
1632 1665 1698 1693 quo,

907 1708 934 1731 et
948 1703 1000 1731 ista
1014 1703 1074 1738 ejus
1087 1703 1233 1736 commdia,
1246 1703 1345 1738 legitur
1360 1703 1386 1729 in
1401 1703 1593 1738 Aristophanis
1609 1703 1698 1731 Scho-

907 1750 965 1777 liis:
976 1749 1031 1776 Kal.
1047 1749 1115 1785 αὐτὴ
1127 1749 1155 1775 δὲ
1170 1750 1186 1784 ὴ
1199 1749 1301 1776 παλαιὰ
1318 1749 1418 1785 ἑαυτῆς
1434 1750 1567 1786 διαφέρει,
1584 1750 1631 1777 καὶ
1644 1750 1700 1787 γὰρ

906 1797 931 1824 οἱ
948 1797 976 1824 ὲν
989 1797 1098 1832 Ἀττικῇ
1115 1796 1223 1831 πρῶτον
1249 1797 1449 1832 συστησάμενοι
1474 1797 1506 1823 τὸ
1530 1797 1700 1833 ἐπιτήδευμα

906 1846 956 1881 τῆς
972 1844 1116 1880 κωμῳδίας
1132 1841 1213 1880 (ἦσαν
1228 1843 1258 1870 δὲ
1274 1844 1299 1870 οἱ
1316 1843 1381 1879 περὶ
1397 1843 1581 1880 Σαννυρίωνα)
1599 1844 1647 1870 καὶ
1664 1843 1699 1871 τὰ

907 1891 1041 1928 πρόσωπα
1057 1890 1167 1926 είσῆγον
1183 1890 1309 1921 ἀτάκτως
1319 1910 1325 1922 ,
1353 1889 1400 1917 καὶ
1418 1889 1499 1925 μόνος
1514 1887 1550 1926 ἦν
1565 1890 1653 1923 γέλως
1669 1890 1700 1917 τὸ

907 1936 1294 1973 κατασκευαζόμενον.›Ναπι
1327 1936 1417 1971 primo
1453 1936 1518 1963 alibi
1550 1936 1700 1964 Athenaeus

908 1983 1089 2020 Sannyrionis
1111 1983 1246 2015 meminit,
1263 1987 1291 2010 et
1308 1982 1431 2018 ejusdem
1446 1984 1528 2010 etiam
1551 1982 1663 2018 fabulm,
1679 1983 1698 2010 l.

907 2038 956 2064 xtl,
979 2030 1069 2058 ο.15;
1088 2029 1156 2065 Περὶ
1172 2029 1201 2055 δὲ
1218 2029 1342 2065 Μελήτου
1361 2029 1443 2061 αὐτὸς
1468 2030 1483 2056 ὁ
1498 2029 1654 2065 Σαννυρίων
1670 2030 1700 2056 ἐν

905 2076 1017 2103 Γέλωτι
1024 2073 1097 2108 λέγει
1114 2072 1201 2109 οὕτως
1215 2093 1223 2106 ,
1240 2073 1366 2108 Μέλητον
1381 2073 1426 2100 τὸν
1443 2074 1497 2100 ἀπὸ
1513 2074 1634 2110 Ληναίου
1656 2083 1701 2101 νε-

906 2120 982 2156 κρόν.
1002 2119 1068 2148 Dein
1084 2120 1112 2147 in
1127 2120 1219 2147 verbis
1233 2119 1394 2147 Scholiasta!
1410 2125 1488 2156 putat
1502 2128 1597 2148 vocem
1611 2121 1699 2156 γέλως

907 2166 1089 2202 Sannyrionis
1115 2165 1234 2193 fabulam
1260 2166 1406 2199 denotare,
1432 2174 1495 2194 cum
1521 2167 1590 2194 nihil
1624 2166 1698 2194 aliud

906 2212 953 2241 hic
973 2211 1110 2247 signiticet
1124 2219 1207 2247 quam
1233 2212 1320 2239 risum
1344 2212 1515 2247 simpliciter.
1532 2220 1614 2247 quem
1637 2217 1700 2239 tau-

56 2266 125 2287 anno
152 2257 292 2293 Origenes
314 2257 481 2285 Alexandria
510 2257 608 2293 pulsus
633 2261 685 2285 est.
725 2256 856 2285 Scribunt
871 2265 893 2293 υ
909 2256 1051 2284 tummodo
1072 2256 1233 2291 spectabant
1247 2256 1328 2291 primi
1350 2258 1548 2285 commdiarum
1568 2257 1698 2291 editores,

56 2309 191 2339 praterea
212 2309 320 2332 veteres
336 2303 481 2339 Origenem
496 2303 642 2340 quemdam
654 2303 741 2331 luisse
755 2302 854 2330 Plotini

55 2350 291 2385 condiscipulum.
307 2354 336 2378 et
352 2350 436 2378 simul
450 2357 515 2378 cum
530 2350 654 2378 maximo
668 2349 715 2377 illo
729 2349 855 2385 philoso-

56 2396 108 2431 pho
130 2396 277 2424 audivisse
291 2396 469 2424 Ammonium
483 2404 533 2431 per
546 2396 674 2424 undecim
699 2395 785 2423 ferme
804 2403 856 2423 an-

56 2449 105 2470 nos
121 2441 313 2471 Alexandriae.
345 2441 426 2470 Hunc
447 2441 595 2477 Origenem
618 2446 744 2470 nostrum
767 2441 855 2469 fuisse

56 2487 151 2515 volunt
164 2486 281 2520 eruditi,
298 2491 326 2514 et
339 2487 477 2522 praecipue
495 2486 665 2516 Holstenius.
681 2487 742 2515 Non
754 2486 852 2521 credo;

57 2538 181 2569 tempora
207 2533 282 2561 enim
309 2541 365 2561 non
388 2534 482 2562 minus
500 2542 584 2569 quam
608 2534 664 2562 alia
687 2537 851 2569 repugnant.

57 2578 184 2609 Plotinus
200 2587 257 2608 non
270 2580 340 2608 vidit
350 2580 546 2609 Alexandriam
566 2585 632 2608 ante
648 2588 751 2608 annum
767 2580 854 2607 unde-

57 2626 155 2654 cimum
169 2626 322 2654 Alexandri
332 2626 493 2660 ﬂammatae,
507 2631 538 2655 ut
553 2631 669 2655 testatur
679 2626 708 2654 in
720 2625 781 2661 ejus
792 2626 853 2653 Vita

58 2671 240 2709 Porphyrius,
259 2679 287 2700 et
304 2673 388 2708 paulo
403 2678 465 2708 post
480 2673 630 2701 Ammouio
643 2672 804 2708 praeceptori
822 2680 853 2700 se

58 2721 188 2754 tradidit,
214 2728 278 2748 cum
301 2720 359 2755 jam
381 2719 513 2756 Origenes
540 2725 634 2749 noster
656 2719 851 2748 Alexandriam

59 2766 212 2802 relinquere
225 2770 341 2794 coactus
354 2771 438 2798 esset.
458 2774 514 2801 quo
534 2774 676 2802 nunquam
691 2770 785 2802 postea
808 2774 853 2794 re-

58 2819 150 2841 versus
173 2816 229 2842 est.
257 2811 318 2840 Non
344 2812 428 2848 igitur
447 2813 494 2840 ille
508 2813 682 2841 Alexandriae
699 2813 767 2846 fuit,
787 2820 850 2840 cum

57 2857 183 2888 Plotinus
208 2859 388 2887 Ammonium
414 2859 537 2893 audivit,
561 2860 648 2888 multo
673 2860 766 2888 minus
787 2866 850 2887 cum

57 2904 179 2936 Plotium
195 2905 280 2935 simul
302 2910 329 2935 et
339 2906 488 2935 Ammonio
508 2911 536 2935 et
550 2905 662 2943 Origeni
681 2914 733 2936 suo
747 2906 850 2935 valedi-

906 2310 976 2338 quos
996 2306 1077 2330 vocat
1098 2303 1162 2334 τοὺς
1187 2302 1297 2339 πρῶτον
1316 2303 1538 2339 συστησαμένους
1554 2303 1584 2330 τὸ
1600 2304 1699 2339 ἐπιτή-

904 2347 992 2384 δευμα
1016 2348 1065 2384 τῆς
1080 2348 1236 2384 κωμῳδίας.
1262 2348 1385 2384 Denique
1406 2356 1461 2376 non
1484 2349 1550 2376 vidit
1569 2349 1698 2377 mendum

904 2394 990 2422 latere
1005 2394 1033 2422 in
1053 2394 1181 2428 nomine;
1208 2403 1272 2422 nam
1289 2402 1340 2430 pro
1362 2395 1536 2432 Σαννυρίωνα
1554 2396 1698 2431 legendqu

903 2447 965 2468 esse
982 2441 1157 2477 Σουταρίωνα
1179 2445 1284 2468 certum
1300 2445 1361 2469 est:
1375 2445 1405 2468 ut
1421 2442 1501 2476 paulo
1516 2446 1578 2477 post
1602 2442 1629 2469 in
1643 2442 1698 2469 alio

904 2491 1067 2520 argumento
1087 2486 1216 2522 legimus,
1230 2486 1279 2523 τὴν
1293 2487 1440 2523 κωμῳδίαν
1461 2486 1597 2523 ηὑρῆσθαι
1615 2495 1699 2521 φασιν

904 2531 958 2559 ὑπὸ
973 2532 1171 2568 Σουσαρίωνος.
1191 2532 1336 2561 Diomedes
1347 2532 1549 2560 Grammaticus
1562 2541 1568 2559 :
1585 2542 1594 2558 ε
1608 2532 1698 2560 Poeta:

904 2580 986 2615 primi
997 2580 1095 2608 comici
1106 2579 1219 2607 fuerunt
1232 2579 1377 2612 Susarion,
1394 2578 1495 2606 Mullus
1511 2583 1539 2607 et
1549 2578 1671 2613 Magnes.
1683 2588 1694 2605 ι

903 2626 1030 2654 Clemens
1045 2625 1249 2653 Alexandrinus
1275 2624 1405 2653 Stromat.
1430 2626 1477 2653 lib.
1496 2633 1504 2653 ι
1523 2625 1696 2662 εΚωμῳδὶαν

903 2673 1053 2709 ἐπενόησεν
1079 2673 1215 2709 Σισαρίων
1248 2670 1283 2707 [Ι.
1305 2671 1477 2709 Σουσαρίων]
1507 2672 1522 2698 ό
1551 2670 1694 2707 Ἰκαριεύς.

903 2711 1051 2747 Diomedes
1063 2717 1251 2746 Scholasticus
1265 2719 1294 2745 in
1304 2718 1477 2746 bibliothecae
1495 2717 1587 2753 Regia:
1599 2726 1651 2746 ms.
1667 2718 1696 2745 in

903 2765 1078 2801 Expositione
1090 2765 1280 2793 Crammatica:
1295 2764 1418 2801 Dionysii
1433 2764 1548 2792 Thracis
1562 2773 1568 2791 :
1582 2763 1697 2800 Πρῶτον

901 2810 949 2839 οὖν
961 2811 1118 2847 Σουσαρίων
1137 2820 1179 2844 τις
1193 2812 1243 2847 τῆς
1257 2811 1396 2848 ἐμμέτρου
1415 2810 1560 2846 κωμῳδίας
1574 2810 1695 2846 ἀρχηγὸς

901 2858 1029 2893 ἐγένετο,
1050 2855 1080 2886 οὗ
1096 2858 1130 2886 τὰ
1148 2858 1199 2895 μὲν
1219 2858 1346 2895 δράματα
1368 2858 1437 2894 λήθῃ
1458 2856 1692 2893 κατενεμήθησαν.

902 2905 933 2934 ln
956 2904 1146 2934 vetustissimo
1178 2911 1315 2934 marmore
1339 2903 1538 2933 Arundelliauo
1556 2911 1562 2929 :
1587 2903 1644 2938 Ἀφ’
1662 2898 1693 2928 ιιῦ
