3848 6204
429 355 540 410 ’2⁵79

1434 343 1496 400 S.
1539 339 1896 400 lGNATlUS.
1942 371 2008 380 --
2047 331 2586 415 PROLECOMENA.

431 472 491 524 ὲν
523 435 777 542 Ἀθήναις
814 467 1075 540 κωμῳδία
1116 462 1336 538 πρῶτον
1381 460 1541 533 ἐτέθη
1580 460 1672 514 ἐπὶ
1715 459 1895 513 σανίσι
1927 455 2026 510 τῶν

2141 463 2273 508 tunc
2302 464 2409 504 non
2440 447 2629 511 fuerit,
2657 443 2751 515 qui
2794 439 3022 496 Athenis
3064 447 3212 494 recta
3253 435 3311 492 in
3355 432 3543 490 Asiam
3579 439 3717 485 ante

444 563 725 636 Ἰκαρίεων
777 560 1032 632 εὑρόντος
1085 555 1478 628 Σουσαρίωνοςν.
1537 553 1594 608 ln
1640 551 1816 606 lcario
1869 550 2015 604 enim

431 657 624 712 Attica
644 654 849 726 populo
880 653 1158 707 inventam
1193 649 1364 704 fuisse
1395 645 1618 703 tradunt
1647 654 1760 700 tum
1805 657 2017 699 coma:-

428 750 578 804 diam
629 757 747 804 tum
796 744 1120 814 tragoediam
1162 751 1395 797 veteres.
1456 739 1752 794 Athenaeus
1795 736 1894 790 lib.
1938 750 2017 800 ιι,

431 856 554 911 cap.
583 841 656 896 δε
689 837 822 892 Ἀπδ
861 835 1033 909 μέθης
1071 833 1167 888 καὶ
1208 833 1244 905 ἡ
1279 831 1379 904 τῆς
1407 829 1697 902 κωμῳδίας
1727 827 1820 882 καὶ
1854 828 1888 898 ή
1923 825 2021 898 τῆξ

432 932 739 1008 τραγῳδίας
773 930 990 1002 εὕρεσις
1028 929 1088 982 ἐν
1133 925 1351 999 Ἰκαρίῳ
1373 924 1471 995 τῆς
1511 920 1764 992 Ἀττικῆς
1797 919 2017 992 εὑρέθη.

434 1022 591 1082 Unde
640 1022 785 1096 apud
843 1021 1121 1078 Suidam:
1185 1018 1412 1082 Θέσπις,
1480 1013 1747 1088 Ἰκαρίου,
1813 1012 2023 1074 πόλεως

443 1115 720 1186 Ἀττικῆς,
765 1111 1046 1183 τραγικός.
1094 1109 1253 1182 Apud
1295 1107 1601 1163 lcarienses
1643 1105 1808 1176 igitur
1851 1103 2022 1159 Susa-

434 1210 556 1266 rion
605 1206 935 1263 comoediam
987 1202 1216 1269 invenit,
1270 1201 1416 1256 unde
1455 1215 1578 1254 eum
1603 1198 1856 1254 Clemens
1899 1195 2023 1251 lca-

434 1301 675 1356 riensem
704 1304 897 1363 vocat;
941 1308 1051 1348 non
1083 1291 1232 1363 quod
1282 1291 1334 1344 in
1374 1299 1445 1344 ed
1470 1305 1610 1360 pago
1657 1299 1820 1343 natus
1851 1295 2020 1353 esset,

433 1399 530 1448 aut
571 1406 637 1448 ex
679 1388 862 1444 Attica
909 1385 1216 1449 oriundus;
1269 1391 1433 1438 natus
1476 1383 1621 1436 enim
1669 1389 1754 1436 est
1795 1379 1849 1434 in
1889 1394 2022 1450 agro

433 1484 690 1557 proximo
749 1481 1096 1554 Megarensi,
1153 1490 1212 1536 ut
1261 1479 1380 1549 ipse
1433 1477 1501 1532 de
1559 1490 1618 1532 se
1675 1482 1908 1530 testatur
1964 1473 2021 1529 in

435 1577 637 1632 iambis
683 1575 780 1647 qui
824 1575 1128 1630 etiamnum
1187 1569 1331 1641 apud
1366 1568 1684 1623 Diomedem
1716 1565 2023 1621 Scholasti-

434 1684 560 1724 cum
592 1675 911 1739 supersunt,
937 1674 992 1721 et
1023 1665 1080 1721 in
1106 1665 1253 1720 hunc
1287 1662 1510 1718 modum
1539 1668 1795 1730 corrupte
1825 1657 1880 1714 in
1915 1673 2019 1712 ms.

436 1759 694 1832 leguntur
713 1775 728 1816 :

555 1891 819 1949 Ἀκούετε
846 1889 1090 1955 λέξεως*
1123 1883 1474 1953 Σουσαρίων
1507 1881 1648 1955 uide
1677 1880 1863 1951 λέγει,

549 1964 684 2031 nec
717 1952 965 2017 Φιλίνου
1008 1952 1332 2030 τὲγαρόθου
1371 1952 1780 2022 Τριποδίσκος.

510 2101 618 2158 Sed
655 2115 756 2172 pro
799 2097 1102 2170 γεγαρόθου
1133 2092 1493 2167 Τριποδίσκος
1516 2089 1803 2162 legendum
1834 2085 2025 2159 procul

436 2191 605 2250 dubio
651 2189 971 2262 Μεγαρόθεν
999 2186 1404 2258 Τριποδίσκιος,
1448 2191 1509 2237 ut
1538 2181 1699 2236 metri
1748 2179 1890 2235 ratio
1921 2194 2020 2249 po-

439 2282 627 2340 stulat.
653 2280 748 2338 Est
772 2290 954 2336 autem
979 2277 1360 2351 Τριποδίσκιος
1387 2291 1492 2330 vox
1523 2273 1764 2346 gentilis.
1786 2273 2021 2342 Stepha-

438 2391 567 2442 nus,
595 2374 660 2428 τὸ
689 2373 904 2428 ὲθνικδν
937 2371 1276 2443 βορμίσκιος,
1311 2369 1388 2432 ὡς
1427 2367 1817 2440 τριποδὶσκιος,
1865 2362 2027 2435 δωρί-

439 2484 613 2532 σκιος,
643 2467 761 2536 lege
793 2465 1084 2537 δορίσκιος.
1117 2460 1187 2517 Ut
1213 2463 1329 2533 ipse
1361 2460 1513 2524 alibi,
1539 2458 1601 2512 τὸ
1624 2457 1839 2512 solum
1859 2457 2025 2528 δωρί-

439 2559 702 2625 σκιος,ὼς
721 2556 1056 2630 δορμίσκιος,
1087 2556 1205 2625 lege
1231 2553 1494 2616 vicissim,
1511 2550 1845 2622 βορμίσκιος.
1872 2547 2027 2605 Unde

438 2660 622 2708 autem
662 2648 1044 2720 Τριποδίσκιος
1085 2647 1233 2702 clare
1260 2645 1424 2700 docet
1467 2642 1612 2697 idem
1663 2639 2021 2710 Stephanus:

438 2739 818 2814 Τριποδίσκος,
850 2739 945 2792 καὶ
977 2735 1328 2810 Τριποδίσκοι
1358 2732 1520 2804 κώμη
1553 2731 1655 2802 τῆς
1682 2731 2024 2801 Μεγαρίδος,

438 2836 469 2890 ὁ
511 2833 736 2904 πολίτης
766 2830 1169 2903 Τριποδίσκιος.
1207 2827 1562 2897 Tripodiscus
1594 2823 1761 2894 igitur
1802 2823 1857 2876 in
1893 2837 2026 2892 agro

442 2925 744 2997 Ilegarensi
791 2937 963 2994 pagus
994 2931 1108 2987 est;
1146 2921 1199 2974 in
1227 2933 1340 2989 quo
1380 2919 1473 2988 qui
1517 2924 1679 2970 natus
1707 2921 1793 2969 est
1822 2914 2025 2984 Τριπο-

439 3017 647 3082 δίσκιος
695 3015 997 3071 dicebatur.
1064 3011 1159 3068 Sic
1216 3011 1383 3084 igitur
1439 3006 1763 3065 Susarionis
1811 3005 2027 3062 iambos

442 3110 772 3181 interpretor
799 3125 814 3162 :

581 3245 776 3301 Audite
803 3243 1000 3296 dictum
1027 3257 1047 3297 :
1080 3241 1341 3298 Susarion
1385 3240 1494 3294 haec
1535 3238 1642 3304 ait,

585 3315 763 3371 Filius
794 3311 1021 3378 Philini,
1048 3330 1077 3368 ε
1108 3311 1380 3383 Megaride
1412 3306 1774 3379 Tripodiscius

513 3472 586 3531 Ut
623 3482 807 3530 autem
834 3471 1126 3544 Origenem
1171 3469 1373 3526 Plotini
1404 3465 1843 3536 condiscipulum
1874 3463 2024 3520 Ada-

443 3565 712 3622 mantium
758 3575 1008 3620 nostrum
1032 3603 1048 3628 ,
1081 3571 1138 3617 et
1183 3559 1582 3632 Sannyrionem
1616 3555 1888 3613 comicum
1922 3551 2028 3609 Su-

445 3659 724 3716 sarionem
777 3657 1065 3713 commdiae
1112 3655 1454 3710 inventorem
1504 3651 1677 3706 fuisse
1718 3658 2025 3718 temporum

444 3751 586 3806 ratio
617 3765 728 3804 non
781 3749 1048 3816 admittit;
1101 3747 1173 3802 ita
1227 3746 1274 3801 si
1318 3745 1451 3816 quid
1487 3745 1542 3798 in
1577 3743 1825 3814 epistolis
1865 3741 2026 3796 (idem

444 3855 753 3915 temporum
805 3859 996 3899 revera
1050 3841 1330 3912 pulsaret,
1365 3839 1635 3913 lgnatium
1681 3838 2027 3909 epistolicqu

446 3955 558 3994 non
613 3937 785 3994 fuisse
841 3939 1206 4007 apostolicum
1265 3937 1419 3992 illum
1468 3933 1703 3990 libenter
1755 3931 2025 3988 concede-

445 4044 561 4084 rem
569 4067 586 4083 ο

518 4119 722 4176 Verum
769 4129 832 4177 ut
883 4121 1020 4176 nihil
1068 4120 1273 4177 certius
1321 4121 1586 4192 scriptum
1621 4115 1846 4189 aliquod
1891 4129 2028 4187 δρα-ο

445 4212 591 4268 rium
624 4227 749 4269 esse
791 4213 1009 4283 probat,
1045 4227 1211 4284 quam
1258 4212 1392 4268 fides
1429 4219 1735 4283 temporum
1781 4208 2025 4275 violata;

445 4305 522 4361 ita
552 4321 719 4376 opera
744 4305 956 4361 auctori
987 4305 1152 4360 alicui
1187 4305 1450 4374 ascripta,
1472 4303 1566 4360 sed
1601 4301 1893 4373 posteriori
1922 4299 2028 4355 ali-

445 4416 559 4472 quo
601 4401 806 4456 sarculo
836 4415 867 4454 a
917 4398 1106 4455 lictore
1139 4397 1472 4469 conscripta,
1523 4395 1638 4452 fere
1679 4409 1894 4466 semper
1924 4393 2030 4449 hac

443 4492 565 4562 ipsa
595 4494 807 4549 ratione
833 4508 892 4548 se
921 4491 1180 4563 produnt,
1215 4499 1272 4547 et
1298 4506 1366 4546 ex
1395 4490 1691 4545 violatione
1719 4496 2028 4558 temporum

2128 551 2363 598 mortem
2435 537 2680 594 Socratis
2754 531 3034 606 profectus
3093 539 3180 586 est
3202 571 3217 596 ,
3275 543 3378 583 nec
3423 525 3531 582 nisi
3589 532 3718 596 post

2121 632 2452 690 sexennium
2478 631 2532 684 in
2576 643 2699 683 eam
2747 628 2940 680 urbem
2984 621 3152 678 venit.
3193 618 3416 674 Etdnm
3442 614 3718 685 huicepi-

2127 726 2283 782 stolae
2318 721 2623 793 Xenophon
2655 718 2973 790 respondet,
3005 713 3252 771 Platonis
3275 713 3481 782 scripta
3511 710 3717 780 sepius

2123 817 2384 890 suggillat
2408 857 2423 880 ,
2449 815 2596 886 quod
2622 823 2813 885 poetas
2844 827 2953 866 non
2995 808 3278 865 admiserit
3305 821 3431 862 eum
3452 805 3719 876 perstrin-

2123 912 2222 985 git,
2273 927 2400 968 cum
2441 909 2561 981 ipse
2593 923 2652 964 se
2695 907 2863 962 talem
2913 905 2968 959 in
3023 903 3182 959 libris
3224 901 3571 973 praistiterit;
3605 899 3719 954 imo

2125 1006 2451 1059 sententiam
2500 1017 2566 1057 ex
2615 999 2850 1071 epistola
2881 995 3134 1052 Platonis
3171 995 3240 1050 ad
3275 991 3596 1064 Dionysium
3627 988 3719 1046 Si-

2125 1097 2265 1152 ciliae
2311 1105 2604 1168 tyrannum
2649 1092 2859 1162 carpit;
2915 1105 3040 1160 quae
3091 1087 3276 1143 omnia
3313 1086 3406 1141 diu
3451 1093 3580 1155 post
3612 1083 3720 1141 So-

2125 1187 2295 1244 cratis
2342 1193 2577 1242 mortem
2625 1183 2878 1253 evulgata
2919 1190 3069 1237 sunt.
3112 1179 3189 1234 ita
3230 1178 3612 1249 XenOphontis
3641 1177 3717 1232 si-

2122 1279 2290 1343 mius,
2319 1292 2447 1332 cum
2481 1273 2713 1330 vidisset
2739 1274 2796 1328 in
2827 1272 3064 1343 genuina
3097 1271 3246 1326 illius
3269 1269 3522 1340 epistola.
3553 1267 3721 1338 cujus

2125 1371 2492 1444 fragmentum
2526 1368 2671 1439 apud
2703 1365 3004 1422 Eusebium
3035 1371 3240 1429 exstat,
3269 1359 3566 1432 perstringi
3589 1357 3720 1414 Pla-

2123 1471 2310 1519 tonem
2343 1462 2417 1518 ob
2444 1459 2756 1515 Σικελιῶτιν
2776 1456 3088 1531 τράπεζαν,
3117 1456 3236 1526 ipse
3261 1453 3430 1509 etim
3459 1467 3526 1508 ea
3573 1466 3717 1522 sug-

2124 1553 2332 1628 gillavit
2373 1569 2496 1625 qua
2534 1554 2601 1609 ad
2635 1551 2882 1607 Siciliam
2928 1549 3284 1621 spectabant;
3315 1547 3412 1603 sed
3439 1547 3569 1602 dum
3597 1544 3718 1615 epi-

2125 1645 2320 1700 stolam
2352 1644 2538 1699 statim
2568 1650 2696 1714 post
2715 1650 2950 1696 mortem
2979 1638 3225 1695 Socratis
3253 1638 3511 1708 scriptam
3535 1636 3715 1707 ﬁngit,

2124 1746 2179 1792 et
2228 1746 2538 1808 temporum
2590 1736 2860 1789 rationem
2915 1733 3107 1798 violat,
3138 1741 3195 1788 et
3235 1731 3474 1802 seipsum
3509 1729 3713 1800 prodit.

2122 1828 2413 1895 Praeterea,
2449 1825 2762 1896 Aristippus
2804 1823 2872 1878 ad
2903 1822 3072 1878 tiliam
3121 1836 3280 1878 suain
3327 1821 3617 1892 epistolam
3641 1819 3716 1873 27

2127 1920 2318 1987 mittit,
2350 1934 2477 1975 cum
2519 1918 2632 1989 jam
2671 1915 2877 1972 Siciliae
2909 1928 3204 1988 tyrannum
3234 1914 3351 1984 ipse
3378 1913 3712 1984 reliquisset,

2123 2021 2178 2068 et
2203 2011 2316 2082 jam
2350 2011 2406 2065 in
2435 2009 2633 2081 Lipara
2668 2008 2849 2063 insula
2879 2007 3048 2062 morti
3069 2006 3289 2062 vicinus
3311 2015 3479 2071 esset,
3513 2005 3717 2060 ﬁliam-

2123 2118 2234 2175 que
2259 2112 2448 2158 monet
2475 2111 2536 2157 ut
2578 2101 2822 2156 Athenas
2865 2099 3273 2171 proﬁciscatur,
3303 2106 3357 2153 et
3383 2114 3511 2154 cum
3535 2096 3717 2169 lyrto

2122 2205 2178 2251 et
2224 2195 2494 2266 Xantippe
2534 2203 2782 2250 sanctam
2813 2194 2981 2247 vitam
3023 2192 3205 2259 colat;
3237 2191 3394 2262 quasi
3435 2199 3523 2246 tot
3551 2189 3717 2246 annis

2123 2295 2251 2357 post
2299 2300 2489 2341 necem
2537 2283 2784 2340 Socratis
2827 2284 2933 2339 illa:
2981 2284 3108 2339 duae
3153 2298 3356 2339 uxores
3405 2283 3461 2338 in
3519 2283 3714 2338 eadem

2124 2383 2291 2437 domo
2340 2381 2606 2444 viverent,
2655 2388 2713 2434 et
2760 2377 2995 2434 feminas
3047 2377 3432 2449 philosophice
3457 2377 3718 2433 institue-

2123 2485 2288 2541 rent;
2323 2488 2447 2529 cum
2483 2471 2682 2545 Myrto,
2713 2472 2759 2528 si
2788 2485 3031 2541 unquam
3063 2468 3310 2526 Socratis
3357 2484 3498 2525 uxor
3523 2469 3714 2536 fuerit,

2125 2575 2250 2622 ante
2281 2565 2460 2636 ipsum
2485 2575 2702 2619 mortua
2727 2563 2822 2618 sit.
2840 2562 3073 2619 Allatius
3097 2561 3317 2632 quidem
3341 2561 3409 2616 16
3431 2561 3499 2616 ad
3526 2562 3718 2619 minus

2125 2675 2302 2716 annos
2337 2669 2464 2730 post
2499 2657 2756 2714 Lachetis
2786 2657 3166 2726 magistratum
3200 2655 3404 2710 vixisse
3427 2653 3714 2710 Socratem

2128 2753 2262 2817 vult,
2297 2751 2390 2807 sed
2421 2760 2612 2806 contra
2655 2749 2902 2804 omnium
2939 2756 3184 2803 veterum
3229 2745 3574 2802 sententiam.
3608 2745 3714 2801 De-

2125 2846 2354 2900 metrius
2379 2843 2682 2898 Phalereus
2707 2842 2845 2897 satis
2875 2840 3112 2896 idoneus
3153 2848 3348 2894 auctor
3375 2837 3516 2907 apud
3545 2836 3715 2893 her-

2125 2939 2287 3005 tium,
2319 2935 2591 2991 Diodorus
2615 2934 2858 2996 Siculus,
2883 2931 3185 2994 Aristides,
3215 2929 3416 3001 quibus
3440 2930 3711 2985 consentit

2126 3029 2386 3098 antiquus
2424 3026 2514 3081 ille
2550 3027 2606 3080 in
2639 3024 2912 3080 Marmore
2951 3022 3344 3077 Arundclliano
3375 3022 3714 3092 chronograo

2127 3120 2269 3189 phus
2290 3160 2305 3186 ,
2346 3119 2465 3189 Ἀφ’
2492 3109 2554 3171 οὗ
2587 3115 2950 3189 [μετανῆλθον
2980 3117 3031 3168 oi
3068 3113 3232 3187 μετ]ὰ
3264 3114 3448 3186 Κύρου
3477 3113 3714 3168 maon-

2052 3229 2096 3288 ρ
2128 3227 2239 3274 τες,
2263 3211 2360 3264 καὶ
2387 3211 2687 3282 Σωκράτης
2719 3206 3030 3280 φιλόσοφ[ος
3058 3206 3142 3279 ὲτ]
3171 3206 3452 3278 cherishes
3485 3205 3712 3279 βι]ο[ὺς]

2128 3302 2226 3374 ἐτη
2258 3301 2630 3374 ἐϐδομήκοντα
2648 3341 2664 3367 ,
2685 3300 2795 3354 ἔτει
2811 3299 2944 3372 ρλζν,
2971 3297 3281 3371 ἄρχονίτος]
3325 3299 3579 3370 Ἀθήνῃσι
3607 3300 3718 3353 Λά-

2128 3411 2316 3465 χητος.
2346 3393 2562 3465 Optime
2590 3402 2738 3449 certe
2770 3393 2863 3448 ille
2898 3393 3002 3447 sub
3029 3391 3226 3446 eodem
3270 3392 3533 3447 archonte
3562 3393 3719 3462 ponit

2128 3488 2363 3542 reditum
2387 3501 2580 3542 eorum
2611 3485 2856 3555 quicum
2892 3485 3038 3558 Cyro
3067 3483 3456 3548 ascenderunt,
3487 3493 3544 3539 et
3565 3499 3720 3538 mor—

2129 3587 2236 3633 tem
2283 3576 2549 3633 Socratis.
2588 3575 2894 3646 Xenophon
2929 3575 3100 3640 enim,
3131 3591 3245 3645 quo
3269 3575 3410 3630 duce
3433 3574 3513 3628 illi
3537 3573 3720 3628 redie-

2127 3680 2278 3737 runt,
2307 3668 2615 3741 ἀναϐέσηκε
2641 3670 2740 3722 σὺν
2770 3667 2939 3738 Κύρῳ
2961 3668 3056 3722 ἐπὶ
3087 3667 3350 3738 ἄρχοντος
3377 3665 3720 3728 Ξεναινέτου,

2129 3763 2213 3816 ἐνὶ
2239 3761 2492 3833 προτέρῳ
2517 3760 2630 3814 ἔτει
2655 3760 2760 3832 τῆς
2787 3759 3110 3829 Σωκράτους
3129 3759 3407 3828 τελευτῆς,
3429 3757 3723 3812 (as-uendit

2127 3872 2255 3913 cum
2286 3857 2430 3928 Cyro
2461 3856 2566 3911 sub
2603 3855 2869 3910 archonte
2906 3853 3226 3918 Xemeneto,
3260 3867 3408 3908 anno
3439 3867 3554 3906 uno
3591 3863 3725 3907 ante

2130 3947 2378 4004 Socratis
2421 3955 2692 4012 mortem,
2736 3963 2756 3998 ο
2789 3950 2850 4000 tit
2897 3961 2966 4001 ex
3015 3954 3263 4000 veterum
3311 3944 3500 4014 aliquo
3547 3943 3728 3998 refert

2126 4037 2400 4094 Laertius.
2441 4036 2590 4093 Nihil
2638 4037 2807 4110 igitur
2847 4037 2902 4091 in
2933 4037 3164 4092 historia
3187 4035 3404 4092 videtur
3429 4050 3554 4091 esse
3593 4050 3724 4090 cor-

2128 4131 2259 4197 tius,
2291 4146 2454 4201 quam
2485 4130 2577 4184 illa
2623 4129 2872 4184 omnium
2905 4129 2959 4182 in
2994 4143 3056 4182 re
3097 4128 3386 4183 notissima
3420 4127 3724 4192 sententia,

2132 4221 2413 4278 Socratem
2449 4222 2553 4278 sub
2585 4221 2850 4276 archonte
2881 4218 3119 4274 Lachete
3163 4228 3445 4274 mortuum
3473 4233 3624 4274 esse.
3657 4217 3730 4274 Et

2130 4314 2551 4370 fundamentum
2587 4328 2700 4383 quo
2726 4312 2920 4366 nititur
2955 4311 3208 4377 Allatius,
3233 4311 3382 4381 quod
3411 4311 3556 4380 apud
3588 4309 3729 4366 Pla-

2129 4415 2312 4461 tonem
2359 4404 2616 4460 Socrates
2655 4406 2711 4459 in
2759 4402 3000 4474 Dialogis
3031 4403 3323 4474 aliquoties
3349 4403 3421 4460 de
3450 4403 3522 4459 iis
3549 4405 3730 4460 rebus

2130 4500 2410 4570 loquatur,
2435 4513 2558 4569 quae
2589 4497 2682 4552 diu
2725 4505 2851 4566 post
2877 4495 3133 4551 Lachetis
3174 4495 3558 4566 magistratum
3585 4512 3734 4553 eon-

447 4585 846 4658 suppositiouis
908 4585 1332 4641 convincuntur.
1386 4581 1568 4636 Edidit
1636 4580 1748 4636 Leo
1794 4578 2027 4635 Allatius
2059 4587 2102 4642 D
2132 4591 2395 4660 tigerunt,
2427 4586 2866 4642 inﬁrmissimum
2909 4595 3016 4641 est.
3049 4583 3264 4642 Veritas
3293 4587 3441 4640 enim
3471 4587 3732 4642 chrono-

450 4677 864 4733 Socraticorum
915 4675 1216 4746 epistolas,
1263 4689 1402 4744 quas
1443 4673 1512 4727 ab
1560 4672 1668 4728 illis
1712 4671 1848 4741 ipsis
1875 4670 2030 4734 viris,

451 4783 688 4838 quorum
719 4767 945 4822 nomina
995 4765 1311 4837 prwferunt,
1339 4764 1688 4833 conscriptas
1713 4761 1884 4818 fuisse
1909 4762 2032 4817 dia-

447 4861 574 4931 logo
621 4859 756 4915 satis
799 4859 1014 4929 prolixo
1061 4858 1412 4912 vehementer
1455 4854 1758 4922 contendit,
1785 4855 1882 4910 sed
1911 4853 2032 4908 l'ru-

448 4962 600 5019 stra;
649 4960 962 5020 temporum
1007 4951 1153 5007 enim
1207 4949 1347 5004 ratio
1394 4947 1622 5003 minime
1674 4947 1901 5017 patitur.
1950 4946 2032 5002 Ad

450 5045 674 5100 unicum
717 5053 1102 5114 argumentum
1139 5042 1268 5098 inde
1297 5043 1521 5098 ductum
1545 5041 1614 5096 de
1655 5039 1906 5095 oratione
1928 5037 2034 5094 Po-

449 5135 674 5206 lycratis
702 5136 756 5190 in
785 5135 995 5206 judicio
1027 5133 1271 5191 Socratis
1293 5133 1504 5198 habita,
1523 5133 1684 5204 cuius
1707 5132 1942 5204 epistola
1964 5133 2034 5188 14

452 5229 787 5285 mentionem
837 5227 990 5295 facit,
1043 5231 1118 5285 ita
1168 5229 1462 5299 respondet
1507 5237 1572 5283 ut
1614 5228 1684 5283 de
1727 5243 1874 5282 anno
1922 5242 2034 5298 quo

451 5319 710 5376 Socrates
766 5330 1017 5376 mortuus
1070 5329 1189 5386 est,
1242 5319 1516 5376 veteribus
1570 5317 1830 5374 omnibus
1881 5317 2031 5373 litem

451 5421 691 5476 moveat,
723 5427 823 5468 nec
846 5423 1030 5468 tamen
1075 5413 1246 5468 hilum
1279 5411 1552 5482 proﬁciat.
1577 5409 1774 5467 Omnia
1799 5409 1946 5466 enim
1976 5409 2033 5464 in

450 5514 516 5556 ea
544 5502 777 5571 epistola
821 5511 876 5558 et
925 5503 1176 5572 sequenti
1221 5503 1296 5558 ita
1319 5510 1582 5572 concepta
1612 5509 1762 5566 sunt,
1789 5510 1851 5557 ut
1883 5500 2034 5556 nulla

452 5598 721 5668 temporis
747 5598 891 5654 ratio
921 5600 1208 5666 habeatur,
1238 5598 1486 5669 adeoque
1514 5604 1714 5652 cuncta
1757 5596 1886 5652 ﬁcta
1910 5611 2036 5652 esse

440 5689 695 5750 dilucide
737 5699 1019 5761 appareat.
1065 5691 1319 5746 Euclides
1345 5699 1402 5747 et
1428 5689 1696 5761 Terpsion
1726 5697 2035 5760 queruntur

455 5782 897 5856 Xenophontem,
929 5800 1054 5841 cum
1083 5785 1338 5842 Socrates
1363 5798 1688 5850 moreretur,
1723 5799 1833 5839 non
1864 5785 2032 5841 Athe-

455 5875 566 5946 nis.
595 5877 690 5936 sed
721 5875 1110 5938 Lacedaemone
1136 5877 1344 5949 fuisse;
1375 5893 1502 5936 cum
1531 5878 1620 5935 ille
1644 5877 2036 5935 Lacedaemone

2135 4680 2314 4752 logica
2339 4695 2408 4735 ex
2443 4678 2689 4734 Platonis
2732 4678 2977 4749 Dialogt's
3007 4679 3272 4734 sumenda
3317 4691 3427 4732 non
3457 4686 3563 4734 est.
3604 4677 3736 4736 Sci-

2135 4780 2252 4826 tum
2304 4781 2389 4826 est
2429 4770 2564 4826 illud
2612 4769 2874 4825 Macrobii
2933 4767 3216 4824 Saturnal.
3251 4767 3348 4823 lib.
3395 4783 3436 4834 ι,
3482 4784 3610 4839 cap.
3645 4770 3678 4824 1
3715 4792 3733 4827 ;

2139 4883 2161 4918 ι
2191 4864 2385 4919 Annos
2413 4862 2725 4919 coeuntium
2770 4862 2913 4918 mitti
2957 4863 3014 4916 in
3045 4861 3278 4931 digitos,
3315 4860 3570 4930 exemplo
3601 4860 3736 4917 Pla-

2135 4956 2286 5011 tonis
2314 4955 2475 5010 nobis
2516 4953 2872 5025 suffragante,
2899 4968 3010 5008 non
3051 4952 3328 5009 convenit.
3383 4971 3406 5005 ›
3431 4953 3546 5008 Eos
3572 4966 3736 5010 certe

2133 5046 2291 5103 Plato
2317 5047 2477 5117 quasi
2503 5047 2780 5117 colloquia
2811 5046 3075 5102 habentes
3102 5044 3423 5112 introducit,
3451 5045 3551 5116 qui
3579 5061 3736 5101 nun-

2133 5153 2300 5209 quam
2348 5138 2641 5206 collocuti;
2681 5146 2738 5193 et
2779 5152 2844 5192 ea
2895 5135 3192 5192 nonnullos
3241 5150 3384 5206 saepe
3427 5135 3736 5205 loquentes

2136 5238 2523 5300 repraesentat,
2557 5229 2624 5286 de
2647 5229 2853 5300 quibus
2879 5228 2957 5284 illi
2991 5242 3274 5298 nuquam
3306 5227 3649 5298 cogitarunt,
3677 5239 3739 5284 et

2133 5339 2258 5393 quae
2303 5325 2446 5380 scire
2479 5323 2708 5378 minime
2743 5330 3056 5393 potuerunt.
3095 5321 3388 5389 Ἀναγνοὺς
3415 5321 3444 5373 ὁ
3484 5318 3736 5390 Γοργίας

2132 5417 2226 5470 τὸν
2270 5416 2556 5480 Πλάτωνος
2591 5415 2838 5485 διάλογον
2881 5414 3020 5486 πρὸς
3063 5414 3192 5477 τοὺς
3237 5411 3510 5483 παρόντας
3542 5407 3736 5476 εἶπεν,

2131 5509 2214 5564 ὅτι
2241 5510 2392 5564 οὐδὲν
2420 5507 2625 5564 τούτων
2651 5506 2778 5561 οὔτε
2805 5502 2982 5571 εἷπεν,
3011 5504 3136 5560 οὔτε
3163 5505 3362 5577 ἥκουσι
3389 5502 3548 5574 παρὰ
3573 5504 3737 5558 me.

2133 5617 2325 5664 τωνος.
2359 5619 2380 5651 ι
2422 5599 2654 5670 Gorgias
2701 5615 2827 5655 cum
2877 5597 3124 5652 Platonis
3157 5596 3434 5664 dialogum
3463 5594 3734 5664 legisset,

2134 5691 2204 5748 iis
2249 5691 2346 5762 qui
2388 5692 2615 5747 aderant
2641 5690 2802 5755 dixit,
2831 5690 2979 5760 quod
3025 5688 3162 5744 nihil
3208 5686 3405 5741 horum
3455 5693 3558 5740 aut
3607 5687 3735 5756 ipse

2133 5784 2353 5850 dixerit,
2390 5793 2491 5840 aut
2537 5799 2570 5840 a
2605 5782 2832 5839 Platone
2872 5781 3162 5838 audiverit.
3214 5798 3235 5832 ι
3273 5779 3420 5835 idem
3461 5778 3532 5832 de
3566 5777 3736 5836 Phr-

2134 5877 2271 5934 done
2307 5876 2474 5934 tradit
2504 5875 2834 5946 Athenaeus;
2861 5874 3029 5933 etiam
3061 5873 3130 5930 de
3161 5869 3391 5930 Socrate
3418 5865 3729 5928 Laertius;
