3848 6204
856 273 912 332 J.
946 273 1320 332 ransom
1357 273 1686 336 Vinnium:
1730 248 2158 336 πωπω.
2193 310 2264 322 -
2300 279 2485 336 PARS
2518 277 2576 336 tt

3351 277 3462 335 282

174 395 319 448 kat
339 393 529 450 δὲκαὶ
558 396 862 470 Σωκράτην
885 396 1199 455 ἀκούσαντα.
1233 398 1330 453 τὸν
1357 399 1554 454 Λύσιν
1579 399 1772 469 ἀναγι-

1886 397 2257 456 Viudiciarum
2305 412 2490 471 parte,
2545 397 2846 455 necessitas
2897 397 3185 460 incumbit,
3245 395 3338 452 sed
3404 405 3461 452 et

175 486 492 552 νώσκονως
536 490 846 558 Πλάτωνος,
887 490 1214 563 Ἡράκλεις,
1243 493 1419 546 εἰπεῖν
1439 534 1454 560 ,
1484 491 1562 557 ὡς
1600 492 1776 547 πολλά

178 593 286 650 μυ
315 579 668 651 malacas?
695 583 727 635 ὁ
755 583 1060 650 νεανίσκος,
1087 583 1192 637 οὐκ
1225 583 1387 652 ὀλίγα
1429 581 1541 656 γὰρ
1570 576 1648 638 ὧν
1672 585 1774 641 οὐκ

171 675 371 747 almae
413 674 718 747 Σωκράτης
762 674 1045 746 γέγραφεν
1092 677 1256 748 ἁνήρ.
1287 695 1309 729 t
1351 675 1562 734 Ferunt
1605 679 1772 734 etiam

174 763 470 820 Socratem
498 779 626 820 cum
660 749 956 821 Platonem
994 763 1182 836 Lysim
1219 767 1544 823 recitantem
1587 768 1774 824 audis-

172 862 278 920 ια,
297 855 441 926 proh
472 853 761 913 Hercules!
779 857 1196 922 exclamavisse,
1213 873 1378 930 quam
1398 859 1566 914 multa
1593 859 1660 916 de
1685 875 1775 916 me

170 945 624 1005 adducentulus
674 951 942 1006 mentitus
985 951 1119 1007 est?
1142 949 1264 1008 Non
1297 967 1474 1022 pauca
1512 953 1660 1008 enim
1704 968 1770 1008 ex

172 1041 264 1098 bis
317 1057 446 1114 qua:
489 1041 747 1101 Socrates
799 1060 1078 1116 nunquam
1123 1046 1295 1114 dixit,
1330 1047 1416 1101 vir
1462 1045 1553 1102 ille
1577 1045 1778 1102 litteris

171 1135 486 1191 mandavit.
537 1153 558 1188 ι
607 1136 750 1193 Cum
806 1138 976 1206 igitur
1041 1137 1301 1196 Socrates
1355 1139 1654 1210 aliquando
1713 1138 1770 1194 in

171 1227 400 1302 dialogo
424 1228 672 1287 Platonis
697 1231 1070 1288 introducitur
1089 1234 1158 1288 de
1181 1234 1250 1290 iis
1271 1234 1440 1290 rebus
1461 1233 1767 1298 disserens,

168 1335 298 1391 quae
345 1329 478 1392 post
517 1323 901 1385 magistratum
943 1322 1200 1380 Lachetis
1246 1325 1623 1396 contigerunt,
1658 1339 1770 1380 non

170 1419 357 1482 potest
377 1412 508 1468 inde
533 1415 718 1485 colligi
749 1413 1031 1471 Socratem
1051 1432 1116 1472 ea
1139 1424 1300 1472 aetate
1327 1416 1382 1472 in
1412 1417 1552 1472 vivis
1577 1416 1770 1485 fuisse,

169 1504 268 1560 sed
300 1502 590 1561 Platonem
623 1515 751 1576 post
778 1515 1012 1564 mortem
1041 1508 1287 1566 Socratis
1315 1509 1593 1581 dialogum
1627 1511 1767 1568 scri-

170 1597 356 1666 psisse
375 1638 390 1664 ,
421 1597 613 1668 illique
642 1613 786 1668 quos
826 1599 945 1670 ipse
969 1601 1143 1656 voluit
1169 1616 1456 1660 sermones
1481 1603 1764 1660 tribuisse.

169 1686 383 1746 Omnes
441 1691 611 1762 igitur
661 1690 1076 1748 Socraticorum
1127 1695 1392 1764 epistolas
1443 1695 1514 1751 ab
1565 1696 1766 1752 Allatio

1876 491 2088 560 lectori,
2115 493 2210 564 qui
2245 493 2351 548 sibi
2385 492 2568 548 lucum
2608 491 2726 548 ﬁeri
2776 491 2936 559 nolit,
2985 489 3211 544 nimiam
3252 487 3460 544 sollici-

1877 586 2122 642 tudinem
2149 593 2322 648 creat,
2366 587 2459 655 qui
2493 585 2679 640 minus
2715 592 2920 638 attente
2962 583 3176 654 singula
3207 581 3460 638 conside-

1875 683 1994 742 ret,
2035 683 2090 730 et
2135 690 2319 729 rerum
2370 673 2706 728 dill‘erentias
2757 688 2975 743 semper
3019 672 3311 727 observare
3365 679 3461 726 aut

1873 782 1984 846 non
2014 767 2164 834 velit,
2214 776 2312 822 aut
2358 783 2467 821 non
2519 766 2720 836 possit,
2755 765 3100 820 manifestam
3158 763 3460 836 prazjudicii

1873 859 2224 916 occasionem
2277 859 2574 914 ministrat.
2631 856 2891 912 Fatemur
2949 873 3051 912 nos
3097 856 3461 910 libentissime

1875 951 2047 1006 multa
2103 951 2160 1006 in
2211 950 2417 1021 spuriis
2455 950 2728 1020 epistolis,
2762 949 2935 1004 multa
2971 949 3025 1003 in
3076 948 3457 1018 interpolatio-

1873 1043 2039 1100 nibus
2066 1051 2122 1098 et
2150 1051 2458 1113 temporum
2496 1042 2655 1098 tidem
2692 1041 2931 1112 pulsare,
2961 1049 3015 1095 et
3061 1039 3234 1094 sancti
3267 1037 3458 1110 lgnatii

1873 1135 2124 1192 moribus
2178 1151 2482 1209 repugnare
2516 1176 2532 1201 ,
2589 1144 2642 1190 et
2684 1134 2980 1190 dictionem
3047 1131 3168 1201 ejus
3229 1131 3460 1188 minime

1873 1227 2099 1283 referre.
2137 1225 2326 1298 Neque
2376 1227 2534 1307 aliter
2563 1228 2679 1282 ﬁeri
2712 1227 2958 1298 potuisse
2999 1236 3260 1296 putamus
3294 1243 3308 1278 :
3343 1227 3458 1282 imo

1873 1319 2001 1375 inde
2053 1328 2437 1392 argumentum
2475 1321 2728 1375 ducimus
2777 1319 2912 1375 satis
2965 1329 3212 1390 apertum
3254 1328 3310 1374 et
3339 1319 3458 1373 elli-

1872 1428 1996 1480 cax,
2028 1413 2198 1483 quod,
2238 1429 2362 1468 cum
2403 1413 2558 1468 lictor
2603 1414 2833 1467 aliarum
2873 1411 3252 1480 epistolarum,
3285 1419 3340 1466 et
3373 1410 3459 1465 in-

1870 1505 2172 1574 terpolator
2198 1521 2452 1561 verarum
2515 1515 2743 1575 uterque
2767 1505 2881 1560 veri
2927 1504 3118 1574 lgnatii
3155 1503 3372 1567 simius,
3403 1512 3460 1559 et

1870 1613 1972 1668 pro
2023 1613 2127 1654 suo
2161 1597 2388 1653 modulo
2426 1599 2784 1668 archetypum
2834 1605 2992 1652 caute
3031 1603 3458 1668 repraesentans,

1869 1699 1980 1745 tam
2029 1688 2188 1745 facile
2232 1698 2396 1759 atque
2448 1688 2734 1744 manifeste
2787 1690 3105 1760 imposturre
3165 1699 3456 1760 teneatur,

169 1782 375 1848 editas,
421 1757 550 1838 cum
596 1784 851 1848 aliunde,
883 1793 999 1840 tum
1045 1801 1114 1840 ex
1163 1757 1473 1856 iemporum
1528 1787 1766 1854 ratione,
1800 1757 1842 1816 Β
1874 1792 1984 1837 tam
2015 1798 2160 1853 saepe
2184 1757 2425 1852 tempora
2452 1781 2772 1847 confundat,
2805 1757 2914 1837 tam
2945 1783 3121 1838 aliena
3144 1799 3172 1838 a
3201 1757 3460 1855 martyris

170 1889 283 1930 non
307 1875 383 1930 ab
409 1876 480 1932 iis
503 1876 707 1948 quibus
727 1878 1049 1934 tribuuntur
1073 1878 1332 1950 scriptas,
1362 1880 1458 1936 sed
1489 1880 1558 1936 ab
1583 1880 1770 1952 aliquo

172 1967 466 2040 philologo
497 1970 762 2026 confictas
789 1968 964 2028 fuisse
988 1977 1230 2026 constat.

239 2058 434 2126 Quare
468 2075 597 2117 cum
639 2062 844 2133 scripta
885 2063 992 2119 sub
1017 2063 1215 2120 alienis
1247 2064 1569 2122 nominibus
1596 2065 1766 2133 edita,

170 2165 238 2206 ac
285 2152 594 2221 praesertim
635 2153 904 2223 epistola,
950 2156 1058 2210 hoc
1101 2156 1270 2212 modo
1299 2157 1533 2227 prodere
1573 2171 1634 2213 se
1678 2173 1770 2213 so-

169 2247 342 2310 leant,
393 2259 509 2300 non
553 2244 788 2302 miimo
834 2255 1162 2318 argumento
1205 2257 1312 2316 est,
1361 2246 1554 2316 lgnatii
1590 2248 1768 2304 nostri

171 2335 439 2404 epistolas
465 2336 734 2406 genuinas
771 2353 919 2405 esse,
949 2339 1097 2409 quod
1125 2338 1262 2394 nihil
1302 2339 1358 2394 in
1385 2339 1498 2394 illis
1536 2339 1768 2409 reperiri

170 2424 376 2495 possit,
407 2425 559 2496 quod
597 2428 762 2483 aliam
791 2443 891 2484 seu
920 2429 1280 2500 posteriorem
1315 2438 1530 2485 aetatem
1566 2433 1766 2503 sapiat,

171 2518 322 2590 quod
377 2528 505 2589 post
547 2519 620 2574 10
645 2518 872 2590 Traiani
917 2535 1124 2578 annum
1161 2522 1398 2592 scriptas
1422 2521 1593 2578 luisse
1615 2522 1764 2578 evin-

169 2621 283 2668 cat.
316 2610 557 2668 Dallarus
597 2613 861 2684 epistolas
901 2614 1046 2683 ipsas
1079 2633 1098 2666 ι
1133 2616 1551 2672 accuratissime
1596 2616 1793 2686 inspir

165 2706 330 2761 ciens
355 2746 372 2771 ,
407 2715 464 2760 et
484 2705 910 2776 diligentissime
953 2707 1164 2764 rimans
1185 2747 1202 2774 ,
1235 2726 1256 2760 ι
1289 2708 1426 2762 nihil
1455 2707 1639 2764 adhuc
1665 2709 1769 2766 hu.

165 2796 264 2870 ius
293 2797 536 2870 generis,
567 2809 629 2854 ut
678 2815 805 2854 mox
835 2802 1212 2865 ostendemus,
1235 2801 1483 2858 offendit.
1529 2801 1686 2870 Quod
1717 2803 1768 2859 si

165 2891 268 2948 hic
303 2893 798 2962 circumspectator
826 2908 952 2947 cum
979 2893 1265 2949 emissitiis
1291 2894 1468 2948 oculis
1498 2895 1604 2948 tale
1628 2893 1768 2948 nihil

165 2985 428 3039 invenire
483 2985 683 3054 potuit,
733 2985 1090 3040 metuendum
1145 3001 1254 3040 non
1295 2987 1404 3041 erit
1456 3002 1524 3042 ne
1556 2988 1627 3042 ab
1655 2987 1768 3043 alio

1872 1875 2120 1930 moribus
2145 1873 2350 1940 tradat,
2395 1883 2586 1929 auctor
2610 1873 3044 1930 Eusebianarum
3090 1875 3178 1930 vel
3217 1890 3286 1931 eo
3335 1875 3458 1945 ipso

1870 1983 2036 2024 verus
2086 1965 2332 2038 lgnatius
2374 1975 2656 2038 appareat,
2703 1969 2852 2038 quod
2895 1978 3143 2040 tempora
3171 1984 3455 2038 nunquam

1869 2058 2194 2127 confundat,
2223 2060 2374 2131 quod
2399 2059 2538 2115 nihil
2564 2059 2634 2115 ab
2656 2060 2868 2132 lgnatio
2897 2061 3140 2119 alienum
3170 2061 3386 2117 doceat.

2506 2194 2739 2252 CAPUT
2775 2195 2843 2251 11.

1869 2286 2255 2355 Argumentum
2302 2283 2498 2342 Dallwi
2547 2305 2580 2341 α
2628 2297 2857 2355 tempore
2902 2288 3120 2340 ductum
3169 2287 3456 2355 refellitur.

1978 2359 2189 2430 gnatius
2232 2355 2438 2430 nullum
2487 2357 2807 2430 hereticum
2843 2360 3157 2430 nontinqvit.
3187 2358 3459 2430 Cleobiua,

1940 2427 2409 2500 sivehCleobulus,
2449 2429 2611 2498 primi
2648 2429 2831 2484 amuli
2875 2429 3177 2484 hereticus.
3200 2427 3460 2500 Insignia

1943 2500 2003 2556 S.
2035 2498 2348 2569 Hieronymi
2379 2498 2524 2552 locus
2558 2501 2673 2567 fuse
2713 2500 3032 2569 explicatur,
3074 2508 3125 2569 et
3155 2499 3218 2552 ab
3259 2498 3464 2569 impor-

1943 2571 2087 2624 tunis
2120 2568 2316 2623 Dallazi
2361 2569 2678 2640 conjecturis
2709 2568 3034 2640 defenditur.
3079 2568 3461 2640 lgnatiusnou

1940 2641 2154 2709 scripsit
2205 2649 2392 2693 contra
2433 2639 2782 2708 Theodotum,
2820 2640 2912 2696 sed
2958 2639 3204 2696 haeresim
3242 2640 3357 2711 ejus
3401 2642 3462 2696 in

1939 2711 2144 2766 Ebionc
2170 2712 2464 2766 damnavit.

2025 2727 2144 2766 ιοιιθ
2170 2726 2464 2768 damnavit.

1943 2801 2016 2858 Ut
2059 2818 2123 2859 ea
2173 2818 2297 2873 quae
2338 2804 2424 2858 vir
2473 2802 2831 2860 doctissimus
2879 2803 3148 2860 adversus
3194 2804 3461 2876 epistolas
3550 2878 3557 2887 _

1868 2891 2112 2950 Eusebio
2157 2893 2410 2966 cognitas
2451 2910 2522 2950 ex
2569 2895 2706 2965 ipsis
2733 2895 3067 2962 observavit,
3097 2897 3303 2952 nullam
3337 2911 3460 2952 om-

1870 2987 2004 3042 nino
2030 2987 2100 3042 ad
2127 3003 2319 3044 earum
2345 2988 2728 3044 auctoritatem
2761 2988 3190 3044 imminuendam
3221 2990 3328 3048 vim
3360 2989 3460 3043 ha.

168 3086 369 3148 postea
399 3075 454 3131 id
495 3077 608 3132 liat.
644 3075 857 3144 Quibus
891 3078 960 3132 ad
989 3079 1318 3134 sententiam
1344 3080 1600 3135 'nostram
1633 3095 1768 3136 con-
1795 3117 1840 3178 ο
1871 3079 2000 3136 bere
2025 3080 2332 3144 ostendam,
2377 3080 2569 3136 eodem
2617 3080 2811 3136 ordine
2859 3096 2970 3150 quo
3003 3081 3095 3136 ille
3141 3080 3462 3151 perscripsit

171 3169 504 3224 ﬁrmandam
551 3169 871 3240 praelibatis,
903 3170 972 3224 ad
1015 3185 1082 3226 ea
1136 3171 1342 3242 aliquid
1394 3174 1769 3242 reponendum
1802 3169 1840 3178 ”
1875 3173 2194 3244 singulatim
2227 3175 2416 3230 omnia
2457 3188 2779 3244 persequar.
2821 3171 3016 3244 Incipit
3047 3181 3232 3228 autem
3273 3173 3342 3228 ab
3368 3188 3462 3226 ar-

169 3272 280 3323 est.
313 3263 520 3332 quibus
562 3263 794 3332 probare
821 3263 1020 3318 nititur
1051 3265 1135 3318 vir
1156 3264 1528 3332 doctissimus,
1558 3264 1768 3335 episto-

172 3355 258 3411 las
293 3355 490 3427 lgnatii
536 3354 774 3412 Eusebio
815 3357 1086 3427 cognitas,
1125 3366 1182 3413 et
1213 3367 1291 3413 tot
1319 3357 1536 3414 sarculis
1565 3373 1768 3429 appro-

175 3449 362 3511 batas,
399 3463 506 3503 nec
529 3449 679 3503 aetati
710 3465 821 3518 qua
861 3449 1101 3519 scriptae,
1138 3465 1240 3506 nec
1269 3449 1374 3504 viri
1403 3466 1436 3506 a
1473 3466 1586 3521 quo
1611 3451 1772 3507 edita:

174 3556 302 3596 esse
335 3541 617 3608 dicuntur,
645 3542 865 3613 ingenio
899 3553 954 3599 et
981 3545 1235 3600 moribus
1263 3559 1590 3616 congruere.

246 3632 360 3688 Sed
423 3633 748 3704 priusquam
807 3634 874 3689 ad
941 3645 1267 3707 argumenta
1327 3637 1771 3696 adversariorum

174 3726 497 3781 ventilanda
543 3741 634 3782 me
676 3726 987 3797 accingam,
1022 3743 1133 3783 non
1164 3743 1389 3798 possum
1432 3744 1542 3785 non
1580 3730 1774 3786 obser-

179 3835 314 3874 vare
363 3817 654 3886 Dallaeum,
703 3819 798 3889 qui
843 3820 1110 3890 lgnatium
1163 3821 1513 3891 cpistolicum
1562 3821 1620 3877 in
1651 3825 1772 3893 ipso

175 3914 366 3983 operis
409 3911 498 3966 sui
531 3911 718 3965 limine
749 3913 908 3982 quasi
935 3912 1244 3983 Geryonem
1272 3914 1540 3982 depinxit,
1572 3914 1626 3968 in
1657 3915 1773 3970 dis-

173 4005 432 4078 putando
476 4004 860 4074 bicorporeum
901 4005 1092 4075 plane,
1129 4005 1212 4059 vel
1249 4005 1650 4074 tricorporeum
1676 4021 1774 4078 ap-

177 4114 404 4170 parere,
440 4107 497 4153 et
543 4105 865 4170 argumenta
909 4114 1012 4153 sua
1039 4106 1156 4154 tum
1189 4107 1380 4154 contra
1430 4098 1775 4157 Eusebianas

175 4201 399 4247 veteres
425 4190 714 4262 epistolas,
737 4200 855 4243 tum
880 4197 1071 4245 contra
1101 4191 1529 4258 eommentitias,
1547 4201 1602 4247 et
1624 4192 1774 4260 ipsas

176 4284 348 4338 etiam
380 4279 837 4351 interpolationes
875 4279 1154 4336 fabricari
1179 4289 1344 4352 atque
1377 4282 1646 4352 dirigere;
1676 4284 1773 4338 ad-

176 4393 360 4450 eoque
387 4392 502 4432 non
535 4385 751 4431 tantum
781 4375 1044 4437 adversus
1076 4373 1358 4432 Usserium
1387 4386 1444 4433 et
1471 4375 1775 4435 Hammon-

178 4471 337 4535 dum,
361 4468 464 4523 sed
499 4475 558 4522 et
592 4478 784 4523 contra
819 4466 1140 4535 Baronium,
1163 4467 1497 4524 Halloixium
1527 4469 1774 4540 aliosque

177 4573 247 4613 ex
280 4557 503 4614 Latinis
538 4559 813 4623 militare,
843 4573 991 4614 nunc
1036 4559 1144 4627 his,
1189 4575 1340 4615 nunc
1393 4560 1503 4616 illis
1559 4561 1775 4630 alapam

181 4657 512 4728 impingere.
568 4652 687 4709 Hoc
734 4663 916 4710 autem
960 4664 1071 4710 tam
1127 4656 1386 4726 perplexe
1417 4655 1582 4722 facit,
1611 4665 1676 4712 ut
1721 4663 1778 4712 et

179 4747 459 4803 lectorum
509 4745 689 4801 oculis
737 4745 991 4800 nebulam
1041 4747 1337 4815 obtendat,
1384 4756 1441 4803 et
1493 4749 1778 4806 sententia:

186 4851 391 4898 nostra:
447 4856 593 4910 saepe
653 4840 887 4897 insidias
935 4851 1141 4911 struat;
1199 4844 1330 4898 dum
1399 4842 1774 4912 Eusebianas,

185 4950 326 5004 quas
375 4934 558 4989 nostri
601 4933 872 5004 genuinas
916 4949 1040 4991 esse
1081 4937 1451 5004 contendunt,
1501 4951 1614 4993 non
1652 4937 1777 4994 aliis

188 5027 361 5083 armis
406 5027 649 5097 dejicere
692 5035 944 5093 conatur,
978 5043 1147 5098 quam
1176 5029 1248 5085 iis
1285 5029 1492 5099 quibus
1528 5030 1776 5100 interpo-

191 5121 429 5177 lationes
472 5119 764 5190 rejiciunt,
793 5128 848 5176 et
896 5137 1069 5178 novas
1112 5131 1166 5178 et
1212 5123 1622 5180 commentitlas
1657 5123 1778 5194 epi-

191 5215 363 5271 stolas
416 5222 712 5284 respuunt.
741 5211 1034 5269 Profitetur
1073 5214 1191 5286 ipse
1235 5231 1296 5271 se
1334 5234 1354 5267 r
1390 5217 1497 5272 hoc
1541 5215 1778 5287 lgnatiu-

193 5325 391 5365 narum
412 5307 772 5379 epistolarum
804 5309 1082 5379 negOtium
1114 5309 1278 5365 simul
1301 5309 1579 5380 semelque
1601 5319 1775 5366 totum

193 5409 438 5458 tractare
476 5418 496 5452 ι
531 5399 708 5465 velle,
761 5400 907 5470 quod
958 5415 1062 5456 nos
1109 5408 1167 5455 et
1213 5415 1356 5471 aegre
1402 5399 1675 5468 ferimus,
1725 5409 1779 5456 et

195 5495 428 5550 minime
468 5491 588 5549 ﬁeri
618 5492 876 5549 debuisse
915 5491 1319 5551 contendimus.
1349 5491 1477 5550 Haec
1505 5495 1652 5550 enim
1686 5509 1778 5550 re-

197 5600 320 5640 rum
352 5583 589 5641 co'nl'usa
618 5583 873 5639 tractatio
912 5599 1022 5640 non
1056 5591 1270 5639 tantum
1315 5585 1452 5640 mihi
1500 5586 1779 5655 negotium

201 5675 440 5746 lacessit,
506 5675 597 5732 cui
637 5684 898 5747 perpetua
950 5676 1324 5748 distinguendi
1367 5685 1424 5733 et
1473 5679 1710 5748 genuina
1747 5695 1780 5736 σι

207 5770 414 5838 spurits
457 5767 920 5840 discriminandi,
967 5769 1072 5826 hac
1119 5769 1424 5840 prasertim
1486 5770 1784 5838 posteriori

1871 3280 2134 3340 gumento
2183 3285 2214 3323 a
2252 3279 2496 3338 tempore
2538 3268 2737 3335 ducto,
2784 3277 2840 3323 et
2883 3269 3060 3338 capite
3106 3267 3174 3322 40
3224 3267 3461 3322 allirmat

1878 3378 1898 3413 ι
1937 3375 2046 3414 non
2101 3375 2273 3429 pauca
2325 3359 2530 3429 passim
2579 3374 2872 3415 occurrere
2913 3375 3037 3429 qua:
3065 3369 3263 3414 statam
3293 3367 3462 3426 atque

1873 3448 2162 3504 immotam
2219 3459 2528 3518 temporum
2565 3450 2722 3503 (idem
2745 3488 2762 3515 ,
2801 3449 3174 3506 certissimum
3215 3449 3459 3504 veritatis

1872 3543 2186 3616 κριτήριον,
2221 3543 2458 3612 graviter
2500 3541 2722 3611 pulsant
2765 3556 2830 3596 ac
2885 3541 3220 3596 convellunt.
3269 3559 3290 3593 ι
3343 3539 3460 3611 Ego

1872 3650 2005 3690 vero
2040 3650 2072 3689 e
2121 3634 2402 3689 contrario
2457 3649 2682 3698 assero,
2724 3635 2783 3689 in
2829 3634 2970 3690 lictis
3016 3643 3071 3688 et
3117 3634 3460 3704 interpolatis

1874 3727 2304 3800 quamplurima,
2348 3728 2444 3783 sed
2477 3742 2656 3798 neque
2685 3728 2892 3798 passim
2935 3743 3112 3796 neque
3143 3742 3252 3781 non
3282 3741 3460 3796 pauca

1874 3824 2210 3885 istiusmodi,
2243 3822 2354 3877 imo
2380 3822 2543 3892 plane
2586 3837 2653 3877 ac
2681 3835 2911 3891 prorsus
2949 3821 3098 3875 nulla
3128 3820 3183 3874 in
3209 3819 3460 3889 epistolis

1874 3931 2016 3986 quas
2038 3915 2216 3970 nostri
2239 3912 2565 3981 defendunt,
2594 3912 2842 3984 reperiri.
2865 3911 2970 3968 Sed
2999 3931 3018 3964 ι
3054 3927 3245 3967 earum
3269 3919 3461 3966 auctor

1874 4007 1943 4063 de
1972 4007 2159 4062 multis
2191 4007 2460 4076 haereticis
2501 4013 2667 4076 atque
2710 4004 3012 4060 [iteresibus
3047 4013 3169 4072 post
3201 4002 3462 4073 martyris

1874 4100 2099 4155 domum
2119 4107 2349 4154 mortem
2373 4098 2606 4164 exortis,
2637 4096 2844 4166 passim
2887 4096 3152 4166 loquitur.
3187 4114 3206 4147 ι
3239 4093 3312 4149 lta
3345 4095 3457 4150 ille.

1873 4190 1986 4246 Nos
2015 4201 2199 4246 autem
2249 4207 2374 4245 cum
2424 4188 2660 4246 Eusebio
2687 4187 3076 4258 antiquitatum
3122 4185 3461 4241 ecclesiasti-

1874 4299 2066 4340 carum
2116 4284 2450 4355 peritissimo
2499 4282 2757 4348 fatemur,
2792 4282 3061 4352 lgnatium
3103 4280 3316 4349 aliquas
3345 4278 3458 4333 hae-

1876 4391 2027 4432 reses
2053 4375 2463 4446 perstrinxisse.
2496 4373 2592 4430 sed
2617 4388 2713 4429 eas
2737 4371 3138 4434 tantummodo,
3173 4384 3296 4439 quae
3331 4376 3464 4424 tunc

1807 4502 1850 4557 θ
1876 4466 2160 4538 temporis,
2195 4481 2320 4521 cum
2356 4465 2445 4520 ille
2469 4464 2712 4534 scripsit,
2743 4471 2800 4519 et
2816 4471 3109 4531 antequam
3137 4458 3462 4530 martyrium

1878 4572 2078 4627 passus
2103 4565 2210 4621 est,
2245 4565 2450 4610 exorta:
2475 4558 2723 4620 fuerant;
2772 4553 2937 4623 idque
2961 4549 3310 4606 verissimqu
3340 4561 3465 4603 esse

1871 4648 2282 4705 contendimus.
2333 4646 2616 4713 Rursum,
2665 4663 2688 4699 ι
2721 4645 3026 4714 quosdam,
3075 4641 3290 4712 inquit,
3343 4639 3465 4709 ejus

1877 4741 2169 4796 commatis
2207 4739 2459 4795 nominat
2499 4739 2735 4805 diserte,
2769 4746 2824 4792 et
2873 4751 3012 4807 quos
3055 4751 3160 4790 non
3195 4733 3462 4800 nominat,

1878 4847 2072 4888 eorum
2099 4841 2284 4887 tamen
2305 4831 2562 4902 dogmata
2590 4829 2668 4884 ita
2697 4828 2860 4899 plane
2883 4843 2949 4883 ac
2979 4827 3266 4897 perspicue
3296 4826 3465 4879 inter-

1877 4925 2014 4980 dum
2045 4925 2292 4995 eaponit,
2333 4932 2394 4980 ut
2417 4939 2562 4994 quos
2606 4922 2874 4994 intelligat
2902 4921 3141 4976 dubitari
3191 4937 3300 4976 nou
3329 4933 3464 4990 pos-

1879 5019 1975 5074 sit.
2014 5040 2036 5073 ι
2069 5017 2182 5076 Nos
2207 5028 2505 5088 utrumque
2553 5017 2723 5072 libere
2767 5023 2821 5071 et
2863 5023 3051 5084 aperte
3097 5013 3294 5070 falsum
3340 5027 3466 5070 esse

1878 5114 2120 5169 dicimus
2149 5130 2164 5166 :
2193 5119 2252 5166 et
2288 5112 2577 5180 hucusque
2604 5107 2974 5164 assertionum
3009 5105 3156 5162 nuda
3184 5104 3466 5162 contentio

1877 5218 1994 5274 est;
2020 5207 2098 5262 ait
2119 5207 2231 5272 ille,
2260 5219 2365 5259 nos
2395 5217 2682 5272 negamus.

1951 5298 2198 5355 Priorem
2230 5297 2478 5352 ordinem
2513 5295 2676 5350 unico
2716 5293 2823 5348 hoc
2864 5301 3189 5364 argumento
3228 5289 3466 5360 probare

1881 5393 2122 5449 nititur:
2158 5389 2532 5462 Epistolarum
2573 5397 2766 5446 auctor
2801 5405 2822 5438 ι
2867 5385 3158 5452 Basilidis,
3196 5381 3464 5438 Theodoti

1879 5497 1936 5543 et
1966 5485 2214 5542 Cleobuli
2257 5485 2371 5540 edit
2412 5483 2635 5538 nomina
2669 5482 2725 5536 in
2753 5480 2984 5552 epistola
3022 5479 3090 5533 ad
3131 5477 3462 5534 Trallianos.

1879 5579 1952 5635 At
1979 5579 2080 5634 hos
2109 5588 2222 5634 tres
2271 5585 2396 5648 post
2423 5575 2618 5647 lgnatii
2654 5573 2978 5644 martyrium
3025 5570 3273 5641 erupisse
3313 5577 3466 5625 certo

1881 5679 2120 5727 constat.
2147 5689 2168 5722 ο
2196 5669 2274 5726 De
2305 5670 2687 5726 haereticorum
2731 5669 2930 5722 horum
2963 5673 3124 5720 aetate
3171 5678 3319 5718 tiuoc
3351 5675 3462 5716 nou

1882 5764 2126 5836 disputo,
2157 5764 2226 5821 de
2248 5762 2510 5821 Basilide
2543 5770 2732 5832 postea
2776 5769 3033 5827 acturus;
3078 5756 3210 5814 illud
3247 5762 3461 5818 tantum
