3864 6204
399 315 502 372 285
1383 317 1441 374 S.
1484 316 1835 376 lGNATlUS.
1877 347 1944 361 -
1983 316 2521 378 PROLEGOMENA.
2726 367 2738 378 ι
3565 317 3676 375 Μ

399 436 878 506 inprasentiarum
929 448 1161 500 moneo,
1199 437 1346 506 quod
1379 435 1507 491 huic
1545 443 1868 507 argumento
1908 450 1994 491 re-
2023 448 2067 505 Α
2097 437 2322 503 mentio,
2369 436 2524 500 nihil,
2565 445 2625 491 ut
2655 435 3064 508 opinor,‘cogit.
3095 436 3134 489 ἰ
3183 433 3298 492 lno
3341 451 3474 493 vero
3523 447 3680 509 cogit

398 527 642 583 fellendo
687 527 904 582 abunde
959 527 1219 593 sulIiciat,
1287 537 1567 582 auctorem
1631 527 1988 598 epistolarum
2094 525 2324 582 illustris
2356 526 2510 582 locus
2545 524 2842 595 Epiphanii
2889 526 3081 581 haeresi
3113 525 3179 581 51
3220 545 3233 580 :
3272 525 3463 580 Ἔνθεν
3495 528 3676 583 καὶαι

397 621 786 676 haereticorum
817 619 1088 674 neminem
1117 620 1404 676 nominare
1426 620 1682 686 voluisse,
1699 621 1770 676 ab
1796 635 1968 676 eorun

2093 618 2222 689 περὶ
2244 617 2520 689 Κήρινθον
2541 619 2636 671 καὶ
2683 616 2913 671 Ἐὗίωνα
2937 615 3092 686 ψιλὸν
3111 619 3205 672 τὸν
3227 615 3511 688 ἄνθρωπον
3532 635 3676 672 κατ-

396 713 655 769 omnium
711 711 1124 767 nomenclatura
1178 711 1247 768 de
1300 712 1574 768 industria
1629 713 1984 769 abstinuisse.

397 803 478 860 Ita
511 808 657 863 enim
691 807 807 878 ipse
851 806 1093 876 loquitur
1121 807 1189 860 de
1233 806 1507 862 hmreticis
1555 807 1622 862 ad
1674 806 1988 878 Smyrnaeos

402 900 696 956 scribens:
731 899 812 954 Τὰ
858 899 916 954 δὲ
962 897 1204 969 ὀνόματα
1246 898 1425 952 αὐτῶν
1468 898 1596 952 ὅντα
1640 897 1844 953 ἄπιστα
1887 900 1988 953 οὐκ

401 989 547 1056 ἔδοξέ
573 1008 662 1062 μοι
685 989 974 1063 ἐγγράψαι·
993 989 1129 1043 ἀλλὰ
1149 988 1285 1061 μηδὲ
1312 989 1522 1058 γένοιτό
1551 1007 1640 1060 μοι
1660 990 1839 1044 αὐτῶν
1859 1007 1989 1061 μνη·

403 1081 652 1153 μονεύειν
686 1081 878 1152 μέχρις
904 1075 966 1133 οὗ
998 1081 1425 1152 μετανοήσωσιν.
1463 1078 1633 1136 Vetus
1662 1081 1936 1152 interpres
1966 1099 1982 1138 :

405 1191 426 1226 ι
459 1171 692 1228 Nomina
734 1183 918 1228 autem
967 1174 1214 1244 ipsorum
1248 1174 1569 1230 exsistentia
1601 1175 1841 1231 inlidelia
1873 1191 1984 1232 non

397 1265 580 1321 visum
619 1275 705 1321 est
759 1266 894 1321 mihi
946 1266 1245 1322 inscribere
1295 1285 1310 1322 :
1355 1267 1448 1322 sed
1480 1283 1660 1338 neque
1707 1267 1802 1324 flat
1848 1268 1984 1324 mihi

399 1353 647 1424 ipsorum
697 1358 973 1412 recordari
1022 1373 1198 1427 usque
1238 1373 1361 1429 quo.
1399 1359 1720 1428 pmniteant.
1775 1379 1794 1413 ι
1825 1359 1984 1428 Quod

398 1443 568 1498 animi
613 1449 956 1516 propositum
997 1449 1252 1520 religiose
1294 1449 1349 1502 ln
1396 1449 1626 1520 reliquis
1653 1451 1820 1506 etiam
1865 1453 1984 1524 epi-

395 1536 556 1592 stolis
583 1540 948 1604 conservavit,
991 1541 1129 1596 adeo
1169 1550 1229 1597 ut
1268 1542 1472 1599 nullius
1517 1559 1758 1615 unquam
1804 1545 1983 1602 hatre-

396 1627 492 1683 tlci
544 1629 785 1686 hominis
834 1647 1034 1687 nomen
1088 1633 1341 1690 ediderit.
1402 1635 1612 1690 Auctor
1658 1647 1808 1692 certe
1865 1637 1984 1708 epi-

395 1721 552 1774 stolae
591 1721 658 1775 ad
706 1720 1042 1790 Trallianos,
1086 1727 1114 1778 ὁ
1170 1724 1501 1797 δημιουργὸς
1543 1725 1646 1797 τῆς
1691 1727 1983 1794 θεσπεσίας

2090 709 2268 780 ἔσχον,
2288 712 2383 764 καὶ
2401 708 2697 781 Μήρινθον,
2725 710 2824 763 καὶ
2838 708 3095 762 Κλώδιον
3119 708 3296 763 εἶτουν
3314 709 3670 776 Κλεόϐουλον,

2090 802 2143 856 id
2158 811 2262 868 est,
2286 821 2306 856 ι
2329 813 2382 858 et
2395 802 2678 866 Cleobium
2703 800 3170 858 siveCleobulum.
3184 820 3204 855 ι
3229 801 3354 858 Haec
3369 803 3516 857 enim
3530 803 3673 857 satis

2089 894 2580 964 aperteostendunt
2615 895 2866 950 eumdem
2907 894 3220 950 haereticum
3261 894 3332 949 ab
3347 894 3470 951 aliis
3507 895 3666 950 Cleo-

2088 978 2334 1046 bium,ah
2345 981 2469 1036 aliis
2481 980 2803 1037 Cleobulum
2817 983 3086 1038 nominari
3096 983 3404 1048 solitum,ut
3411 983 3672 1040 eumdem

2089 1071 2403 1128 hmreticum
2422 1075 2514 1128 alii
2530 1073 2986 1142 Saturnilum,alii
3005 1074 3360 1132 Saturninum
3373 1077 3671 1134 vocabant.

2089 1163 2248 1220 Hunc
2271 1175 2455 1222 autem
2471 1167 2780 1232 Cleobium,
2794 1167 2908 1222 sive
2919 1168 3378 1225 Cleobulumeum
3395 1167 3675 1224 Ehioueet

2086 1256 2350 1311 Cerintho
2398 1259 2680 1313 Christum
2741 1261 2954 1315 nudum
3004 1260 3286 1317 hominem
3339 1262 3674 1331 praedicasse

2085 1349 2244 1405 docet
2272 1348 2610 1420 Epiphanius
2643 1367 2658 1405 :
2698 1361 2754 1407 et
2778 1353 3025 1408 eamdem
3049 1353 3299 1409 haeresim
3323 1352 3672 1409 Theodotum

2091 1441 2351 1498 docuisse
2380 1443 2649 1510 noscitur,
2679 1446 2766 1500 cui
2790 1444 3109 1500 Cleobulum
3139 1445 3390 1515 adjungit
3416 1446 3670 1516 interpo-

2084 1533 2244 1590 lator.
2276 1532 2388 1589 Sua
2423 1533 2586 1606 igitur
2615 1535 2938 1598 Cleobulum
2964 1537 3275 1593 obscuritas
3306 1552 3415 1592 non
3445 1537 3602 1608 tegit.

2157 1625 2233 1682 De
2261 1625 2543 1683 Theodoto
2573 1637 2754 1684 autem
2779 1628 3054 1695 .miniato,
3105 1629 3200 1699 qui
3241 1627 3308 1684 ad
3340 1642 3447 1684 nos
3495 1628 3668 1695 nihil,

2085 1716 2255 1772 miras
2301 1717 2462 1773 nobis
2501 1717 2854 1774 difficultates
2891 1727 3047 1775 creat
3089 1729 3147 1773 et
3179 1718 3367 1774 turbas
3404 1720 3668 1775 concitat.

393 1809 723 1882 ἐπιστολῆς,
757 1822 816 1866 ut
863 1813 1106 1883 loquitur
1138 1813 1424 1886 Synesius,
1459 1814 1771 1885 Basiliden),
1805 1816 1968 1874 Theo-

2084 1807 2218 1863 Nam
2255 1808 2401 1878 quod
2427 1824 2554 1864 eum
2585 1809 2655 1864 ad
2694 1823 2754 1864 a.
2793 1809 2857 1866 Ι).
2899 1811 3004 1866 194
3032 1808 3220 1875 refert,
3269 1809 3404 1880 quid
3437 1810 3511 1866 ad
3537 1825 3668 1874 nos,

393 1901 588 1957 dotum
677 1913 773 1959 aut
801 1903 1125 1960 Cleobulum
1179 1921 1463 1978 nunquam
1513 1903 1982 1974 nominavit,'sed

393 1993 753 2063 interpolator
782 2012 798 2062 ;
841 2014 860 2048 ι
891 1996 1074 2050 omnis
1109 2005 1290 2052 autem
1328 1997 1677 2069 interpolatio
1711 2001 1988 2070 posterior

391 2083 661 2139 credenda
715 2093 834 2152 est,
867 2103 886 2138 ι
929 2096 990 2140 ιιι
1038 2087 1285 2158 loquitur
1331 2087 1724 2149 Tertullianus.
1776 2092 1980 2150 Eorum

393 2174 619 2230 nomina
674 2175 728 2230 in
782 2176 999 2233 laciniis
1054 2179 1202 2236 illius
1249 2182 1498 2253 epistola:
1548 2184 1690 2239 inter
1747 2186 1979 2242 miniata

393 2266 773 2337 reperiuntur;
808 2269 862 2323 in
895 2268 1084 2325 codice
1113 2270 1429 2329 Florentino
1451 2315 1466 2338 ,
1495 2284 1550 2330 et
1582 2274 1778 2334 Latino
1811 2277 1978 2334 inter~

392 2364 544 2426 prete
573 2358 794 2413 sincero
824 2375 931 2415 non
963 2373 1260 2433 apparent;
1302 2365 1368 2420 ad
1418 2365 1716 2422 Baronium
1745 2367 1981 2428 fortasse

389 2456 446 2504 et
469 2445 822 2518 Halloixium,
850 2458 915 2506 ad
942 2469 1042 2520 nos
1063 2469 1171 2510 non
1197 2457 1420 2513 omnino
1451 2460 1740 2528 pertinent.

460 2539 639 2611 Atque
669 2543 786 2599 hac
812 2545 879 2600 ad
901 2545 967 2600 l0
994 2555 1152 2618 caput
1182 2551 1470 2618 responsio
1493 2552 1741 2609 sufficere
1769 2563 1974 2625 posset,

388 2629 494 2686 nisi
533 2646 658 2685 cum
695 2633 785 2688 illa
817 2636 982 2691 verba
1004 2652 1071 2694 ex
1095 2656 1114 2688 ι
1141 2654 1246 2694 suo
1273 2637 1465 2710 lgnatii
1493 2643 1654 2698 simio
1688 2663 1706 2695 ι
1727 2646 1794 2700 ad
1815 2644 1972 2701 Tral-

385 2717 564 2775 lianos
581 2721 834 2778 adducit:
859 2743 878 2777 ι
901 2725 1096 2799 Fugite
1124 2729 1290 2784 etiam
1325 2731 1500 2801 ipsius
1528 2735 1849 2805 nequissimi
1875 2753 1974 2794 ne-

302 2875 308 2880 _
386 2821 564 2882 potes,
606 2813 947 2872 Theodotum
986 2829 1042 2875 et
1068 2820 1415 2891 Cleobulum,
1449 2843 1469 2878 ι
1503 2828 1851 2884 occasionem
1884 2845 1975 2885 ar-

385 2903 586 2974 riperet
603 2905 885 2963 Usserium
907 2911 1073 2967 etiam
1116 2921 1172 2968 et
1193 2913 1596 2973 Hammondum
1621 2922 1970 2992 suggillandi.

389 3015 411 3050 ι
441 2997 517 3052 Ch
536 3000 786 3067 obulum,
815 3002 1012 3074 inquit,
1043 3005 1209 3062 istum
1235 3024 1335 3064 sua
1371 3011 1684 3068 obscuritas
1717 3013 1791 3069 ita
1815 3017 1969 3087 tegit,

2081 1902 2176 1972 qui
2209 1901 2660 1971 interpolatorem
2688 1903 2900 1972 aliquot
2929 1910 3056 1972 post
3077 1902 3294 1958 seculis
3336 1911 3526 1958 natum
3557 1918 3667 1974 pu-

2082 1991 2314 2046 tamus?
2365 1991 2522 2058 Quod
2571 1991 2774 2047 clamat
2826 1991 3116 2047 Usserium
3151 2011 3171 2044 ι
3201 2006 3270 2047 eo
3320 1993 3555 2059 ducere,
3609 2001 3670 2048 ut

2081 2083 2428 2140 Theodadem
2454 2100 2555 2155 pro
2584 2083 2886 2151 Theodoto,
2909 2095 3106 2156 prater
3135 2086 3384 2140 omnium
3408 2085 3669 2141 codicum

2079 2177 2394 2233 Graecorum
2426 2177 2858 2250 Latinorumque
2888 2178 3075 2244 tidem,
3107 2192 3460 2248 reponamus,
3497 2197 3517 2230 ι
3556 2194 3669 2232 ma-

2079 2289 2241 2344 gnam
2264 2275 2386 2329 viro
2408 2273 2758 2344 integerrimo
2785 2273 3040 2343 injuriam
3057 2271 3205 2328 facit.
3233 2271 3493 2328 Usserius
3517 2281 3670 2328 certe

2079 2363 2486 2434 interpolatoris
2516 2362 2892 2419 defensionem
2925 2380 3034 2418 non
3061 2364 3320 2434 suscepit,
3353 2378 3518 2433 quem
3549 2364 3670 2434 ipse

2077 2457 2289 2526 primus
2325 2456 2534 2512 detexit
2558 2466 2612 2511 et
2635 2456 2895 2522 conﬁxit;
2926 2471 3105 2527 neque
3129 2456 3433 2528 quidquam
3459 2465 3668 2512 contra

2076 2549 2329 2603 codicum
2361 2547 2521 2603 fidem
2547 2546 2695 2611 fecit,
2729 2548 2823 2604 sed
2850 2563 2950 2618 pro
2977 2548 3242 2619 singulari
3268 2564 3379 2620 qua
3415 2548 3498 2603 uti
3523 2549 3670 2606 solo-

2076 2640 2170 2695 bat
2196 2640 2502 2711 diligentia,
2536 2641 2778 2696 codicem
2808 2639 3169 2696 Baliolensem
3191 2681 3208 2707 ,
3255 2657 3362 2696 non
3404 2640 3670 2696 Theodo-

2076 2740 2213 2801 tum,
2239 2734 2332 2790 sed
2366 2732 2723 2789 Theododum
2749 2733 2957 2788 habere
2988 2734 3271 2803 indicavit,
3312 2733 3458 2804 quod
3503 2749 3670 2789 com-

2077 2839 2244 2882 mune
2299 2827 2504 2897 aliquid
2557 2842 2682 2882 cum
2743 2826 2965 2882 Θεοδάδι
3019 2826 3222 2881 habere
3275 2826 3668 2881 tantummodo

2074 2920 2308 2974 monuit.
2363 2918 2726 2989 Iniquissima
2769 2920 2937 2990 igitur
2986 2929 3115 2974 sunt
3143 2917 3574 2975 vociferationes
3611 2929 3670 2975 et

2073 3011 2385 3072 calumniae,
2419 3011 2622 3081 quibus
2648 3011 2824 3066 virum
2852 3011 3328 3067 accuratissimum
3349 3022 3571 3091 onerat.

467 3091 621 3198 argui
645 3107 753 3147 non
780 3097 972 3164 possit.
996 3115 1016 3149 ι
1044 3096 1157 3154 lmo
1186 3114 1317 3155 vero
1345 3101 1484 3156 adeo
1510 3105 1862 3174 perspicuum
1886 3119 1972 3165 est
1996 3140 2039 3198 ϐ
2145 3102 2251 3160 δαί
2277 3113 2518 3160 «movet»
2539 3106 2718 3160 virum
2735 3105 3115 3161 doctissimum
3138 3103 3490 3176 «Hieronymi
3510 3106 3667 3160 locus

380 3179 706 3238 Cleobulum
743 3186 898 3241 illum
946 3188 1092 3244 inter
1140 3192 1547 3250 vetustissimos
1597 3194 1886 3253 hereticos
1936 3214 1968 3254 a

384 3272 488 3330 SS.
521 3274 778 3336 Patrihus
808 3295 934 3337 esse
975 3285 1332 3351 recensitum,
1367 3295 1428 3341 ut
1448 3286 1497 3343 si
1525 3302 1651 3342 eum
1682 3290 1970 3346 nominas-

381 3373 465 3420 set
497 3367 614 3436 ipse
639 3379 834 3426 auctor
855 3373 1101 3442 eplstolae
1127 3375 1194 3431 ad
1223 3374 1554 3446 Trallianos,
1582 3380 1734 3436 nulla
1765 3381 1894 3437 inde
1915 3383 1967 3437 ei

379 3456 454 3511 de
480 3458 808 3529 antiquitate
861 3462 930 3518 lis
958 3465 1167 3520 moveri
1215 3477 1419 3536 posset.
1466 3469 1768 3530 Cleobulus
1793 3473 1965 3542 enim,

378 3549 496 3604 sive
523 3550 802 3622 Cleobius,
833 3552 1079 3614 Simonis
1127 3559 1434 3630 discipulus
1464 3561 1602 3630 fuit;
1633 3565 1778 3620 unde
1804 3565 1968 3622 Cleo-

378 3639 528 3696 biani
571 3658 698 3699 cum
743 3643 1092 3704 Dositheanis
1125 3659 1182 3706 et
1207 3651 1502 3709 Gorthenis
1543 3655 1780 3726 aliisque
1819 3659 1965 3712 anti-

377 3734 665 3804 quissimis
705 3737 975 3797 haereticis
1006 3745 1278 3799 numerati
1310 3754 1459 3801 sunt.
1492 3745 1554 3803 Β.
1587 3744 1965 3806 Theodoretus

381 3825 586 3883 ﬂeret.
638 3831 756 3904 ιώ.
781 3832 878 3888 lib.
907 3849 948 3899 I,
973 3850 1094 3905 cap.
1113 3836 1165 3901 1,
1184 3838 1252 3892 de
1279 3839 1650 3897 Simonianis:
1683 3843 1780 3896 Ἐκ
1799 3843 1963 3914 τῆσδε

372 3919 474 3990 τῆς
523 3923 858 3995 πικροτάτης
903 3927 1216 3998 ἀνεφύησαν
1269 3929 1427 4003 ῥίζης
1467 3932 1764 3988 Κλεοσανοὶ
1815 3932 1962 4005 [lege

373 4011 728 4084 Κλεοσιανοὶ]
750 4016 1078 4084 Δοσιθεανοὶ,
1096 4021 1374 4093 Γορθηνοὶ,
1393 4025 1722 4090 Μασὸόϐεοι,
1751 4027 1960 4099 Ἀδρια-

372 4105 570 4172 νισταὶ,
603 4107 932 4178 Εὑτυχηταὶ,
980 4113 1268 4168 Κανισταί.
1316 4113 1384 4170 Ει
1437 4116 1534 4171 lib.
1571 4132 1632 4182 ιι,
1679 4133 1730 4172 c.
1777 4119 1829 4184 1,
1866 4122 1958 4176 ubi

247 4213 258 4224 ·
374 4205 610 4252 testatur
637 4199 808 4256 Deum
839 4203 1178 4272 zizaniorum
1208 4222 1464 4280 magnam
1487 4220 1698 4280 partem
1733 4213 1790 4266 in
1819 4214 1962 4268 triti-

372 4301 500 4342 uum
533 4291 898 4360 convertisse,
933 4294 1048 4350 haec
1095 4297 1259 4354 habet
1291 4317 1306 4354 :
1342 4300 1456 4353 Καὶ
1486 4301 1828 4374 μαρτυροῦσι
1866 4305 1962 4358 καὶ

370 4379 554 4444 πόλεις
577 4384 672 4436 καὶ
690 4383 874 4456 κῶμαι
904 4388 1001 4442 καὶ
1031 4388 1142 4443 τῶν
1175 4389 1419 4463 Σίμωνος
1463 4394 1559 4448 καὶ
1599 4395 1711 4449 τῶν
1741 4397 1958 4452 Μενάν-

2071 3207 2260 3252 contra
2316 3195 2620 3252 Helvidium
2671 3197 3008 3265 disputantis
3042 3237 3058 3261 ,
3128 3195 3336 3252 diserte
3379 3194 3665 3268 lgnatium

2071 3287 2215 3343 inter
2241 3287 2581 3358 apostolicos
2601 3287 2904 3356 scriptores
2929 3286 3169 3356 primum
3199 3286 3540 3342 recenseatis
3563 3287 3665 3357 qui

2069 3385 2332 3442 adversus
2386 3383 2676 3448 Ebiouem,
2725 3393 2781 3438 et
2816 3381 3158 3436 Theodotum
3206 3379 3554 3452 Byzantium,
3609 3389 3666 3436 ct

2071 3477 2424 3533 Valentinum
2469 3476 2830 3546 scripserunt.
2876 3493 2896 3526 ι
2932 3473 3107 3529 Caute
3137 3473 3254 3528 haec
3302 3473 3568 3543 primum,
3607 3482 3663 3528 et

2068 3568 2350 3624 indefinite
2375 3585 2388 3622 :
2419 3576 2602 3623 movet
2626 3567 2932 3631 hominem,
2963 3564 3061 3620 sed
3091 3579 3223 3638 quo,
3249 3579 3356 3618 non
3381 3565 3660 3632 ostendit;

2066 3670 2128 3715 ut
2151 3661 2282 3730 quid
2305 3669 2578 3730 putetnon
2593 3659 2750 3715 addit
2772 3658 2936 3730 ;quid
2955 3658 3078 3712 inde
3090 3657 3330 3728 colligat,
3356 3669 3461 3710 nos
3485 3655 3662 3711 latere

2067 3753 2259 3807 voluit.
2287 3754 2371 3806 An
2395 3760 2577 3806 movet
2604 3759 2664 3806 ut
2685 3750 2954 3821 lgnatium
2992 3749 3136 3804 inter
3165 3749 3500 3819 apostolicos
3516 3751 3662 3806 scri-

2066 3852 2252 3916 ptores
2304 3859 2413 3898 non
2448 3858 2711 3898 numeres
2735 3883 2752 3905 ,
2793 3856 2920 3897 cum
2962 3838 3330 3912 Hieronymus
3367 3839 3485 3910 ipse
3525 3855 3658 3894 eum

2063 3936 2266 3992 diserte
2280 3935 2422 3991 inter
2449 3934 2668 3990 eosdem
2686 3933 3062 3988 nunieretiAn
3087 3941 3270 3986 movet
3283 3940 3343 3987 ut
3363 3931 3656 3987 existimes

2065 4026 2524 4096 interpolatorem
2560 4039 2760 4079 nomen
2795 4023 3106 4093 prodidisse
3127 4020 3395 4077 Theodoti
3435 4019 3655 4093 lgnatio

2057 4119 2322 4189 iunioris,
2369 4117 2518 4188 quod
2573 4131 2736 4171 nemo
2791 4125 3040 4171 nostrum
3097 4115 3301 4185 negat?
3349 4115 3435 4168 An
3467 4123 3657 4168 movet

2063 4209 2430 4282 Hieronymus
2473 4217 2532 4263 ut
2578 4209 2684 4263 hoc
2741 4218 2924 4278 putes,
2983 4204 3081 4275 qui
3147 4206 3652 4273 interpolatorem,

2063 4311 2250 4373 utpote
2271 4301 2522 4358 semulto
2548 4301 2824 4370 juniorem
2851 4311 3134 4367 nunquam
3164 4295 3334 4349 vidit?
3360 4293 3656 4365 Utcunque

2061 4396 2160 4462 sit,
2197 4395 2560 4463 undecunque
2583 4401 2680 4446 aut
2718 4406 3050 4463 quocunque
3078 4397 3362 4444 moveatur
3387 4385 3652 4452 Dallaaus,

365 4470 519 4543 δρου,
547 4475 641 4528 καὶ
673 4475 955 4543 Κλεοσίου,
987 4481 1084 4534 καὶ
1125 4483 1400 4548 Δοσιθέου,
1432 4487 1526 4540 καὶ
1559 4486 1823 4558 Γορθέου,
1862 4491 1958 4544 καὶ

2071 4497 2116 4544 et
2159 4486 2419 4542 Usserius
2461 4494 2518 4540 et
2561 4483 2940 4539 Hammondus
2991 4481 3235 4552 vapulat.
3269 4477 3448 4544 Prior,
3500 4479 3651 4549 quod

380 4562 682 4636 Ἀδριανοῦ,
721 4570 816 4622 καὶ⁸
847 4570 1190 4644 Σατορνίλου,
1223 4575 1318 4628 καὶ
1363 4575 1662 4644 Βασιλιδου,
1699 4581 1794 4635 καὶ
1836 4581 1962 4635 ’ἰσι-

366 4655 565 4728 δώρου,
600 4660 696 4712 καὶ
719 4661 1176 4734 Καρποκράτους,
1207 4667 1303 4721 καὶ
1339 4667 1690 4739 Ἐπιφάνους,
1721 4673 1816 4725 καὶ
1846 4671 1958 4727 τῶν

365 4749 542 4804 ἄλλων
574 4748 917 4816 ἁπαξαπλῶς
944 4752 1053 4805 τῶν
1087 4756 1342 4814 τοιούτων
1373 4756 1629 4822 ζιζανίων
1667 4761 1950 4834 ἀπηλλαγ-

369 4843 546 4916 μέναι.
566 4837 1086 4911 Auctor-Imperia“
1124 4851 1292 4906 operis
1321 4848 1380 4903 in
1410 4835 1977 4920 .lfauhcumJiomil.‘

365 4935 473 4990 48:
510 4953 533 4990 ι
559 4935 836 4996 Venerunt
855 4941 1003 4996 enim
1033 4939 1332 4998 Dositheus
1355 4954 1410 4998 et
1431 4945 1620 5002 Simon
1643 4963 1700 5002 et
1727 4948 1952 5004 Cleonis

363 5021 506 5098 [lege
557 5028 856 5112 Cleobius]
913 5031 1197 5090 ἨπιΜηί
1225 5051 1296 5091 ex
1327 5037 1716 5108 antiquissimo
1764 5056 1950 5098 rerum

361 5121 867 5179 ecclesiasticarum
917 5126 1187 5196 scriptore
1232 5127 1559 5201 Hegesippo,
1604 5132 1748 5202 apud
1777 5132 1952 5190 Euse-

361 5209 513 5267 bium
542 5212 640 5269 lib.
675 5229 750 5282 ιν,
794 5230 846 5271 c.
894 5214 992 5284 22,
1025 5218 1120 5288 qui
1163 5217 1450 5274 Cleobium
1505 5220 1654 5277 hunc
1684 5223 1738 5278 in
1772 5225 1948 5295 prima

362 5301 748 5362 haereticorum
791 5309 970 5364 classe
1011 5311 1282 5366 collocat:
1325 5312 1442 5382 Ἀφ’
1474 5304 1551 5367 ὧν
1582 5313 1787 5387 Σίμων,
1825 5317 1950 5371 ὅθεν

359 5391 706 5465 Σιμωνιανοὶ,
737 5399 832 5454 καὶ
849 5399 1126 5467 Κλεόὸιος,
1159 5403 1283 5458 ὅθεν
1313 5405 1652 5475 Κλεοσιανοὶ,
1678 5409 1776 5463 καὶ
1795 5409 1950 5463 Δοσι-

359 5482 504 5551 οεος,
547 5487 672 5544 ὅθεν
703 5491 1034 5548 Δοσιθεανοί.
1066 5494 1326 5551 Cleobius
1351 5497 1519 5568 igitur
1571 5497 1784 5557 Simoni
1817 5517 1948 5574 syn-

359 5575 606 5635 chronus
630 5581 749 5651 ipso
774 5581 982 5654 lgnatio
1001 5596 1240 5658 martyre
1257 5590 1537 5660 antiquior
1565 5589 1688 5648 fuit.
1714 5591 1818 5650 Sed
1840 5612 1860 5645 ‹
1883 5603 1945 5649 ιιι

362 5667 510 5725 hunc
531 5670 857 5729 Cleobulum
890 5677 1167 5744 eumdem,
1201 5679 1399 5750 inquit,
1434 5698 1561 5738 cum
1586 5683 1814 5740 Cleobio
1843 5686 1942 5743 illo

357 5758 842 5830 fuisse‘nutcmus,
869 5768 1029 5832 cuius
1056 5769 1118 5826 fit
1145 5771 1439 5832 aliquoties
1472 5776 1618 5836 anud
1641 5777 1941 5837 scriptores

2066 4595 2087 4630 ι
2120 4577 2369 4633 videatur
2397 4573 2789 4648 Hieronymum
2811 4588 3011 4644 capere
3041 4588 3151 4628 non
3177 4574 3245 4627 de
3265 4569 3652 4640 epistolis,sed

2057 4672 2127 4728 de
2155 4671 2267 4726 alio
2309 4670 2499 4740 aliquo
2538 4667 2728 4738 lgnatii
2757 4682 2923 4738 opere
2949 4666 3100 4736 quod
3129 4665 3278 4720 illius
3310 4679 3430 4719 aevo
3471 4663 3652 4719 exsti-

2058 4765 2208 4831 terit,
2238 4774 2434 4819 nostro
2461 4761 2857 4816 desideretur.»
2875 4759 2948 4813 At
2973 4755 3236 4813 Usserius
3267 4755 3336 4811 de
3360 4754 3457 4810 tali
3481 4769 3651 4824 opere

2057 4857 2199 4915 nihil
2229 4855 2614 4912 tantummodo
2661 4853 2763 4917 ait,
2817 4853 2874 4908 id
2929 4851 3080 4922 quod
3137 4849 3492 4906 verissimum
3521 4863 3651 4904 esse

2055 4963 2250 5004 omnes
2276 4946 2580 5003 concedent
2606 4963 2621 5000 :
2657 4963 2676 4996 ι
2710 4943 2771 4999 Si
2798 4942 3068 4998 Theodoti
3097 4939 3333 5002 Coriarii
3367 4939 3427 4994 in
3455 4938 3650 5010 aliquo

2052 5055 2220 5110 opere
2247 5053 2446 5094 nomen
2471 5036 2666 5108 lgnatii
2694 5035 3016 5106 praeferente
3042 5032 3186 5088 facta
3223 5031 3391 5086 fuerit
3409 5031 3648 5097 mentio,

2053 5129 2346 5187 manifesta
2375 5129 2780 5200 ψευδογραφιας
2824 5143 2892 5183 ex
2922 5127 3042 5197 ipsa
3069 5134 3381 5196 temporum
3412 5125 3652 5180 convin-

2054 5229 2218 5276 catur
2248 5220 2487 5276 ratione.
2528 5237 2549 5272 ι
2582 5217 2701 5274 Non
2724 5217 2967 5274 asseruit
2992 5215 3100 5272 tale
3141 5231 3282 5286 opus
3315 5213 3647 5286 Hieronymi

2050 5320 2212 5368 aetate
2253 5311 2555 5380 exstitisse,
2611 5327 2724 5368 non
2757 5311 2899 5367 alios
2953 5308 3167 5382 lgnatio
3221 5311 3391 5367 libros
3427 5309 3651 5367 afﬁnxit

2053 5403 2333 5473 Usserius,
2364 5415 2424 5461 ut
2453 5405 2762 5461 l'rustranea
2791 5404 2955 5475 plane
2975 5404 3050 5460 sit
3082 5412 3198 5460 t0ta
3228 5403 3348 5460 haec
3373 5403 3650 5462 adversus

2046 5514 2174 5556 eum
2200 5498 2453 5555 instituta
2497 5497 2822 5570 disputatio.
2850 5497 2922 5553 Et
2947 5513 3075 5554 cum
3115 5513 3336 5554 errores
3363 5495 3648 5553 Theodoti

2048 5592 2104 5648 in
2130 5591 2218 5648 his
2243 5590 2493 5663 epistolis
2539 5591 2888 5662 apertissime
2914 5589 3148 5647 refutari
3179 5591 3278 5656 ait,
3307 5604 3379 5646 ne
3427 5589 3484 5644 id
3512 5589 3647 5660 qui-

2045 5684 2171 5740 dem
2197 5685 2494 5755 quisquam
2513 5692 2697 5756 negat.
2723 5682 2867 5739 Nulli
2889 5692 3072 5740 autem
3091 5683 3185 5739 alii
3207 5697 3434 5740 errores
3455 5680 3646 5737 Theo-

2047 5778 2162 5837 doti
2192 5778 2246 5834 in
2279 5777 2388 5836 illis
2413 5777 2744 5840 refutantur.
2787 5777 2892 5835 nisi
2920 5778 3017 5845 qui
3049 5777 3118 5834 ad
3150 5775 3444 5835 Ebionaaos
3467 5772 3646 5849 perti-
