3864 6204
858 304 910 362 J.
953 304 1319 363 PEARSONH
1356 303 1682 362 νιΝυιαιΑις
1714 304 2137 363 ΙϐΝΔΤΙΔΝΕ.
2182 338 2252 349 -
2287 302 2471 362 PARS
2504 304 2571 361 ll.

3340 300 3449 356 286

162 423 389 490 uehunt,
433 435 492 480 et
531 423 801 480 Ehionem
833 425 999 481 simul
1028 440 1157 482 eum
1181 425 1469 483 Theodoto
1500 428 1754 483 nominat
1779 432 1829 491 Α
1854 429 1949 499 qui
1972 428 2067 483 diu
2094 434 2222 499 post
2240 442 2437 483 eorum
2466 432 2700 481 mortem
2723 431 2948 483 exortus
2972 429 3080 486 est,
3096 419 3201 476 sub
3227 416 3451 474 Victore

162 507 573 587 Hieronymus:
600 531 711 572 nec
730 517 787 571 in
821 518 928 573 hoc
953 518 1134 587 capite
1154 517 1226 573 de
1248 519 1438 575 haresi
1467 519 1755 588 quaeritur,

1861 521 2123 591 episcopo
2156 519 2429 584 Romano,
2468 517 2521 573 id
2543 526 2628 572 est
2648 516 2795 571 circa
2831 530 2880 571 a.
2914 512 2977 566 Ι).
3009 511 3137 575 200,
3166 525 3278 580 quo
3306 520 3450 579 teni-

163 603 355 660 sedde
381 604 678 669 heretico,
727 621 890 676 quem
926 612 997 662 ab
1032 607 1245 676 lgnatio
1272 608 1619 665 nominatum
1660 617 1760 664 aut
1858 630 1991 686 pore
2025 612 2349 669 incredibile
2372 620 2458 666 est
2480 623 2815 680 quemquam
2862 620 3054 661 eorum
3098 604 3325 663 vixisse,
3352 600 3449 671 qui

165 695 470 753 refutatum
510 714 803 769 negamus.
842 698 1080 756 Haeresis
1128 699 1399 757 Theodoti
1442 701 1500 756 in
1549 701 1760 757 Ebione

162 798 221 844 et
250 789 525 845 Cerintho
559 790 800 846 relutata
829 801 935 857 est,
966 790 1287 849 Theodoms
1314 792 1434 863 ipse
1483 792 1540 848 in
1569 795 1763 864 genui-

162 881 256 937 nis
282 882 541 951 epistolis
567 883 815 939 intactus
844 892 951 941 est.

244 992 266 1026 ι
299 972 686 1030 Hammondus
726 990 860 1030 vero
893 974 1196 1032 conﬁtetur
1230 990 1343 1032 non
1386 990 1610 1032 necesse
1639 988 1765 1029 esse

165 1076 229 1121 ut
271 1069 523 1136 lgnatius
570 1069 838 1125 adversus
870 1068 1225 1126 Valentinum
1272 1078 1367 1124 aut
1417 1068 1765 1124 Theodotum

165 1160 457 1215 volumina
482 1175 626 1215 nova
656 1162 947 1231 scripsisse
980 1163 1224 1218 dicatur.
1258 1181 1278 1215 ι
1316 1161 1485 1218 Recte
1522 1163 1639 1217 haec
1673 1160 1768 1221 ille

164 1252 422 1323 quidem,
472 1269 587 1309 non
637 1263 699 1309 ut
738 1252 964 1311 Usserio
994 1255 1425 1320 contradiceret,
1484 1254 1580 1324 qui
1630 1252 1769 1310 illud

166 1360 403 1402 necesse
423 1362 550 1401 esse
568 1362 854 1417 nunquam
881 1346 1041 1414 dixit,
1061 1347 1157 1403 sed
1182 1356 1242 1403 ut
1263 1345 1659 1418 Hieronymum
1682 1345 1771 1403 in-

167 1446 596 1505 terpretaretur,
625 1438 788 1507 cujus
821 1439 988 1494 verba
1018 1454 1131 1494 non
1162 1438 1480 1508 eonjuncte,
1535 1437 1632 1494 sed
1687 1435 1772 1492 di-

164 1525 331 1580 visim
380 1526 741 1598 intelligenda
773 1543 899 1584 esse
945 1529 1165 1584 censuit
1194 1546 1207 1583 :
1236 1528 1402 1598 idque
1462 1527 1776 1584 rectissime

162 1618 532 1674 observatum
564 1634 689 1675 esse
712 1619 910 1690 liquet,
940 1621 987 1675 si
1018 1620 1087 1676 de
1117 1621 1346 1690 scriptis
1394 1637 1506 1675 non
1559 1628 1772 1676 tantum

164 1708 445 1765 adversus
469 1710 837 1775 haereses,sed
859 1720 914 1765 et
929 1711 1080 1780 ipsos
1099 1711 1389 1767 haereticos
1414 1710 1772 1781 intelligatur.

164 1798 363 1869 Neque
390 1802 548 1856 enim
577 1800 915 1872 Polycarpus
944 1810 1140 1857 contra
1184 1801 1579 1869 Valentinum,
1598 1816 1777 1871 neque

163 1891 460 1959 Justinus,
515 1893 602 1948 vel
661 1892 940 1957 lrenaus,
976 1901 1244 1963 quantum
1300 1893 1541 1960 scimus,
1592 1901 1782 1948 contra

165 1984 576 2050 Theodotum,
658 2000 919 2055 expresse
1005 1986 1277 2055 scripsit;
1348 1994 1495 2040 certe
1544 1992 1782 2055 quatuor

165 2078 292 2133 illos
347 2092 551 2133 omnes
612 2079 944 2147 apostolicos
988 2078 1136 2133 viros
1175 2076 1442 2133 adversus
1497 2085 1607 2132 tres
1662 2076 1783 2131 illos

166 2169 474 2223 hereticos
524 2168 729 2223 diserte
764 2184 876 2223 non
920 2168 1212 2238 scripsisse
1241 2176 1500 2234 constat;
1548 2180 1602 2224 et
1651 2168 1781 2225 inde

167 2270 318 2317 recte
346 2260 639 2331 colligitur
657 2260 748 2315 -ad
782 2259 1100 2331 Hieronymi
1132 2269 1370 2316 mentem
1399 2259 1535 2315 satis
1552 2274 1676 2323 esse
1712 2273 1776 2314 ea

166 2370 291 2424 qua
325 2352 589 2425 lgnatius
619 2355 674 2408 in
704 2355 958 2425 epistolis
998 2363 1192 2410 contra
1243 2352 1508 2409 Ebionem
1537 2362 1593 2409 et
1620 2352 1774 2409 Gno-

167 2446 341 2502 stieos
363 2446 619 2516 scripsit,
642 2446 861 2502 etiamsi
894 2445 1030 2500 nihil
1051 2445 1318 2500 adversus
1348 2441 1703 2499 Valentinum
1722 2451 1778 2500 et

168 2537 534 2593 Theodotum
557 2538 905 2607 scripserint.
937 2534 1016 2591 ita
1041 2535 1263 2605 quidem
1284 2534 1457 2591 sensit
1477 2532 1777 2590 Hammon-

168 2631 312 2697 dus;
338 2649 360 2682 ι
380 2630 480 2685 ille
503 2644 633 2684 vero
663 2628 891 2693 fallitur,
925 2629 1104 2699 inquit
1130 2626 1391 2694 Dallaaus,
1412 2634 1468 2680 et
1498 2628 1771 2682 rationem

168 2722 362 2777 statim
394 2721 603 2789 reddit,
638 2737 766 2776 nam
794 2721 901 2775 nisi
933 2719 1177 2791 lguatius
1207 2728 1399 2774 contra
1433 2717 1775 2775 Theodotum

168 2814 476 2885 scripsisse
504 2814 866 2884 intelligatur,
899 2813 1110 2884 liquido
1141 2812 1341 2868 falsum
1381 2812 1488 2866 erit
1522 2810 1671 2882 quod
1699 2810 1776 2865 ait

168 2904 578 2977 Hieronymus.
622 2925 642 2959 ι
674 2906 814 2961 Mira
843 2908 960 2962 haec
993 2905 1272 2970 assertio;
1309 2904 1406 2959 sed
1457 2912 1513 2958 et
1562 2903 1775 2957 ratione

168 3014 278 3055 sua
302 2999 465 3069 quali
492 2998 644 3069 quali
686 3014 798 3054 non
823 3010 994 3052 caret.
1030 2995 1235 3051 «Nemo
1259 2995 1407 3050 enim
1435 2994 1772 3064 apostolicus

1860 708 2140 777 apostolos
2155 707 2427 766 viderant,
2448 717 2641 759 omnes
2671 709 2798 757 ante
2835 714 2885 754 a.
2916 698 2979 754 ι).
3007 698 3111 754 ιου
3144 705 3443 752 mortuos.»

1861 798 1971 855 Ubi
2019 799 2198 867 primo
2230 794 2563 866 apostolicos
2593 794 2743 848 viros
2793 791 2957 846 habet
2999 805 3099 861 pro
3130 788 3199 843 iis
3230 796 3446 841 tantum

1863 892 1960 962 qui
1996 889 2282 960 apostolos
2327 887 2598 955 viderant,
2630 884 2777 955 quod
2809 894 2895 939 est
2937 898 2970 937 a
3017 889 3198 937 mente
3249 877 3445 933 Hiero-

1864 984 2017 1056 nymi
2068 996 2298 1052 prorsus
2351 982 2615 1035 alienum.
2672 976 2813 1032 Cum
2872 974 3021 1030 enim
3074 972 3354 1027 Justinum
3395 977 3453 1024 et

1865 1075 2132 1133 Irenaeum
2161 1074 2408 1143 aliosque
2424 1070 2757 1142 apostolicos
2778 1069 3031 1129 advocat,
3051 1080 3146 1119 eos
3164 1064 3314 1134 ipsos
3334 1059 3455 1117 sine

1866 1168 2036 1225 dubio
2064 1182 2165 1238 pro
2193 1165 2510 1237 apostolicis
2535 1162 2754 1219 habuit:
2782 1169 2838 1214 at
2866 1174 3044 1228 neque
3074 1156 3331 1219 lreuzeus,
3356 1168 3455 1207 nc-

1868 1276 1978 1332 que
2016 1234 2271 1317 Justinus
2320 1258 2632 1329 apostolum
2687 1254 2859 1310 ullum
2903 1251 3056 1306 vidit.
3100 1249 3176 1303 lla
3207 1248 3371 1303 etiam
3400 1252 3457 1300 et
3534 1234 3541 1239 i

1872 1352 1968 1409 alii
1996 1352 2323 1420 loquuntur,
2374 1357 2443 1404 ut‘
2465 1346 2845 1403 Theodoretus
2872 1342 3073 1397 Hazret.
3132 1339 3246 1408 fab.
3281 1339 3376 1393 lib.
3412 1352 3452 1401 ι,

1871 1460 1924 1501 c.
1955 1443 2032 1499 2:
2066 1443 2177 1498 Kal.
2208 1444 2516 1514 Εἰρηναῖος,
2562 1433 2624 1493 οὗ
2659 1437 2753 1491 καὶ
2797 1434 3033 1507 πρόσθεν
3075 1430 3457 1503 ἐμνήσθημεν,

1872 1533 2228 1597 ἀποστολικὸς
2261 1534 2319 1588 δὲ
2346 1534 2441 1587 καὶ
2472 1527 2626 1594 οὗτος
2653 1531 2824 1600 ἀνήρ,
2854 1546 2874 1581 ι
2910 1537 2965 1583 et
3009 1526 3268 1590 Irenaeus,
3296 1524 3458 1594 cujus

1876 1643 2042 1699 supra
2074 1626 2456 1692 meminimus,
2485 1625 2570 1678 vir
2594 1623 2738 1678 idem
2768 1635 2991 1692 quoque
3012 1618 3353 1689 apostolicus
3387 1634 3401 1670 :
3431 1635 3452 1668 ι

1876 1730 1932 1777 et
1977 1736 2171 1777 rursus
2197 1735 2321 1789 cap.
2349 1720 2417 1774 5:
2453 1716 2748 1789 Εἰρηναξου
2789 1714 2885 1768 τοῦ
2916 1714 3015 1784 τὴν
3049 1711 3320 1783 Ἑσπέραν
3354 1727 3461 1778 φω-

1879 1813 2132 1868 τίσαντος
2192 1809 2389 1882 ἀνδρὸς
2448 1805 2809 1863 ἀποστολικοῦ
2861 1803 3251 1875 παραθήσομαι
3322 1816 3462 1871 μαρ-

1883 1904 2111 1977 τυρίαν,
2149 1922 2170 1956 ι
2214 1902 2403 1959 lremei
2440 1901 2546 1957 viri
2593 1898 2905 1970 apostolici,
2960 1896 3058 1968 qui
3106 1892 3461 1949 Occidentem

1884 1996 2201 2063 Illustravit,
2258 1993 2537 2065 proferam
2589 1990 2993 2049 testimonium.
3038 2007 3058 2040 ι
3101 1987 3189 2051 At,
3224 1983 3464 2042 lrenams

1882 2089 2095 2157 aliquot
2122 2087 2285 2143 annis
2308 2094 2528 2171 post’a.
2570 2084 2637 2139 D.
2669 2084 2800 2148 200,
2830 2090 3085 2137 mortuus
3116 2086 3221 2146 est,
3269 2086 3332 2132 ut
3362 2090 3464 2131 nec

1883 2180 1942 2237 S.
1973 2180 2239 2236 Joannem
2267 2168 2468 2235 viderit
2489 2186 2617 2234 ante
2651 2194 2709 2233 a.
2736 2176 2799 2231 D.
2838 2176 2944 2230 100
2968 2174 3310 2230 defunctum.
3343 2168 3465 2224 Non

1879 2275 2049 2345 igitur
2086 2273 2211 2329 ideo
2248 2272 2627 2329 Theodoretus
2654 2271 2919 2324 lrenzeum
2952 2267 3130 2322 virum
3175 2263 3451 2334 apostoli-

1879 2380 2007 2422 cum
2046 2365 2356 2435 appellavit,
2389 2363 2535 2432 quod
2589 2361 2900 2431 apostolum
2933 2358 3173 2427 aliquem
3212 2356 3267 2410 in
3302 2352 3467 2409 terris

1878 2457 2099 2524 viderit,
2133 2455 2227 2513 sed
2249 2456 2396 2525 quod
2427 2465 2595 2518 esset,
2621 2461 2681 2508 ut
2707 2452 2825 2521 ipse
2854 2451 2984 2505 alibi
3004 2465 3129 2504 cum
3158 2446 3467 2516 Epiphanio

1877 2548 2143 2619 loquitur,
2179 2546 2290 2601 τῶν
2323 2545 2635 2601 ἀποστόλων
2668 2544 2931 2613 διάδοχος,
2958 2550 3018 2596 ιιι
3046 2541 3105 2596 S.
3138 2539 3379 2596 Basilius
3400 2538 3469 2593 de

1882 2637 2091 2709 Spiritu
2134 2646 2329 2694 sancto
2363 2652 2487 2706 cap.
2516 2636 2608 2698 29,
2632 2635 2799 2704 ἐγγὺς
2824 2632 3137 2687 ἀποστόλων
3157 2631 3468 2703 γενόμενος,

1875 2739 1938 2786 ut
1966 2730 2024 2785 S.
2050 2729 2416 2800 Augustinus,
2452 2742 2560 2782 non
2586 2727 2745 2797 longe
2766 2741 2798 2780 a
2827 2725 3162 2795 temporibus
3193 2722 3472 2793 apostolo-

1875 2841 2020 2880 rum.
2048 2822 2224 2879 Vocat
2245 2839 2372 2879 eum
2395 2822 2618 2892 quidem
2640 2819 3029 2891 Hieronymus,
3053 2825 3112 2873 ut
3141 2818 3253 2883 hic,
3288 2817 3469 2871 virum

1874 2916 2270 2987 apostolicum,
2300 2915 2373 2970 ita
2404 2916 2568 2979 alibi,
2600 2914 2778 2969 virum
2802 2912 3230 2983 apostolicorum
3261 2915 3473 2977 tempo—

1876 3026 2025 3075 rum,
2046 3024 2155 3065 nou
2180 3010 2331 3080 quod
2358 3011 2508 3079 ipsos
2531 3007 2814 3078 apostolos
2848 3005 3068 3072 viderit,
3115 3002 3212 3059 sed
3245 3010 3475 3079 aposto-

168 3103 373 3150 contra
388 3109 523 3149 eum
554 3092 800 3161 scripsit,
829 3106 939 3145 non
966 3089 1320 3184 Polycarpus,
1342 3104 1409 3142 ac
1435 3102 1504 3142 ne
1531 3086 1771 3142 lreuaeus

1886 3103 2063 3157 lorum
2108 3078 2433 3171 discipulos.
2480 3099 2559 3156 lta
2599 3100 2746 3155 enim
2791 3098 3036 3170 loquitur
3072 3094 3304 3165 epistola
3362 3078 3430 3148 l9
3457 3110 3471 3120 ·

169 3186 404 3256 quidem
434 3195 535 3240 am
556 3183 833 3247 Justinus:
859 3191 958 3237 θυι
976 3181 1269 3251 (ΙυίδίΙυείιη
1293 3169 1555 3249 ἐἱειεάθηῖ
1582 3191 1781 3232 census
1807 3154 1851 3212 ϐ
1898 3215 1917 3247 ι
1947 3194 2187 3250 lrenzeus
2215 3154 2298 3249 vir
2331 3193 2763 3265 apostolicorum
2808 3154 3141 3262 temporum,
3172 3197 3229 3244 et
3270 3186 3473 3258 Papiae,

171 3277 345 3340 alius,
380 3287 444 3331 ut
470 3276 635 3345 plane
664 3289 892 3330 necesse
913 3274 987 3329 sit
1006 3273 1075 3327 ad
1097 3272 1365 3343 lgnatium
1388 3269 1793 3339 referriquzede

174 3367 477 3423 Theodoto
527 3367 663 3422 dicit
693 3365 1086 3437 Hieronymus.
1125 3383 1145 3416 ι
1187 3362 1295 3418 Sed
1329 3372 1384 3418 et
1422 3362 1558 3417 milii
1588 3362 1795 3432 pariter

172 3462 473 3530 disputare
507 3459 653 3516 licet.
710 3457 881 3514 Nemo
929 3457 1266 3528 apostolicus
1294 3464 1489 3511 contra
1523 3453 1786 3510 Theodo-

175 3563 297 3608 tum
328 3552 585 3622 scripsit,
608 3567 717 3607 non
734 3550 982 3621 lgnatius
1012 3558 1249 3621 martyr,
1270 3564 1380 3604 non
1405 3545 1679 3614 Justinus,
1700 3553 1797 3601 aut

176 3644 451 3712 lrenaeus,
486 3654 545 3699 ut
582 3659 812 3699 necesse
843 3644 917 3699 sit
942 3643 1011 3697 ad
1037 3640 1406 3714 Polycarpum
1438 3638 1634 3695 referri
1672 3653 1797 3708 qua:

175 3741 314 3795 dicit
345 3737 752 3809 Hieronymus.
787 3736 864 3792 lta
897 3734 1225 3799 deJustino,
1261 3735 1336 3788 ita
1365 3733 1434 3789 de
1464 3731 1690 3788 Irenaeo.
1729 3729 1800 3786 Ut

194 3834 314 3888 hac
352 3830 549 3887 omnia
579 3837 727 3885 recte
759 3829 1154 3899 intelligantur,
1174 3838 1231 3881 et
1252 3824 1644 3895 disputationis
1672 3822 1800 3877 Dal-

178 3923 379 3982 latana
412 3924 773 3980 imbecillitas
803 3931 1090 3993 appareat,
1121 3920 1278 3975 locus
1319 3917 1645 3989 Hieronymi
1679 3931 1801 3972 om-

184 4022 322 4076 nino
351 4019 684 4076 recitandus
731 4028 838 4085 est,
868 4033 1035 4089 quem
1070 4017 1164 4071 ille
1215 4022 1375 4072 caute
1420 4012 1793 4084 praetermisit.

182 4114 371 4171 Verba
418 4115 547 4184 ejus
573 4115 841 4169 adversus
872 4111 1187 4167 Helvidium
1234 4111 1354 4166 haec
1382 4120 1514 4165 sunt
1544 4126 1557 4163 :
1590 4127 1611 4161 ι
1640 4106 1796 4163 Nun-

182 4209 321 4279 quid
354 4222 469 4263 nou
518 4192 748 4277 possum
792 4206 893 4261 tibi
944 4215 1116 4286 totam
1162 4212 1408 4258 veterum
1458 4202 1795 4271 scriptorum

186 4302 390 4356 seriem
406 4313 786 4366 commovere,
798 4297 1093 4370 lgnatium,
1106 4295 1494 4368 Polycarpum,
1509 4292 1795 4359 Irenaeum,

184 4392 473 4449 Justinum
517 4402 838 4465 martyrem,
875 4391 1190 4461 multosque
1219 4389 1362 4445 alios
1384 4385 1725 4457 apostolicos
1743 4392 1800 4442 et

1891 3288 2159 3345 auditoris
2207 3288 2562 3359 evangelista:
2614 3286 2885 3351 Joannis,
2942 3283 3270 3355 discipulus.
3319 3300 3339 3333 ι
3369 3280 3475 3341 _lta

1893 3378 2234 3451 licgcsippus
2258 3379 2457 3435 Pholio
2492 3380 2692 3434 dicitur
2720 3380 2946 3452 ἀρχαῖος
2969 3377 3110 3449 ἀνὴρ
3129 3376 3225 3429 καὶ
3244 3375 3479 3429 ἀποστο-

1893 3470 2078 3535 λικός,
2110 3471 2234 3527 cod.
2275 3471 2418 3536 252,
2461 3472 2556 3540 qui
2599 3470 2837 3527 Eusebio
2877 3468 3194 3539 perhibetur
3237 3465 3332 3518 ἐπὶ
3376 3463 3478 3533 τῆς

1896 3562 2120 3634 πρώτης
2147 3561 2258 3617 τῶν
2294 3562 2610 3617 ἀποστόλων
2650 3561 2942 3632 γενόμενος
2973 3559 3246 3629 διαδοχῆς,
3289 3564 3344 3610 et
3373 3556 3479 3610 sub

1899 3653 2216 3710 Eleutherio
2244 3654 2537 3724 scripsisse
2559 3654 2826 3709 noscitur.
2844 3652 3054 3707 Revera
3081 3648 3325 3718 antiquis
3352 3662 3481 3716 apo-

1897 3748 2077 3805 stolici
2102 3748 2429 3804 dicebantur
2457 3747 2664 3818 duplici
2687 3747 2922 3813 ratione,
2947 3753 3064 3799 tum
3087 3742 3267 3799 aetatis
3294 3756 3480 3811 respe—

1898 3851 2011 3905 ctu,
2046 3850 2161 3895 tum
2215 3840 2511 3907 doctrinm;
2566 3848 2820 3909 respectu
2857 3835 3035 3892 aetatis
3061 3835 3227 3890 etiam
3260 3833 3295 3888 ii
3324 3831 3479 3887 ilice-

1898 3934 2101 3990 hautur
2126 3932 2440 4003 apostolici,
2482 3932 2576 4002 qui
2616 3947 2742 3987 cum
2774 3929 3041 4000 apostolis
3065 3928 3323 3993 vixerint,
3355 3925 3476 3980 licet

1897 4026 1968 4082 ab
1995 4040 2187 4081 eorum
2224 4024 2477 4081 doctrina
2506 4024 2882 4087 dissentirent,
2911 4031 2972 4077 ut
2994 4020 3367 4076 Tertulliauus
3396 4018 3476 4072 lo-

1897 4116 2086 4187 quitur
2118 4114 2386 4171 adversus
2411 4113 2807 4185 Hermogenem
2831 4128 2882 4168 e.
2908 4114 2931 4167 l
2961 4129 2976 4166 :
3016 4131 3035 4164 ι
3062 4110 3175 4167 Nec
3209 4110 3326 4180 ipse
3350 4123 3476 4178 apo-

1898 4208 2127 4279 stolicus
2157 4206 2532 4280 Hermogenes
2564 4207 2620 4262 in
2667 4206 2855 4277 regula
2908 4203 3315 4275 perseveravit;
3350 4221 3369 4253 ›
3402 4200 3479 4254 illi
3584 4232 3598 4248 .

1900 4310 2086 4356 autem
2137 4301 2430 4371 praecipue,
2464 4301 2556 4370 qui
2589 4299 2897 4356 doctrinam
2929 4298 3000 4353 ab
3025 4295 3292 4367 apostolis
3327 4308 3481 4348 rece-

1901 4401 2119 4463 perunt,
2150 4401 2206 4448 et
2231 4393 2284 4445 in
2322 4408 2387 4447 ea
2428 4393 2805 4462 perstiterunt,
2838 4399 2897 4445 ut
2925 4391 3066 4445 idem
3084 4388 3159 4445 De
3182 4385 3481 4457 praescript.

186 4488 518 4556 eloquentes
548 4484 701 4539 viros
724 4483 820 4553 qui
849 4482 1114 4538 adversus
1138 4481 1402 4537 Ebionem
1441 4487 1499 4534 ει
1540 4476 1795 4533 Τὺεοάο·
1824 4501 1871 4559 ι)
1899 4486 2086 4541 lueret.
2114 4500 2237 4555 cap.
2261 4484 2333 4540 52
2366 4503 2381 4539 :
2423 4503 2441 4536 ι
2469 4483 2539 4539 Ut
2569 4484 2888 4554 primusille
2921 4482 3217 4552 episcopus
3245 4479 3485 4548 aliquem

189 4584 307 4632 tum
324 4575 696 4647 Byzantinum
717 4575 794 4647 [et
819 4573 1192 4646 Valentinum]
1206 4572 1523 4629 haeceadem
1547 4570 1795 4628 sentien-

190 4680 276 4725 tes
294 4670 461 4740 plena
476 4668 765 4739 sapientiae
788 4668 1069 4722 volumina
1092 4667 1543 4737 conscripserunt
1560 4666 1722 4735 ?quae
1746 4663 1796 4721 si

190 4763 426 4833 legisses
447 4761 771 4831 aliquando,
805 4760 930 4830 plus
952 4775 1197 4830 saperes.
1223 4757 1378 4814 iNon
1412 4766 1625 4814 tantum
1657 4771 1797 4827 qua-

194 4863 325 4909 tuor
361 4862 657 4909 enumerat
700 4852 1094 4924 Hieronymus,
1133 4851 1229 4907 sed
1278 4859 1333 4906 et
1372 4869 1391 4903 ι
1427 4850 1631 4905 multos
1659 4848 1799 4904 alios

193 4948 538 5018 apostolicos
560 4955 617 5002 et
636 4944 1130 5016 eloquentesviros
1150 4963 1171 4997 ι
1200 4944 1420 5015 adjicit,
1446 4943 1572 4998 imo'
1588 4961 1606 4995 ι
1628 4950 1799 4997 totam

193 5050 451 5109 veterum
506 5040 840 5110 scriptorum
875 5039 1076 5094 seriem
1114 5056 1135 5090 ι
1169 5038 1427 5105 advocat,
1478 5051 1716 5107 quorum
1748 5033 1797 5090 si

192 5147 346 5191 unus
396 5132 606 5201 aliquis
640 5131 909 5187 adversus
954 5129 1302 5186 Theodotum
1349 5144 1610 5200 expresse
1661 5127 1799 5185 scri-

196 5227 399 5295 pserit,
428 5240 545 5280 non
582 5239 811 5280 necesse
839 5232 944 5291 est,
969 5232 1034 5279 ut
1063 5222 1118 5277 id
1145 5221 1420 5294 lgnatium
1446 5223 1646 5279 fecisse
1692 5238 1799 5293 pu-

200 5319 405 5381 taverit
435 5318 834 5389 Hieronymus,
863 5317 1041 5390 magis
1063 5332 1230 5387 quam
1258 5316 1649 5389 Polycarpum,
1704 5326 1801 5371 aut

199 5413 512 5480 Justinum,
561 5423 659 5471 aut
709 5412 1001 5477 Irenaeum,
1042 5427 1282 5483 quorum
1321 5411 1599 5466 nemiuem
1634 5411 1690 5466 id
1716 5410 1801 5465 fe-

198 5510 346 5566 cisse
399 5511 608 5565 fatetur
642 5507 733 5563 vir
768 5506 1143 5563 doctissimus.
1200 5504 1309 5561 Sed
1363 5513 1419 5560 et
1463 5504 1595 5559 huic
1637 5503 1803 5559 etiam

204 5601 502 5672 objectioni
557 5601 907 5670 aliquatenus
989 5600 1251 5655 occurrit.
1283 5617 1303 5651 ‹
1337 5598 1629 5667 Quomodo
1653 5638 1672 5664 ,
1714 5598 1805 5653 iu-

206 5704 348 5766 quit,
390 5695 481 5751 vel
530 5693 892 5765 Polyearpus,
945 5693 1030 5748 vel
1058 5690 1333 5759 Justinus,
1360 5693 1449 5747 vel
1470 5691 1803 5763 apostolico-

208 5801 337 5843 ruin
364 5788 664 5860 quisquam
697 5794 888 5843 contra
920 5783 1263 5843 Theodotum
1289 5786 1533 5844 scribere
1550 5793 1807 5857 poterant

1898 4595 1963 4636 ex
2006 4579 2295 4649 apostolis,
2333 4578 2419 4632 vel
2453 4576 2776 4647 apostolicis
2803 4576 2961 4641 viris,
2994 4574 3090 4643 qui
3125 4583 3307 4628 tamen
3356 4584 3487 4625 cum

1898 4672 2170 4744 apostolis
2193 4670 2649 4741 perseveraverit,
2680 4668 2935 4723 habuerit
2982 4675 3265 4721 auctorem
3294 4672 3349 4719 et
3386 4677 3488 4717 an-

1897 4776 2270 4835 tecessorem;
2303 4786 2324 4820 »
2349 4776 2403 4822 et
2423 4766 2588 4836 paulo
2617 4774 2776 4835 post:
2814 4782 2833 4815 ι
2867 4764 2990 4832 Ipsa
3021 4759 3273 4815 doctrina
3293 4771 3488 4813 eorum

1899 4874 2026 4917 cum
2051 4860 2356 4930 apostolica
2381 4865 2721 4928 comparata,
2753 4870 2822 4911 ex
2845 4852 3165 4917 diversitate
3184 4858 3239 4906 et
3258 4857 3484 4905 contra-

1899 4953 2094 5009 rietate
2127 4968 2228 5009 sua
2271 4968 2451 5022 neque
2494 4949 2731 5021 apostoli
2783 4946 3020 5017 alicujus
3062 4943 3310 4999 auctoris
3338 4955 3489 5006 esse,

1902 5057 2081 5115 neque
2127 5044 2455 5115 apostolici:
2489 5042 2619 5112 quia
2667 5041 2813 5097 sicut
2850 5038 3085 5109 apostoli
3118 5052 3228 5091 non
3271 5024 3492 5090 diversa

1902 5136 2048 5193 inter
2077 5151 2137 5193 se
2166 5137 2510 5202 docuissent,
2550 5135 2627 5189 ita
2649 5143 2706 5190 et
2726 5130 3018 5204 apostolici
3060 5145 3174 5185 non
3210 5123 3491 5183 contraria

1903 5229 2167 5299 apostolis
2193 5227 2568 5284 docuissent.»
2592 5225 2861 5295 Respectu
2892 5222 3183 5284 doctrinae,
3218 5217 3297 5273 illi
3322 5216 3493 5272 etiam

1903 5319 2194 5391 apostolici
2216 5318 2561 5385 dicebantur,
2592 5316 2687 5386 qui
2718 5315 3099 5386 apostolorum
3122 5309 3227 5366 (ide
3254 5306 3495 5362 maxime

1905 5413 2231 5476 ﬂoruerunt,
2272 5411 2403 5466 licet
2451 5409 2730 5480 apostolos
2780 5408 2934 5477 ipsos
2987 5419 3097 5459 non
3158 5397 3495 5461 audiverint,

1905 5504 2098 5575 quales
2137 5509 2318 5566 erant,
2367 5499 2509 5555 forte
2565 5496 2785 5567 Papias,
2838 5492 3179 5564 Hegesippus
3236 5493 3386 5542 certe
3438 5487 3498 5537 et

1906 5600 2148 5655 lrenaaus
2178 5611 2193 5649 :
2222 5593 2367 5649 unde
2399 5590 2546 5663 apud
2582 5588 2642 5644 S.
2677 5587 3046 5644 Athanasium
3074 5580 3335 5639 hzereti'co
3360 5576 3498 5632 sim-

1908 5690 2124 5761 pliciter
2165 5686 2463 5758 opponitur
2496 5686 2526 5738 ό
2564 5682 2757 5747 πιστὸς
2790 5681 2887 5737 καὶ
2922 5674 3284 5739 ἀποστολικὺς
3332 5671 3494 5742 ἀνήρ,

1909 5797 2239 5856 quacunque
2256 5789 2413 5839 aetate
2436 5778 2651 5846 vixerit,
2685 5786 2820 5835 tom.
2838 5775 2881 5846 l,
2910 5790 3043 5853 pag.
3064 5772 3194 5840 275,
3228 5766 3493 5826 utr-adem
