3848 6204
406 297 513 353 287

1439 298 1500 358 S.
1540 299 1892 362 lGNATlUS.
1927 333 1998 347 -
2050 300 2586 360 Ριιοιεῦυλ.

407 412 574 472 fuerit
627 415 769 472 inter
817 417 969 474 viros
1023 421 1360 490 apostolicos
1387 422 1678 482 distinctio
1697 441 1820 492 qua
1851 426 1994 482 inter
2031 432 2068 490 4
2099 434 2266 496 atque
2309 423 2444 480 ideo
2483 423 2682 480 falsum
2709 420 2884 479 fuisse
2912 419 3310 492 Hieronymus:
3338 419 3664 476 confitetur;

404 505 668 562 ecclesias
702 510 1035 579 apostolicas
1085 511 1208 570 fuit.
1235 515 1370 572 Alias
1399 517 1548 574 enim
1571 519 1820 574 ecclesiae
1847 535 1983 589 apo-

405 597 615 654 stolica:
664 599 1009 669 dicebantur,
1048 605 1196 674 quod
1251 608 1322 662 ab
1371 611 1635 679 apostolis
1685 611 1850 682 ipsis,
1891 624 1988 669 aut

405 691 724 760 apostolicis
758 693 895 749 viris
917 695 1157 754 fundatae
1181 699 1312 766 sint,
1337 701 1460 757 aliae
1476 703 1624 772 quod
1641 718 1767 759 cum
1794 715 1984 776 postea

403 790 610 838 exortae
638 782 767 850 sint,
798 802 923 842 cum
954 789 1063 844 illis
1090 791 1412 860 apostolicis
1468 793 1524 848 in
1567 793 1822 852 doctrina
1851 812 1986 853 con-

401 875 674 932 venirent.
698 875 1071 938 Tertullianus
1091 882 1166 938 De
1193 887 1494 954 praescript.
1525 888 1709 943 lueret.
1733 903 1856 960 cap.
1880 889 1981 945 2οε

406 979 428 1016 ο
467 962 717 1035 Apostoli
745 968 1011 1028 ecclesias
1044 974 1188 1043 apud
1218 990 1669 1049 unamquamque
1705 980 1982 1038 civitatem

403 1057 789 1127 condiderunt,
823 1077 853 1116 a
883 1065 1087 1133 quibus
1103 1066 1387 1124 traducem
1421 1069 1545 1126 ﬁdei
1575 1081 1630 1127 et
1651 1073 1861 1128 semina
1885 1075 1986 1131 do-

321 1221 344 1236 ν
398 1148 592 1205 ctrinae
619 1162 830 1208 caetera:
879 1156 1078 1213 exinde
1115 1160 1365 1218 ecclesiae
1421 1174 1685 1222 mutuatae
1724 1176 1876 1232 sunt,
1927 1177 1986 1224 et

396 1242 643 1311 quotidie
670 1254 998 1302 mutuantur
1021 1259 1083 1305 ut
1107 1253 1358 1310 ecclesia!
1387 1257 1552 1324 tiant;
1587 1274 1652 1315 ac
1678 1275 1777 1330 per
1799 1261 1904 1316 hoc
1929 1272 1985 1319 et

399 1334 533 1404 ipsa:
556 1339 874 1407 apostolicae
915 1341 1275 1411 deputantur,
1305 1357 1365 1401 ut
1395 1349 1617 1406 soboles
1644 1353 1980 1422 apostolica-

395 1443 520 1485 rum
551 1432 932 1491 ecclesiarum.
971 1455 990 1490 ι
1026 1436 1174 1494 idem
1204 1455 1327 1511 cap.
1360 1441 1468 1496 δὶς
1508 1461 1528 1494 ‹
1556 1441 1672 1500 Hoc
1701 1459 1793 1500 mo
1815 1447 1868 1501 lo
1891 1462 1984 1504 ec-

393 1521 578 1578 clesia
592 1527 910 1594 apostolicae
935 1544 1136 1586 census
1167 1545 1300 1588 suos
1323 1533 1598 1600 deferunt,
1620 1535 1763 1592 sicut
1791 1537 1983 1612 Smyr-

394 1627 639 1670 acorum
652 1615 899 1674 Ecclesia
929 1619 1289 1694 Polycarpum
1327 1641 1357 1682 a
1406 1626 1621 1685 Joanne
1648 1629 1979 1691 collocatum

393 1704 581 1773 refert,
605 1709 749 1764 sicut
775 1708 1148 1770 Romanorum
1193 1717 1536 1777 Clementem
1569 1737 1600 1778 a
1629 1721 1792 1780 Petro
1829 1728 1978 1782 ordi—

395 1807 583 1855 natum
618 1801 841 1872 itidem;
871 1808 1099 1876 perinde
1130 1812 1321 1881 utique
1365 1824 1419 1870 et
1463 1825 1675 1872 craterae
1719 1819 1980 1877 exhibent
2011 1799 2055 1862 Β

391 1904 536 1960 quos
569 1893 639 1948 ab
674 1898 940 1966 apostolis
965 1899 1020 1954 in
1051 1903 1430 1975 episcopatum
1480 1912 1808 1970 constitutos
1843 1931 1977 1986 apo-

393 1986 574 2042 stolici
635 1992 868 2048 seminis
898 1995 1152 2054 traduces
1183 1999 1405 2058 habent.
1442 2022 1462 2056 ι
1505 2004 1574 2060 Et
1607 2008 1771 2076 paulo
1797 2019 1920 2078 post
1962 2027 1977 2066 :

399 2097 420 2132 ο
455 2081 536 2137 Ad
563 2082 703 2141 hanc
729 2085 915 2158 itaque
951 2088 1186 2148 formam
1217 2097 1599 2165 probabuntur
1628 2102 1832 2158 abillis
1877 2103 1981 2159 Ec-

391 2173 596 2244 eiesiis,
625 2193 748 2249 quae
780 2181 908 2237 licet
930 2185 1137 2239 nullum
1165 2202 1232 2242 ex
1259 2192 1524 2259 apostolis
1555 2195 1636 2249 vel
1661 2197 1979 2266 apostolicis

391 2275 672 2325 auctorem
705 2287 874 2328 suum
917 2275 1222 2346 proferant,
1283 2291 1344 2338 ut
1395 2285 1571 2341 multo
1620 2290 1974 2358 posteriores,

393 2365 576 2415 tamen
617 2363 674 2417 in
709 2365 899 2421 eadem
949 2369 1054 2425 ilde
1077 2373 1460 2444 conspirantes
1482 2393 1590 2433 non
1623 2379 1807 2436 minus
1840 2397 1976 2454 apo-

392 2452 604 2509 stolicae
625 2455 962 2527 deputantur
981 2478 1079 2532 pro
1105 2469 1596 2539 consanguinitate
1621 2452 1904 2530 doctrinas.
1950 2495 1969 2530 ι

394 2540 465 2599 Ut
493 2545 660 2617 igitur
685 2550 951 2609 ecclesias
994 2558 1348 2625 apostolicas,
1380 2577 1502 2631 quae
1549 2574 1670 2634 post
1699 2569 1976 2638 apostolo-

391 2650 514 2691 rum
541 2647 789 2710 tempora
831 2655 1037 2705 exortae
1064 2659 1213 2715 sunt,
1252 2651 1326 2706 ita
1359 2661 1415 2708 et
1444 2657 1593 2711 viros
1637 2660 1976 2728 apostolicos

389 2729 773 2801 nominabant,
803 2736 897 2805 qui
950 2741 1232 2808 apostolos
1283 2759 1563 2816 nunquam
1596 2749 1887 2807 viderunt:
1921 2763 1976 2808 et

388 2820 538 2890 quod
594 2823 664 2878 ad
721 2823 1112 2900 Hieronymum
1161 2844 1390 2903 spectat,
1449 2839 1648 2894 mirum
1710 2857 1817 2906 non
1866 2852 1972 2912 est,

386 2927 515 2968 eum
547 2915 622 2971 ita
651 2917 892 2974 locutum
935 2938 1078 2988 esse,
1115 2927 1161 2981 si
1212 2929 1377 2984 verba
1409 2929 1607 2988 Bullini
1642 2935 1698 2989 in
1733 2937 1972 2992 secunda

386 3009 658 3068 Invectioa
702 3014 1104 3083 perpendamus
1144 3037 1156 3073 :
1191 3039 1212 3072 ‹
1263 3020 1322 3076 Si
1373 3033 1427 3077 tu
1461 3022 1778 3095 Origenem,
1807 3045 1971 3100 quem

388 3101 620 3156 alterum
663 3113 790 3172 post
839 3109 1123 3176 apostolos
1169 3111 1330 3177 dicis,
1362 3124 1509 3171 recte
1561 3115 1699 3174 lacis
1741 3119 1970 3189 imitari,

387 3192 517 3262 quid
536 3197 783 3253 concidis
809 3214 958 3267 eum,
975 3202 1069 3272 qui
1090 3215 1312 3262 secutus
1338 3217 1440 3275 est,
1460 3208 1778 3282 Didymum;
1809 3233 1970 3284 quem

385 3284 747 3346 nihilominus
781 3301 835 3347 et
871 3295 1192 3365 prephetam
1228 3300 1503 3367 nominas,
1524 3312 1578 3357 et
1607 3308 1970 3374 apostolicum

384 3375 562 3432 virum
593 3379 892 3452 designas?
931 3404 951 3437 ι
1001 3395 1056 3441 et
1086 3390 1251 3458 paulo
1283 3401 1447 3460 post:
1483 3412 1502 3444 ί
1543 3393 1718 3460 Quem
1749 3411 1970 3468 aposto-

385 3470 552 3526 lirum
580 3475 756 3531 virum
799 3493 1062 3535 sensuum
1096 3485 1317 3540 nomine
1347 3487 1625 3557 designas.
1655 3510 1672 3542 ι
1711 3491 1974 3558 Quamvis

383 3559 549 3629 igitur
576 3579 754 3635 neque
792 3567 1036 3639 Ignatius
1067 3583 1161 3626 aut
1187 3571 1542 3647 Polycarpus,
1573 3580 1665 3650 qui
1696 3583 1971 3652 apostolos

383 3654 657 3720 viderant,
691 3674 870 3730 neque
894 3660 1146 3722 Justinus
1185 3676 1282 3722 aut
1307 3668 1564 3735 irenmus,
1611 3674 1706 3742 qui
1751 3675 1855 3729 alia
1883 3693 1974 3732 ra-

387 3739 538 3797 tione
586 3743 716 3800 dicti
748 3757 878 3803 sunt
914 3753 1222 3822 apostolici,
1256 3755 1309 3811 id
1337 3773 1448 3812 non
1482 3739 1746 3832 fecerint;
1787 3773 1969 3821 tamen

384 3828 526 3885 inter
567 3833 706 3891 alios
753 3837 952 3894 multos
1009 3844 1343 3910 apostolicos
1384 3856 1438 3900 et
1467 3828 1788 3918 eIOquentes
1823 3851 1971 3907 viros

389 3930 604 3991 poterat
633 3927 834 3996 aliquis
867 3928 1216 3989 Theodotum
1249 3952 1512 4006 expresse
1535 3940 1795 4007 refutare,
1818 3946 1968 4015 quod

383 4015 451 4069 ad
487 4027 720 4073 mentem
749 4019 1068 4096 Hieronymi
1099 4029 1232 4084 satis
1259 4039 1364 4096 est,
1396 4031 1442 4087 si
1476 4033 1544 4087 de
1573 4034 1829 4092 haeretico
1850 4037 1971 4109 ipso

387 4105 624 4162 refutato
669 4111 959 4183 loquatur;
994 4118 1139 4172 unde
1187 4122 1333 4190 quod
1375 4123 1443 4178 de
1476 4122 1768 4182 Theodoto
1804 4105 1968 4198 dicit,

384 4213 486 4254 nec
496 4201 599 4255 erit
614 4204 960 4272 apertissime
972 4207 1300 4275 falsutu,nec
1316 4215 1381 4269 de
1396 4213 1604 4286 lgnatio
1616 4223 1968 4281 sumendum.

453 4288 574 4346 Jam
601 4309 731 4349 vero
767 4296 872 4352 sibi
905 4298 1010 4369 ipsi
1044 4299 1438 4375 Hieronymum
1487 4316 1598 4364 tam
1629 4311 1767 4367 mire
1800 4313 1972 4370 inter-

384 4385 618 4452 pretanti
639 4387 852 4458 objicit,
887 4391 989 4448 hoc
1009 4392 1217 4463 Ignatio
1257 4414 1364 4454 non
1396 4412 1709 4472 competere
1745 4405 1830 4477 (ut
1859 4407 1971 4463 sci-

2092 519 2308 574 ut‘enim
2335 518 2648 573 habeamus
2666 515 2868 571 falsum
2894 511 3190 586 lgnatium,
3221 526 3451 571 necesse
3479 520 3568 566 est
3615 517 3675 566 at

2089 613 2290 670 falsum
2321 612 2626 669 habeamus
2651 609 3068 680 Hieronymum.
3107 607 3185 662 Ne
3213 621 3380 662 verus
3419 606 3496 661 sit
3517 602 3676 674 lgna-

2089 706 2220 774 tius,
2257 705 2431 762 falsus
2458 713 2544 760 est
2577 703 2778 758 Dallaeo
2796 701 3152 774 Polycarpns,
3184 699 3357 756 falsus
3379 697 3674 769 Origenes,

2087 799 2262 856 falsus
2291 797 2582 864 Eusebius,
2607 796 2780 852 falsus
2803 795 3042 865 denique
3065 804 3124 849 et
3147 791 3533 863 Hieronymus.
3559 787 3674 844 Sed

2087 908 2259 964 quare
2289 891 2488 947 falsum
2517 905 2642 946 esse
2667 887 3003 945 confitetur?
3048 904 3070 939 ι
3107 884 3266 953 Quod
3313 885 3463 940 hunc
3501 899 3671 940 suu-

2086 984 2381 1057 lgnatium,
2427 983 2521 1038 diu
2561 989 2688 1053 post
2720 979 3003 1052 apostolos
3031 989 3089 1036 et
3145 977 3479 1049 apostolicos
3514 975 3672 1033 viros

2085 1085 2300 1145 natum,
2331 1075 2646 1147 apostolicis
2677 1073 2995 1130 hominibus
3023 1070 3492 1128 eonnumeravit.»
3508 1067 3673 1126 Unde

2085 1179 2198 1225 tam
2228 1184 2454 1226 crassus
2483 1182 2644 1224 error
2662 1166 2984 1224 doctissimo
3003 1175 3059 1221 et
3088 1164 3143 1220 in
3172 1161 3431 1219 Ecclesia
3467 1176 3672 1217 monu-

2085 1263 2287 1319 mentis
2309 1261 2688 1318 versatisslmo
2731 1257 2882 1313 Patri
2933 1255 3165 1312 insedit!
3197 1271 3264 1310 ea:
3305 1252 3673 1325 prompto-de

2086 1351 2391 1426 lgnatianis
2417 1369 2599 1409 errore
2620 1352 2685 1406 ab
2711 1351 2929 1406 Eusebii
2949 1350 3171 1404 lectione
3219 1349 3431 1402 hausto.
3458 1346 3528 1402 At
3562 1361 3670 1402 ne-

2081 1462 2190 1518 que
2233 1445 2531 1502 Eusebium
2557 1459 2775 1502 errasse
2803 1451 3042 1510 constat,
3083 1457 3261 1512 neque
3297 1441 3670 1514 Hieronymus

2081 1539 2261 1593 solum
2309 1537 2602 1592 Eusebium
2656 1545 2880 1592 secutus
2935 1543 3038 1589 est.
3097 1531 3254 1603 Legit
3299 1531 3667 1604 Polycarpum

2082 1641 2246 1701 atque
2274 1628 2569 1695 frenatum,
2601 1642 2742 1698 quos
2769 1625 3042 1682 Eusebius
3073 1625 3445 1695 sequebatur,
3491 1639 3668 1694 quos-

2084 1739 2194 1794 que
2242 1723 2358 1794 ipse
2413 1721 2747 1793 apostolicos
2803 1719 3076 1790 appellat;
3109 1718 3242 1789 legit
3275 1716 3665 1788 Theophilum,

2081 1820 2242 1890 cujus
2263 1819 2590 1876 sententiam
2613 1833 2682 1872 ex
2705 1815 2916 1887 lgnatio
2962 1817 3274 1882 decerptam
3305 1813 3516 1869 auctori
3562 1829 3669 1868 suo

2081 1914 2351 1981 reddidit;
2380 1914 2512 1986 legit
2539 1911 2854 1984 Origenem,
2903 1909 2998 1981 qui
3045 1925 3156 1965 non
3183 1909 3355 1964 semel
3387 1907 3665 1979 lgnatium

2079 2007 2425 2078 epistolicum
2455 2014 2518 2061 ut
2543 2004 2906 2076 apostolicum
2933 2002 3140 2068 laudat,
3167 2002 3278 2056 imo
3309 2017 3450 2072 opus
3469 1998 3669 2072 Orige-

2080 2101 2169 2156 nis
2197 2101 2313 2171 ipse
2340 2100 2728 2168 interpretatus
2755 2105 2858 2158 est,
2889 2095 2945 2150 in
2977 2109 3090 2166 quo
3109 2095 3251 2149 idem
3275 2094 3477 2148 diserte
3504 2093 3669 2164 lgna-

2083 2194 2196 2247 tius
2216 2193 2458 2258 citatur;
2493 2190 2624 2262 legit
2648 2189 3033 2254 Athanasium,
3067 2185 3353 2251 Basilium,
3399 2187 3540 2240 alios
3565 2185 3664 2257 qui

2079 2284 2301 2340 Eusebii
2339 2297 2556 2338 errores
2588 2282 2744 2352 sequi
2770 2295 2882 2335 non
2913 2279 3200 2344 solebant;
3232 2278 3507 2333 neminem
3535 2278 3667 2348 legit

2079 2385 2175 2431 aut
2203 2374 2376 2437 novit,
2406 2372 2494 2426 cui
2531 2371 2775 2442 epistola».
2805 2369 2993 2439 lgnatii
3024 2380 3212 2424 essent
3254 2368 3338 2422 vel
3387 2369 3668 2424 levissime

2079 2473 2368 2537 suspectae.
2399 2463 2458 2518 Si
2493 2461 2668 2517 falsus
2703 2460 2869 2515 fuerit
2916 2457 3304 2529 Hieronymus,
3332 2471 3490 2511 error
3537 2456 3666 2526 ejus

2081 2563 2180 2622 toti
2206 2561 2326 2617 orbi
2362 2559 2677 2617 communis
2707 2555 3054 2626 iniquissime
3083 2553 3324 2609 Eusebio
3366 2551 3664 2616 tribuitur;

2077 2653 2378 2726 praesertim
2411 2667 2536 2709 cum
2581 2658 2797 2707 constet
2834 2647 3226 2718 Hieronymum
3260 2645 3376 2698 haec
3400 2642 3669 2697 adversus

2077 2746 2387 2801 Helvidium
2430 2743 2744 2814 scripsisse,
2770 2741 2863 2795 diu
2896 2749 3192 2809 antequam
3221 2752 3318 2792 sua
3342 2735 3411 2792 de
3448 2732 3668 2806 lgnatio

2077 2840 2133 2895 in
2164 2839 2428 2910 Catalogo
2445 2853 2512 2891 ex
2541 2835 2782 2890 Eusebio
2811 2832 3176 2902 transcripsit.

2147 2930 2255 2986 Sed
2279 2930 2395 2986 sive
2436 2943 2597 2991 vere,
2644 2927 2760 2982 sive
2797 2925 2938 2980 falso
2969 2924 3075 2977 hoc
3112 2923 3235 2976 loco
3264 2917 3664 2987 Hieronymum

2076 3023 2339 3094 epistolas
2364 3020 2574 3092 lgnatio
2604 3018 2930 3088 ascripsisse
2949 3015 3099 3079 velit,
3114 3029 3183 3068 an
3203 3013 3256 3067 in
3273 3012 3396 3066 aliis
3418 3007 3670 3064 Theodo-

2079 3125 2194 3171 tum
2226 3115 2298 3170 ita
2319 3112 2545 3168 refutari
2573 3110 2732 3171 vidit,
2771 3118 2832 3163 ut
2861 3108 2987 3162 inde
3019 3103 3452 3160 commentitium
3491 3098 3669 3155 fuisse

2060 3206 2348 3280 -lgnatium
2377 3205 2535 3260 facile
2563 3203 2823 3273 colligere
2851 3198 3162 3270 potuisset?
3185 3195 3260 3250 Ita
3289 3193 3512 3264 quidem
3537 3207 3669 3247 sen-

2075 3300 2143 3354 tit
2176 3299 2259 3353 vir
2285 3296 2664 3361 doctissimus,
2696 3294 2791 3348 sed
2821 3292 3099 3348 levissima
3131 3288 3448 3356 conjectura
3484 3283 3670 3354 perci-

2077 3398 2186 3454 tus,
2227 3389 2443 3443 ratione
2473 3387 2621 3441 nulla
2654 3387 2874 3440 ductus.
2907 3380 3029 3437 Non
3069 3380 3219 3435 enim
3260 3375 3522 3431 Theodoti
3559 3390 3663 3430 no-

2074 3498 2198 3538 men
2223 3483 2294 3536 ibi
2311 3481 2533 3551 legisse,
2563 3479 2654 3535 ubi
2674 3493 2776 3534 nos
2795 3477 3047 3548 legimus,
3067 3482 3221 3542 putat
3247 3470 3664 3540 Hieronymum;

2075 3573 2345 3630 insertum
2390 3571 2524 3627 illud
2575 3570 2819 3640 epistola
2851 3568 2918 3623 ad
2941 3565 3253 3621 Trallianos
3273 3560 3669 3630 abinterpola-

2074 3674 2212 3732 tore,
2237 3665 2329 3721 diu
2361 3671 2488 3735 post
2518 3671 2732 3718 aetatem
2755 3659 3094 3731 Hieronymi,
3116 3671 3226 3711 non
3249 3655 3533 3720 ditlitetur,
3566 3661 3669 3707 aut

2073 3759 2264 3814 saltem
2283 3758 2372 3812 diu
2391 3765 2515 3828 post
2532 3755 2732 3810 librum
2753 3753 2904 3808 illum
2931 3751 3187 3830 adversus
3211 3747 3538 3810 Helvidium,
3559 3747 3666 3814 qui

2073 3852 2178 3906 sub
2202 3851 2439 3906 Damaso
2466 3847 2707 3918 scriptus
2737 3853 2821 3901 est
2849 3863 2864 3899 :
2893 3844 3032 3898 nihil
3069 3843 3125 3896 in
3155 3841 3248 3895 illa
3276 3839 3529 3908 epistola,
3555 3837 3655 3892 cui

2072 3959 2272 4000 nomen
2305 3952 2494 4014 postea
2522 3939 2791 3996 Theodoti
2832 3939 3096 3992 insertum
3117 3944 3224 4001 est,
3247 3934 3396 3988 illius
3423 3931 3670 3986 haeretici

2071 4051 2289 4092 errores
2330 4033 2668 4106 perstringit.
2721 4031 2828 4086 Sed
2860 4038 2914 4085 et
2957 4029 3096 4094 alia,
3145 4036 3202 4082 et
3250 4027 3341 4080 illa
3398 4026 3672 4080 adversus

2067 4127 2419 4183 Theodotum
2460 4124 2826 4182 disertissima
2873 4124 3115 4193 legerat,
3157 4136 3280 4206 qua:
3313 4135 3382 4174 ex
3417 4118 3674 4188 epistolis

2073 4219 2141 4274 ad
2181 4219 2448 4290 Ephesios
2478 4227 2533 4273 et
2571 4216 2884 4288 Magnesios
2923 4213 3216 4283 descripsit
3253 4211 3511 4274 Dallams,
3537 4209 3677 4264 inde

2070 4313 2239 4383 igitur
2262 4312 2521 4383 colligere
2543 4309 2732 4365 debuit
2769 4307 3135 4379 Hierunymus
3165 4319 3356 4360 verum
3390 4302 3672 4373 lgnatium

2072 4421 2184 4460 non
2209 4404 2403 4469 fuisse,
2427 4403 2522 4473 qui
2542 4409 2666 4473 post
2684 4399 3031 4455 Theodotum
3059 4397 3365 4468 scripserit.
3396 4394 3510 4448 lmo
3533 4409 3676 4448 vero

383 4475 513 4532 licet
569 4489 761 4535 contra
797 4481 1141 4544 Theodotum
1185 4494 1474 4565 scriberet)
1509 4498 1671 4552 annis
1708 4475 1820 4553 fere
1864 4499 1967 4554 l00
1996 4513 2044 4570 ι)
2071 4499 2179 4554 hoc
2206 4503 2531 4568 argumento
2556 4503 2667 4549 tam
2700 4492 2942 4556 infirmo,
2979 4499 3091 4544 tam
3122 4489 3294 4551 nullo,
3319 4486 3680 4556 iniquissime

381 4577 509 4623 alite
539 4583 757 4628 mortuo
777 4591 942 4646 quam
972 4577 1240 4638 Theodoti
1263 4584 1487 4642 haaresis
1517 4589 1669 4643 nosci
1695 4592 1971 4661 coepisset,

383 4659 602 4732 sibique
630 4665 748 4721 inec
776 4668 1061 4738 objicienti
1093 4677 1406 4745 respondet,
1451 4679 1556 4734 hoc
1589 4659 1814 4754 martyri
1848 4684 1971 4754 qui--

379 4753 510 4809 dem
572 4754 784 4828 lgnatio
833 4777 941 4817 non
999 4768 1328 4837 convenire,
1360 4771 1428 4825 de
1458 4782 1650 4828 nostro
1685 4753 1974 4845 epistolico

383 4865 574 4905 verum
601 4868 744 4920 esse,
769 4869 1007 4928 eumque
1034 4859 1142 4916 hoc
1161 4862 1279 4918 loco
1299 4865 1368 4920 ab
1397 4863 1732 4939 Hieronymo
1753 4869 1971 4926 intelle-

377 4954 531 4999 ctum
546 4959 690 5001 esse.
708 4947 836 5004 Λιδί
859 4949 1226 5024 Hieronymus
1259 4955 1360 5011 hoc
1389 4957 1512 5014 loco
1530 4959 1796 5014 intellexit
1816 4959 1976 5032 lgna-

379 5037 520 5094 tium
538 5040 905 5109 epistolicum,
919 5055 1066 5101 certe
1083 5047 1348 5105 intellexit
1362 5061 1677 5124 martyrem;
1700 5056 1975 5112 neminem

381 5131 531 5185 enim
547 5132 716 5188 alium
736 5135 985 5192 novitllle
997 5139 1531 5214 epistolicum,quam
1547 5146 1907 5217 apostolicum
1923 5157 1978 5203 et

387 5233 702 5297 martyrem.
719 5225 835 5283 Hoc
848 5229 967 5301 ipso
987 5231 1109 5287 loco
1128 5249 1236 5288 non
1257 5245 1466 5291 tantum
1487 5237 1626 5294 inter
1642 5240 1976 5310 apostolicos

387 5326 663 5385 numerat,
696 5321 791 5376 sed
817 5331 870 5377 et
892 5323 1022 5379 dum
1047 5338 1293 5383 veterum
1323 5330 1521 5384 seriem
1553 5331 1766 5397 recitat,
1796 5333 1976 5404 primo

391 5405 513 5464 loco
544 5411 837 5482 lgnatium,
875 5431 982 5471 non
1015 5428 1226 5474 tantum
1252 5431 1378 5477 ante
1418 5421 1680 5479 irenaeum
1715 5434 1771 5481 et
1805 5424 1978 5483 Justi-

394 5516 549 5570 num,
583 5505 678 5560 sed
717 5515 774 5562 et
824 5519 951 5566 ante
986 5509 1347 5586 Polycarpum
1395 5518 1570 5586 ponit.
1613 5516 1759 5574 idem
1812 5520 1979 5590 igitur

396 5587 749 5665 Hieronymo,
775 5607 900 5654 utet
919 5601 1103 5668 nobis,
1128 5611 1182 5658 et
1197 5604 1537 5674 epistolicus,
1550 5613 1604 5662 et
1619 5587 1978 5678 apostoli—cus,

393 5691 454 5737 et
502 5694 708 5759 martyr
738 5690 1002 5761 lgnatius.
1053 5695 1239 5766 Neque
1270 5698 1386 5753 hzec
1437 5715 1636 5770 negare
1686 5700 1864 5769 potuit
1896 5701 1981 5754 vir

402 5775 766 5839 doctissimus
793 5785 888 5857 qui
920 5786 1060 5846 hanc
1088 5789 1596 5850 distinctiunculam
1619 5793 1976 5862 excogitavit;

2075 4601 2300 4648 sanctus
2327 4590 2488 4645 Pater
2513 4586 2772 4642 falsitatis
2793 4584 3127 4655 postulatur,
3154 4595 3281 4637 cum
3307 4595 3372 4635 ea
3386 4593 3513 4650 qua:
3541 4589 3682 4634 ante

2074 4701 2140 4741 ex
2171 4684 2416 4756 epistolis
2449 4681 2514 4737 ad
2558 4679 2829 4751 Ephesios
2873 4686 2929 4733 et
2960 4674 3344 4746 Magnesianos
3374 4671 3683 4742 descripsit

2075 4776 2309 4832 Dailaeus
2332 4775 2508 4845 capite
2537 4775 2593 4839 9,
2625 4771 2940 4827 Artemonis
2964 4770 3362 4840 blasphemiam
3385 4768 3682 4838 splendide

2075 4869 2365 4926 confutare
2391 4869 2509 4939 ipse
2547 4866 2769 4922 dixerit.
2799 4863 2867 4918 Et
2909 4879 3100 4919 revera
3139 4873 3254 4917 tam
3282 4869 3474 4917 contra
3503 4861 3679 4917 Arte-

2075 4977 2295 5018 munem
2327 4977 2494 5033 quam
2533 4969 2727 5016 contra
2771 4958 3118 5013 Theodotum
3166 4955 3393 5025 scripsit
3419 4952 3681 5026 lgnatius

2073 5065 2284 5122 noster,
2305 5055 2358 5110 id
2381 5063 2485 5120 est,
2513 5053 2560 5109 si
2588 5067 2854 5123 personas
2877 5050 3260 5107 hmreticorum
3279 5056 3517 5118 spectes,
3534 5062 3684 5103 con-

2077 5157 2163 5204 tra
2180 5157 2432 5203 neutrum
2454 5164 2469 5213 ;
2491 5146 2534 5202 si
2552 5145 2806 5201 haeresim
2837 5144 3016 5215 ipsam
3038 5143 3259 5212 utrique
3285 5155 3681 5208 communem,

2079 5251 2273 5297 contra
2312 5239 2639 5296 sententiam
2689 5239 3013 5308 utriusque,
3049 5245 3105 5292 et
3147 5235 3273 5290 ideo
3306 5234 3496 5304 aliquo
3535 5249 3684 5290 vero

2080 5349 2247 5389 sensu
2276 5343 2467 5388 contra
2497 5339 2814 5401 utrumque.
2849 5328 3084 5385 Haaresis
3114 5328 3262 5384 enim
3289 5325 3479 5382 eadem
3507 5324 3684 5396 lgna-

2081 5425 2142 5481 tii
2172 5440 2288 5481 aevo
2314 5425 2522 5480 exstitit
2554 5425 2624 5481 ab
2657 5423 2868 5479 Ebione
2907 5420 3150 5494 profecta
3170 5461 3186 5486 ,
3214 5427 3272 5474 et
3293 5419 3363 5474 ab
3385 5417 3563 5488 ipsius
3589 5417 3686 5472 di-

2081 5518 2340 5588 scipulis,
2377 5527 2431 5574 et
2460 5516 2765 5583 Nazaraais,
2799 5525 2968 5586 atque
3014 5513 3282 5569 Cerintho
3317 5509 3594 5577 defensa,
3645 5527 3687 5565 ιι

2082 5608 2371 5663 Theodoto
2393 5616 2448 5662 et
2477 5607 2773 5662 Artemone.
2791 5612 2980 5675 postea
3003 5601 3351 5660 resuscitata.
3375 5597 3602 5669 Ταύτης
3617 5598 3687 5652 δὲ

2083 5701 2181 5774 τῆς
2214 5699 2488 5770 φάλαγγος
2521 5697 2687 5774 ἦρξεν
2732 5695 2942 5760 Ἐὁίων,
2984 5713 3005 5746 α
3047 5693 3221 5761 Hujus
3266 5700 3452 5748 autem
3487 5699 3685 5747 cater-

2081 5811 2160 5852 va:
2194 5791 2445 5864 princeps
2478 5791 2580 5850 fuit
2611 5789 2809 5858 Ebion,
2835 5807 2856 5844 ι
2903 5797 2963 5845 ut
2993 5786 3240 5859 loquitur
3264 5782 3685 5841 Thcodoretus.
