3848 6204
949 317 1002 375 ι,
1042 311 1410 372 PEARSOMI
1442 293 1768 367 “unicis-1
1808 306 2233 366 reuulsum.
2271 339 2341 352 —
2377 306 2559 364 rans
2597 305 2664 361 ιι.

179 434 242 490 Si
269 433 444 506 igitur
480 430 852 505 Hieronymus
885 432 944 486 in
975 430 1188 503 lgnatio
1228 437 1424 486 nostro
1461 441 1574 483 non
1600 438 1774 496 pauca
1803 426 1852 486 Α
1880 419 2218 488 Theodotus,
2241 433 2580 492 compertum
2605 436 2716 478 non
2741 429 2826 478 est
2857 436 2872 474 :
2908 429 3204 492 postquam
3233 427 3422 478 autem
3443 436 3479 476 a

175 536 375 583 contra
403 525 679 584 Theodoti
697 525 956 581 haeresim
977 522 1344 579 disertissima
1371 527 1638 584 notasset,
1669 531 1777 572 non

179 623 459 693 potuisset
485 622 594 678 nisi
627 620 974 691 ineptissime
1011 617 1144 672 inde
1169 615 1454 686 colligere,
1494 622 1778 668 auctorem

173 717 548 788 epistolarum
600 723 729 785 post
775 713 1120 768 Theodotm
1185 709 1424 774 vixisse;
1480 707 1609 778 quia
1663 705 1782 775 ipse

179 810 392 880 optime
434 809 590 864 novit
621 820 968 876 quaecunque
1001 811 1191 859 contra
1217 800 1481 856 Theodoti
1525 797 1781 856 haeresim

178 917 246 958 ex
281 903 396 958 illis
433 902 689 972 epistolis
723 901 1020 955 observare
1044 896 1243 968 potuit,
1270 909 1338 949 ea
1372 893 1562 949 omnia
1596 890 1783 946 adver-

181 1012 282 1054 sus
304 995 574 1051 Ebionem
612 994 719 1049 dici
751 993 998 1064 potuisse
1027 1008 1042 1044 :
1075 999 1134 1045 at
1165 989 1411 1045 scribere
1449 980 1652 1055 aliquis
1680 998 1782 1054 po-

182 1089 290 1144 tuit
317 1089 586 1145 adversus
622 1085 924 1148 Ebionem,
970 1083 1098 1138 licet
1137 1088 1265 1152 post
1297 1078 1642 1134 Theodotum
1673 1091 1782 1131 non

181 1183 405 1237 vixerit.
437 1179 507 1236 Ut
544 1179 676 1235 alibi
712 1179 884 1249 igitur
933 1175 1197 1232 Ehionem
1235 1182 1292 1230 ut
1325 1171 1620 1227 Photinum
1651 1185 1786 1226 con-

180 1274 385 1346 iungit,
413 1280 678 1342 tanquam
707 1272 900 1327 eadem
934 1269 1206 1324 sententia
1236 1264 1542 1336 apostolica
1569 1261 1787 1335 percul-

183 1382 300 1430 sos,
337 1367 413 1421 ita
448 1366 538 1421 hic
574 1365 840 1419 Ebionem
883 1372 936 1418 et
977 1361 1363 1426 Theodotum,
1413 1366 1673 1428 tanquam
1715 1355 1786 1411 ab

181 1458 382 1513 iisdem
413 1457 674 1513 Patribus
700 1455 992 1510 refutatos.

256 1550 492 1606 Frustra
517 1549 686 1620 igitur
705 1549 762 1602 in
801 1548 907 1603 hoc
935 1555 1264 1616 argumento
1290 1559 1394 1601 nec
1419 1545 1542 1602 sine
1568 1555 1786 1600 summa

183 1644 395 1713 injuria
432 1650 586 1697 notat
617 1639 1017 1696 acerbissimos
1045 1638 1272 1693 Patrum
1305 1652 1534 1704 censor,
1565 1655 1585 1690 α
1618 1637 1790 1692 inter-

181 1740 320 1794 dum
350 1736 754 1830 iﬂieronymum
791 1734 1030 1830 naturali
1073 1733 1314 1803 quadam
1369 1732 1574 1803 ingenii
1622 1731 1786 1788 vehe-
1819 1768 1864 1830 Β

181 1829 397 1884 ruentia
439 1828 654 1896 abripi,
684 1835 742 1881 et
782 1825 1031 1895 quadam
1073 1840 1182 1879 non
1224 1824 1362 1880 satis
1399 1832 1656 1879 accurate
1694 1840 1790 1878 ex-

183 1935 365 1992 pensa
392 1918 695 1984 cﬂ‘undere,
722 1932 850 1972 cum
873 1916 1010 1972 nihil
1045 1916 1100 1970 in
1125 1916 1231 1972 hac
1259 1929 1318 1971 re
1353 1923 1614 1985 appareat
1641 1915 1789 1984 quod

182 2029 318 2069 eum
343 2012 600 2067 videatur
626 2009 902 2078 abripere,
943 2018 1039 2063 aut
1069 2023 1296 2078 quoquo
1337 2008 1502 2062 modo
1542 2023 1790 2063 commo—

185 2121 358 2170 vere;
389 2102 532 2158 nihil
566 2103 636 2157 ab
665 2117 734 2156 eo
757 2101 965 2156 dictum
1000 2102 1110 2163 sit,
1141 2100 1292 2170 quod
1331 2116 1440 2155 non
1473 2104 1546 2155 sit
1572 2101 1789 2156 veritati

185 2203 666 2260 consentaneum;
710 2193 850 2248 nihil
887 2192 1034 2262 quod
1063 2191 1312 2261 ejusdem
1349 2192 1635 2247 sententia:
1669 2193 1791 2250 aliis

186 2291 334 2346 locis
367 2289 661 2358 patefacta:
692 2285 1038 2341 contrarium
1063 2286 1156 2342 sit.
1197 2284 1355 2352 Quod
1382 2286 1428 2340 si
1463 2286 1579 2342 haec
1603 2287 1792 2342 obser-

185 2382 346 2437 vatio
387 2381 460 2435 de
505 2378 854 2434 vehementia
887 2377 1094 2448 ingenii
1131 2376 1547 2449 Hieronymiani
1573 2378 1789 2435 admitti

187 2472 498 2544 aliquando
519 2471 738 2534 debeat,
758 2477 894 2524 tunc
921 2468 1278 2540 potiorejure
1303 2470 1562 2539 usurpari
1589 2478 1788 2540 potest,

187 2581 323 2621 cum
363 2565 634 2620 adversus
665 2561 933 2616 diaconos
972 2559 1232 2615 Ecclesiae
1265 2558 1527 2615 Romana:
1568 2560 1793 2617 lacessi-

185 2668 284 2715 tus
309 2657 533 2722 scribit,
550 2671 677 2711 cum
705 2663 767 2710 ut
787 2667 980 2708 eorum
1003 2651 1326 2723 dignitatem
1365 2651 1658 2707 imminuat
1679 2662 1789 2708 tam

185 2751 370 2808 multa
387 2750 460 2804 de
476 2748 890 2819 presbyteratus
912 2744 1240 2800 auctoritate
1266 2745 1536 2814 congerit,
1559 2759 1712 2812 cum,
1730 2753 1792 2801 ut

187 2859 316 2900 eam
350 2841 628 2907 stabiliat,
669 2837 938 2909 aequalem
977 2851 1118 2907 pene
1165 2836 1270 2906 ipsi
1299 2837 1600 2907 episcopali
1639 2848 1794 2908 pote-

189 2935 324 2992 stati
363 2940 612 2990 statuere
651 2938 954 2986 censetur:
984 2942 1108 2998 quae
1133 2927 1514 2997 interpretatio
1565 2939 1792 2984 senten-

189 3030 284 3084 tiae
327 3023 778 3095 ﬂicronymianae
813 3034 939 3076 eum
980 3021 1222 3074 maxime
1265 3019 1704 3083 inconstantem,
1737 3028 1793 3076 et

189 3120 316 3176 suis
353 3117 580 3187 scriptis
608 3114 890 3170 contraria
922 3111 1290 3168 edundentem
1330 3121 1704 3182 repraesentat.
1733 3111 1790 3168 Si
1819 3123 1861 3183 ο

190 3225 445 3281 unquam
481 3209 652 3280 igitur
671 3249 687 3274 ,
721 3207 778 3261 in
810 3206 914 3260 hac
944 3205 1062 3275 ipsa
1091 3205 1470 3261 controversia
1499 3205 1568 3260 de
1591 3205 1792 3260 distin-

189 3304 381 3359 ctione
418 3314 707 3357 sacrorum
749 3297 1039 3359 ordinum,
1083 3296 1272 3351 liceret
1311 3295 1498 3351 dicere
1528 3293 1795 3366 Hierony-

189 3409 353 3450 mum
389 3391 632 3447 naturali
665 3388 906 3458 quadam
942 3385 1150 3456 ingenii
1193 3385 1540 3440 vehementia
1591 3384 1792 3455 abripi,

189 3497 250 3543 et
271 3485 534 3557 quaedam
575 3497 688 3536 non
729 3481 871 3537 satis
897 3487 1156 3535 accurate
1182 3493 1425 3550 expensa
1462 3477 1744 3535 eﬁundere
1775 3494 1789 3531 :

189 3593 321 3648 quae
348 3576 645 3646 responsio
676 3575 723 3628 si
755 3582 813 3628 et
842 3574 980 3628 satis
1007 3587 1253 3643 congrua
1277 3580 1334 3626 et
1360 3570 1542 3626 valida
1571 3581 1790 3640 repute~

187 3679 314 3734 tur;
349 3681 464 3722 non
495 3666 602 3721 erit
631 3680 776 3734 opus
805 3663 1106 3734 quidquam
1144 3661 1345 3717 addere
1385 3661 1453 3716 ad
1485 3661 1796 3716 convellen-

183 3762 328 3815 dum
350 3758 640 3814 sententiae
662 3755 1052 3812 Blondellianae
1071 3753 1512 3809 fundamentum.
1530 3751 1669 3808 Cum
1691 3768 1792 3808 au-

189 3863 305 3907 tem
370 3849 519 3904 hanc
557 3845 975 3903 acerbissimam
1006 3859 1302 3899 censuram
1360 3843 1428 3898 de
1475 3843 1797 3913 ahreptione

189 3941 520 4013 Hieronymi
554 3955 740 3994 veram
767 3953 893 3995 esse
918 3937 1232 4002 contendit,
1264 3936 1412 4006 quod
1447 3935 1536 3991 hic
1569 3935 1794 4000 scribat,

189 4035 406 4090 multos
435 4031 777 4102 apostolicos
813 4030 962 4087 viros
1010 4029 1280 4085 adversus
1319 4026 1658 4083 Theodotum
1691 4026 1798 4098 By--

193 4128 491 4183 untinum
515 4123 850 4194 scripsisse,
889 4137 1015 4180 cum
1050 4130 1360 4191 temporum
1411 4121 1555 4175 ratio
1581 4120 1799 4175 evincat

194 4219 338 4274 nulli
365 4204 684 4287 apostolico
725 4223 918 4269 notum
961 4227 1088 4267 esse
1135 4210 1386 4280 potuisse
1427 4208 1793 4272 Theodotum,

197 4310 344 4379 fugit
371 4323 505 4364 eum
534 4306 766 4360 omnino
797 4302 962 4358 ratio.
1011 4299 1132 4356 Non
1164 4300 1312 4355 enim
1345 4299 1550 4354 inultos
1584 4306 1795 4354 tantum

198 4398 540 4472 apostolicos
567 4397 756 4461 viros,
780 4395 878 4451 sed
915 4401 970 4450 et
1002 4394 1328 4462 eloquentes
1353 4391 1493 4446 dixit
1532 4389 1800 4461 Hierony-

1887 513 2106 570 Victore
2124 515 2640 571 excommunicatus
2665 523 2772 581 est,
2800 515 2935 571 viris
2959 514 3285 584 apostolicis
3312 523 3481 571 notus

1878 623 2006 668 esse
2037 608 2245 678 potuit;
2292 608 2579 678 apostolici
2630 607 2778 664 enim
2827 606 3177 673 dicebantur,
3209 607 3307 677 qui
3348 619 3484 675 apo-

1884 699 2078 758 Slolica
2115 699 2366 756 doctrina
2404 698 2599 753 imbuti
2645 705 2821 764 sunt,
2874 697 3041 752 etiam
3086 696 3183 768 qui
3223 695 3481 767 proxima

1885 800 2010 864 post
2031 791 2312 862 apostolos
2335 799 2494 846 aetate
2532 790 2644 845 nati
2677 798 2827 845 sunt.
2874 787 3039 844 Certe
3073 787 3282 842 Irenaeo
3309 795 3480 842 notus

1881 899 2009 940 esse
2038 883 2235 954 potuit,
2265 882 2376 936 imo
2399 881 2622 952 ignotus
2646 881 2695 936 ei
2724 897 2849 937 esse
2881 895 2993 938 non
3029 880 3232 950 potuit,
3259 879 3356 949 qui
3375 878 3482 934 sub

1873 972 2106 1031 .Victore
2133 973 2374 1028 maxime
2419 970 2638 1038 ﬂoruit,
2667 980 2722 1027 et
2753 979 2878 1041 post
2915 968 3191 1025 Victorem
3226 979 3482 1025 mortuus

1885 1076 1991 1134 est,
2015 1075 2070 1122 et
2099 1074 2279 1121 tamen
2311 1080 2343 1121 a
2380 1063 2483 1120 SS.
2511 1063 2770 1120 Patribus
2805 1063 2889 1118 vir
2920 1062 3259 1133 apostolicus
3297 1060 3480 1118 dictus

1883 1167 1992 1220 est.
2023 1165 2078 1212 et
2097 1156 2318 1228 quidem
2344 1156 2414 1212 ah
2442 1156 2562 1225 ipso
2584 1153 2943 1226 Hieronymo.
2976 1153 3056 1208 lta
3081 1155 3230 1210 enim
3255 1154 3370 1222 ille,
3393 1153 3465 1208 ad

1888 1248 2046 1306 lsaiae
2080 1265 2202 1320 cap.
2235 1247 2337 1304 64:
2383 1267 2402 1300 ι
2446 1246 2754 1322 Dequibus
2777 1239 3200 1317 diligentissime
3232 1245 3318 1301 vir
3349 1260 3481 1316 apo-

1887 1342 2118 1398 stolicus
2143 1339 2336 1397 scribit
2365 1339 2626 1408 lrcnazus,
2660 1338 2955 1410 episcopus
2983 1336 3393 1410 Lugdunensis,
3423 1345 3482 1394 et

1887 1443 2115 1505 martyr.
2153 1451 2174 1485 ι

1956 1525 2149 1594 Capite
2193 1524 2254 1578 ll
2304 1523 2374 1580 ad
2439 1522 2744 1580 secundum
2795 1522 3045 1579 ordinem
3095 1520 3480 1578 haereticorum

1887 1615 2267 1687 progreditur,
2333 1615 2644 1684 asseritque
2696 1612 2968 1685 lgnatium
3033 1623 3287 1668 nostrum
3343 1612 3484 1670 alios

1889 1707 2054 1764 etiam
2099 1716 2226 1777 post
2256 1707 2372 1761 veri
2408 1705 2602 1779 lgnatii
2645 1714 2878 1760 mortem
2923 1714 3147 1761 exortes
3193 1704 3482 1760 haereticos

1892 1798 2175 1870 tetigisse,
2210 1800 2340 1855 licet
2371 1814 2484 1854 non
2533 1797 2870 1854 nominatos.
2917 1796 3242 1867 Respondeo
3299 1796 3482 1868 primo

1891 1894 2195 1963 generatim
2237 1891 2526 1962 scripsisse
2569 1890 2840 1961 lgnatium
2867 1890 3048 1960 (quod
3091 1890 3348 1946 observat
3395 1904 3486 1944 ve-

1892 1984 2114 2040 rissime
2158 1984 2454 2054 Eusebius)
2504 1984 2772 2039 adversus
2823 1983 3062 2040 haereses
3107 1991 3482 2052 suetempore

1893 2086 2232 2149 grassantes,
2264 2085 2320 2130 et
2361 2084 2421 2132 ut
2457 2076 2528 2130 ab
2558 2076 2624 2130 iis
2653 2082 2939 2142 caverent,
2977 2075 3242 2130 ecclesias
3264 2088 3480 2140 omnes,

1892 2167 1962 2223 ad
1994 2183 2134 2237 quas
2161 2168 2429 2239 martyrio
2467 2168 2754 2238 proximus
2781 2166 3045 2238 epistolas
3081 2165 3349 2229 exaravit,
3384 2181 3484 2237 op-

1891 2271 2125 2332 portune
2142 2261 2437 2316 admodum
2470 2259 2826 2316 admonuisse
2848 2268 3012 2329 atque
3037 2258 3478 2328 praemunitisse.

1892 2353 2109 2410 Eadem
2148 2363 2328 2408 autem
2370 2354 2632 2418 haereses,
2672 2367 2796 2422 qua:
2841 2352 2990 2408 illius
3029 2360 3189 2406 aetate
3233 2351 3288 2406 in
3324 2350 3482 2422 Syria

1893 2449 1979 2505 vel
2011 2449 2261 2504 ecclesiis
2287 2447 2537 2503 ﬁnitimis
2561 2458 2767 2501 exorta:
2797 2454 2950 2511 sunt,
2978 2445 3082 2500 sub
3106 2445 3341 2500 aliorum
3377 2460 3480 2499 no-

1893 2540 2134 2594 minibus
2164 2538 2218 2594 in
2261 2539 2453 2593 iisdem
2488 2538 2571 2592 vel
2611 2538 2735 2592 aliis
2768 2545 3042 2592 terrarum
3080 2536 3216 2604 oris,
3264 2535 3484 2592 saeculis

1893 2631 2274 2702 sequentibus,
2312 2629 2736 2700 repullularunl.
2773 2627 2849 2683 Ea
2883 2629 3050 2698 igitur
3078 2643 3201 2698 quae
3224 2628 3294 2684 ab
3322 2627 3483 2698 lgna-

1894 2724 1972 2779 tio
2025 2733 2218 2780 contra
2267 2723 2353 2778 sui
2401 2722 2664 2792 temporis
2708 2720 3224 2777 lleterodidascalos
3277 2720 3484 2790 scripto

1893 2825 2049 2883 sunt,
2089 2816 2156 2870 ad
2187 2815 2518 2879 sententiam
2548 2814 2786 2883 alicujus
2817 2812 3062 2868 haeretici
3094 2813 3189 2881 qui
3224 2811 3319 2867 diu
3359 2819 3484 2882 post

1893 2908 2151 2980 martyris
2174 2907 2485 2979 passionem
2511 2915 2674 2961 natus
2713 2905 2808 2971 sit,
2834 2903 3182 2960 relutandam
3215 2911 3482 2973 opportu—

1894 2999 2124 3056 nissima
2155 3015 2277 3054 esse
2304 3007 2638 3070 potuerunt;
2677 3012 2786 3050 non
2816 2995 2966 3066 quod
3009 3003 3201 3050 auctor
3229 2993 3486 3064 epistola-

1895 3107 2020 3148 rum
2063 3091 2241 3162 ipsum
2291 3089 2608 3145 haereticum
2660 3087 3023 3158 posteriorem
3077 3086 3332 3151 noverit,
3385 3084 3485 3140 sed

1893 3183 2040 3256 quod
2067 3181 2319 3238 eumdem
2345 3195 2617 3247 errorem,
2640 3194 2799 3249 quem
2830 3176 3105 3248 posterior
3133 3185 3358 3232 secutus
3379 3187 3484 3243 est,

1895 3275 1950 3331 in
2002 3274 2177 3346 priori
2221 3272 2689 3328 condemnaverit.
2734 3269 2851 3338 Qua
2897 3272 3061 3326 unica
3103 3268 3490 3324 observatione

1891 3367 2197 3435 praemissa,
2226 3364 2387 3420 facile
2415 3360 2768 3434 particularia
2800 3360 3014 3430 objecta
3056 3357 3405 3416 refelluntur.

1966 3457 2086 3513 Duo
2113 3456 2397 3512 Saturnini
2429 3457 2686 3526 dogmata
2713 3453 3023 3524 respexisse
3059 3450 3330 3523 lgnatium
3360 3451 3482 3521 epl-

1895 3551 2146 3607 stolicum
2170 3549 2305 3613 vult,
2325 3564 2496 3604 unum
2518 3548 2584 3603 de
2607 3545 2981 3608 matrimonio,
3007 3544 3238 3598 alterum
3263 3543 3330 3598 de
3357 3540 3489 3599 .Iesu

1897 3644 2174 3714 putative,
2221 3641 2454 3712 ideoque
2487 3649 2613 3711 post
2647 3655 2712 3694 ea
2775 3653 2806 3694 a
2880 3637 3178 3692 Saturnino
3215 3634 3491 3705 publicata

1899 3735 2120 3801 vixisse,
2153 3743 2208 3789 et
2232 3733 2499 3805 lgnatium
2530 3738 2824 3803 martyrem
2855 3745 2977 3786 esse
3018 3745 3128 3784 non
3160 3741 3344 3800 posse.
3381 3727 3490 3782 Sed

1899 3826 2184 3884 Saturnini
2211 3827 2409 3899 dogma
2433 3826 2500 3881 de
2528 3824 2885 3880 matrimonio
2915 3823 2970 3878 in
3003 3822 3260 3895 genuinis
3279 3822 3491 3892 episto-

1898 3921 1966 3977 lis
1999 3935 2108 3975 non
2152 3919 2416 3984 habetur;
2461 3931 2528 3972 ex
2553 3914 2922 3979 assumentis,
2948 3929 3073 3984 qua:
3104 3913 3486 3984 repudiamus,

1896 4011 2252 4083 depromitur.
2288 4010 2535 4064 Alterum
2567 4008 2635 4063 de
2665 4006 2800 4062 Jesu
2830 4006 3099 4077 putative,
3123 4020 3154 4060 a
3185 4004 3490 4060 Saturnino

1897 4105 2076 4176 primo
2104 4102 2381 4174 proditum
2408 4116 2518 4156 non
2550 4107 2654 4155 est.
2687 4097 2917 4152 Etiamsi
2946 4097 3112 4168 igitur
3144 4105 3340 4152 auctor
3368 4096 3490 4166 epi-

1897 4197 2161 4253 stularum
2191 4206 2385 4252 contra
2418 4193 2560 4248 hanc
2603 4191 2879 4256 haeresim,
2917 4206 3079 4262 quam
3109 4190 3366 4245 tuebatur
3397 4187 3494 4244 Sa-

1900 4289 2177 4353 turninus,
2203 4285 2507 4356 scripserit,
2541 4271 2656 4338 non.
2678 4281 2806 4338 inde
2848 4289 3028 4336 tamen
3065 4281 3319 4352 sequitur
3361 4294 3490 4334 cum

1900 4380 1984 4438 vel
2032 4378 2394 4436 Saturninum
2428 4376 2670 4440 novisse,
2703 4373 2788 4428 vel
2821 4381 3016 4427 contra
3041 4413 3058 4438 ,
3090 4373 3177 4426 vel
3208 4380 3334 4442 post
3361 4386 3488 4426 eum

199 4460 349 4559 nius,
378 4501 448 4548 ut
477 4491 571 4545 lib.
591 4507 612 4544 ι
640 4460 900 4547 adversus
919 4460 1291 4543 Iovinianum:
1316 4503 1336 4538 ι
1363 4484 1444 4540 Ad
1465 4483 1570 4538 hos
1595 4492 1650 4539 et
1670 4460 1796 4538 Cle-
1819 4480 1871 4556 ‘D
1897 4470 2224 4542 scripsisse;
2258 4468 2388 4539 quia
2416 4467 2627 4559 eadem-
2657 4462 2761 4559 fuit
2785 4462 3016 4559 haeresis
3068 4460 3492 4559 Menandri-ano-

201 4603 361 4642 mens
393 4597 693 4642 successor
736 4579 1008 4651 apostoli,
1053 4577 1215 4649 cujus
1249 4574 1468 4632 Paulus
1514 4575 1800 4646 apostolus

203 4679 480 4743 imminit,
520 4676 716 4732 scribit
735 4673 1024 4744 epistolas,
1059 4683 1395 4739 omnemque
1425 4682 1562 4737 pene
1589 4681 1802 4722 sermo-

201 4791 328 4832 nem
379 4789 550 4830 suum
601 4774 670 4827 de
722 4770 1055 4842 virginitatis
1094 4768 1335 4839 puritate
1384 4765 1698 4834 contexuit;
1744 4773 1803 4822 et

203 4868 469 4937 deinceps
513 4864 674 4920 multi
709 4863 998 4934 apostolici
1041 4870 1098 4917 et
1133 4869 1405 4933 martyres
1453 4865 1510 4913 et
1557 4857 1802 4914 illustres

207 4968 316 5014 tam
344 4956 646 5015 sanctitate
677 4969 846 5025 quam
871 4953 1185 5024 eloquentia
1226 4953 1352 5018 viri,
1386 4963 1528 5021 quos
1573 4964 1642 5005 ex
1673 4963 1801 5019 pro-

206 5051 341 5121 priis
393 5049 624 5118 scriptis
666 5062 834 5103 nosse
874 5045 1135 5117 perfacile
1177 5053 1292 5110 est;
1331 5062 1352 5097 ι
1401 5056 1579 5113 neque
1609 5050 1799 5097 contra

209 5139 560 5196 Theodotum
603 5137 955 5193 solummodo
990 5134 1285 5209 scripsisse
1326 5132 1438 5197 ait,
1480 5131 1576 5186 sed
1606 5138 1800 5186 contra

207 5233 475 5290 Ebionem
503 5231 656 5302 (nam
672 5230 742 5285 de
758 5226 1052 5283 Valentino
1075 5226 1238 5281 silent
1253 5237 1390 5280 mss.
1408 5218 1801 5293 quamplurimi

211 5336 374 5397 atque
413 5325 563 5378 inter
597 5335 699 5378 eos
747 5319 1232 5388 Cantabrigienses
1277 5313 1421 5385 duo)
1463 5329 1572 5370 non
1615 5311 1802 5366 minus

209 5433 374 5486 quam
397 5413 776 5476 Theodotum;
802 5425 984 5480 neque
1008 5418 1118 5462 tam
1141 5421 1334 5461 eorum
1354 5416 1616 5474 personas
1633 5415 1800 5472 quam

213 5507 546 5564 sententiam
591 5502 904 5574 respexisse
943 5498 1255 5556 censendus
1282 5505 1386 5563 est,
1403 5494 1499 5566 qui
1531 5493 1585 5547 in
1610 5491 1801 5547 eadem

212 5601 668 5664 consemiebant;
725 5609 903 5666 neque
955 5592 1193 5663 denique
1245 5606 1437 5646 verum
1493 5597 1606 5651 est,
1666 5585 1802 5642 nulli

215 5697 518 5765 apostolico
555 5700 748 5748 notum
775 5703 909 5746 esse
943 5687 1192 5758 potuisse
1224 5681 1589 5738 Theodotum.
1623 5677 1801 5744 Quam

215 5788 308 5842 diu
357 5788 508 5843 enim
560 5792 688 5840 ante
723 5779 1000 5838 Victorem
1039 5773 1292 5842 hatresin
1355 5785 1512 5828 suam
1558 5765 1800 5838 prodidit

1901 4578 2065 4630 rum,
2115 4575 2349 4632 quorum
2407 4555 2799 4628 quamplurimi
2873 4553 3175 4608 Saturnino
3244 4552 3493 4608 seniores

1900 4664 2079 4712 erant.
2110 4651 2224 4707 lmo
2247 4651 2362 4722 ipse
2387 4647 2723 4704 Saturninus
2753 4663 2782 4701 a
2815 4645 3115 4702 Menandro
3149 4645 3352 4701 hausit.
3380 4642 3492 4699 lre-

1904 4763 2052 4802 naeus
2088 4746 2186 4800 lib.
2219 4761 2257 4807 ι,
2289 4759 2340 4798 c.
2381 4741 2453 4796 22
2483 4756 2498 4794 :
2539 4759 2557 4791 ι
2594 4739 2930 4794 Saturninus
2975 4737 3199 4808 quidem
3233 4736 3493 4793 similiter

1903 4848 1963 4894 ut
1991 4836 2308 4901 Menander,
2336 4843 2444 4888 etc.
2478 4850 2498 4884 ›
2528 4828 2876 4900 Epiphanius
2910 4828 3114 4882 diserte
3143 4845 3156 4881 :
3186 4823 3343 4880 Μετὰ
3363 4823 3490 4878 τοῦ-

1897 4949 1990 4988 τον
2019 4926 2334 4999 Σατορνῖλός
2376 4943 2460 4989 τις
2516 4922 2749 4993 ἀνέστη,
2786 4919 2883 4974 καὶ
2923 4917 3084 4982 αὐτὸς
3132 4918 3340 4972 ἐκεῖθεν
3391 4916 3495 4980 τὰς

1902 5020 2184 5094 ἀφορμὰς,
2227 5018 2334 5072 ἀπὸ
2360 5016 2673 5088 Μενάνδρου
2710 5015 2874 5085 φημὶ,
2905 5013 2999 5066 καὶ
3024 5012 3135 5066 τῶν
3163 5010 3357 5084 πρώην
3392 5011 3492 5064 λα-

1903 5113 2032 5168 ϐών.
2060 5109 2435 5168 Menandriani
2467 5117 2650 5164 autem
2681 5115 2735 5161 et
2764 5105 3074 5160 Simoniani
3106 5119 3299 5158 omnes
3330 5101 3494 5157 Chrie

1902 5217 2048 5263 stum
2081 5205 2324 5276 putative
2365 5200 2648 5256 hominem
2681 5198 2852 5253 fuisse
2877 5239 2893 5264 ,
2923 5207 2977 5252 et
3005 5195 3248 5266 putative
3275 5202 3490 5248 tantum

1903 5314 2127 5371 passum
2181 5295 2501 5360 docebant;
2567 5305 2597 5345 a
2681 5288 2928 5356 Simone,
2991 5287 3234 5351 scilicet,
3289 5283 3490 5361 edocti,

1904 5390 1999 5461 qui
2032 5386 2267 5452 ludatis,
2304 5385 2544 5453 seipsum
2574 5378 2775 5434 Filium
2808 5394 2931 5434 esse
2967 5377 3122 5443 dixit,
3161 5373 3403 5428 παθόντα
3435 5371 3495 5428 δὲ

1907 5483 1984 5556 μὴ
2012 5479 2357 5544 πεπονθέναι,
2389 5474 2524 5530 ἀλλά
2558 5474 2776 5545 δοκήσει
2818 5471 3000 5543 μόνον,
3035 5479 3094 5523 ut
3139 5468 3282 5523 idem
3324 5464 3495 5520 refert

1903 5555 2264 5646 Epiphanius.
2301 5567 2598 5624 Menander
2623 5574 2806 5618 autem
2845 5561 3068 5624 multos,
3096 5567 3234 5615 teste
3273 5555 3494 5611 Justino

1904 5641 2147 5740 martyre
2172 5705 2189 5731 ,
2235 5661 2543 5717 Antiochiae
2574 5657 2814 5724 seduxit,
2845 5670 2988 5727 quos
3037 5641 3302 5724 ignorare
3327 5651 3493 5720 Igna-

1900 5762 2017 5834 tius
2042 5767 2230 5816 noster
2271 5771 2381 5812 non
2418 5754 2618 5826 potuit.
2653 5751 2768 5808 lino
2811 5765 2878 5811 ex
2915 5746 3204 5804 Antiochia
3231 5743 3335 5800 fuit
3377 5741 3494 5812 ipse
