3848 6204
1475 298 1534 355 S.
1576 296 1927 359 lCNATIUS.
1969 331 2041 344 --
2079 301 2625 369 PROLEGOMENA.

3581 333 3699 391 292.

405 416 763 476 Saturninus.
795 426 937 474 teste
972 418 1199 485 lrenm,
1222 419 1292 475 de
1327 418 1488 489 cujus
1530 428 1714 485 aetate,
1740 422 1834 476 ubi
1863 437 2003 493 opus
2032 426 2078 485 Α
2108 426 2517 497 vindicandam,
2559 432 2707 501 quod
2728 447 2854 504 qua:
2885 433 3067 505 primo
3121 441 3443 511 scripserat,
3483 441 3695 497 directe

405 510 596 577 fuerit,
628 510 794 567 latius
824 512 1185 568 disseremus.

478 603 605 659 Mox
635 606 779 661 duos
803 621 870 660 ex
913 606 1148 675 epistola
1184 606 1252 660 ad
1297 604 1681 675 Philippenses
1708 605 1864 661 locos
1904 607 2002 661 ad-

403 698 581 765 ducit,
612 696 927 765 manifeste,
957 708 1019 753 ut
1047 699 1147 761 ait,
1173 699 1456 768 pulsantes
1483 697 1777 765 Praxeam,
1804 707 2003 769 praeter

402 806 502 847 eos
526 806 671 862 quos
703 801 861 846 antea
893 791 1202 846 adduxerat
1230 809 1243 845 :
1269 799 1427 845 erant
1455 799 1640 846 autem
1666 792 1834 846 etiam
1869 792 1906 846 ii
1931 808 2001 847 ex

402 882 594 937 eadem
626 881 887 951 epistola,
922 892 1019 936 aut
1067 882 1156 936 illa
1198 882 1266 937 ad
1315 880 1639 937 Tarsenses.
1670 880 1785 939 Nos
1813 894 1998 939 autem

402 980 654 1026 neutram
674 969 1042 1039 defendimus,
1061 981 1357 1045 utramque
1370 972 1826 1031 manifestissime
1847 991 2002 1032 com-

401 1062 714 1118 mentitiam
746 1063 1092 1133 proﬁtemur.

472 1152 719 1225 Denique
764 1154 1111 1211 Theodotum
1162 1154 1483 1213 Coriarium
1526 1158 1723 1214 iterum
1753 1159 1997 1228 adducit,

399 1260 466 1300 ac
489 1246 537 1301 si
570 1246 934 1317 epistolarum
969 1256 1168 1301 auctor
1191 1263 1317 1302 eum
1350 1248 1516 1304 etiam
1549 1250 1817 1316 novisset,
1847 1252 1998 1323 quod

397 1338 565 1393 etiam
617 1338 672 1391 in
708 1335 1028 1394 Usserianis
1072 1338 1221 1394 illius
1265 1340 1607 1409 blasphemia
1638 1341 1871 1398 refutata
1901 1345 1995 1399 sit.

399 1432 467 1488 Et
489 1432 712 1503 quidem
745 1433 1165 1502 blasphemiam,
1190 1448 1354 1503 quam
1386 1433 1703 1493 Theodotus
1726 1436 1994 1503 defendit,

400 1525 674 1595 lgnatinm
716 1524 1077 1582 Usserianum
1110 1525 1385 1581 refutasse
1432 1528 1711 1597 concedo;
1746 1527 2000 1585 Theodo—

398 1630 516 1673 tum
550 1618 773 1673 novisse
803 1633 999 1672 rursus
1029 1632 1293 1688 pernego.
1328 1617 1565 1673 Dallaaus
1599 1620 1716 1690 ipse
1738 1620 1998 1676 dubitan-

396 1719 481 1766 ter
545 1711 661 1766 hzec
722 1710 1028 1780 proponit:
1088 1709 1187 1765 «Si
1240 1725 1368 1765 vera
1405 1719 1573 1779 sunt,
1629 1712 1826 1782 inquit,
1873 1729 1997 1784 qua:

2107 519 2361 577 heresim
2382 521 2606 579 ferirent
2627 522 2854 583 Ebionis
2882 538 2937 583 et
2954 528 3223 599 Cerinthi,
3237 534 3587 607 aliorumque
3611 553 3693 593 se

2104 614 2224 686 ipso
2246 618 2646 689 antiquiorum,
2677 631 2776 676 aut
2796 638 2896 677 sua
2926 633 3106 693 aetate,
3140 638 3266 698 post
3290 632 3537 685 omnium
3563 646 3690 703 ape-

2104 707 2376 764 stolorum
2421 720 2689 781 mortem,
2751 716 3001 773 eamdem
3056 720 3286 779 liberius
3325 723 3693 779 disseminan-

2102 800 2265 857 tium.

2719 913 2949 977 CAPUT
2988 920 3077 980 ΠΙ.

2100 1032 2485 1123 Argumerrmm
2530 1054 2567 1119 n
2616 1035 2882 1123 V'olentini
2920 1040 3043 1123 εἰμι
3078 1044 3307 1123 ductant
3340 1049 3688 1123 proponite].

2208 1106 2834 1187 ntrod‘uctoriw‘Dallwi
2867 1106 3184 1187 conﬁciunt?
3220 1106 3559 1187 refel'lun'tur.
3618 1106 3692 1174 De

2171 1177 2323 1259 uario
2345 1175 2567 1231 lectione
2589 1179 2794 1259 frustra
2815 1175 3128 1259 ambiijitar.
3142 1175 3548 1257 Interpolatoris
3562 1206 3691 1259 pru—

2171 1248 2353 1327 dentia
2373 1248 2648 1327 perperam
2668 1248 2981 1327 adnotatur:
3013 1254 3164 1327 Mala
3187 1248 3319 1327 [idea
3342 1248 3574 1314 Petauio'
3594 1262 3692 1314 int-

2172 1319 2361 1401 merito
2398 1320 2706 1401 ascribitur.
2742 1320 2940 1378 Irenwt'
2972 1319 3246 1383 silentium
3276 1328 3494 1385 Eusebii
3522 1333 3692 1385 silen-

2174 1397 2247 1439 tto
2282 1397 2625 1459 expungitur.

2170 1522 2400 1582 Leviora
2441 1528 2558 1583 haec
2602 1528 2824 1598 quidem
2870 1541 3031 1599 sunt,
3060 1543 3116 1590 et
3142 1535 3424 1605 omnibus,
3460 1539 3685 1609 opinor,

2097 1617 2391 1686 videntur;
2424 1620 2521 1676 sed
2552 1622 2731 1692 major
2752 1623 2914 1679 nobis
2940 1625 3123 1695 capite
3163 1627 3232 1680 l2
3257 1627 3549 1687 difﬁcultas
3570 1633 3688 1686 ori-

2099 1719 2190 1766 tur
2220 1726 2288 1766 ex
2322 1712 2481 1777 loco,
2515 1728 2679 1784 quem
2726 1713 2797 1769 ad
2838 1714 3188 1773 Valentinum
3234 1729 3502 1789 spectare,
3527 1733 3585 1778 et
3620 1724 3688 1778 ﬁ-

396 1804 586 1868 (Iaius,
616 1804 731 1858 sive
753 1804 895 1858 alios
922 1803 1066 1873 apud
1092 1802 1390 1858 Eusebium
1422 1804 1659 1874 scriptor
1678 1806 1995 1861 vetustissi-
2026 1798 2069 1856 Β
2098 1802 2222 1858 dem
2263 1811 2576 1874 temporum
2617 1806 2826 1862 violare
2872 1809 3165 1866 manifeste
3205 1813 3425 1881 volunt;
3470 1814 3525 1869 in
3569 1830 3685 1885 quo

396 1912 523 1952 mus
568 1896 723 1959 dicit,
759 1913 778 1946 ι
840 1892 1223 1953 Theodotum.
1261 1895 1507 1961 scilicet,
1564 1896 1805 1965 primum
1838 1912 1986 1953 asse~

395 1990 577 2044 ruisse
601 1988 887 2043 Christum
915 1986 1088 2042 fuisse
1115 1986 1321 2041 nudum
1354 1988 1667 2053 hominem;
1692 1982 1821 2059 'ipse
1841 1990 1990 2045 enim

394 2082 600 2151 optime
646 2081 798 2135 novit
825 2081 981 2145 haec,
1028 2079 1075 2134 si
1110 2081 1302 2135 stricte
1342 2091 1655 2147 sumantur,
1699 2097 1825 2139 vera
1877 2097 1989 2138 non

393 2188 552 2239 esse;
600 2173 753 2227 novit
795 2170 934 2227 alios
963 2171 1407 2241 quamplurimas
1442 2170 1537 2225 diu
1579 2181 1708 2227 ante
1734 2171 1991 2228 Theodo—

394 2276 536 2330 tum,
568 2281 677 2321 nor.
705 2280 913 2335 paucos
944 2266 1110 2319 etiam
1134 2272 1263 2318 ante
1286 2262 1581 2335 lgnatium,
1606 2266 1855 2321 eamdem
1878 2266 1988 2321 hm-

308 2420 309 2423 η
394 2362 561 2415 resin:
595 2359 1005 2438 promulgasse,
1042 2372 1280 2428 quorum
1351 2358 1635 2429 catalogus
1678 2361 1821 2431 apud
1853 2360 1987 2432 Epi-

394 2453 656 2524 phanium
690 2452 913 2523 legitur.
952 2448 1059 2506 Sed
1111 2450 1438 2519 scriptorem
1480 2450 1632 2504 illum
1664 2452 1987 2522 antiquissi-

394 2562 546 2601 mum
578 2555 773 2611 vocat;
819 2544 1078 2600 dabimus
1115 2543 1284 2614 igitur
1314 2542 1393 2597 illi
1445 2542 1740 2616 σύγχρονον
1771 2544 1986 2601 Tertul-

392 2639 625 2705 lianum,
656 2657 676 2692 t
696 2636 998 2693 Cerinthus
1020 2634 1299 2691 Christum
1331 2634 1611 2689 hominem
1642 2645 1977 2693 tantummo-

392 2734 465 2790 do
495 2734 615 2788 sine
661 2732 870 2786 deitate
920 2729 1224 2785 contendit.
1258 2746 1277 2779 ι
1336 2726 1403 2783 Et
1449 2744 1687 2785 rursus:
1724 2747 1744 2781 ι
1777 2730 1985 2785 Poterit

393 2827 511 2881 haec
534 2824 720 2895 opinio
752 2822 947 2877 Ebioni
980 2822 1299 2887 convenire,
1330 2820 1425 2893 qui
1454 2821 1661 2877 nudum
1704 2822 1979 2879 hominem

391 2916 680 2971 constituit
703 2914 913 2971 Jesum.
943 2932 962 2966 ι
1012 2912 1142 2969 Haec
1171 2913 1262 2970 ille
1301 2914 1441 2969 libro
1469 2912 1547 2968 De
1574 2931 1731 2970 carne
1757 2916 1978 2974 Christi.

395 3006 657 3062 Dabimus
682 3006 818 3062 Caio
853 3006 1219 3077 antiquiorem
1252 3004 1516 3060 Irenaeum
1544 3048 1559 3073 ,
1593 3008 1689 3078 qui
1721 3009 1815 3064 lih.
1851 3026 1893 3073 ι,
1925 3025 1977 3065 c.

389 3099 484 3165 25,
512 3101 579 3154 de
612 3098 878 3155 Cerintho
906 3099 1023 3154 haec
1067 3098 1272 3153 habet:
1310 3118 1330 3150 ε
1359 3098 1546 3153 Jesum
1582 3108 1762 3155 autem
1794 3102 1981 3171 subje-

390 3193 462 3249 cit
488 3208 597 3247 non
626 3208 693 3247 ex
725 3191 949 3263 Virgine
981 3199 1171 3247 natum
1202 3192 1570 3263 (impossibile
1614 3193 1761 3248 enim
1798 3194 1902 3250 hoc
1930 3196 1982 3250 ei

348 3326 368 3338 .
390 3288 571 3342 visum
602 3292 729 3355 est),
765 3288 937 3343 fuisse
972 3296 1157 3343 autem
1204 3303 1332 3344 eum
1376 3286 1581 3359 Ioseph
1622 3298 1677 3344 et
1714 3288 1897 3345 Maria:
1928 3292 1986 3346 ll-

391 3380 559 3445 lium.
596 3380 851 3436 similiter
890 3388 951 3436 ut
987 3379 1183 3450 reliqui
1228 3395 1420 3436 omnes
1462 3380 1729 3437 homines.
1764 3399 1784 3433 ι
1834 3380 1979 3437 ldem

390 3474 570 3542 capite
614 3474 865 3544 sequenti
910 3490 924 3527 :
972 3491 992 3525 t
1039 3472 1145 3541 Qui
1176 3485 1359 3527 autem
1411 3472 1670 3528 dicuntur
1712 3472 1979 3540 Ebionzei,

390 3562 745 3619 Consentium
778 3562 1000 3632 quidem
1037 3562 1301 3616 mundum
1336 3577 1367 3617 a
1393 3561 1503 3617 Deo
1529 3561 1733 3618 factum
1756 3580 1771 3629 ;
1796 3578 1858 3617 ea
1883 3578 1983 3618 au-

389 3663 500 3710 tem
536 3669 658 3724 qua:
688 3662 820 3709 sunt
847 3668 973 3723 erga
999 3653 1318 3719 Dominum,
1352 3668 1460 3708 non
1510 3654 1767 3709 similiter
1826 3653 1981 3726 [lego

390 3745 785 3817 consimiliter]
828 3753 890 3800 ut
926 3745 1221 3801 Cerinthus
1246 3756 1299 3800 et
1338 3744 1701 3815 Carpocrates
1745 3745 1980 3816 opinan-

391 3846 501 3892 tur.
538 3856 558 3890 ι
592 3836 669 3893 Ne
690 3847 874 3892 autem
919 3838 1289 3893 emendationi
1319 3849 1520 3894 nostra:
1551 3839 1708 3894 inniti
1746 3839 1978 3895 nimium

389 3930 695 3997 videamur,
729 3930 873 3985 idem
920 3931 1017 3985 lib.
1058 3947 1134 3996 tv,
1177 3945 1229 3985 c.
1264 3930 1351 4001 ¹58
1392 3950 1406 3986 :
1455 3930 1762 4003 Ἀνακρινεῖ
1790 3930 1849 3986 δὲ
1883 3931 1980 3986 καὶ

388 4024 517 4087 τοὺς
552 4022 918 4087 Ἐὸιωναεους,
967 4023 1093 4087 Πῶς
1120 4023 1373 4078 δύνανται
1430 4023 1689 4097 σωθῆναι,
1732 4026 1781 4079 sl
1839 4024 1914 4096 μὴ
1948 4025 1979 4078 ὁ

389 4115 524 4180 Θεὸς
552 4111 619 4190 ἦν
646 4118 674 4170 ὀ
699 4116 793 4188 τὴν
819 4116 1091 4188 σωτηρίαν
1119 4115 1298 4171 αὐτῶν
1327 4116 1421 4170 ἐπὶ
1449 4116 1555 4187 γῆς
1582 4117 1975 4189 ἐργασάμενοςο

388 4204 425 4278 ἢ
454 4206 573 4271 πῶς
600 4206 885 4279 ἄνθρωπος
914 4208 1155 4279 χωρήσει
1175 4208 1255 4272 εἰς
1276 4206 1429 4273 Θεὸν,
1465 4208 1513 4260 εἰ
1544 4206 1618 4279 μὴ
1644 4210 1673 4260 ὁ
1700 4206 1835 4271 Θεὸς
1850 4209 1977 4279 ἐχω-

391 4300 532 4374 ρήθη
561 4302 641 4365 εἰς
657 4301 965 4372 ἄνθρωπον.
988 4299 1161 4357 Vetus
1191 4300 1463 4372 interpres
1489 4316 1503 4355 :
1540 4320 1558 4352 ι
1584 4300 1857 4356 Jndicahit
1877 4318 1977 4357 au-

389 4398 499 4442 tem
546 4398 599 4443 et
644 4387 962 4456 Ebionitas,
1011 4390 1291 4460 quomodo
1338 4399 1574 4461 possunt
1599 4391 1823 4458 salvari,
1866 4392 1974 4449 nisi

2097 1892 2405 1951 Salmasius
2425 1905 2481 1951 et
2499 1894 2837 1964 Blondellus,
2859 1908 2987 1955 ante
3008 1899 3292 1970 Dallamm,
3314 1904 3679 1962 desudarunt.

2093 1984 2287 2043 Exstat
2316 1988 2406 2044 ille
2435 1990 2657 2059 quidem
2708 1991 2763 2045 in
2797 1992 3029 2063 epistola
3072 1995 3142 2049 ad
3171 1994 3595 2067 Nagnesianos,
3627 2010 3684 2054 et

2093 2081 2147 2136 in
2174 2080 2365 2137 codice
2399 2081 2642 2138 Mediceo
2672 2084 2727 2138 in
2754 2085 2917 2141 hunc
2954 2086 3177 2142 modum
3208 2090 3555 2160 concipitur:
3583 2087 3683 2155 Εἷς

2090 2173 2223 2236 Θεός
2251 2174 2399 2227 ἐστιν
2437 2177 2467 2229 ὁ
2504 2175 2830 2247 φανερώσας
2866 2177 3059 2233 ἑαυτὸν
3084 2178 3176 2233 διὰ
3223 2181 3399 2252 Ἰησοῦ
3436 2184 3681 2255 Χριστοῦ

2091 2263 2224 2319 Tim}
2254 2266 2445 2333 αὑτοῦ,
2469 2268 2530 2331 ὅς
2557 2269 2706 2322 ἐστιν
2724 2270 2890 2323 αὐτοῦ
2916 2270 3089 2339 Λόγος
3113 2272 3307 2337 ἀΐδιος,
3322 2273 3422 2328 οὐκ
3454 2275 3569 2329 ἀπὸ
3598 2294 3682 2329 σι-

2088 2358 2193 2429 γῆς
2219 2359 2519 2429 προελθών.
2549 2360 2821 2432 lnterpres
2850 2361 3183 2421 Usserianus
3220 2383 3235 2421 :
3276 2384 3297 2418 ε
3329 2364 3484 2422 Unus
3530 2368 3682 2427 Deus

2088 2460 2195 2517 est,
2226 2451 2323 2523 qui
2350 2451 2724 2509 manifestavit
2758 2454 3000 2525 seipsum
3044 2472 3144 2527 per
3170 2456 3359 2514 Iesum
3389 2458 3677 2516 Christum

2088 2543 2289 2599 Filium
2322 2543 2517 2614 ipsius,
2541 2546 2635 2615 qui
2662 2553 2749 2601 est
2776 2544 2951 2615 ipsius
2979 2545 3217 2605 Verbum
3242 2559 3531 2618 aeternum,
3562 2567 3677 2607 non

2086 2654 2118 2694 a
2147 2639 2370 2695 silentio
2389 2639 2761 2710 progrediens.
2788 2658 2809 2691 ο
2845 2639 3253 2711 lnterpolatoris
3282 2653 3461 2699 autem
3505 2660 3678 2715 para-

2085 2731 2310 2801 phrasis
2340 2731 2416 2786 ita
2446 2746 2506 2786 se
2530 2730 2695 2786 habet
2722 2748 2736 2783 :
2770 2726 2866 2795 Εἷς
2885 2732 3017 2797 Θεὸς
3043 2735 3193 2788 ἐστιν
3209 2736 3674 2811 ὀπαντοκράτωρ,

2083 2826 2114 2878 ὁ
2142 2823 2468 2895 φανερώσας
2495 2824 2688 2877 ἑαυτὸν
2714 2823 2804 2878 διὰ
2845 2824 3019 2896 Ἰησοῦ
3039 2826 3277 2897 Χριστοῦ
3301 2827 3396 2881 τοῦ
3428 2829 3556 2882 Υἱοῦ
3576 2815 3676 2885 αὖ·

2083 2912 2271 2981 τοῦ,ὂς
2289 2915 2438 2968 ἐστιν
2464 2914 2631 2969 αὐτοῦ
2662 2916 2837 2985 Λόγος
2856 2917 2919 2970 οὐ
2941 2919 3124 2989 ρητὺς,
3159 2919 3273 2973 ἀλλ’
3289 2920 3577 2993 οὐσιώδης⁸
3610 2925 3672 2977 οὐ

2083 3005 2193 3077 γάρ
2232 3007 2349 3060 ἐστι
2388 3005 2576 3070 λαλιᾶς
2634 3008 2897 3080 ἐνάρθρου
2934 3007 3200 3082 φώνημα,
3241 3012 3357 3065 ἀλλ’
3392 3014 3674 3085 ἐνεργείας

2084 3096 2271 3169 θεῖκῆς
2291 3098 2449 3153 οὐσία
2470 3102 2724 3171 γεννητή.
2750 3099 3023 3172 lnterpres
3045 3104 3337 3174 vulgatus:
3366 3124 3386 3154 ι
3410 3103 3569 3162 Unus
3586 3115 3675 3163 est

2084 3188 2231 3246 Deus
2260 3191 2635 3261 omnipotens,
2664 3193 2759 3263 qui
2788 3192 3161 3250 manifestavit
3182 3182 3423 3265 seipsum
3452 3212 3550 3266 per
3576 3196 3673 3253 Jeo

2084 3295 2207 3339 sum
2236 3282 2520 3338 Christum
2547 3284 2747 3339 Filium
2766 3300 2951 3353 suum,
2983 3288 3078 3357 qui
3102 3296 3188 3344 est
3208 3286 3444 3343 Verbum
3469 3290 3669 3358 ipsius,

2084 3389 2199 3430 non
2239 3376 2596 3446 prolativum,
2626 3378 2860 3445 scilicet,
2895 3379 2991 3435 sed
3020 3381 3420 3450 substantiale;
3452 3400 3563 3438 non
3584 3384 3669 3439 lo-

2082 3469 2234 3525 cutio
2263 3468 2567 3525 articulate:
2596 3470 2750 3527 vocis
2769 3514 2786 3539 ,
2815 3471 2910 3529 sed
2956 3473 3205 3543 operatio
3236 3472 3463 3531 Deitatis
3483 3515 3501 3541 ,
3532 3476 3673 3532 sub-

2081 3562 2308 3627 stantia,
2339 3562 2569 3629 scilicet,
2600 3562 2803 3635 genita.
2844 3581 2864 3615 ο

2154 3654 2232 3710 De
2272 3654 2361 3711 bis
2401 3656 2586 3711 verbis
2615 3655 2747 3725 quid
2774 3654 2987 3725 iudicet
3019 3655 3205 3711 dicere
3236 3658 3411 3713 voluit
3438 3660 3523 3713 vir
3562 3660 3672 3716 do—

2078 3745 2358 3801 ctissimus
2402 3756 2694 3815 antequam
2744 3754 3127 3816 argumentum
3166 3746 3346 3816 ipsum
3381 3750 3666 3819 explicare

2080 3853 2146 3894 ac
2168 3839 2307 3894 tueri
2350 3840 2767 3910 aggrederetur;
2797 3838 2892 3894 sed
2914 3853 3014 3909 pro
3039 3839 3250 3908 judicio
3275 3855 3378 3896 suo
3399 3842 3667 3899 inanissi-

2080 3946 2229 3986 mam
2264 3930 2637 4001 conjecturam
2667 3930 2912 4000 protulit.
2954 3949 2974 3981 ι
3000 3927 3192 3996 Nemo,
3226 3932 3423 4001 inquit,
3456 3941 3668 3987 tantam

2080 4024 2222 4079 inter
2248 4022 2558 4093 lgnatianos
2584 4022 2805 4078 codices
2827 4022 3203 4079 diversitatem
3231 4040 3364 4079 casu
3393 4026 3673 4082 accidisse

2079 4116 2352 4173 censebit:
2375 4134 2394 4169 ι
2423 4117 2542 4171 sine
2571 4115 2741 4170 dubio
2764 4129 2948 4169 nemo.
2978 4114 3357 4185 Quisquamne
3389 4126 3499 4171 tam
3526 4116 3672 4173 fun-

2078 4222 2181 4279 gus
2229 4218 2334 4274 est,
2364 4215 2428 4263 ut
2476 4213 2654 4277 putet,
2691 4206 2763 4261 ab
2820 4224 2841 4257 t
2875 4206 3337 4275 antiquariorum,
3370 4208 3507 4264 alias
3559 4225 3673 4278 pro

2075 4297 2200 4353 aliis
2234 4297 2443 4352 litteras
2485 4305 2582 4351 aut
2613 4310 2777 4351 voces
2795 4296 3177 4360 scribentium,
3208 4298 3537 4369 negligentia
3579 4304 3672 4357 vel

2076 4404 2262 4445 errore
2285 4389 2541 4460 simplici,
2575 4408 2595 4441 ι
2639 4404 2706 4444 ex
2732 4389 2908 4445 tribus
2941 4390 3224 4445 vocabulis
3252 4393 3392 4447 duas
3418 4392 3674 4463 integras

394 4480 535 4535 Deus
568 4489 672 4546 est,
696 4480 790 4551 qui
815 4482 1049 4537 salutem
1086 4497 1273 4537 eorum
1299 4498 1466 4553 super
1489 4494 1689 4538 terram
1722 4493 1981 4554 cperatus
2011 4487 2059 4549 ι)
2084 4482 2257 4539 lineas
2292 4491 2348 4537 et
2378 4483 2558 4538 verbis
2585 4491 2642 4537 et
2688 4482 2913 4553 syllabis
2956 4491 3011 4537 et
3040 4483 3256 4549 litteris,
3290 4485 3530 4540 maxime
3580 4489 3677 4543 di-

389 4572 517 4625 est?
552 4569 617 4624 Et
644 4572 1111 4641 quemadmodum
1142 4573 1312 4627 homo
1344 4574 1575 4628 transiet
1608 4575 1663 4628 in
1698 4574 1893 4642 Deum,
1927 4578 1975 4632 si

390 4678 499 4717 non
530 4662 673 4717 Dens
704 4665 758 4717 in
784 4664 1101 4719 hominem?
1133 4683 1151 4716 ι
1186 4663 1306 4719 Non
1337 4673 1520 4720 autem
1550 4664 1723 4721 Ebion
1759 4676 1975 4723 tantum

388 4755 481 4809 diu
514 4763 639 4810 ante
674 4753 866 4826 lgnatii
894 4756 1221 4829 martyrium
1254 4756 1413 4821 vixit,
1448 4758 1541 4813 sed
1572 4767 1628 4813 et
1654 4757 1973 4829 Cerinthus,

388 4847 483 4917 qui
518 4844 577 4901 S.
610 4845 811 4901 Joanni
844 4857 1008 4903 notus
1041 4848 1164 4903 fuit.
1192 4847 1352 4914 Quod
1386 4849 1431 4904 si
1469 4849 1829 4920 interpolator
1852 4852 1977 4907 illu-

389 4949 568 4995 strare
618 4949 674 4995 et
727 4942 1065 5011 ampliﬁcare
1123 4942 1352 4996 studens
1406 4956 1470 4996 ea
1529 4958 1652 5011 quae
1711 4942 1975 4999 adversus

389 5031 676 5088 Ebionitas
698 5042 750 5088 et
795 5031 1043 5088 Cerinthi.
1092 5033 1397 5103 discipulos
1445 5034 1647 5104 scripta
1694 5044 1857 5103 sunt,
1906 5037 1975 5092 ad

386 5121 737 5180 Theodotum
760 5124 1010 5181 eamdem
1027 5126 1280 5181 hzeresim
1298 5127 1717 5182 resuscitantem
1734 5127 1977 5183 referen-

386 5215 455 5271 da
486 5217 736 5285 censuit;
768 5233 838 5272 an
864 5216 1034 5287 igitur
1052 5218 1264 5287 putavit
1283 5217 1628 5273 Theodotum
1653 5219 1832 5288 primo
1854 5219 1974 5288 epi-

389 5308 654 5363 stularum
687 5309 943 5379 scriptori
976 5318 1168 5364 notum
1202 5308 1415 5364 fuisse?
1442 5307 1577 5362 Illud
1608 5308 1834 5362 omnino
1861 5324 1973 5364 non

391 5400 671 5469 sequitur;
708 5401 880 5455 multa
912 5401 1058 5455 enim
1086 5402 1203 5471 ipse
1230 5400 1487 5461 inseruit.
1511 5414 1635 5469 qua:
1664 5399 1732 5454 ad
1757 5407 1973 5454 aetatem

389 5490 551 5558 primi
605 5492 892 5562 scriptoris
939 5493 1147 5549 referre
1182 5495 1339 5549 nullo
1370 5494 1536 5549 modo
1584 5493 1780 5563 potuit.
1814 5492 1973 5560 Quod

390 5582 438 5635 si
471 5585 546 5636 ita
572 5584 947 5641 existimasset
974 5588 1174 5656 planus
1211 5586 1323 5653 ille,
1369 5587 1435 5641 ad
1486 5601 1589 5642 nos
1631 5584 1804 5651 nihil;
1838 5587 1974 5642 satis

390 5671 535 5724 enim
568 5682 651 5727 est
685 5675 752 5728 ad
779 5676 1033 5731 tuendam
1067 5676 1228 5746 primi
1261 5677 1548 5746 scriptoris
1591 5675 1973 5745 antiquitatem

391 5760 547 5815 etab
595 5762 913 5835 impostoris
958 5766 1105 5822 illius
1138 5766 1507 5838 iamétandem
1557 5766 1683 5822 ﬁcta
1714 5766 1975 5837 opinione

2079 4586 2270 4627 versas
2314 4580 2471 4627 natas
2514 4572 2676 4627 esse?
2708 4571 3089 4643 Quisquamne
3129 4582 3237 4629 tatn
3275 4574 3482 4643 fatuus,
3514 4588 3578 4633 ut
3611 4580 3673 4634 in

2079 4662 2167 4718 his
2198 4663 2500 4732 praesertim
2541 4661 2826 4732 epistolis,
2874 4663 3079 4733 quibus
3130 4665 3509 4736 interpolator,
3552 4686 3674 4726 non

2079 4761 2291 4807 tantum
2315 4752 2617 4808 sententias
2643 4753 2876 4824 aliquot,
2893 4756 2987 4811 sed
3010 4765 3066 4810 et
3096 4757 3339 4828 integras
3364 4759 3678 4828 aliquando

2078 4845 2306 4915 paginas
2345 4844 2599 4910 inseruit,
2630 4860 2754 4899 cum
2787 4846 3057 4916 insignem
3096 4848 3337 4918 aliquam
3364 4850 3677 4907 diversita-

2077 4946 2188 4992 tem
2233 4936 2707 5003 animadverterit,
2739 4938 2808 4992 de
2847 4938 3291 5008 antiquariorum
3330 4942 3675 5013 negligentia

2077 5035 2174 5084 aut
2203 5043 2394 5086 errore
2431 5029 2669 5101 cogitet?
2699 5029 3003 5095 Quorsum,
3028 5047 3237 5101 quaso,
3280 5033 3399 5087 haec
3435 5038 3679 5092 cautio?

2076 5119 2301 5189 Nempe,
2334 5121 2381 5175 si
2429 5121 2535 5176 hoc
2579 5137 2713 5177 casu
2764 5138 2872 5177 non
2926 5123 3149 5189 accidit,
3186 5142 3205 5175 ε
3238 5140 3402 5180 nemo
3441 5130 3679 5197 negabit

2076 5214 2351 5279 consulto,
2382 5222 2436 5266 et
2461 5213 2533 5267 ob
2559 5213 2798 5282 aliquam
2850 5214 3125 5268 rationem
3153 5214 3223 5268 ab
3263 5215 3677 5284 interpolatum

2076 5314 2346 5360 mutatum
2376 5303 2551 5358 fuisse
2590 5303 2739 5358 hunc
2785 5304 3073 5373 scriptoris
3113 5319 3446 5359 sermonem.
3484 5324 3505 5358 ι
3546 5305 3678 5363 lmo

2076 5412 2206 5452 vero
2238 5397 2363 5451 licet
2406 5411 2537 5451 casu
2580 5409 2693 5450 non
2740 5394 3025 5463 acciderit,
3052 5396 3128 5451 ita
3181 5406 3366 5452 tamen
3404 5401 3678 5455 consulto

2077 5490 2279 5545 factum
2309 5504 2453 5553 esse,
2486 5497 2547 5543 ut
2575 5489 2719 5543 ratio
2742 5488 2925 5559 aliqua
2972 5489 3271 5558 peculiaris
3298 5491 3677 5560 interpolato-

2079 5598 2189 5637 rem
2232 5581 2301 5636 ad
2350 5596 2415 5636 ea
2452 5582 2806 5651 potissimum
2838 5581 3004 5637 verba
3036 5582 3304 5637 mutanda
3356 5583 3675 5653 impulerit,

2077 5689 2185 5727 non
2217 5676 2495 5743 sequitur:
2529 5672 2645 5743 ipsa
2667 5672 2943 5744 generalis
2967 5673 3334 5743 interpolandi
3360 5675 3680 5745 paraphra-

2076 5762 2320 5834 sticeque
2339 5763 2525 5819 omnia
2550 5777 2689 5834 pene
2709 5764 3019 5835 exponendi
3042 5764 3210 5831 ratio.
3236 5774 3297 5821 ut
3318 5766 3477 5835 alibi,
3499 5767 3678 5823 etiam
