3848 6204
74 305 87 311 ’
168 304 277 363 293

950 305 996 363 ι.
1039 305 1413 364 PEARSONII
1451 307 1782 366 VINDICIE
1818 309 2251 368 IGNATIANE.
2294 341 2364 353 -—
2404 312 2586 370 PARS
2622 312 2688 371 Π.
2743 332 2751 341 ‘

3359 320 3469 378 τοι

169 434 231 481 et
253 425 348 480 hic
387 423 607 482 sullicit.
648 425 724 481 Ea
756 426 1017 485 omnibus
1054 428 1571 498 interpolationibus
1612 430 1762 486 nulla
1791 430 1838 489 Α
1863 430 2165 487 Christiani
2207 431 2337 488 facti
2367 443 2520 502 sunt,
2544 435 2804 490 viderunt
2829 432 3138 489 Turrianus
3163 444 3219 492 et
3242 434 3464 493 Leibiua

173 534 307 574 casu
348 516 495 574 facta
538 529 665 574 est:
699 519 796 575 sed
822 520 918 590 qui
962 520 1307 591 singularum
1341 521 1616 577 rationem
1660 522 1766 577 ali-

167 629 338 683 quam
371 612 705 682 peculiarem
756 611 1062 668 reddiderit
1118 628 1354 682 magnus
1383 624 1532 669 certe
1568 614 1767 684 Apollo

168 706 293 761 erit.
328 704 506 760 Mutat
554 704 819 775 impostor
865 704 956 760 ille
1002 704 1285 775 prolibitu
1331 706 1521 761 omnia
1557 725 1573 761 :
1616 722 1766 763 nunc

165 798 401 867 phrases
419 797 772 853 obscuriores
798 798 958 868 plane
977 798 1200 864 omittit,
1223 814 1371 854 nunc
1396 799 1521 853 aliis
1552 799 1764 869 planio-

166 890 324 944 ribus
350 890 630 960 exprimit,
659 904 808 945 nunc
830 890 1188 960 planissimas
1210 892 1371 946 aliter
1398 890 1588 957 refert,
1617 908 1766 949 nunc

168 981 477 1052 Scriptum
525 982 643 1037 loca
692 982 993 1049 interserit,
1027 997 1175 1038 nunc
1210 984 1296 1038 sui
1339 984 1602 1053 temporis
1629 999 1765 1039 con-

164 1074 496 1130 suetudines
516 1069 757 1138 infercit,
785 1090 932 1129 nunc
962 1090 1094 1131 snas
1126 1075 1435 1132 sententias
1463 1075 1763 1147 aliquando

164 1165 449 1235 longiores
507 1165 697 1236 ῥήσεις
748 1163 954 1234 Ignatio
1010 1168 1304 1237 supponit;
1354 1168 1428 1222 ita
1481 1166 1762 1239 Ignatiana

162 1258 353 1312 omnia
400 1257 680 1315 illustrare
722 1266 779 1312 et
827 1258 1167 1329 ampliﬁcare
1201 1262 1430 1319 studens
1468 1279 1570 1319 sua
1608 1261 1758 1318 fecit.

161 1348 221 1405 In
269 1351 378 1405 hac
428 1349 548 1419 ipsa
596 1350 830 1419 epistola
875 1351 942 1405 ad
971 1350 1359 1423 Magnesianos
1399 1356 1616 1412 libidini
1647 1372 1763 1413 suae

159 1449 456 1511 tantopere
502 1441 752 1506 indulsit,
781 1450 843 1497 ut
886 1442 979 1497 vix
1028 1450 1139 1499 tres
1167 1452 1265 1498 aut
1297 1456 1538 1515 quatuor
1565 1462 1760 1503 versus

159 1533 442 1600 invenias,
472 1533 526 1589 in
549 1534 753 1604 quibus
780 1535 920 1589 nihil
944 1535 1296 1591 immutavit:
1330 1547 1391 1593 ut
1416 1539 1618 1595 mirum
1649 1556 1757 1595 non

155 1625 256 1691 sit,
287 1626 338 1681 si
352 1626 582 1682 omnino
604 1626 811 1682 {rustra
834 1642 1018 1683 causa;
1054 1628 1258 1699 aliqua:
1292 1632 1596 1700 praesertim
1624 1633 1760 1689 sub-

172 1718 304 1772 tiles
352 1718 554 1774 harum
603 1718 1051 1774 immutationum
1097 1731 1438 1791 quaerantur.
1492 1722 1601 1780 Pro
1636 1724 1757 1779 θεο-

153 1807 549 1881 πρεπεστάτου
581 1810 777 1867 scribit
809 1810 955 1865 θείου
989 1811 1084 1866 καὶ
1105 1814 1382 1880 ποθεινοῦ,
1417 1831 1545 1872 cum
1573 1825 1753 1872 tamen

150 1920 282 1961 eam
319 1917 510 1960 vocem
548 1903 680 1958 alibi
706 1904 1034 1972 retinuerit;
1083 1919 1185 1975 pro
1216 1905 1574 1977 διαφυγόντες
1618 1908 1756 1964 Θεοῦ

151 1994 488 2066 τευξόμεθα,
524 1995 689 2049 habet
718 2003 930 2050 tantum
955 1995 1348 2066 διαφεύξεσθε;
1383 2014 1488 2070 pro
1513 2002 1757 2073 συγχρᾶ-

151 2089 305 2152 σθαι,
343 2088 741 2159 καταφρονεῖν’;
767 2103 869 2157 pro
895 2088 1040 2142 κατὰ
1065 2089 1318 2161 δύναμιν,
1339 2093 1479 2163 μετὰ
1496 2092 1755 2166 γνώμηνς

146 2197 254 2252 pro
277 2181 344 2235 οὒ
379 2181 522 2252 πρὸς
550 2182 735 2252 σάρκα
765 2183 795 2234 ὁ
827 2182 1023 2251 Λόγος,
1043 2182 1181 2238 ἀλλὰ
1214 2186 1354 2256 πρὸς
1387 2186 1543 2253 Θεόν,
1566 2186 1759 2243 scribit

145 2274 211 2327 οὐ
246 2273 393 2346 πρὸς
425 2273 738 2345 ἄνθρωπον,
773 2273 910 2327 ἀλλὰ
945 2273 1083 2346 πρὸς
1115 2273 1252 2328 Θεὸν
1284 2275 1398 2347 ἔχει
1430 2278 1529 2348 τὴν
1561 2279 1759 2348 ἀναφο-

148 2365 301 2437 ράν;
340 2379 444 2434 pro
498 2365 642 2419 κατὰ
693 2364 967 2437 μηδεμίαν
1014 2365 1338 2437 ὑπόκρισιν,
1402 2368 1544 2423 κατὰ
1589 2369 1756 2441 μηδὲν

144 2457 307 2528 σέιτῷ
342 2457 685 2527 ἀντιλέγειν;
721 2472 824 2527 pro
856 2456 1091 2523 ἕκαστος
1135 2462 1220 2524 εἰς
1263 2460 1354 2515 τὸν
1390 2461 1522 2515 ἴδιον
1567 2464 1754 2530 τόπον,

144 2548 388 2612 lue-co;
422 2547 532 2601 τῶν
565 2547 862 2619 ᾑρημένων
903 2549 984 2611 εὶς
1018 2547 1111 2603 τὸν
1142 2549 1309 2605 τόπον
1356 2549 1453 2604 τοῦ
1501 2551 1755 2625 εὑρεθέν-

142 2658 280 2705 cog;
320 2648 502 2696 totum
545 2641 786 2711 denique
818 2641 1001 2698 locum
1034 2642 1105 2698 de
1125 2641 1343 2699 duobus
1390 2646 1631 2702 nummis
1680 2647 1757 2703 ita

140 2732 532 2803 interpolavit,
586 2740 648 2787 ut
694 2748 765 2789 ne
813 2733 928 2789 duo
973 2733 1196 2805 quidem
1230 2734 1423 2806 lgnatii
1482 2737 1755 2795 vocabula

138 2826 297 2896 apud
314 2840 444 2879 eum
477 2825 642 2881 simul
661 2826 1024 2895 reperiantur.
1050 2826 1315 2895 Quaenam
1342 2828 1527 2884 autem
1553 2829 1753 2886 horum

137 2918 508 2986 aliorumque
539 2916 788 2986 ejusdem
822 2915 1017 2974 farina:
1042 2919 1581 2990 quamplurimorum
1608 2922 1754 2978 ratio

138 3009 304 3064 reddi
332 3018 537 3078 potest,
573 3007 682 3063 nisi
708 3009 855 3078 quod
888 3008 1087 3064 melius
1113 3024 1174 3065 se
1224 3009 1469 3066 scribere
1504 3011 1754 3077 potuisse

138 3100 370 3170 putavit
390 3101 593 3170 planus
619 3100 732 3164 ille,
759 3116 927 3170 quam
955 3100 1259 3171 scripserat
1278 3099 1548 3172 Ignatius.

218 3194 333 3251 Sed
375 3210 480 3250 cur
515 3194 633 3250 haec
658 3194 1007 3265 potissimum
1037 3194 1301 3249 mutanda
1338 3194 1749 3251 existimaverit

140 3287 542 3358 interpolator,
572 3288 629 3343 in
676 3295 941 3357 promptu
981 3297 1068 3342 est
1111 3286 1231 3340 viro
1257 3285 1581 3342 doctissimo
1607 3285 1750 3341 ratio

143 3394 257 3434 non
299 3379 569 3434 obscura.
615 3397 636 3430 ι
666 3376 718 3433 Is
749 3378 897 3433 enim
924 3378 1134 3433 veritus
1172 3386 1259 3432 est
1285 3391 1356 3432 ne
1389 3376 1495 3433 ista
1525 3378 1572 3432 si
1602 3377 1751 3448 lege—

140 3483 368 3538 rentur,
394 3470 665 3541 epistolas
694 3485 805 3525 uon
831 3468 1046 3540 lgnatii.
1083 3468 1180 3525 sed
1218 3469 1447 3524 alterius
1477 3470 1751 3526 recentio-

140 3563 223 3618 ris
267 3577 401 3617 esse
453 3562 771 3629 proderent.
806 3578 824 3611 ι
886 3560 931 3615 Ο
978 3560 1303 3630 pmclarum
1339 3559 1751 3629 interpolatoris

141 3654 877 3725 ingeniumloemunctam
924 3653 1151 3707 narem!
1208 3668 1242 3706 ο
1269 3652 1561 3708 subactum
1599 3651 1750 3722 judi-

142 3747 334 3802 cium!
388 3746 550 3811 Quod
582 3744 881 3815 Origenes,
912 3745 1061 3816 quod
1105 3742 1399 3810 Eusebius,
1424 3743 1574 3816 quod
1618 3743 1750 3800 Dio-

140 3839 345 3909 nysius
359 3846 418 3892 et
443 3838 559 3906 ipse
576 3837 796 3907 planus,
815 3836 962 3906 quod
977 3835 1339 3901 Athanasius,
1357 3833 1747 3906 Hieronymus,

142 3929 578 3994 Theodoretus,
606 3928 862 3984 Gelasius
909 3929 1095 3984 videre
1140 3942 1253 3983 non
1303 3935 1623 3997 potuerunt,
1658 3926 1751 3982 ille

141 4023 336 4077 statim
368 4021 642 4077 odoratus
684 4029 802 4087 est,
831 4020 934 4075 has
982 4018 1200 4075 scilicet
1245 4018 1508 4088 epistolas
1553 4016 1749 4088 lgnatii

140 4114 414 4185 martyris
443 4128 571 4169 esse
602 4128 717 4168 non
744 4128 931 4183 posse,
955 4128 988 4168 a
1016 4111 1329 4168 recentiore
1354 4112 1546 4182 aliquo
1566 4110 1750 4181 impo-

142 4217 291 4263 store
346 4207 509 4262 ﬁctas
555 4222 701 4274 esse,
738 4222 840 4262 sua
891 4222 996 4277 ope
1049 4207 1320 4277 indigere,
1367 4215 1431 4261 ut
1473 4220 1575 4276 pro
1621 4221 1751 4261 vere

144 4297 455 4369 lgnatiauis
491 4297 821 4353 habeantur.
855 4295 1146 4364 Quomodo
1178 4306 1360 4352 autem
1403 4297 1521 4351 haec
1550 4295 1748 4366 depre-

145 4386 410 4442 hendisse
464 4387 726 4456 putatur?
775 4406 795 4438 ι
823 4386 969 4443 Vidit
998 4389 1161 4443 istam
1194 4384 1385 4452 Verbi,
1435 4386 1678 4454 scilicet,
1712 4402 1745 4443 a

1787 1783 1832 1840 Β

1871 520 2152 589 Vedelius,
2196 521 2459 579 Usserius
2494 534 2549 581 et
2592 524 2868 581 Dallteus?
2903 524 2986 579 An
3017 525 3110 581 ille
3139 527 3350 583 veritus
3377 538 3462 583 est

1870 629 1942 669 ne
1978 615 2204 686 obliqua
2252 616 2438 686 aliqua
2487 618 2680 685 verba,
2711 618 2778 673 ad
2828 616 3178 673 Valentinum
3218 617 3359 674 forte
3393 633 3460 674 ex

1868 707 1990 776 ejus
2036 708 2313 763 sententia
2362 711 2693 779 spectantia,
2724 709 2916 781 lgnatii
2965 726 3160 767 omnes
3198 711 3461 781 epistolas

1868 809 2157 871 suspectas
2195 801 2520 867 redderent;
2572 803 2667 873 qui
2702 801 2971 859 Theodoti
3012 818 3212 859 nomen
3248 803 3304 858 iu
3340 804 3461 866 eni-

1869 894 2010 949 stola
2032 894 2098 949 ad
2128 893 2438 949 Trallianos
2459 894 2875 965 exprimendum
2904 896 3137 965 putavit,
3160 910 3323 966 quem
3348 907 3458 951 tam

1864 986 1960 1042 diu
1992 993 2120 1056 post
2156 984 2511 1041 Valentinum
2542 986 2750 1042 vixisse
2779 1002 2975 1043 omnes
3008 989 3254 1043 norunt?
3284 988 3454 1044 Reco-

1865 1076 2051 1131 lantnr
2079 1076 2244 1132 verba
2268 1092 2392 1147 qua:
2421 1077 2655 1133 Dallaeus
2683 1078 2798 1149 ipse
2821 1080 2986 1149 paulo
3010 1088 3158 1145 ante,
3188 1079 3256 1134 ad
3293 1082 3458 1135 ﬁnem

1864 1184 2008 1239 pene
2030 1168 2234 1238 prioris
2255 1168 2473 1239 capitis,
2493 1185 2558 1223 ex
2584 1184 2685 1224 sua
2706 1170 2978 1226 sententia
3008 1173 3250 1241 scripsit.
3284 1190 3304 1222 ι
3331 1169 3458 1227 Hac

1863 1269 1920 1316 et
1946 1261 2055 1317 alia
2089 1262 2238 1317 velut
2283 1262 2338 1316 in
2370 1261 2716 1318 Theodotum
2769 1262 2918 1317 dicta
2948 1264 3065 1333 ipse
3095 1264 3456 1335 epistolaruni

1863 1350 2227 1423 interpolator
2266 1353 2547 1423 accepisse
2577 1369 2646 1409 eo
2676 1354 2960 1421 noscitur,
2988 1355 3136 1424 quod
3172 1356 3352 1410 locum
3386 1356 3454 1410 ad

1864 1441 2165 1499 Trallesios
2196 1444 2382 1500 hunc:
2431 1463 2450 1495 ι
2480 1443 2671 1514 Fugite
2696 1445 2873 1500 malas
2919 1447 3248 1517 propagines
3290 1464 3457 1517 gene-

1862 1544 2048 1591 rantes
2089 1534 2329 1591 fructum
2381 1535 2753 1603 mortiferum,
2780 1555 2799 1589 ι
2840 1537 3122 1593 illustrare
3145 1547 3200 1593 et
3221 1542 3458 1611 amplilla

1863 1642 1992 1682 care
2038 1628 2106 1682 de
2133 1642 2286 1682 more
2334 1628 2596 1691 studens,
2628 1643 2807 1698 eoque
2834 1629 2927 1685 hic
2968 1630 3174 1687 addens
3202 1631 3452 1701 ipsorum

1864 1718 2250 1776 haereticorum
2301 1720 2527 1775 nomina
2578 1737 2720 1790 quos
2750 1721 2804 1775 in
2830 1722 3080 1792 epistolis
3108 1739 3250 1794 quas
3280 1725 3455 1781 inter-

1861 1811 2082 1881 polahat
2120 1820 2342 1867 notatos
2376 1821 2431 1867 et
2454 1811 2723 1868 refutatos
2753 1828 2876 1869 esse
2912 1815 3159 1884 putabat,
3199 1815 3455 1873 Theodo-

1863 1911 1980 1957 tum
2010 1904 2153 1958 inter
2182 1904 2286 1958 hos
2334 1903 2541 1958 diserte
2578 1904 2833 1959 ediderit.
2882 1905 3240 1977 lnterpolator
3262 1910 3451 1981 igitur,

1860 1995 1907 2051 si
1932 1996 2054 2050 haec
2087 1996 2155 2050 ad
2190 1994 2543 2051 Valentinum
2574 2006 2857 2071 spectasse
2889 1999 3209 2070 cogitasset,
3245 2017 3355 2057 non
3383 2018 3447 2058 ea

1859 2087 2155 2143 delevisset
2203 2104 2274 2142 ne
2323 2098 2603 2143 auctorem
2654 2090 2974 2159 proderent,
3018 2093 3114 2148 sed
3159 2109 3262 2164 pro
3297 2110 3455 2151 more

1860 2192 1987 2241 suo,
2016 2177 2102 2232 vel
2151 2177 2275 2247 ipso
2300 2178 2488 2248 judice
2536 2177 2760 2245 Dallaao,
2790 2178 3065 2236 Valentini
3104 2197 3305 2237 nomen
3331 2184 3454 2239 edi-

1858 2268 2052 2324 disset.
2113 2268 2219 2335 Qui
2272 2269 2421 2324 enim
2486 2270 2872 2326 haereticorum
2916 2272 3163 2337 nomine,
3211 2289 3354 2344 quos
3392 2275 3450 2330 in

1857 2360 2109 2431 epistolis
2139 2377 2279 2431 quas
2322 2361 2691 2432 interpolahat
2724 2372 2948 2420 notatos
2986 2364 3161 2422 fuisse
3194 2368 3448 2437 putabat,

1859 2454 2061 2509 addere
2090 2454 2374 2521 voluerat;
2405 2470 2579 2525 quare
2617 2454 2961 2512 Theodotum
3010 2458 3309 2525 insereret,
3341 2460 3452 2516 Va-

1857 2545 2129 2602 lentinum
2149 2546 2449 2612 omitteret,
2471 2560 2595 2602 cum
2626 2545 2946 2606 Theodotus
2964 2546 3256 2605 Valentino
3276 2551 3452 2608 multo

1853 2637 2046 2709 junior
2079 2646 2249 2704 esset,
2275 2638 2559 2709 multoque
2579 2638 2934 2695 manifestius
2964 2650 3182 2697 aetatem
3213 2644 3451 2714 scripto-

1856 2731 1935 2785 ris
1962 2730 2259 2801 proderet?
2289 2727 2395 2785 Sed
2422 2730 2559 2785 nihil
2587 2731 2679 2787 ille
2704 2731 2816 2787 tale
2837 2733 3107 2803 cogitasse
3136 2736 3450 2794 censendus

1856 2833 1983 2891 est;
2039 2838 2219 2894 neque
2269 2824 2514 2880 rationes
2545 2824 2939 2896 echgitandae,
2972 2835 3068 2882 aut
3107 2828 3448 2897 providentia

1856 2915 1976 2982 Dei,
2004 2916 2193 2972 nescio
2220 2926 2584 2988 quapropter,
2623 2917 2732 2972 huc
2761 2917 3118 2987 advocanda;
3162 2935 3263 2990 pro
3293 2937 3448 2977 more

1857 3023 1961 3065 suo
2011 3008 2396 3077 interpolator,
2453 3009 2641 3064 omnia
2692 3009 2973 3066 illustrare
3015 3020 3069 3066 et
3108 3012 3448 3082 ampliﬁcare

1775 3124 1819 3183 ο
1857 3099 2107 3163 studens,
2136 3098 2253 3154 haec
2284 3098 2633 3165 immutavit;
2669 3098 2830 3169 plane
2859 3108 2918 3154 ut
2955 3099 3010 3154 in
3049 3100 3152 3156 hac
3179 3102 3298 3173 ipsa
3328 3106 3447 3175 epi-

1854 3192 1991 3248 stola
2041 3191 2209 3261 paulo
2250 3199 2377 3246 ante
2421 3206 2523 3260 pro
2574 3191 2658 3246 his
2694 3191 2912 3246 verbis:
2956 3192 3054 3255 ’ος
3090 3192 3196 3265 πρὸ
3232 3192 3444 3249 αἰώνων

1854 3282 2003 3355 παρὰ
2034 3283 2211 3355 Πατρὶ
2242 3279 2332 3355 ἦν,
2368 3283 2462 3337 καὶ
2495 3283 2554 3335 ἐν
2586 3282 2730 3336 τέλει
2775 3282 2974 3353 ἐφάνη,
3016 3302 3035 3336 t
3068 3284 3161 3355 qui
3186 3298 3314 3341 ante
3336 3302 3443 3342 saa-

1851 3375 1977 3429 cula
2021 3374 2167 3444 apud
2199 3372 2415 3430 Patrem
2452 3382 2601 3437 erat,
2650 3382 2706 3429 et
2739 3374 2793 3428 in
2830 3373 2937 3428 (ine
2964 3377 3240 3445 apparuit,
3273 3395 3291 3428 ι
3326 3378 3443 3433 haec

1850 3468 2265 3538 paraphrastice
2296 3469 2613 3524 substituit:
2661 3469 2757 3532 Ὃς
2792 3467 2899 3540 πρὸ
2928 3468 3137 3523 αἰώνων
3169 3470 3321 3543 παρὰ
3362 3471 3443 3543 τῷ

1850 3560 2030 3633 Πατρὶ
2062 3561 2347 3634 γεννηθεὶς
2369 3603 2386 3628 ,
2419 3557 2489 3633 ἦν
2530 3563 2703 3632 Λόγος
2736 3562 2900 3629 Θεὸς,
2940 3564 3235 3635 μονογενὴς
3271 3565 3401 3630 Υἱός
3423 3583 3439 3597 ⁸

1853 3658 1950 3713 καὶ
1976 3657 2071 3711 ἐπὶ
2101 3657 2380 3730 συντελείᾳ
2403 3658 2511 3712 τῶν
2533 3656 2744 3711 αἰώνων
2775 3657 2805 3711 ὁ
2833 3658 2999 3723 αὐτὸς
3022 3660 3286 3732 διαμένει.
3320 3661 3442 3735 Τῆς

1852 3748 1962 3821 γὰρ
1981 3750 2307 3816 βασιλείας
2332 3748 2520 3804 αὐτοῦ
2550 3751 2663 3804 οὐκ
2691 3749 2827 3803 ἐστι
2854 3748 3049 3816 τέλος,
3075 3753 3210 3823 φησι
3237 3754 3434 3828 Δανιὴ)

1850 3841 1881 3894 ὁ
1907 3841 2216 3914 προφήτης.
2254 3859 2273 3893 ι
2303 3839 2408 3907 Qui
2440 3850 2566 3896 ante
2601 3841 2799 3896 secula
2826 3841 3042 3913 genitus
3070 3853 3156 3899 est
3185 3861 3215 3899 a
3256 3844 3438 3910 Patre,

1850 3928 1997 3984 Deus
2034 3929 2271 3984 Verbum
2292 3967 2311 3995 ,
2332 3927 2649 3998 unigenitns
2677 3924 2885 3982 Filius:
2917 3934 2973 3981 et
3002 3927 3057 3980 in
3091 3940 3442 3982 consumma-

1858 4021 2010 4076 tione
2064 4020 2393 4076 saeculorum
2440 4018 2558 4088 ipse
2590 4026 2904 4087 permanet:
2955 4019 3105 4089 regni
3145 4019 3292 4073 enim
3325 4018 3441 4088 ejus

1851 4126 1957 4164 non
1993 4112 2094 4165 erit
2139 4112 2287 4181 ﬁnis,
2331 4110 2509 4180 inquit
2556 4108 2745 4163 Daniel
2788 4109 3074 4179 propheta.
3107 4127 3127 4162 ι
3169 4106 3242 4164 Ut
3272 4109 3441 4179 igitur

1851 4201 1907 4254 in
1940 4199 2049 4267 his,
2082 4200 2157 4254 ita
2190 4200 2246 4254 in
2283 4199 2392 4254 illis
2434 4198 2582 4253 nulla
2630 4198 2883 4254 lectionis
2918 4198 3234 4265 diversitas,
3263 4214 3440 4268 neque

1850 4301 2039 4348 tamen
2064 4292 2171 4347 ulla
2191 4291 2598 4346 immolationis
2616 4288 2907 4347 manifesta
2921 4307 3088 4347 causa
3105 4310 3119 4346 :
3145 4292 3235 4347 sed
3256 4292 3439 4361 priora

1850 4386 2093 4441 auctoris
2128 4385 2295 4441 verha
2345 4397 2516 4450 sunt,
2548 4384 2860 4454 posteriora
2917 4384 3310 4455 paraphrastte,
3344 4384 3439 4455 qui

146 4478 273 4549 Sige
311 4478 726 4533 emanationem
757 4477 1108 4535 Valentinum
1144 4478 1355 4551 lgnatio
1384 4481 1744 4535 recentiorem
1777 4490 1823 4547 Ι)
1852 4498 1952 4552 pro
2003 4494 2158 4534 more
2205 4494 2308 4534 suo
2357 4477 2600 4533 breviter
2646 4491 2679 4531 a
2732 4482 2972 4546 martyre
3015 4476 3160 4530 dicta
3199 4475 3437 4545 longiori

144 4572 329 4638 olere;
354 4586 427 4626 eo
479 4571 771 4626 delendam
815 4574 1061 4643 putavit,
1111 4588 1181 4628 ne
1226 4573 1505 4643 personati
1550 4571 1746 4643 lgnatii

145 4663 339 4717 drama
376 4662 661 4732 proderet.
690 4680 708 4716 ι
743 4662 1017 4719 Callidum
1046 4679 1179 4720 sane
1203 4674 1259 4720 et
1282 4665 1593 4735 importune
1614 4680 1747 4735 pru-

147 4754 366 4810 dentem
394 4754 583 4808 virum
610 4754 728 4810 haec
753 4764 1031 4826 arguunt;
1063 4755 1157 4811 sed
1191 4756 1489 4811 videndum
1518 4758 1746 4813 omnino

150 4860 217 4900 an
243 4858 313 4902 eo
355 4846 745 4917 interpolatori
790 4855 1126 4918 competant.
1157 4845 1299 4913 Quid
1325 4847 1510 4903 enim?
1547 4864 1616 4904 an
1656 4849 1746 4903 ille

150 4940 292 4993 cavit
337 4955 409 4994 ne
464 4939 672 5008 aliquid
713 4938 770 4994 in
803 4940 894 4994 illa
926 4939 1159 5009 epistola
1199 4939 1558 5008 reperiretur,
1594 4941 1745 5010 quod

152 5040 361 5087 aetatem
394 5030 680 5087 Valentini
710 5048 905 5103 sapere
939 5034 1242 5103 videretur,
1280 5033 1375 5102 qui
1406 5044 1600 5087 omnes
1632 5032 1746 5089 fere

153 5125 415 5193 epistolas
469 5124 543 5178 ita
581 5125 995 5191 transmutavit,
1048 5133 1109 5180 ut
1153 5124 1240 5179 sui
1286 5124 1546 5193 temporis
1592 5139 1746 5179 more

156 5216 428 5286 modoque
459 5215 840 5285 loquerentur,
870 5225 926 5271 et
966 5215 1072 5269 tria
1106 5223 1233 5285 post
1258 5212 1605 5269 Valentinum
1637 5229 1744 5269 ste-

157 5306 271 5361 cula
318 5306 622 5376 saperent?
672 5306 759 5361 An
811 5306 902 5362 ille
952 5305 1150 5361 metuit
1187 5319 1254 5359 ne
1285 5312 1503 5360 aetatem
1549 5304 1743 5375 lgnatii

157 5398 423 5467 epistolici
452 5397 728 5469 proderet,
756 5398 852 5469 qui
879 5398 989 5453 ista
1021 5412 1149 5452 eum
1182 5397 1251 5452 ad
1284 5395 1744 5467 Philadelphenos

161 5493 487 5549 scribentem
536 5500 895 5564 represeth
932 5510 948 5547 :
989 5509 1008 5543 ι
1040 5489 1375 5562 Presbyteri,
1426 5490 1643 5549 diaconi
1690 5495 1746 5544 et

162 5583 396 5654 reliquus
413 5583 622 5651 clerus,
645 5598 757 5639 una
772 5599 900 5640 cum
926 5583 1130 5654 populo
1152 5583 1436 5647 universo,
1452 5580 1742 5647 militibus,

164 5676 578 5746 magistratibus
615 5684 672 5731 et
707 5677 949 5741 Caesare,
984 5675 1091 5747 ipsi
1115 5675 1378 5745 episcopo
1404 5673 1686 5739 obediant,
1715 5692 1738 5726 ι

1850 4575 2009 4646 ῥήσει
2048 4572 2376 4642 explicatius
2426 4579 2483 4626 et
2512 4569 2766 4625 ornatius
2815 4568 3029 4623 tradere
3082 4583 3142 4623 se
3191 4569 3441 4637 potuisse

1844 4664 2134 4736 judicavit.
2156 4662 2429 4734 lgnatium
2447 4677 2557 4717 non
2581 4660 2949 4725 admittimus,
2969 4659 3438 4729 interpolatorem,

1848 4758 1966 4815 sive
1988 4758 2229 4813 Arianus
2272 4755 2459 4822 fuerit,
2490 4754 2604 4810 sive
2641 4768 2775 4821 non,
2803 4754 3030 4809 omnino
3060 4752 3438 4822 repudiamus.

1847 4853 2162 4923 pariterque
2186 4850 2568 4906 inanissimam
2594 4864 2718 4906 esse
2743 4849 2886 4904 hanc
2908 4845 3283 4916 conjecturam
3310 4859 3440 4916 pro-

1847 4944 2192 5000 nuntiamns.

1916 5036 2056 5092 Aliis
2104 5037 2272 5091 etiam
2324 5032 2500 5089 utitur
2546 5029 2883 5102 conjecturis
2912 5028 2979 5084 ad
3009 5027 3115 5084 hoc
3141 5042 3440 5098 argumen-

1846 5135 1963 5183 tum
2018 5125 2464 5189 introductoriis,
2496 5123 2673 5194 iisque
2709 5121 2882 5177 nihilo
2930 5120 3272 5175 melioribus.
3310 5116 3438 5173 Vult

1844 5218 1993 5274 enim
2040 5215 2324 5272 Petavium
2380 5233 2400 5268 t
2430 5214 2562 5269 novi
2607 5213 2817 5284 aliquid
2864 5227 2987 5268 esse
3033 5212 3089 5265 in
3133 5208 3438 5266 Usseriana

1845 5309 2087 5365 editione
2141 5322 2328 5363 secum
2384 5307 2668 5373 sensisse,
2720 5305 2868 5376 quod
2907 5312 3189 5359 auctorem
3226 5301 3439 5373 lgnatio

1845 5400 2213 5456 recentiorem
2252 5407 2477 5469 arguat;
2533 5398 2700 5468 idque
2744 5406 2931 5467 patere
2964 5412 3031 5450 ex
3072 5396 3195 5466 ejus
3229 5395 3437 5466 ell'ugio

1844 5506 1958 5562 quo
1993 5491 2086 5545 illa
2128 5490 2197 5545 de
2242 5486 2367 5559 Sige
2399 5489 2561 5544 verba
2591 5503 2619 5542 a
2657 5487 2933 5543 Valentini
2963 5501 3129 5543 sensu
3163 5488 3439 5543 abducere

1845 5591 2081 5639 conatus
2103 5590 2209 5638 est.
2244 5600 2263 5633 ι
2297 5580 2535 5637 Talesne
2568 5595 2698 5638 vero
2722 5579 2827 5636 sibi
2856 5588 3025 5636 testes
3051 5580 3338 5650 adjungit?
3369 5596 3437 5635 ex

1845 5675 2305 5745 tali'argumento
2342 5687 2533 5729 secum
2569 5671 2982 5727 consentientes
3001 5712 3017 5737 ,
3048 5680 3105 5727 et
3130 5687 3200 5726 ex
3231 5671 3439 5727 nostris

162 5780 274 5836 «tua
302 5776 510 5842 scripta
540 5785 652 5827 non
688 5768 862 5827 fuisse
890 5775 1189 5841 antequam
1220 5766 1457 5823 Romani
1489 5764 1740 5823 Casares
1848 5780 1979 5824 suos
2011 5762 2180 5852 facit!
2216 5762 2445 5841 Sijdem
2471 5778 2597 5821 cum
2625 5762 2825 5821 Dallteo
2851 5778 3041 5821 revera
3075 5764 3248 5821 sensit
3279 5763 3436 5821 Peta-
