3834 6206
402 299 509 357 295

1405 303 1466 360 S.
1503 298 1851 359 IGNATIUS.
1894 330 1965 342 —
1998 296 2541 357 PROLEGOMENA.

3575 300 3694 357 290

397 430 546 494 vius,
579 436 640 483 ut
691 427 782 482 ille
830 425 1168 498 suspicatur,
1218 435 1275 482 et
1320 425 1487 498 Sigea
1537 425 1983 481 Valentinianum
2014 427 2060 484 Α
2083 435 2147 479 ut
2175 425 2372 495 probet
2400 432 2592 480 contra
2620 423 2907 478 immotam
2941 430 3254 494 temporum
3284 423 3448 479 ﬁdem
3486 433 3694 478 aucto-

401 521 590 576 animo
615 521 888 590 probavit,
917 520 1101 576 verbis
1137 521 1392 591 negavit;
1428 520 1476 577 is
1505 528 1656 576 certe
1683 534 1849 590 quem
1880 519 1989 575 sibi

402 613 670 685 adiungit,
699 629 860 684 quem
885 613 1014 668 alibi
1047 628 1206 670 «vere
1234 621 1290 668 et
1315 627 1581 684 generose
1597 612 1665 666 de
1683 609 1988 683 Ignatiam's

402 705 640 762 locutum
672 709 884 770 asserit,
918 723 1070 778 quem
1110 716 1405 778 postquam
1439 706 1766 761 Vossianam
1796 715 1853 761 et
1879 703 1991 762 Us.

404 800 682 856 serianam
718 799 911 871 lgnatii
935 802 1232 857 editionem
1261 800 1418 865 vidit,
1447 815 1549 870 pro
1587 815 1687 855 sua
1719 799 1993 872 singulari

402 893 653 948 doctrina
693 908 902 965 proque
941 894 1174 950 solemni
1225 894 1464 965 quadam
1495 909 1595 951 sua
1622 895 1990 966 generositate

403 1002 589 1042 veram
622 985 810 1041 statim
863 995 917 1043 et
957 987 1414 1045 animadvertisse
1441 999 1498 1044 et
1523 989 1840 1061 professum
1865 1002 1990 1046 esse

403 1079 558 1143 dicit,
585 1098 604 1132 ι
631 1089 686 1134 et
708 1080 940 1136 mendax
965 1089 1020 1136 et
1040 1083 1331 1148 subdolus,
1357 1091 1413 1138 et
1438 1083 1665 1139 minime
1686 1098 1991 1155 generosus

406 1188 498 1228 aut
523 1189 690 1228 verax
719 1183 778 1229 ut
807 1173 976 1230 fuerit
1003 1191 1225 1233 necesse
1253 1185 1356 1232 est.
1389 1174 1448 1232 Si
1479 1178 1590 1233 ulla
1619 1177 1830 1234 homini
1859 1178 1994 1235 ﬁdes

405 1276 512 1328 est,
545 1268 600 1322 in
630 1268 733 1323 hac
767 1284 936 1325 causa
973 1279 1163 1326 uoster
1199 1279 1284 1325 est
1310 1269 1605 1339 Petavius;
1640 1272 1687 1328 si
1718 1273 1890 1340 nulla,
1923 1274 1994 1328 il-

406 1359 585 1414 lorum
612 1370 715 1416 est.
749 1360 854 1417 Sed
886 1377 988 1430 ego
1013 1363 1082 1417 de
1112 1363 1216 1418 ﬁde
1237 1360 1444 1418 Petavii
1475 1363 1838 1420 dubitandum
1871 1381 1995 1422 esse

393 1455 637 1508 minime
660 1471 879 1512 censeo.
909 1455 965 1510 Si
992 1455 1084 1510 ille
1111 1455 1336 1512 Medicei
1361 1457 1570 1514 codicis
1599 1458 1862 1529 epistolas
1885 1474 1995 1515 non

407 1549 594 1604 minus
629 1549 784 1604 ﬁctas
818 1549 1030 1618 putavit
1053 1565 1218 1620 quam
1242 1551 1520 1623 vulgares,
1546 1569 1649 1609 cur
1681 1553 1781 1610 has
1808 1561 1998 1624 postea

410 1655 630 1710 semper
653 1641 978 1712 repudiavit,
1006 1642 1130 1699 illas
1146 1644 1404 1710 admisit,
1424 1661 1729 1717 earumque
1751 1647 2000 1703 auctori-

412 1743 522 1786 tate
545 1748 691 1804 saape
705 1751 842 1791 usus
855 1746 940 1792 est
955 1737 978 1790 ?
991 1752 1091 1792 cur
1104 1753 1161 1792 se
1175 1727 1231 1791 in
1245 1737 1332 1792 his
1350 1737 1661 1807 rejiciendis
1676 1738 1998 1810 ingenuum,

413 1822 468 1877 in
494 1822 602 1880 illis
632 1825 962 1895 recipiendis
993 1827 1314 1883 mendacem
1343 1829 1638 1898 praestitit?
1663 1829 1822 1885 Certe
1843 1831 2000 1899 illttd,

413 1918 560 1986 quod
599 1919 893 1974 miriﬁcum
941 1920 1203 1992 effugium
1249 1922 1489 1991 appellat
1536 1922 1792 1988 Dallaeus,
1822 1923 2002 1978 virum

411 2013 930 2082 praestantissimum
949 2023 1059 2070 tam
1078 2015 1237 2071 foedae
1253 2017 1726 2089 tergiversationis
1742 2035 1850 2073 non
1869 2033 2006 2073 con-

417 2107 607 2161 vincit.
655 2105 790 2162 Nam
833 2117 888 2162 et
916 2123 1018 2180 ego
1062 2107 1269 2164 Petavii
1299 2126 1524 2165 sensum
1551 2111 1617 2166 de
1648 2111 1886 2182 simplici
1923 2112 2005 2167 si-

415 2199 586 2254 lentio
614 2215 805 2255 verum
833 2217 957 2258 esse
989 2210 1158 2272 puto;
1187 2211 1242 2258 et
1277 2204 1494 2259 tametsi
1524 2205 1591 2259 ad
1626 2204 1789 2276 Sigen
1824 2205 2005 2262 haere-

415 2292 654 2349 ticorum
687 2295 852 2350 verba
899 2295 1141 2351 auctoris
1183 2294 1516 2361 referantur,
1549 2308 1612 2353 ut
1659 2298 1752 2354 alii
1791 2298 2003 2367 volunt,

414 2386 552 2440 nihil
585 2385 714 2442 inde
737 2387 864 2442 novi
910 2387 965 2443 in
996 2389 1242 2458 epistolis
1277 2404 1422 2457 esse,
1452 2391 1589 2445 nihil
1619 2391 1765 2462 quod
1807 2401 2006 2447 aucto-

420 2491 532 2531 rem
575 2474 786 2548 lgnatio
821 2477 1100 2548 iuniorem
1146 2487 1360 2552 arguat,
1402 2497 1530 2536 cum
1562 2483 1766 2538 nostris
1805 2483 2004 2550 sentio,

419 2569 584 2639 idque
614 2586 702 2626 me
733 2571 1048 2628 ﬁrmissime
1077 2573 1587 2630 demonstraturum
1620 2576 1857 2632 conﬁdo.

489 2660 600 2718 Nec
624 2673 803 2720 tamen
836 2665 1017 2722 adhuc
1055 2668 1120 2722 ad
1154 2676 1538 2740 argumentum
1577 2669 1757 2738 ipsum
1797 2669 2010 2725 accedit

417 2758 741 2829 priusquam
770 2759 905 2815 illud
929 2771 1152 2816 annotet
1173 2804 1187 2825 ,
1220 2761 1367 2830 quod
1413 2761 1589 2830 ipsius
1621 2753 2014 2832 argumentuui

421 2867 892 2922 supervacaneum
936 2869 1058 2909 esse
1097 2862 1151 2908 et
1191 2855 1398 2911 nullius
1429 2871 1565 2911 usus
1605 2856 1870 2911 ostendit.
1897 2850 2009 2912 0b-

432 2951 616 2998 servat
675 2945 822 2998 enim
881 2963 900 2996 ι
931 2944 1048 3000 haec
1097 2947 1346 3016 epistola:
1403 2949 1570 3003 verba
1618 2950 1684 3003 ad
1733 2947 2010 3004 Valentini

422 3033 625 3105 dogma
676 3037 814 3092 adeo
859 3045 983 3108 apta
1014 3047 1180 3109 atque
1221 3041 1472 3110 apposita
1510 3057 1654 3108 esse,
1687 3052 1768 3110 ut,
1793 3043 2010 3102 etiamsi

2093 535 2207 573 rem
2243 519 2440 588 dogma
2482 517 2802 572 haereticum
2834 525 2960 587 post
2997 525 3236 572 mortem
3265 513 3463 588 lgnatii
3500 527 3694 572 ortum

2093 611 2452 680 exposuisse:
2488 619 2551 665 ut
2579 609 2690 676 ille,
2729 611 2981 679 inquam,
3009 609 3238 679 perinde
3259 625 3382 666 esse
3414 609 3700 666 scriberet

2092 705 2210 759 sive
2259 712 2455 759 auctor
2481 701 2835 758 Valentinum
2868 703 3205 774 respexerit,
3238 703 3354 759 sive
3383 719 3521 766 non,
3557 702 3698 759 mihi

2093 796 2315 868 quidem
2343 796 2546 852 mirum
2571 798 2804 853 videtur.
2825 796 2998 852 Nemo
3026 811 3269 868 unquam
3303 797 3408 852 hoc
3431 793 3698 861 dixisset,

2093 890 2190 962 qui
2227 891 2500 960 putaverit
2543 906 2604 947 se
2650 891 2829 946 valide
2866 891 3104 960 probare
3131 889 3379 961 potuisse
3415 897 3472 944 et
3498 903 3701 958 respe-

2095 984 2246 1039 xisse
2289 993 2569 1040 auctorem
2612 985 2680 1040 ad
2717 983 3062 1040 Valentinum
3102 992 3158 1038 et
3179 983 3450 1054 lgnatium
3479 989 3702 1053 marty—

2097 1093 2212 1134 rem
2243 1092 2358 1148 prae
2383 1084 2543 1131 aetate
2573 1094 2684 1132 non
2713 1077 2963 1148 potuisse
2997 1074 3240 1133 scribere
3267 1083 3460 1131 contra
3487 1073 3701 1130 Valen-

2095 1169 2296 1226 tinum.
2333 1165 2491 1223 Unde
2535 1183 2638 1240 ego
2681 1169 2882 1238 colligo
2908 1168 3090 1224 virum
3129 1167 3518 1223 doctissimum
3561 1167 3702 1222 huic

2098 1271 2426 1332 argumento
2455 1261 2571 1318 sive
2603 1261 2983 1327 Salmasiano,
3010 1261 3128 1316 sive
3158 1259 3546 1315 Blondelliauo
3572 1274 3696 1314 ma.

2099 1359 2247 1414 xime
2287 1356 2552 1421 diﬁidere,
2593 1371 2809 1427 suoque
2852 1356 3106 1426 negativo
3151 1355 3508 1426 potissimum
3565 1353 3699 1409 niti.

2099 1450 2227 1508 Haec
2249 1461 2432 1506 autem
2453 1449 2740 1505 ﬂuctuatio
2767 1457 3067 1520 utrumque
3090 1449 3256 1506 simul
3271 1448 3530 1504 destruit.
3553 1445 3700 1503 Nam

2100 1546 2145 1602 si
2177 1553 2373 1600 auctor
2406 1542 2750 1599 Valentinum
2784 1559 2893 1598 non
2920 1543 3186 1613 respexit,
3214 1543 3310 1599 sed
3345 1543 3496 1599 aliud
3528 1542 3704 1614 plane

2101 1636 2156 1692 in
2181 1637 2368 1693 animo
2396 1637 2609 1700 habuit,
2633 1645 2690 1692 et
2716 1635 2855 1691 nihil
2885 1634 3032 1690 aliud
3063 1651 3228 1706 quam
3254 1635 3490 1706 simplex
3525 1635 3705 1691 silen-

2103 1728 2240 1784 tium
2286 1728 2480 1792 voluit,
2507 1726 2649 1797 perit
2695 1734 3082 1798 argumentum
3127 1725 3426 1791 internum,
3455 1741 3525 1782 ex
3575 1725 3704 1796 ipsa

2103 1821 2335 1891 epistola
2367 1821 2626 1876 ductum:
2675 1827 2732 1875 et
2754 1819 2802 1875 si
2847 1828 3044 1875 auctor
3085 1818 3193 1875 hoc
3223 1827 3439 1874 tantum
3488 1819 3702 1884 voluit,

2105 1923 2254 1970 certe
2284 1929 2409 1968 eum
2441 1912 2682 1968 Irenazus
2708 1920 2858 1968 recte
2886 1913 3190 1983 intelligere
3221 1913 3434 1984 potuit;
3463 1913 3617 1984 quod
3653 1913 3704 1969 si

2105 2010 2181 2065 ita
2215 2006 2504 2073 intellexit,
2534 2021 2818 2077 nunquam
2853 2005 3020 2061 verba
3053 2003 3250 2078 lgnatii
3283 2013 3480 2062 contra
3519 2007 3704 2076 ipsius

2106 2109 2346 2157 mentem
2401 2099 2666 2171 adversus
2711 2097 3062 2153 Valentinum
3136 2112 3335 2168 urgere
3388 2097 3702 2165 voluisset,

2106 2195 2354 2260 adeoque
2381 2192 2531 2249 cadit
2565 2202 2946 2263 argumentum
2993 2198 3279 2245 externum
3307 2206 3338 2246 a
3369 2188 3588 2247 defectu
3619 2201 3707 2248 te-

2109 2285 2354 2340 stimonii
2399 2284 2807 2353 depromptum.
2850 2279 3039 2352 Neque
3067 2296 3199 2336 vero
3229 2281 3407 2352 magis
3432 2283 3708 2352 probatur

2107 2379 2398 2450 epistolam
2438 2378 2581 2433 hanc
2613 2375 2800 2432 lrenaai
2850 2385 3009 2432 tetate
3051 2391 3162 2432 non
3196 2376 3494 2446 exstitisse,
3527 2392 3600 2432 ex
3635 2393 3708 2433 eo

2108 2472 2256 2542 quod
2297 2469 2537 2526 lrenams
2581 2470 2747 2525 verba
2792 2469 2910 2525 lucc
2954 2469 3180 2525 minime
3208 2470 3399 2526 citavit
3429 2473 3706 2527 adversus

2109 2563 2486 2627 Valentinum,
2529 2577 2697 2632 quam
2749 2577 2851 2617 nec
2889 2570 3088 2632 quarto
3115 2561 3319 2618 saeculo
3356 2561 3611 2618 eamdem
3645 2562 3706 2618 in

2111 2657 2396 2713 hominum
2427 2657 2684 2712 manibus
2726 2655 2920 2722 fuisse,
2948 2657 3095 2726 quod
3135 2671 3199 2711 ea
3235 2656 3402 2710 verba
3434 2670 3545 2709 non
3575 2654 3704 2711 lau-

2110 2749 2364 2808 daverint
2408 2748 2714 2828 Eusebius',
2745 2751 3116 2816 Athanasius,
3146 2749 3385 2805 Basilius
3430 2748 3702 2805 adversus

2110 2843 2534 2904 Ilarcellum,ad
2569 2842 2728 2911 cuius
2753 2843 3010 2898 hmresim
3041 2842 3383 2898 refutandam
3414 2842 3585 2898 verba
3609 2843 3698 2898 illa

2110 2937 2170 3002 ὃς
2203 2938 2353 2991 ἐστιν
2378 2934 2544 2989 αὒτοῦ
2579 2935 2752 3003 Λόγος
2785 2935 2974 3000 ἀΐδιος,
3008 2945 3167 2990 erant
3201 2933 3698 3004 opportunissima.

2111 3025 2408 3083 Marcellus
2435 3027 2582 3083 enim
2613 3026 2802 3081 docuit
2819 3025 3102 3083 Christum
3132 3025 3305 3081 fuisse
3325 3023 3484 3097 ψιλὸν
3506 3026 3699 3096 Λόγον,

424 3143 582 3183 mens
622 3131 865 3186 auctoris
901 3131 1030 3194 alio,
1062 3131 1193 3187 dum
1233 3148 1298 3188 ea
1327 3133 1614 3203 scriberet,
1648 3137 2006 3208 respexisset,

2118 3121 2461 3189 minimeque
2485 3130 2774 3187 teternum,
2798 3129 2859 3175 ut
2885 3119 3181 3175 orientales
3213 3119 3451 3190 episcopi
3489 3134 3704 3176 assere-

426 3219 541 3276 fteri
561 3229 741 3277 tamen
773 3239 880 3278 non
910 3226 1148 3294 potuerit
1175 3227 1306 3296 quin
1337 3243 1401 3283 ea
1434 3226 1694 3295 lrenaeus,
1719 3229 1765 3284 si
1799 3241 2009 3300 nosset,

424 3317 711 3387 arriperet,
747 3328 799 3373 et
851 3328 1042 3374 contra
1085 3317 1362 3377 Valentini
1406 3324 1718 3394 expositum
1759 3340 1789 3380 a
1829 3341 1891 3382 se
1921 3341 2013 3382 so-

424 3410 637 3465 mnium
675 3411 875 3466 alicubi
909 3421 1226 3480 usurparet.
1261 3414 1333 3468 At
1366 3423 1585 3470 constat
1615 3415 1879 3472 Irenaeum
1913 3434 2011 3475 eo-

425 3520 548 3558 rum
584 3520 866 3574 nunquam
894 3507 1236 3564 meminisse.
1265 3526 1284 3561 :
1313 3506 1435 3563 Non
1466 3509 1539 3563 ita
1566 3509 1868 3580 disputavit
1892 3510 2014 3566 Salo

427 3597 672 3665 masius,
724 3613 832 3652 non
881 3597 1236 3666 Albertiuus,
1286 3601 1380 3672 qui
1434 3603 1670 3673 scriptas
1711 3603 1881 3660 fuisse
1912 3604 2014 3662 has

427 3692 690 3762 epistolas
717 3702 843 3748 ante
871 3690 1058 3748 Irena-i
1105 3693 1276 3750 libros
1300 3695 1446 3750 ultro
1477 3695 1811 3765 fatebantur,
1837 3715 2015 3770 neque

428 3800 524 3840 eas
554 3784 758 3841 Irenaeo
801 3786 1109 3858 incognitas
1150 3786 1320 3843 fuisse
1349 3804 1432 3842 ve.
1459 3788 1831 3850 somniabant.
1867 3790 2015 3846 Satis

429 3877 508 3932 illi
539 3887 758 3944 norunt,
786 3887 842 3933 et
875 3893 976 3933 nos
999 3877 1216 3932 abunde
1250 3878 1632 3948 probavimus,
1663 3878 1816 3933 nullo
1847 3879 2015 3935 modo

434 3970 787 4025 sentiendum
844 3985 970 4024 esse
1027 3968 1292 4024 Irenaeum
1344 3969 1464 4025 haec
1511 3970 1697 4037 verba,
1732 3972 1778 4026 si
1811 3973 2018 4042 optime.

431 4063 716 4124 novisset,
756 4063 802 4117 si
837 4061 904 4118 ad
941 4078 1189 4126 manum,
1218 4078 1345 4120 cum
1394 4064 1677 4127 scriberet,
1711 4064 2017 4134 habuisset,

431 4169 625 4211 contra
663 4154 1011 4210 Valentinum
1059 4171 1330 4223 usurpare
1368 4156 1631 4212 voluisse.
1674 4157 1813 4212 Cum
1851 4158 2018 4226 igitur

432 4251 518 4306 vir
548 4251 906 4306 doctissimus
938 4250 1066 4304 inde
1089 4249 1402 4306 concludit:
1439 4269 1458 4302 ι
1482 4247 1626 4321 Ergo
1653 4249 2020 4322 undecunque

431 4342 551 4397 hate
573 4342 735 4396 verba
770 4350 986 4411 sumpta
1017 4339 1151 4407 sint,
1182 4348 1238 4396 et
1283 4341 1601 4410 quicunque
1631 4341 1706 4395 sit
1729 4356 1922 4396 eorum
1952 4342 2021 4397 de

433 4443 633 4490 caetero
663 4449 883 4500 sensus,
912 4433 1003 4488 illa
1051 4442 1234 4489 tamen
1279 4433 1506 4489 evidens
1536 4433 2022 4505 nobis‘argumen-

2113 3213 2283 3269 bant:
2337 3213 2656 3283 aliquando,
2706 3213 2935 3276 scilicet,
2977 3213 3218 3268 Verbum
3267 3228 3379 3268 non
3431 3213 3629 3279 fuisse,
3653 3223 3705 3269 et

2111 3323 2182 3364 ne
2211 3324 2360 3363 nunc
2390 3308 2608 3377 quidem
2651 3323 2773 3363 esse
2804 3308 3059 3362 asseruit.
3108 3306 3186 3362 ita
3221 3308 3555 3363 sententiam
3584 3309 3704 3376 ejus

2111 3398 2338 3468 exponit
2366 3396 2423 3452 S.
2451 3395 2691 3452 Basilius
2717 3397 2948 3460 epistola
2968 3397 3036 3453 52
3061 3400 3192 3462 τ’ος
3215 3399 3388 3467 Λόγον
3415 3398 3518 3470 μὲν
3553 3399 3706 3472 εἰρῆ-

2115 3488 2240 3544 σθαι
2292 3487 2388 3542 τὸν
2440 3487 2702 3561 μονογενῆ
2755 3488 2969 3552 δίδωσι,
3027 3488 3170 3543 κατὰ
3220 3490 3411 3563 χρείαν
3459 3491 3557 3545 καὶ
3613 3491 3708 3546 ἐπὶ

2113 3581 2310 3656 καιροῦ
2357 3582 2722 3655 προελθόντα,
2759 3581 2923 3637 πάλιν
2969 3583 3027 3637 δὲ
3076 3585 3158 3648 εἰς
3197 3585 3287 3637 τὸν
3319 3585 3442 3638 ὅθεν
3484 3584 3711 3657 ἐξῆλθεν

2115 3676 2634 3749 ἑπαναστρέψαντα,
2675 3673 2798 3728 οὔτε
2849 3675 2958 3744 πρὸ
3006 3676 3107 3748 τῆς
3158 3675 3337 3732 ἐξόδου
3371 3672 3513 3732 εἶναι
3533 3719 3547 3738 ,
3583 3676 3711 3732 οὔτε

2120 3769 2259 3842 μετὰ
2279 3768 2379 3841 τὴν
2405 3766 2663 3822 ἐπάνοδον
2687 3766 3006 3836 ὑφεστάναι.
3035 3785 3055 3820 ‹
3081 3767 3186 3834 Qui
3210 3769 3554 3840 unigenitum
3583 3770 3710 3840 qui-

2118 3863 2241 3918 dem
2276 3861 2519 3918 Verbum
2555 3861 2662 3916 dici
2703 3861 2979 3927 concedit,
3011 3863 3314 3919 secundum
3346 3881 3508 3920 usum
3567 3877 3623 3921 et
3653 3865 3709 3921 in

2119 3964 2366 4026 tempore
2393 3952 2772 4025 progrediens,
2809 3969 3032 4010 rursum
3057 3963 3240 4010 autem
3265 3954 3332 4010 ad
3363 3955 3520 4011 illum
3546 3973 3574 4011 a
3599 3974 3714 4028 quo

2118 4049 2288 4104 exivit
2338 4033 2646 4114 revertens,
2680 4062 2860 4117 neque
2913 4056 3040 4102 ante
3086 4048 3293 4104 exitum
3349 4065 3496 4114 esse,
3529 4066 3715 4120 neque

2119 4151 2245 4215 post
2273 4143 2510 4198 reditum
2539 4141 2865 4197 subsistere.
2903 4160 2922 4194 ι
2959 4141 3075 4197 lmo
3103 4158 3239 4197 vero
3271 4140 3562 4200 Marcellus
3591 4145 3717 4215 ipse

2121 4235 2196 4291 ita
2223 4250 2283 4291 se
2322 4233 2583 4305 exprimit
2617 4234 2758 4304 apud
2808 4231 3132 4302 Eusebium,
3167 4236 3325 4305 quasi
3366 4234 3535 4291 fuerit
3584 4247 3718 4294 ante

2123 4339 2342 4379 omnem
2392 4337 2578 4376 rerum
2615 4320 3054 4390 productionem,
3108 4322 3312 4394 ἡσυχία
3359 4341 3478 4388 τις,
3537 4326 3596 4378 ἐν
3635 4325 3716 4397 τῷ

2123 4414 2244 4488 Θεῷ
2277 4414 2370 4469 τοῦ
2405 4415 2579 4482 Λόγου
2613 4413 2786 4480 ὄντος,
2835 4433 2854 4466 t
2883 4415 3161 4470 silentium
3195 4416 3495 4486 quoddam,
3533 4415 3720 4472 Verbo

429 4536 550 4584 tum
593 4494 909 4582 ministram
951 4527 1019 4582 ad
1053 4525 1536 4582 demonstrandam
1583 4494 2021 4596 harumvepism,
2055 4494 2100 4555 Ι)
2126 4507 2181 4561 in
2227 4506 2341 4559 Deo
2369 4506 2694 4572 exsistente,
2727 4525 2746 4557 ι
2791 4521 2915 4560 cum
2945 4515 3128 4560 autem
3173 4507 3412 4563 mundus
3439 4513 3716 4568 creaudus

433 4624 612 4680 larum
653 4625 953 4678 novitatem
1005 4636 1073 4676 ac
1104 4619 1576 4691 suppositionem:
1609 4640 1628 4673 ι
1665 4621 1719 4676 id
1750 4620 1898 4691 quod
1937 4627 2023 4675 est

435 4716 849 4788 iniquissimum
882 4715 1145 4786 postulat.
1198 4714 1351 4768 Itane
1400 4728 1552 4777 vero,
1585 4713 1903 4783 quicunque
1951 4712 2024 4767 sit

436 4809 634 4866 borum
684 4808 981 4864 verborum
1033 4821 1262 4873 sensus,
1312 4805 1429 4860 sive
1476 4812 1672 4859 auctor
1718 4803 2026 4872 respexerit

435 4898 788 4956 Valentinum
831 4897 946 4954 sive
990 4913 1123 4962 non,
1154 4911 1310 4965 aeque
1336 4895 1562 4950 evidens
1598 4892 1704 4948 erit
1731 4907 2028 4964 argumen-

435 5000 552 5048 tum
581 5005 682 5060 pro
709 4988 955 5043 novitate
983 4985 1365 5057 epistolarum,
1394 4983 1558 5054 idque
1590 4998 1758 5039 sensu
1797 4981 2028 5036 Dalltea-

437 5081 550 5139 no?
577 5078 774 5136 Nostro
797 5077 1032 5134 fortasse
1056 5093 1220 5133 sensu
1247 5090 1401 5146 aeque
1427 5074 1655 5130 evidens
1679 5089 1802 5130 esse
1824 5082 2024 5144 potest,

437 5174 491 5231 id
519 5183 604 5230 est
643 5173 796 5229 nullo
819 5172 982 5228 modo
1017 5171 1262 5226 evidens.
1287 5167 1402 5226 Nos
1431 5167 1573 5224 forte
1601 5176 1749 5224 recte
1776 5182 2028 5247 asserere

435 5281 756 5337 possumus,
774 5264 890 5319 sive
911 5263 1216 5333 respexerit
1239 5270 1431 5317 auctor
1449 5259 1726 5315 Valentini
1747 5259 2026 5328 haeresim,

439 5360 556 5415 sive
602 5375 745 5426 non,
775 5357 1002 5428 perinde
1028 5372 1191 5424 esse;
1226 5365 1484 5413 neutrum
1521 5354 1666 5409 enim
1709 5353 1778 5409 ad
1806 5353 2030 5409 convel-

441 5452 657 5507 lendam
714 5451 1073 5522 epistularum
1127 5450 1551 5522 antiquitatem,
1583 5447 1731 5519 quod
1781 5451 2028 5514 scimus,

441 5543 742 5612 quidquam
777 5545 941 5598 valet.
966 5541 1036 5598 At
1061 5552 1122 5598 ut
1147 5542 1259 5607 ille,
1292 5543 1386 5613 qui
1415 5541 1578 5596 verba
1597 5541 1731 5596 haec
1763 5541 2029 5594 adversus

441 5629 796 5686 Valentinum
845 5631 1050 5702 scripta
1105 5631 1278 5688 fuisse
1329 5631 1635 5696 contendit,
1668 5630 1760 5699 qui
1801 5629 1924 5684 ideo
1960 5626 2028 5682 ab

442 5722 652 5793 lguatio
681 5723 848 5778 scribi
874 5739 985 5778 non
1013 5724 1259 5794 potuisse
1286 5723 1506 5790 asserit,
1540 5722 1671 5792 quia
1703 5718 2030 5775 Valentinus

443 5816 651 5890 lguatio
670 5816 857 5888 juuior
883 5815 1006 5882 fuit,
1030 5818 1125 5887 qui
1156 5823 1542 5885 argumentum
1571 5814 1752 5879 ipsum
1777 5813 2027 5873 producit

2123 4607 2289 4656 esset.
2325 4597 2447 4652 τότε
2480 4598 2509 4652 ό
2541 4597 2712 4667 Λόγος
2768 4597 3047 4671 προελθὼν
3097 4599 3308 4668 ἐγίνετο
3358 4600 3454 4655 τοῦ
3505 4601 3723 4674 κόσμου

2125 4693 2378 4764 ποιητὴς,
2421 4711 2440 4743 ι
2467 4701 2599 4748 tunc
2635 4689 2876 4747 Verbum
2913 4694 3271 4764 progrediens
3318 4694 3482 4750 ﬁebat
3521 4698 3723 4754 mundi

2127 4784 2399 4840 conditor.
2434 4803 2452 4836 ι
2489 4781 2593 4839 Uhi
2625 4784 2800 4840 obiter
2831 4799 3028 4840 moneo
3064 4786 3229 4842 verba
3259 4801 3381 4857 quae
3411 4789 3555 4858 apud
3601 4788 3726 4843 Eu-

2128 4877 2241 4933 sebi
2251 4892 2340 4930 um
2374 4884 2700 4944 sequuntur,
2723 4877 2752 4931 ὃ
2784 4876 3167 4950 καὶπρότερον
3189 4878 3339 4934 ἔνδον
3359 4881 3569 4952 νοητῶς
3601 4882 3726 4937 ὀνο-

2132 4968 2320 5041 μάζων
2352 4968 2549 5032 αὐτόνς
2602 4979 2655 5024 et
2681 4970 2756 5024 ita
2785 4969 3120 5037 redduntur,
3155 4991 3175 5024 α
3204 4973 3351 5044 quod
3379 4974 3537 5044 prius
3567 4976 3725 5033 intus

2129 5060 2569 5117 intellectualiter
2597 5063 2847 5118 residens
2869 5063 2890 5085 ⁶
2932 5063 3050 5133 ipse
3082 5063 3206 5130 fuit,
3239 5086 3258 5119 ι
3293 5068 3498 5137 duplici
3528 5084 3728 5124 emen-

2129 5155 2348 5212 datione
2387 5170 2525 5224 opus
2566 5155 2792 5221 habere,
2817 5167 2872 5212 et
2902 5157 2983 5212 sic
3021 5158 3200 5228 primo
3231 5159 3356 5231 legi,
3389 5163 3418 5215 ὁ
3450 5162 3546 5216 καὶ
3581 5163 3728 5234 πρός

2129 5269 2286 5324 τερον
2325 5249 2472 5304 ἔνδον
2522 5248 2729 5322 νοητῶς
2762 5249 3068 5322 ἐτοιμάζων
3100 5251 3262 5305 αὐτόν
3319 5253 3403 5320 (ut
3437 5253 3491 5307 in
3528 5253 3626 5310 lib.
3683 5271 3726 5310 tt

2135 5343 2213 5400 De
2246 5345 2375 5400 eccl.
2417 5344 2643 5414 theolog.
2677 5360 2727 5400 c.
2753 5343 2807 5408 8,
2837 5353 2891 5398 et
2922 5344 3019 5398 lib.
3060 5359 3147 5410 Ill,
3179 5359 3229 5399 c.
3254 5343 3309 5409 3,
3337 5344 3642 5416 leguntur),
3670 5356 3731 5402 et

2131 5434 2187 5489 in
2221 5435 2371 5489 hunc
2400 5433 2624 5489 modum
2654 5435 2793 5489 verti
2823 5435 3044 5499 debere,
3101 5455 3120 5488 t
3152 5436 3249 5506 qui
3280 5436 3445 5491 etiam
3478 5446 3607 5494 ante
3637 5438 3728 5492 in-

2132 5537 2224 5582 tus.
2258 5527 2699 5584 intellectualiter
2729 5531 3059 5600 praeparavit
3090 5549 3240 5588 eum.
3275 5553 3296 5586 ιι
3337 5531 3480 5601 Quid
3507 5535 3573 5590 ad
3607 5535 3727 5591 haec

2132 5621 2373 5676 Marcelli
2414 5622 2710 5677 refellenda
2746 5625 2949 5690 aptius,
2987 5640 3151 5695 quam
3195 5623 3386 5698 lgnatii
3420 5625 3578 5691 illud,
3623 5626 3730 5682 οὐκ

2133 5713 2243 5769 ἀπὸ
2279 5715 2436 5784 σιγῆς
2471 5715 2788 5786 προελθώνς
2823 5717 2969 5788 quod
3018 5727 3200 5773 tamen
3254 5727 3471 5773 veteres
3503 5717 3582 5773 illi
3617 5715 3730 5772 Eu-

2143 5802 2348 5872 sebius,
2369 5801 2722 5868 Athanasius.
2744 5806 3006 5872 Basilius.
3031 5809 3234 5873 quibus
3258 5807 3508 5871 lgnatius
3529 5819 3722 5868 uoster
