3848 6204
143 213 240 272 1οἹ

875 207 926 263 J.
968 203 1332 262 PEARSONII
1375 199 1698 259 VlNDlClAZ
1729 191 2160 255 ιϐΝΑΤΙΑΝιΕ.
2199 223 2270 235 -
2308 191 2486 248 PARS
2526 184 2594 246 ll.

3286 187 3392 242 298

143 346 248 392 tam
305 333 476 403 probe
521 330 774 400 cegnitus
823 336 909 382 est
933 367 948 393 ,
979 325 1204 379 minime
1256 327 1613 390 usurparunt.
1647 317 1714 372 Et
1743 331 1790 388 Α
1815 328 1884 368 ex
1940 309 2383 366 adversariorum
2432 303 2702 360 sententia
2731 303 2980 360 confecta
3021 301 3125 357 erit
3154 319 3170 355 :
3205 315 3395 355 assero

145 426 360 497 qu'dem
386 422 658 477 Eusebius
681 420 826 474 hanc
849 417 1088 472 Marcelli
1118 414 1446 470 sententiam
1468 426 1594 467 cum
1623 410 1715 471 illa

145 517 312 572 veteri
342 515 731 571 Gnosticorum
761 517 1064 580 comparat,
1096 523 1195 563 nec
1223 516 1405 564 tamen
1436 505 1718 575 lgnatiana

147 611 256 672 illa,
287 623 416 678 qua
447 608 563 676 ipse
589 604 795 673 optime
827 611 1072 662 noverat,
1106 598 1366 654 Marcello
1394 596 1604 666 objicit.
1643 595 1720 648 Ita

145 697 288 751 enim
305 693 554 764 loquitur
569 693 667 746 lib.
696 706 825 756 tt,c.
861 690 959 744 19:
986 692 1052 742 Ἃ
1077 687 1132 740 δὲ
1166 685 1486 758 Μάρκελλος
1519 684 1720 754 ἐτόλμα

148 787 522 849 ὑποτίθεσθαι,
560 784 728 838 πάλαι
775 784 874 853 μὲν
922 783 1094 849 λέγων
1127 776 1269 833 εἷναι
1302 779 1392 832 τὸν
1429 777 1591 841 Θεὸν,
1629 778 1725 830 καὶ
1805 797 1812 806 ·

147 881 268 934 τινὰ
299 878 536 950 ἡσυχίαν
571 878 688 946 ἅμα
718 874 798 944 τῷ
829 873 948 943 Θεῷ
980 872 1316 942 ὑπογράφων
1357 867 1570 938 ἐαυτῷ,
1607 866 1723 921 κατ’

146 971 309 1026 αὐτὸν
342 972 550 1023 ἐκεῖνον
581 967 672 1020 τὸν
705 965 815 1018 τῶν
860 963 1034 1017 ἀθέων
1079 960 1412 1034 αἰρεσιωτῶν
1461 958 1723 1030 ἀρχηγὸν,

147 1063 205 1125 ὃς
227 1061 296 1114 τὰ
312 1060 450 1114 ἄθεα
473 1057 814 1129 δογματίζων
847 1054 1177 1124 ἀπεφαίνετο
1209 1052 1403 1120 λέγων,
1423 1047 1561 1104 «τΗν
1593 1047 1725 1112 Θεὸς

149 1153 242 1205 καὶ
275 1152 405 1222 σιγή
426 1168 440 1180 ·
456 1170 474 1201 ι
497 1149 637 1220 μετὰ
651 1148 710 1202 δὲ
727 1147 825 1218 τὴν
859 1145 1015 1216 σιγὴν
1034 1144 1130 1198 καὶ
1146 1143 1243 1214 τὴν
1260 1141 1490 1213 ἡσυχίαν
1527 1139 1725 1212 προελ-

149 1243 260 1295 Θείν
294 1241 387 1294 τὸν
435 1241 607 1310 Λόγον
646 1237 741 1292 τοῦ
773 1236 907 1290 Θεοῦ
941 1238 1000 1290 ὲν
1045 1236 1189 1306 ἀρχῇ
1236 1234 1334 1304 τῆς
1377 1231 1730 1302 κοσμοποιῒας

146 1336 418 1406 δραστικῇ
453 1330 725 1403 ἐνεργείᾳ.
767 1350 786 1381 ι
809 1328 942 1397 Quae
981 1336 1165 1382 autem
1209 1340 1518 1395 supponere
1560 1337 1730 1380 ausus

148 1437 236 1484 est
263 1427 588 1490 Marcellus,
623 1425 816 1480 dicens
843 1422 972 1476 olim
1004 1421 1223 1491 quidem
1254 1418 1426 1474 fuisse
1452 1416 1648 1479 Deum,
1677 1425 1734 1470 et

149 1521 395 1589 quietem
422 1517 716 1588 quamdam
748 1514 913 1571 simul
944 1527 1068 1567 cum
1097 1511 1210 1567 Deo
1237 1510 1556 1566 describens
1601 1507 1732 1578 (se-

151 1614 403 1667 cundum
427 1611 607 1680 ipsum
631 1608 786 1663 illum
801 1605 1092 1676 impiorum
1120 1604 1499 1659 haereticorum
1512 1601 1732 1665 ducem,

150 1705 250 1775 qui
311 1703 483 1772 impia
530 1701 911 1771 dogmatizans
964 1696 1209 1752 definivit
1262 1693 1550 1764 inquiens,
1602 1691 1739 1746 Erat
1771 1691 1816 1745 B

155 1795 298 1851 Deus
323 1807 374 1849 et
399 1793 728 1860 silentium),
752 1799 878 1862 post
901 1789 1175 1844 silentium
1205 1795 1386 1841 autem
1416 1794 1471 1840 et
1499 1784 1739 1854 quietem

148 1888 504 1960 processisse
544 1885 785 1941 Verbum
839 1883 934 1936 Dei
993 1882 1049 1936 in
1102 1879 1375 1950 principio
1443 1876 1741 1933 creationis

149 1979 350 2036 mundi
401 1977 608 2034 θαίωοί
655 1973 994 2044 Operatioue.
1027 1991 1046 2023 ι
1103 1971 1242 2024 Cum
1273 1970 1443 2040 igitur
1471 1966 1743 2023 Eusebius

151 2069 486 2126 Marcellum
530 2064 939 2138 perstrinxerit,
968 2061 1116 2131 quod
1145 2059 1383 2114 Verbum
1414 2066 1538 2128 post
1576 2056 1744 2111 silen-

151 2165 296 2218 tium
329 2161 602 2232 prodiisse
640 2156 862 2222 dixerit,
888 2163 942 2210 et
971 2154 1136 2209 simul
1172 2153 1340 2208 etiam
1369 2148 1748 2212 observaverit

154 2258 276 2312 hac
297 2270 332 2309 a
360 2251 643 2310 Gnosticis
667 2251 864 2306 hausta
888 2262 1030 2314 esse,
1056 2246 1200 2317 apud
1223 2259 1364 2314 quos
1390 2243 1568 2313 primo
1590 2249 1748 2298 erant

153 2349 308 2405 Deus
340 2357 397 2403 et
427 2347 746 2411 silentium;
781 2360 908 2400 cum
935 2343 1080 2397 idem
1112 2338 1421 2396 certissime
1450 2337 1616 2391 etiam
1646 2349 1749 2390 no-

155 2442 306 2497 verit
347 2443 467 2496 haec.
510 2455 636 2510 quae
682 2453 830 2492 nunc
862 2434 1005 2505 apud
1043 2431 1315 2504 lgnatium
1361 2429 1618 2500 legimus,
1648 2439 1751 2480 nec

159 2547 356 2590 tamen
405 2533 674 2588 adversus
719 2527 956 2584 Marcelli
995 2524 1249 2581 haeresim
1300 2520 1582 2591 usurparit
1624 2518 1752 2574 loco

159 2631 302 2686 satis
358 2639 690 2697 opportuno,
717 2623 842 2693 quis
893 2636 1004 2676 non
1055 2617 1207 2673 videt
1249 2616 1374 2672 sine
1402 2613 1515 2670 ullo
1552 2610 1754 2667 funda-

157 2731 361 2776 mento
412 2717 584 2773 asseri
620 2715 899 2786 lgnatiana
955 2709 1140 2766 lrenazi
1179 2709 1381 2765 saeculo
1434 2720 1545 2761 non
1584 2703 1756 2760 exsti-

158 2814 332 2872 tisse,
364 2808 514 2880 quod
557 2822 623 2862 ea
661 2807 750 2860 ille
779 2805 1042 2860 adversus
1075 2797 1351 2855 Valentini
1395 2796 1612 2853 somnia
1643 2809 1756 2850 non

159 2901 462 2971 usurparit
483 2900 506 2952 ?

240 2995 520 3061 Quocirca
548 2989 654 3045 levi
682 2985 1121 3042 antecedentium
1154 2983 1598 3053 conjecturarum
1621 2974 1758 3032 vell-

163 3088 391 3142 tatione
422 3083 651 3149 diillata,
683 3082 753 3136 ad
783 3086 1168 3150 argumentum
1199 3075 1377 3145 ipsum
1409 3087 1441 3126 a
1471 3068 1760 3124 Valentino

159 3185 410 3238 ductum
438 3177 672 3242 accedo;
703 3184 873 3243 utque
912 3171 1042 3224 illud
1075 3169 1282 3222 nullam
1315 3166 1422 3219 vim
1451 3163 1520 3218 ad
1544 3162 1764 3217 elevan-

165 3277 304 3332 dam
358 3270 554 3343 lgnatii
585 3266 963 3324 auctoritatem
982 3304 998 3329 ,
1028 3264 1142 3316 imo
1175 3276 1243 3314 ne
1273 3256 1508 3328 speciem
1540 3251 1765 3324 quidem

171 3369 355 3422 ullam
400 3372 502 3420 aut
546 3357 1083 3417 verisimilitudinem
1133 3353 1416 3409 continere
1451 3345 1762 3410 ostendam,

169 3470 429 3530 quatuor
473 3451 947 3526 propositionibus
987 3463 1104 3502 rem
1136 3459 1356 3501 omnem
1409 3440 1766 3511 complectar,

173 3555 391 3624 quibus
417 3558 476 3605 et
498 3548 783 3602 veritatem
799 3542 1104 3598 luculenter
1129 3544 1489 3609 exponam,et
1513 3531 1771 3588 omnibus

174 3641 637 3700 adversariorum
667 3633 1067 3706 objectionibus
1092 3627 1543 3686 manifestissime
1574 3638 1772 3680 occur-

177 3752 323 3791 ram.
362 3735 571 3788 Assero
601 3730 768 3799 igitur
801 3727 979 3798 primo
1005 3722 1313 3780 clarissime
1347 3729 1536 3791 patere
1578 3726 1774 3772 aucto-

177 3845 299 3886 rem
332 3825 588 3899 epistolae
624 3822 692 3877 ad
737 3819 1046 3891 Magnesios
1086 3815 1293 3871 nullam
1329 3811 1493 3866 aliam
1520 3808 1774 3864 haeresim

181 3923 372 3977 verbis
393 3935 464 3975 ex
489 3933 554 3972 ea
576 3915 806 3986 prolatis
833 3909 1163 3980 respexisse,
1185 3921 1351 3976 quam
1380 3919 1498 3960 eam
1527 3917 1649 3974 qua:
1672 3899 1778 3954 fuit

182 4014 387 4085 lgnatii
432 4027 556 4066 rem
593 4005 969 4079 cognitissima
995 4044 1009 4068 ,
1059 4001 1438 4056 Ebionitarum
1463 3997 1684 4052 scilicet
1726 4005 1780 4050 et

184 4107 611 4162 Nazareorum.
647 4099 787 4155 Cum
821 4106 1006 4152 autem
1051 4091 1350 4148 adversarii
1395 4090 1531 4146 adeo
1562 4103 1780 4144 asseve-

186 4209 382 4255 ranter
404 4192 770 4256 contendant,
803 4191 920 4246 haec
943 4186 1187 4258 epistolae
1222 4185 1386 4240 verba
1416 4184 1483 4238 ad
1507 4180 1780 4237 Valentini

190 4298 579 4348 commentum
620 4283 911 4353 respicere.
939 4280 1169 4350 ejusque
1216 4277 1493 4348 peculiare
1527 4274 1782 4330 delirium

194 4396 392 4454 reapse
423 4379 598 4434 ferire
629 4397 643 4432 :
671 4390 864 4432 assero
893 4371 1133 4428 secundo
1171 4370 1337 4425 verba
1381 4369 1520 4439 ipsa,
1554 4377 1615 4422 ut
1652 4375 1780 4422 sunt

194 4476 264 4530 ab
292 4483 526 4528 auctore
551 4469 798 4540 epistolae
827 4466 1058 4537 prolata,
1084 4463 1154 4518 ad
1182 4460 1531 4517 Valentinum
1558 4460 1782 4516 omnino

195 4584 308 4625 non
340 4574 618 4637 spectare,
648 4577 752 4617 nec
775 4561 894 4616 sine
927 4558 1164 4612 violenta
1214 4555 1530 4610 detorsione
1557 4552 1623 4607 ad
1663 4552 1783 4621 ejus

200 4661 454 4717 haeresim
471 4654 848 4727 exponendam
864 4649 1311 4719 refutandamque
1327 4646 1585 4717 applicari
1602 4660 1781 4714 posse.

205 4753 262 4808 Si
292 4754 422 4823 quis
451 4759 641 4804 tamen
679 4746 859 4801 adhuc
888 4744 1006 4798 sine
1042 4741 1254 4796 ratione
1285 4738 1554 4794 Valentini
1587 4737 1784 4808 dogma

207 4846 487 4916 respicere
535 4843 653 4896 haec
705 4838 869 4893 verba
906 4835 1150 4906 potuisse
1183 4833 1348 4898 velit,
1389 4848 1456 4887 ne
1486 4831 1785 4902 quidquam

207 4949 400 4994 contra
432 4931 823 5003 antiquitatem
850 4927 1096 4998 epistola:
1125 4927 1241 4981 haec
1266 4925 1455 4994 iniqua
1474 4924 1788 4993 conjectura

210 5033 393 5086 valere
409 5026 678 5081 videatur
703 5038 716 5073 :
741 5035 928 5077 assero
954 5019 1118 5073 tertio
1136 5017 1284 5071 illam
1311 5017 1484 5085 ipsam
1512 5013 1787 5079 haeresim,

215 5133 492 5194 quatenus
523 5117 611 5172 his
633 5115 814 5169 verbis
845 5112 997 5168 feriri
1023 5119 1269 5183 putatur,
1297 5109 1588 5165 Valentino
1615 5109 1793 5166 fuisse

218 5211 614 5282 antiquiorem,
643 5214 699 5261 et
729 5220 762 5259 a
789 5204 1181 5260 vetustioribus
1218 5203 1480 5272 gnosticis
1506 5203 1608 5272 ipsi
1637 5200 1796 5271 lgna-

221 5305 292 5359 tio
313 5301 521 5359 coaevis
543 5295 851 5354 certissime
874 5295 1190 5350 derivatam.
1218 5292 1374 5359 Quod
1404 5294 1448 5348 si
1474 5293 1597 5364 quis
1628 5293 1795 5348 etiam

215 5395 387 5451 adhuc
419 5391 768 5464 praefractius
791 5392 931 5447 tueri
951 5393 1100 5457 velit,
1128 5401 1404 5448 auctorem
1436 5389 1680 5461 epistolae
1706 5388 1793 5446 his

216 5487 390 5543 verbis
442 5484 796 5540 Valentinum
849 5485 1026 5555 ipsum
1075 5487 1420 5557 respexisse,
1473 5500 1574 5540 nec
1629 5483 1793 5554 Sigen

222 5577 490 5648 prioribus
527 5575 801 5631 haereticis
844 5577 1117 5646 cognitam
1157 5576 1327 5633 fuisse
1364 5585 1488 5646 post
1527 5583 1606 5630 tot
1641 5583 1795 5629 vete-

226 5685 339 5727 rum
365 5678 558 5744 aperta
586 5666 897 5722 testimonia
922 5667 1215 5724 concedat:
1248 5685 1344 5726 nec
1369 5669 1448 5726 sic
1469 5669 1687 5741 quidem
1710 5678 1799 5720 res

543 5761 820 5824 ΡΑτιιοι..
870 5758 987 5821 Gn.
1033 5761 1111 5826 V.

1819 404 1968 460 enim
2014 411 2234 472 quarto,
2266 399 2418 454 nullo
2449 405 2774 469 argumento
2805 396 2940 450 satis
2969 394 3129 449 ﬁrmo
3171 391 3394 464 probari

1821 509 1981 565 posse
2007 493 2156 564 ipsos
2173 490 2436 545 Valentini
2462 488 2766 560 peculiares
2787 501 3007 543 errores
3031 485 3208 542 fuisse
3234 483 3396 555 lgna.

1821 589 1900 643 tio
1928 583 2152 654 martyri
2177 596 2404 654 prorsus
2431 580 2760 644 incognitos.

2439 712 2667 774 CAPUT
2712 709 2798 771 ιν.

1827 837 2012 891 Prima
2052 836 2296 898 assertio,
2329 834 2484 888 verba
2523 831 2617 885 illa
2647 830 2746 882 οὐκ
2779 829 3076 900 ἀπδγσιγῆς
3123 827 3402 900 προελθών

1897 907 2119 959 Ιιίενρδίη
2165 904 2543 957 Ebionitarum
2574 901 2763 970 ferire,
2794 899 3048 963 probatur
3092 899 3400 953 ex'antece-

1898 975 2140 1030 dentibus
2163 984 2212 1027 et
2240 973 2691 1042 consequentibus.
2728 969 3030 1042 Explicatio
3053 977 3259 1042 tantum
3280 977 3403 1042 sunt

1900 1046 2073 1113 Λόγου
2119 1044 2309 1098 ἀϊδίου.
2349 1033 2619 1110 Ορροδὶιίο
2666 1033 2995 1106 ἱηιενλόγον
3025 1047 3076 1092 et
3105 1033 3263 1160 σιγὶὶν
3296 1039 3402 1107 fre-

1901 1115 2265 1160 mmntissima.
2304 1112 2510 1160 Petavii
2535 1111 2790 1160 expositio
2815 1110 3134 1160 defenditur.
3167 1108 3210 1160 0
3251 1109 3401 1160 iectio

1901 1109 2265 1185 quéntissima.
2302 1109 2510 1185 Petavii
2535 1111 2790 1185 empositio
2815 1110 3134 1185 defenditur.
3167 1109 3401 1185 0biec_tio

1904 1177 1968 1238 de
1997 1185 2195 1254 frigida
2229 1184 2488 1236 locutione
2516 1181 2773 1254 rejicitur.
2815 1177 3024 1254 Similes
3054 1189 3276 1254 veterum
3301 1177 3404 1230 Pa»

1905 1247 2048 1308 trum
2073 1247 2464 1322 explicationes
2490 1251 2806 1322 afferuntur.
2843 1247 3092 1322 Geminus
3216 1250 3402 1322 Augu—

1902 1325 2033 1380 stini
2063 1318 2206 1378 locus
2235 1318 2557 1386 vindicatur,
2593 1331 2644 1374 et
2688 1321 2857 1374 altera
2909 1318 3182 1386 Fulgentii
3225 1319 3409 1386 ﬁrma-

1905 1405 2010 1449 tur.
2047 1393 2389 1448 Locutionem
2426 1393 2636 1444 inanem
2679 1406 2782 1442 non
2809 1407 2937 1443 esse.
2999 1387 3106 1442 Vox
3132 1387 3410 1459 προελθεῖν

1905 1465 2202 1519 Petaviano
2231 1461 2407 1516 sensui
2438 1478 2540 1531 non
2565 1469 2837 1531 repugnat,
2880 1460 2972 1510 Ἐκ
3004 1459 3157 1531 σιγῆς
3177 1457 3268 1512 uel
3303 1457 3411 1511 ἀπὸ

1906 1536 2064 1606 σιγῆς
2092 1550 2198 1587 non
2231 1534 2370 1586 male
2406 1530 2555 1585 reddi
2587 1539 2710 1599 post
2741 1530 3039 1584 silentium.

1909 1645 2045 1701 lllud
2072 1655 2252 1702 autem
2282 1643 2429 1714 quod
2460 1643 2636 1714 primo
2664 1642 2785 1697 loco
2808 1641 3167 1696 asserendum
3205 1641 3410 1712 putavi,

1844 1751 2125 1796 auctorem
2157 1739 2401 1808 epistolae
2449 1738 2516 1791 ad
2551 1736 2860 1808 Magnesios
2891 1737 3071 1792 verbis
3096 1751 3162 1791 ex
3194 1751 3256 1791 ea
3288 1752 3417 1808 pro-

1841 1834 1968 1889 latis
1999 1831 2232 1887 haeresin
2261 1829 2665 1894 Ebionitarum,
2708 1844 2886 1898 neque
2919 1829 3085 1883 ullam
3118 1830 3282 1885 aliam
3326 1845 3416 1885 re-

1843 1925 2109 1995 spexisse,
2144 1923 2579 1978 luculentissime
2610 1921 2893 1992 probatur.
2939 1921 3070 1976 Duae
3110 1923 3255 1977 enim
3287 1937 3421 1977 con-

1839 2017 2099 2087 junctivze
2141 2014 2446 2085 particulae,
2493 2029 2601 2068 una
2633 2013 2791 2067 initio
2823 2012 3052 2082 hujusce
3098 2014 3380 2068 sententiae
3402 2048 3419 2079 ,

1846 2110 2018 2164 altera
2059 2108 2330 2179 principio
2363 2107 2644 2177 sequentis
2691 2107 2920 2166 inserta.
2971 2107 3106 2163 satis
3135 2106 3425 2163 manifeste

1847 2202 2144 2256 ostendunt
2189 2215 2301 2271 quo
2349 2208 2461 2254 tota
2506 2198 2775 2254 sententia
2820 2197 3103 2253 referenda
3134 2198 3316 2266 sit,et
3354 2197 3427 2254 ad

1847 2292 1980 2363 quid
2012 2302 2206 2347 auctor
2240 2291 2507 2361 epistolae,
2540 2305 2667 2345 cum
2689 2304 2752 2343 ea
2787 2289 3070 2355 scriberet,
3096 2290 3422 2347 collinearitt

1849 2382 2128 2438 Particula
2156 2382 2266 2453 γάρ
2294 2381 2534 2438 ostendit
2556 2381 2698 2436 hanc
2727 2381 2903 2451 ipsam
2930 2381 3254 2436 sententiam
3278 2382 3427 2452 prio-

1853 2477 1929 2529 ris
1963 2475 2235 2529 rationem
2278 2473 2595 2539 continere;
2633 2482 2687 2526 et
2733 2472 3009 2542 sequentis
3040 2472 3305 2541 particula
3333 2467 3430 2528 οὖν

1852 2563 2093 2618 ostendit
2119 2577 2239 2618 eam
2269 2577 2336 2617 ex
2360 2563 2464 2617 hac
2492 2562 2645 2632 sequi
2672 2561 2890 2616 debere.
2925 2561 2994 2616 At
3022 2571 3077 2616 et
3106 2563 3430 2617 antecedens

1855 2655 2127 2712 sententia
2175 2665 2228 2709 et
2275 2663 2570 2725 sequentes
2616 2652 2880 2707 Ebioncm
2934 2654 3134 2708 diserte
3189 2651 3429 2718 feriunt;

1857 2764 1990 2819 ergo
2010 2756 2064 2803 et
2082 2747 2198 2802 haec
2218 2762 2340 2818 qua:
2361 2746 2561 2816 prioris
2576 2746 2845 2800 rationem
2876 2745 3132 2815 explicat,
3164 2757 3218 2800 et
3246 2754 3434 2814 poste-

1860 2829 2102 2896 ritiribus
2131 2839 2488 2894 occasionem
2526 2839 2752 2908 praebet.
2793 2836 3133 2892 Autecedens
3166 2838 3284 2892 haec
3306 2847 3432 2892 est:

1864 2951 1887 2985 ι
1917 2931 1979 2986 Si
2010 2931 2156 2987 enim
2189 2944 2366 2999 usque
2394 2945 2544 2984 nunc
2591 2928 2894 2984 secundum
2923 2924 3268 2983 Judaismum
3298 2928 3437 2982 vivi-

1787 3033 1829 3092 α
1863 3014 2009 3087 mus,
2039 3022 2368 3077 confitemur
2386 3021 2616 3092 gratiam
2646 3035 2756 3074 non
2783 3020 3074 3090 recepisse.
3111 3040 3128 3072 ι
3167 3019 3243 3074 De
3270 3021 3436 3075 Ebio-

1863 3116 1998 3171 naais
2025 3113 2262 3169 lrenaeus
2284 3113 2377 3167 lib.
2409 3128 2448 3176 ι,
2471 3127 2520 3167 c.
2548 3111 2619 3165 ‘26
2645 3131 2658 3166 :
2690 3131 2708 3162 ι
2739 3112 3222 3166 Circumciduntur
3243 3119 3296 3166 et
3317 3125 3438 3182 per-

1864 3215 2118 3265 severant
2167 3206 2223 3260 in
2270 3205 2356 3259 his
2391 3204 2904 3271 consuetudinibus,
2936 3219 3057 3273 quae
3082 3214 3208 3258 sunt
3243 3219 3438 3259 secun-

1866 3299 1996 3352 dum
2049 3297 2246 3367 legem,
2283 3305 2338 3349 et
2381 3293 2612 3349 Judaico
2639 3295 2953 3349 charactere
2994 3294 3092 3348 uti.
3129 3314 3146 3345 ι
3186 3295 3328 3349 idem
3367 3307 3440 3351 te-

1868 3399 2080 3445 stantur
2110 3395 2237 3457 post
2284 3386 2547 3441 lrenaaum
2600 3399 2838 3440 omnes:
2893 3386 3220 3441 antecedens
3274 3387 3441 3456 igitur

1871 3479 2147 3534 senlentia
2171 3477 2435 3532 Ebioncm
2459 3478 2660 3532 diserte
2677 3476 2818 3531 ferit.
2840 3475 2972 3541 Quae
2993 3488 3172 3530 autem
3199 3493 3442 3548 sequun-

1872 3579 1961 3624 tur
1991 3587 2003 3622 :
2033 3569 2094 3622 Εί
2121 3565 2212 3622 οὖν
2241 3571 2288 3622 οἱ
2326 3570 2385 3621 ἐν
2425 3567 2675 3630 παλαιοῖς
2717 3567 3032 3638 πράγμασιν
3072 3569 3444 3639 ἀναστραφένο

1872 3677 1983 3724 τες,
2009 3663 2089 3723 εἰς
2119 3659 2408 3728 καινότητα
2437 3657 2646 3720 ἐλπίδος
2678 3657 2892 3728 ἤλυθον.
2923 3675 2941 3706 ι
2985 3655 3039 3710 Si
3077 3661 3240 3726 igitur
3269 3659 3322 3712 in
3349 3673 3445 3714 ve-

1875 3753 2087 3808 teribus
2115 3751 2283 3806 rebus
2325 3749 2638 3805 conversati
2681 3749 2737 3803 in
2787 3749 3084 3804 novitatem
3128 3750 3243 3819 spei
3279 3765 3444 3805 vene-

1877 3851 2027 3910 runt,
2063 3861 2083 3896 ›
2130 3851 2186 3898 et
2223 3850 2420 3897 caetera
2461 3841 2654 3896 eodem
2686 3841 2848 3911 plane
2891 3842 3142 3905 tendunt,
3177 3851 3238 3898 ut
3282 3859 3313 3899 a
3349 3842 3448 3899 Ju.

1876 3936 2109 4002 daismo,
2138 3949 2352 4005 nempe,
2382 3934 2644 3988 recedant
2672 3932 2768 4003 qui
2792 3932 3280 3989 Christianismum
3327 3949 3448 3991 am-

1879 4028 2186 4099 plectuntur
2214 4045 2227 4081 :
2266 4039 2390 4096 quae
2419 4023 2605 4078 omnia
2638 4023 2842 4078 directe
2870 4022 3136 4079 adversus
3181 4023 3449 4080 Ebioncm

1879 4126 1933 4171 et
1981 4131 2246 4186 sequaces
2286 4115 2546 4171 militant.
2588 4112 2716 4169 Haec
2741 4114 2858 4184 ipsa
2889 4116 3162 4171 sententia
3191 4116 3260 4171 ab
3287 4132 3451 4188 argu-

1882 4218 2068 4264 mento
2100 4209 2312 4279 incipit,
2354 4223 2466 4278 quo
2506 4207 2587 4262 uti
2617 4215 2829 4263 veteres
2861 4208 3126 4263 adversus
3168 4207 3453 4265 Ebionitas

1885 4301 2204 4369 similesque
2245 4299 2530 4355 haereticos
2581 4299 2832 4354 solebant
2872 4317 2885 4352 :
2939 4300 3002 4352 0t
3045 4298 3155 4370 γὰρ
3188 4299 3454 4354 θειότατοι

1816 4393 1860 4448 D
1885 4392 2161 4464 προφῆται
2203 4390 2342 4446 κατὰ
2385 4390 2620 4462 Χριστὸν
2665 4389 2870 4461 Ἰησοῦν
2903 4389 3120 4462 ἔζησαν.
3174 4410 3193 4442 ι
3228 4390 3461 4448 Divinis-

1883 4485 2011 4541 simi
2061 4485 2207 4538 enim
2262 4484 2538 4554 propheta:
2589 4481 2891 4538 secundum
2936 4483 3217 4539 Christum
3267 4482 3456 4539 Jesum

1883 4577 2174 4641 vixerunt;
2199 4595 2218 4627 ι
2259 4585 2313 4630 et
2342 4588 2403 4629 ut
2432 4575 2774 4631 demonstret
2799 4590 2895 4630 eos
2918 4575 3092 4645 gratia
3127 4574 3331 4630 Christi
3373 4577 3459 4630 in-

1885 4668 2124 4738 spiratos
2157 4669 2260 4721 hoc
2304 4665 2520 4734 fecisse,
2553 4667 2806 4722 eumdem
2839 4665 3032 4733 Deum,
3065 4682 3226 4736 quem
3256 4667 3332 4722 illi
3364 4682 3458 4722 co-

1885 4761 2093 4827 lebant,
2121 4757 2505 4814 manifestasse
2530 4775 2588 4814 se
2611 4775 2706 4828 per
2727 4754 2927 4812 Filium
2953 4774 3115 4813 suum
3144 4760 3295 4826 dicit,
3323 4779 3341 4811 ι
3363 4761 3460 4830 qui

1889 4861 1974 4907 est
2001 4861 2265 4906 aeternum
2297 4850 2417 4920 ejus
2451 4847 2714 4915 Verbum,
2740 4868 2758 4900 ι
2794 4858 2985 4904 contra
3015 4849 3266 4904 eumdem
3296 4849 3460 4904 Ebio-

1891 4955 2038 5006 nem,
2068 4939 2162 5008 qui
2205 4953 2330 4993 eum
2378 4938 2585 4992 nudum
2632 4937 2909 4991 hominem
2964 4951 3088 4991 esse
3136 4937 3458 4998 asserebat,

1891 5041 2156 5086 aeternum
2189 5030 2438 5100 negabat.
2474 5028 2594 5084 Non
2624 5038 2837 5083 tantum
2864 5026 3008 5082 enim
3034 5027 3110 5080 illi
3136 5027 3230 5097 qui
3253 5042 3321 5081 ex
3342 5027 3462 5081 viro

1894 5131 1948 5175 ct
1995 5119 2201 5175 femina
2233 5119 2518 5174 Christum
2560 5117 2951 5188 praedicabant,
2996 5117 3088 5172 sed
3133 5125 3188 5172 et
3223 5117 3258 5170 ii
3295 5117 3461 5170 etiam

1896 5213 1991 5282 qui
2043 5228 2165 5267 eum
2206 5227 2274 5265 ex
2321 5211 2546 5280 Virgine
2594 5217 2784 5264 natum
2835 5208 3229 5279 agnoscebant,
3255 5207 3317 5259 οὐ
3356 5198 3464 5277 μὴν

1897 5302 2012 5356 οὐδ’
2043 5302 2241 5373 ὁμοίως
2269 5301 2362 5354 καὶ
2403 5293 2549 5354 οὗτοι
2587 5299 2959 5372 προϋπάρχειν
3001 5299 3163 5353 αὑτὸν
3200 5297 3332 5352 Θεὸν
3363 5299 3451 5351 Λό-

1897 5410 1991 5460 γον
2012 5392 2138 5445 6ντα
2163 5392 2255 5445 καί
2277 5393 2464 5461 σοφίαν
2486 5391 2852 5462 ὁμολογοῦσιν,
2880 5409 2898 5441 ι
2931 5389 3314 5460 praeexstttisse
3341 5403 3468 5444 eum

1899 5492 1960 5536 ut
1992 5481 2160 5537 Deum
2179 5480 2418 5536 Verbum
2442 5491 2496 5536 et
2515 5481 2848 5551 Sapientiam
2879 5481 3101 5534 minime
3127 5477 3465 5534 conﬁteban-

1902 5585 2012 5640 tur,
2049 5594 2069 5627 ι
2109 5584 2168 5629 ιιι
2190 5582 2418 5629 testatur
2448 5572 2722 5629 Eusebius
2745 5574 2842 5630 lib.
2871 5589 2955 5640 ιιι,
2987 5589 3039 5630 c.
3065 5571 3259 5628 27.1ta
3283 5571 3467 5626 omnia

1902 5663 2270 5724 tonvellendae
2313 5663 2540 5721 Ebionis
2573 5664 2767 5722 haeresi
2795 5665 3062 5737 .apprime
3090 5662 3428 5718 conveniunt
3449 5702 3468 5730 ,

3082 5755 3158 5818 10
