3834 6206
424 234 534 293 939

1407 227 1466 284 S.
1505 225 1854 286 lGNATlUS.
1895 257 1966 267 ——
1996 222 2530 282 PROLECOMENA.

3589 220 3696 276 500

425 363 602 420 neque
628 349 737 405 alio
776 358 1010 420 possunt
1040 357 1310 420 spectare,
1342 350 1452 406 nis'.
1478 350 1587 405 vim
1617 349 1802 405 verbis
1831 349 2002 402 mani-
2030 353 2077 410 Α
2104 353 2190 399 est
2222 357 2288 399 ea
2316 358 2438 399 esse
2475 358 2544 397 ex
2573 352 2700 412 .tota
2736 339 3022 412 lgnatiana
3053 340 3312 411 perioche
3340 337 3694 398 certissima;

426 437 623 495 festam
654 439 980 496 inferamus.

492 527 633 584 Cum
663 540 846 585 autem
877 529 1158 586 Christum
1187 531 1401 586 dixerat
1424 529 1666 586 Verbum
1699 537 1998 592 aeternum,

424 621 484 685 ὅς
505 622 658 676 ’ἐστιν
683 622 846 676 αὐτοῦ
884 624 1054 693 Λόγος
1083 624 1272 689 ἀΐδιος,
1311 625 1363 679 id
1395 624 1634 679 breviter
1667 624 1904 694 explicat
1932 622 2002 680 iis

423 714 628 781 verbis,
649 716 749 768 οὐκ
771 715 877 769 ἀπὸ
907 718 1064 788 σιγῆς
1091 716 1389 788 προελθὼν,
1421 735 1440 768 ι
1472 715 1733 783 Verbum,
1752 716 1999 786 inquam,

425 816 714 871 aeternum,
745 824 856 862 non
899 823 930 862 a
962 808 1180 864 silentio
1225 810 1576 878 proveniens,
1615 827 1636 860 ι
1671 817 1734 863 ut
1772 808 2001 863 verbum

426 911 522 952 seu
545 911 734 954 ‘sermo
777 900 960 955 omnis
988 901 1084 971 qui
1128 910 1368 956 aeternus
1402 915 1514 955 non
1551 908 1654 956 est.
1700 897 1827 955 Haec
1853 899 2001 954 enim

425 990 660 1060 adjectio
693 991 827 1046 nihil
855 991 1004 1046 aliud
1028 1001 1112 1048 est
1141 1009 1307 1062 quam
1334 993 1582 1062 exegesis
1613 992 1730 1047 sive
1756 992 2000 1062 explica-

424 1084 503 1136 tio
535 1083 852 1138 aeternitatis
900 1081 1094 1150 Verbi,
1125 1098 1301 1153 eaque
1328 1083 1488 1154 plane
1523 1082 1790 1138 naturalis
1818 1091 1872 1137 et
1904 1082 2007 1136 ob-

421 1170 532 1239 v‘ia,
563 1186 618 1232 et
654 1177 773 1232 sine
805 1177 920 1232 ullo
951 1185 1204 1246 respectu
1249 1177 1318 1230 ad
1347 1175 1512 1230 aliam
1548 1175 1788 1245 aliquam
1832 1186 2000 1245 pecu.

420 1268 612 1324 liarem
643 1269 874 1323 hmresin
903 1267 1141 1322 maxime
1164 1265 1408 1337 propria,
1442 1265 1675 1322 reddens
1700 1280 1890 1321 veram
1914 1280 2006 1320 no-

420 1363 626 1416 tionem
673 1361 861 1416 seterni
910 1359 1095 1423 Verbi,
1129 1371 1183 1414 et
1211 1360 1280 1414 ab
1311 1359 1418 1413 alio
1449 1358 1615 1414 verbo
1659 1372 1773 1412 non
1800 1365 2006 1412 αξιοι-πο

423 1463 572 1508 recte
605 1452 969 1522 distinguens.
1022 1449 1122 1506 Hic
1162 1458 1248 1505 est
1277 1451 1525 1505 omnium
1563 1450 1849 1505 hominum
1885 1448 2007 1503 vul-

419 1547 569 1618 garis
615 1546 682 1601 de
711 1547 878 1602 verbo
921 1548 1253 1615 conceptus,
1305 1554 1368 1600 ut
1397 1545 1544 1615 quod
1592 1544 1868 1600 silentium
1915 1532 2008 1600 re-

421 1639 636 1711 spiciat.
673 1638 748 1695 [ta
785 1640 930 1710 apud
964 1638 1254 1710 Virgilium
1285 1637 1431 1694 Juno
1449 1639 1495 1671 '°
1523 1639 1552 1693 :'

751 1773 766 1788 .
798 1772 812 1787 .
848 1773 860 1785 .
904 1731 1047 1796 Quid
1079 1747 1160 1786 me
1187 1730 1300 1785 alta
1331 1730 1547 1785 silentia
1581 1731 1724 1800 cogis

492 1803 770 1872 Rumpere,
800 1812 851 1857 et
873 1804 1157 1857 obductum
1185 1801 1353 1855 verbis
1370 1801 1839 1888 vulgare/tolerent
1857 1800 1883 1854 .’

421 1890 527 1948 Ubi
545 1893 1033 1960 Servi'us,’Silentia
1062 1903 1243 1947 autem
1272 1907 1546 1962 rumpere,
1579 1912 1596 1944 ι
1618 1893 1770 1962 loqui
1787 1892 2006 1963 proprie

422 1989 658 2043 dictum.
690 2005 709 2038 ι
735 1987 812 2040 Ex
839 1985 1058 2040 silentio
1084 2000 1216 2056 ergo
1242 1985 1378 2049 exit,
1411 1999 1508 2040 seu
1537 1985 1848 2055 prorumpit
1878 1998 2006 2038 ver-

421 2081 576 2137 bum.
603 2079 741 2150 lluic
763 2086 946 2134 autem
976 2077 1055 2148 τῷ
1077 2092 1334 2148 rumpere
1359 2077 1638 2133 silentium
1665 2077 2006 2133 contrarium

423 2173 568 2244 apud
607 2171 828 2231 Graecos
851 2181 934 2227 est
961 2171 1021 2224 τὸ
1046 2171 1354 2243 ἐχεμυθεῖν.
1395 2169 1705 2242 Hesychius
1733 2188 1746 2223 :
1774 2163 2005 2240 Ἐχέμυ-

423 2263 536 2330 Θος,
569 2263 706 2335 ἔχων
733 2266 793 2319 ὲν
821 2259 1000 2334 ἐαυτῷ
1042 2262 1133 2317 τὸν
1175 2263 1362 2332 λόγον,
1395 2263 1514 2335 ἦτοι
1544 2261 1762 2334 κρατῶν
1799 2260 1892 2315 τὸν
1929 2254 2010 2314 λό-

425 2375 522 2428 γον
555 2360 756 2430 σιωπῇ.
802 2357 870 2412 Ει
896 2372 1132 2414 rursus:
1178 2351 1514 2428 Ἐχεμυϐεῖν,
1551 2357 1785 2428 σιωπᾷν,
1814 2355 2008 2423 λόγους

426 2449 662 2519 στέγειν.
697 2449 853 2506 Unde
883 2449 1176 2505 Ammonio
1196 2449 1400 2505 dicitur
1423 2450 1549 2521 σιγὴ
1582 2449 1798 2520 στέρξις
1821 2447 2005 2517 λόγου,

427 2542 522 2596 ubi
575 2541 758 2598 sentio
793 2541 978 2612 potius
1028 2541 1319 2613 legendum
1350 2541 1558 2608 στέξις,
1609 2541 1820 2610 στέγειν
1859 2540 2007 2594 enim

427 2636 584 2704 λόγον
611 2650 677 2690 eo
705 2651 872 2692 sensu
901 2635 1093 2691 dicunt
1119 2637 1316 2703 Graeci,
1351 2651 1460 2691 non
1495 2635 1762 2708 στέργειν,
1783 2641 1845 2688 ut
1884 2632 2010 2702 opi-

427 2744 550 2784 nor.
584 2728 712 2786 Inde
742 2729 904 2802 σιγῆς
936 2741 991 2788 et
1027 2730 1186 2802 λόγου
1217 2730 1508 2787 antithesis
1553 2729 1811 2784 omnibus
1843 2725 2008 2781 fami.

425 2821 602 2885 liaris,
639 2833 700 2880 ut
721 2821 1101 2880 Nazianzenus
1129 2825 1377 2881 carmine
1407 2823 1475 2878 12
1508 2823 1576 2878 ad
1607 2822 1939 2892 episcopos:

569 2919 745 2972 Θύσω
765 2919 866 2972 καὶ
893 2919 1098 2990 σιγὴν,
1127 2919 1207 2985 ὡς
1229 2917 1539 2986 τοπάροιθε
1565 2916 1771 2985 λόγον.

428 3002 496 3063 Et
519 3020 640 3063 orat
670 3011 738 3066 14
765 3030 777 3065 :
814 3013 876 3065 Οἱ
895 3011 991 3066 τοῦ
1025 3011 1184 3081 λόγου
1207 3010 1476 3082 τοσαύτης
1502 3009 1669 3079 ἐσμὲν
1712 3004 1868 3076 σιγῆς
1911 3021 2011 3076 με·

431 3103 566 3156 στοί.
602 3104 740 3159 Cum
787 3105 953 3176 igitur
989 3105 1213 3160 verbum
1261 3105 1381 3160 sive
1414 3119 1726 3160 sermonem
1757 3117 2011 3157 commu-

430 3198 571 3250 niter
599 3205 880 3268 sumptum
910 3197 986 3252 ita
1016 3197 1308 3267 concipere
1340 3196 1639 3259 soleamus,
1671 3201 1732 3248 ut
1767 3207 1894 3247 eum
1939 3191 2015 3246 si-

430 3281 660 3339 lentium
700 3301 916 3356 semper
957 3288 1258 3357 praecedat;
1315 3295 1508 3341 auctor
1551 3294 1736 3340 autem
1770 3283 2017 3353 epistola:

426 3375 542 3448 jam
571 3378 804 3434 dixisset
834 3375 1074 3434 Verbum
1108 3380 1257 3450 quod
1287 3379 1540 3435 Christus
1567 3389 1670 3444 cst,
1702 3391 1826 3432 esse
1853 3385 2015 3431 aeter-

430 3487 597 3539 num;
628 3480 896 3527 aztemum
926 3481 1110 3527 autem
1142 3487 1264 3528 esse
1287 3487 1396 3527 non
1429 3479 1610 3542 potest
1639 3471 1786 3541 quod
1820 3471 1888 3524 ab
1911 3469 2015 3525 ali-

432 3580 543 3634 quo
574 3565 682 3619 alio
711 3564 1074 3635 praceditur:
1113 3580 1242 3620 vere
1273 3573 1326 3620 et
1353 3573 1663 3635 opportune
1688 3578 1815 3618 cum
1859 3562 2018 3616 Chri-

433 3663 578 3711 s'tum
610 3655 851 3712 Verbum
875 3658 1133 3727 appellat,
1165 3672 1274 3712 non
1307 3657 1414 3712 tale
1447 3657 1672 3728 intelligi
1701 3656 1898 3712 debere
1920 3655 2018 3710 ad-

435 3759 644 3816 monet,
695 3749 860 3820 quale
897 3769 916 3802 ι
953 3765 1023 3805 ex
1065 3749 1286 3807 silentio
1314 3751 1618 3821 proveniat.
1651 3769 1670 3802 ι
1724 3748 2017 3804 Silentium

437 3852 616 3898 autem
660 3844 774 3898 sive
813 3844 964 3912 σιγή,
999 3842 1115 3897 sive
1157 3843 1335 3912 σιωπή
1369 3842 1606 3906 dicatur,
1653 3841 1881 3911 perinde
1911 3849 2016 3896 est.

437 3933 510 3988 Ut
538 3933 791 3989 Clemens
819 3933 1227 3989 Alexandrinus
1249 3973 1266 3999 ,
1287 3934 1662 3988 Admonitione
1688 3934 1759 3987 ad
1783 3932 1972 3988 Gentes
1998 3948 2018 3986 :

436 4029 608 4080 Τοῦτο
631 4023 698 4099 ἦν
726 4027 755 4080 ὃ
795 4027 1038 4100 ᾐνίττετο
1070 4029 1104 4098 ἡ
1135 4027 1403 4099 Ζαχαρίου
1451 4027 1630 4098 σιωπὴ
1672 4026 2018 4098 ἀναμένουσα

435 4125 527 4175 τὸν
544 4121 848 4195 πρόδρομον
868 4120 962 4174 τοῦ
989 4119 1226 4192 Χριστοῦ
1261 4119 1492 4191 καρπὸν,
1529 4118 1615 4172 ἵνα
1642 4119 1741 4189 τῆς
1764 4116 2020 4188 ἀληθείας

433 4217 496 4268 τὸ
523 4215 637 4286 φῶς
661 4218 690 4269 ὁ
713 4217 885 4284 Λόγος
913 4214 1022 4268 τῶν
1057 4213 1408 4286 προφητικῶν
1432 4212 1768 4284 αἰνιγμάτων
1792 4211 1892 4283 τὴν
1922 4229 2022 4282 μυ-

439 4309 632 4379 στικὴν
679 4306 1016 4380 ἀπολύσηται
1070 4306 1280 4376 σιωπὴν
1327 4303 1658 4373 Εὑαγγέλιον
1706 4303 2018 4374 γενόμενος.

2040 3065 2087 3129 C

2101 445 2157 493 et
2185 435 2419 491 Dallaaus
2449 436 2569 506 ipse
2600 435 2693 490 illa
2730 434 2898 490 verba
2915 476 2930 502 ,
2959 435 3022 498 ὃς
3043 435 3193 489 ἐστιν
3213 433 3384 488 αὐτοῦ
3412 432 3590 501 Λόγος
3615 433 3694 486 ἀι-

2100 532 2232 597 διος,
2271 531 2430 587 affert
2457 539 2722 600 tanquam
2746 529 3014 586 adversus
3043 531 3396 585 Anemonem
3429 538 3487 584 et
3511 528 3694 586 Thes»

2101 630 2289 680 dotum
2317 623 2682 680 disertissima
2700 663 2717 690 ,
2749 623 2846 694 qui
2869 621 3102 677 Ebionis
3130 622 3365 677 heresin
3389 621 3694 692 amplecte-

2107 717 2350 772 bantur:
2383 717 2452 772 de
2500 714 2952 786 interpretatione
2989 714 3228 785 simplici
3257 728 3453 769 eorum
3498 715 3682 769 verbo

2102 825 2250 874 rum,
2273 809 2374 862 οὐκ
2394 807 2504 862 ἀπὸ
2526 807 2687 878 σιγῆς
2707 803 3008 878 προελθών,
3024 805 3158 876 quid
3180 806 3415 861 senserit
3433 804 3696 869 Dallaaus,

2105 902 2281 974 probe
2308 901 2425 957 scio
2455 916 2523 956 ex
2571 899 2640 954 iis
2666 915 2790 968 quae
2819 908 3009 954 contra
3041 897 3323 953 Petax‘ium
3368 899 3697 967 disputavit.

2103 995 2199 1052 llle
2231 996 2379 1052 enim
2428 994 2894 1065 perspicacissimi
2925 993 3130 1063 ingenii
3170 992 3384 1048 Jesuita
3429 995 3583 1048 hunc
3618 993 3700 1046 uti

2104 1086 2253 1142 haud
2280 1086 2447 1156 paulo
2475 1085 2908 1141 commodiorem
2935 1094 2992 1140 et
3021 1084 3326 1140 faciliorem
3355 1100 3584 1140 sensum
3608 1099 3702 1141 se-

2105 1186 2266 1234 cutus
2309 1186 2414 1234 est.
2463 1195 2483 1230 ι
2516 1175 2781 1242 Verbum,
2811 1177 3011 1248 inquit,
3046 1178 3162 1233 sive
3189 1192 3504 1233 sermonem
3533 1177 3701 1249 lgna-

2103 1270 2215 1325 tius
2243 1269 2444 1325 asserit
2469 1283 2596 1325 esse
2642 1267 2830 1324 Jesum
2857 1269 3142 1325 Christum
3181 1267 3280 1324 Dei
3309 1268 3534 1335 Filium,
3580 1283 3700 1326 non

2106 1361 2287 1430 qualis
2331 1369 2418 1416 est
2446 1370 2666 1416 creatus
2691 1372 2747 1417 et
2776 1361 3055 1417 humanus
3086 1376 3290 1427 sermo,
3331 1363 3425 1432 qui
3454 1362 3511 1416 in
3556 1369 3701 1416 tem-

2106 1469 2240 1526 pore
2285 1454 2480 1526 incipit
2514 1463 2570 1510 et
2615 1457 2668 1509 in
2709 1467 2954 1524 tempore
3001 1454 3238 1520 desinit;
3277 1470 3388 1509 non
3422 1455 3574 1509 enim
3611 1463 3701 1511 est

2107 1557 2366 1601 aeternus.
2419 1545 2539 1601 Hoc
2588 1561 2784 1610 unum,
2837 1561 2938 1601 nec
2985 1545 3136 1601 aliud
3176 1546 3478 1615 quidquam
3523 1545 3702 1601 voluit

2107 1639 2373 1712 lgnatius.
2410 1659 2430 1687 ι
2464 1638 2618 1695 Hanc
2645 1649 2827 1694 autem
2868 1639 3079 1696 Petavii
3107 1640 3533 1709 explicationem
3567 1639 3698 1694 Dal-

2032 1711 2078 1773 Β
2105 1711 2240 1789 Iasus
2265 1731 2518 1802 frigidam
2555 1741 2612 1787 et
2646 1733 2864 1786 inanem
2895 1732 3166 1802 argutiam
3193 1740 3371 1785 vocat.
3401 1730 3520 1800 Ego
3554 1731 3610 1784 in
3635 1747 3698 1784 ea

2105 1825 2246 1880 nihil
2292 1824 2577 1895 frigidum,
2613 1825 2748 1879 nihil
2796 1823 2990 1888 inane,
3021 1838 3089 1878 ne
3133 1824 3435 1893 quidquam
3471 1823 3699 1893 quidem

2106 1923 2362 1984 argutum
2390 1914 2589 1980 video;
2621 1914 2806 1968 omnia
2831 1913 3016 1983 potius
3040 1914 3226 1984 plana,
3253 1915 3570 1984 perspicua,
3597 1928 3701 1983 apa

2105 2007 2309 2078 posita,
2359 2015 2416 2060 et
2469 2005 2750 2061 communi
2799 2004 3116 2061 Graecorum
3171 2005 3416 2061 sermoni
3458 2007 3700 2061 maxime

2107 2097 2416 2155 conformia
2445 2097 2723 2152 videntur.
2741 2097 2846 2153 Sed
2863 2099 3065 2168 primo,
3097 2099 3292 2169 inquit,
3314 2114 3515 2168 «quam
3543 2097 3700 2169 frigi-

2107 2191 2236 2247 dum
2271 2198 2377 2255 est,
2404 2189 2788 2260 Magnesianos
2820 2205 3070 2257 monere,
3099 2189 3298 2245 Filium
3336 2191 3433 2246 Dei
3466 2193 3697 2246 verbum

2109 2298 2232 2338 esse
2271 2282 2468 2352 ipsius,
2501 2298 2610 2336 non
2644 2291 2826 2338 tamen
2856 2283 3126 2353 ejusmodi
3157 2292 3220 2337 ut
3246 2292 3373 2353 post
3414 2283 3699 2339 silentium

2107 2375 2396 2446 prodierit.
2427 2396 2446 2428 ι
2468 2374 2589 2430 Jam
2617 2375 2872 2430 criticum
2906 2375 3017 2446 agit
3049 2373 3300 2439 Dallzeus,
3337 2375 3434 2430 sed
3465 2373 3701 2430 infelici-

2111 2476 2213 2522 ter.
2230 2466 2372 2534 Quid
2395 2468 2567 2534 enim,
2593 2467 2638 2522 si
2660 2467 2764 2520 hoc
2787 2465 3048 2542 frigidum
3075 2466 3168 2532 sit,
3193 2481 3324 2536 ergo
3349 2464 3699 2535 lgnatianum

2110 2573 2233 2615 esse
2285 2574 2393 2619 non
2427 2560 2641 2629 potest?
2684 2559 2767 2612 An
2816 2573 3042 2614 necesse
3089 2567 3174 2614 est
3218 2568 3278 2613 ut
3307 2559 3700 2622 sanctissimus

2111 2659 2321 2723 martyr
2354 2652 2556 2707 melius
2587 2653 2891 2723 scripserit,
2921 2668 3087 2722 quam
3119 2653 3259 2709 clari
3285 2651 3431 2706 inter
3471 2651 3698 2706 Graecos

2111 2751 2385 2811 oratores,
2411 2744 2467 2797 in
2490 2759 2726 2814 quorum
2757 2744 3106 2800 orationibus
3130 2745 3301 2800 multa
3330 2743 3530 2811 frigide
3551 2744 3696 2800 dicta

2113 2845 2376 2892 n0tarunt
2418 2837 2595 2893 critici
2642 2838 2887 2893 veteres?
2917 2837 2993 2892 De
3031 2836 3270 2893 Isocrate
3317 2853 3538 2894 summo
3579 2840 3698 2892 viro

2114 2925 2412 2998 Dionysius
2435 2926 2904 2998 lialycarnasseus
2925 2948 2938 2982 :
2962 2927 3292 2998 Σχηματίζει
3311 2927 3369 2980 δὲ
3401 2927 3696 2999 φορτικῶς,

2114 3019 2211 3074 καὶ
2238 3018 2309 3073 τὰ
2338 3019 2510 3074 πολλὰ
2536 3021 2744 3089 γίνεται
2777 3021 3004 3092 ψυχρός.
3034 3022 3152 3075 lmo
3184 3018 3439 3075 [socratis
3461 3020 3701 3075 imitato-

2117 3126 2208 3166 res
2245 3111 2474 3184 frigidos
2503 3127 2626 3167 esse
2661 3113 2933 3178 observat,
2969 3128 3034 3168 ex
3065 3111 3268 3182 quibus
3312 3111 3568 3166 nominat
3611 3110 3700 3165 Ti-

2119 3218 2341 3267 maeum,
2369 3202 2650 3260 Platonem
2693 3215 2746 3260 et
2775 3205 3116 3275 Sosigenem.
3135 3203 3417 3273 Longinus
3430 3203 3698 3260 Timaeum

2119 3299 2326 3370 pariter
2355 3307 2410 3354 et
2446 3299 2730 3354 Platonem
2770 3301 3049 3366 nominat,
3080 3301 3281 3370 quibus
3314 3301 3480 3356 etiam
3517 3300 3701 3357 Xeno-

2118 3391 2380 3460 phontem
2442 3391 2710 3460 adjungit.
2760 3389 2880 3445 Non
2925 3391 3090 3462 igitur
3138 3393 3395 3464 martyris
3451 3393 3699 3448 auctori-

2121 3491 2286 3536 tatem
2318 3481 2616 3548 imminuit,
2642 3483 2688 3537 si
2724 3482 2864 3538 forte
2893 3483 3103 3553 aliquid
3131 3483 3328 3553 frigide
3346 3485 3577 3552 dixerit;
3603 3486 3701 3541 diu

2121 3583 2247 3629 ante
2269 3590 2395 3630 eum
2427 3575 2630 3630 summi
2658 3575 2713 3630 in
2743 3575 2951 3631 Graecia
2981 3575 3086 3630 viri
3129 3574 3328 3646 frigide
3356 3568 3532 3632 multa
3562 3579 3703 3633 scri-

2119 3669 2298 3739 psisse
2327 3669 2499 3725 notati
2533 3679 2679 3724 sunt.
2721 3668 2826 3724 Sed
2878 3669 3121 3724 nondum
3152 3669 3332 3736 video,
3363 3685 3538 3739 quare
3584 3670 3703 3725 haec

2119 3760 2328 3816 locutio
2386 3762 2524 3816 adeo
2554 3761 2751 3831 frigida
2784 3763 3177 3817 existimetur:
3232 3762 3347 3816 lmo
3390 3778 3560 3828 vero,
3611 3765 3700 3818 in-

2120 3855 2260 3924 quit,
2305 3873 2324 3906 ι
2357 3855 2520 3924 quasi
2585 3855 2654 3910 sit
2692 3855 2984 3924 quisquam
3031 3855 3168 3910 adeo
3197 3854 3405 3920 fatuus,
3441 3865 3500 3910 ut
3535 3871 3705 3925 quem

2122 3947 2276 4001 audit
2304 3962 2424 4002 esse
2473 3946 2661 4002 Jesum
2710 3948 2990 4004 Christum
3039 3947 3136 4003 Dei
3183 3947 3406 4012 Filium,
3445 3949 3706 4004 eumdem

2120 4049 2316 4109 putare
2359 4041 2534 4110 possit
2563 4055 2592 4093 a
2633 4041 2851 4097 silentio
2875 4057 2998 4097 esse
3046 4043 3266 4097 ortum?
3297 4061 3316 4094 ι
3348 4042 3545 4098 Astute
3586 4044 3709 4097 haec

2122 4132 2374 4201 quidem;
2405 4133 2608 4187 omittit
2636 4135 2784 4187 enim
2829 4133 2882 4189 id
2911 4135 3057 4204 quod
3089 4135 3145 4189 in
3179 4135 3283 4190 hac
3309 4150 3369 4190 re
3394 4144 3479 4190 est
3506 4137 3712 4204 praeci-

2121 4237 2292 4293 puum
2350 4221 2590 4279 Verbum
2649 4226 2888 4292 scilicet,
2919 4229 3032 4282 sive
3061 4243 3394 4284 sermonem.
3437 4226 3710 4294 Quamvis

2125 4316 2218 4372 Dei
2246 4317 2418 4375 Filius
2441 4320 2677 4386 dicatur,
2715 4321 2846 4375 dum
2891 4331 3072 4376 tamen
3105 4322 3333 4377 verbum
3377 4323 3544 4386 idem,
3587 4323 3712 4380 sive

448 4421 465 4452 ι
501 4400 616 4456 lloc
643 4408 762 4455 erat
792 4401 938 4470 quod
970 4398 1354 4455 subindicabat
1383 4396 1664 4452 Zachariae
1705 4397 1982 4452 silentium
2003 4436 2019 4461 ,
2053 4415 2097 4470 ι)
2128 4425 2312 4465 sermo
2359 4411 2584 4479 dicitur,
2615 4412 2772 4470 facile
2797 4415 2924 4470 talis
2950 4425 3250 4485 conceptus
3277 4417 3331 4469 in
3374 4419 3560 4472 animo
3605 4433 3713 4472 au-

439 4492 683 4547 fructum
707 4491 916 4546 Christi
941 4503 1335 4562 przecursorem
1365 4489 1708 4558 praestolans,
1732 4496 1793 4542 ut
1812 4487 1906 4541 lux
1926 4500 2012 4540 ve-

2123 4502 2390 4558 dientium
2423 4503 2714 4574 formatur,
2743 4507 2828 4562 vel
2857 4508 3095 4578 objectio
3120 4510 3323 4578 potius.
3351 4510 3554 4564 Verum
3581 4513 3715 4582 qui-

441 4586 623 4642 ritatis
667 4584 909 4639 Verbum
943 4584 1389 4653 propheticorum
1435 4583 1786 4652 muigmatum
1829 4580 2012 4652 mysti-

2125 4598 2248 4653 dem
2294 4607 2379 4654 est
2427 4599 2721 4672 lgnatium,
2795 4602 2925 4658 dum
2973 4604 3086 4659 vult
3133 4603 3414 4660 Christum
3459 4580 3714 4665 Verbum

443 4697 569 4736 cum
600 4681 838 4737 solveret
869 4680 1152 4736 silentium
1202 4678 1560 4749 Evangelium
1610 4674 2025 4745 factum..Spe-

442 4782 624 4828 clatur
653 4773 817 4844 igitur
837 4772 993 4842 λόγος
1019 4771 1390 4827 communiter
1411 4780 1674 4839 tanquam
1700 4768 1879 4838 σιγῆς,
1909 4766 2026 4822 sive

446 4867 658 4936 σιωπῆς
678 4864 959 4932 ἀπόλυσις,
976 4863 1356 4936 praecedentis,
1385 4863 1613 4928 scilicet,
1639 4862 1840 4917 silentii
1877 4862 2027 4916 solu-

446 4956 542 5010 tio.
589 4953 754 5009 Recte
795 4954 962 5024 igitur
1017 4955 1274 5008 admonet
1304 4952 1546 5024 lgnatius
1615 4963 1823 5018 noster,
1867 4951 2029 5005 Chri-

446 5057 612 5109 stum,
630 5061 751 5099 cum
775 5044 945 5113 Λόγος
963 5044 1181 5110 dicitur,
1207 5053 1473 5099 aeternum
1495 5052 1675 5099 tamen
1695 5057 1837 5109 esse,
1867 5043 2030 5096 adco-

446 5155 554 5209 que
583 5139 743 5192 talem
759 5151 1022 5203 nonesse,
1035 5138 1214 5207 qualis
1234 5154 1299 5193 ex
1313 5139 1651 5209 praecedente
1663 5137 1886 5192 silentio
1904 5152 2032 5206 pro-

442 5232 669 5302 rumpit.
706 5228 832 5285 llzec
871 5236 956 5286 est
984 5231 1309 5287 assertionis
1352 5242 1554 5287 nostra:
1613 5231 1759 5287 ratio
1791 5230 2030 5285 breviter

449 5328 742 5396 explicata.

521 5417 662 5484 Quid
690 5419 757 5474 de
787 5418 856 5476 iis
883 5434 1007 5490 quae
1030 5419 1098 5475 de
1123 5421 1318 5478 haeresi
1344 5419 1571 5477 Ebionis
1607 5419 1871 5486 diximus,
1903 5433 2032 5474 sen-

451 5513 588 5566 tiant
637 5513 742 5566 viri
791 5513 978 5578 docti,
1024 5515 1242 5581 nescio;
1287 5515 1528 5570 nondum
1578 5517 1760 5582 enim,
1808 5523 1869 5568 ut
1922 5515 2035 5584 opi-

454 5619 574 5667 nor,
607 5603 724 5684 hinc
753 5621 786 5660 a
825 5607 1086 5675 quopiam
1117 5607 1261 5662 dicta
1301 5617 1456 5675 sunt;
1499 5608 1631 5664 mihi
1662 5617 1847 5684 tamen
1893 5607 2028 5666 satis

507 5697 560 5729 ο·
589 5683 803 5747 [Ειιοίιί.
831 5713 886 5762 ι,
916 5695 1008 5753 σε.
1488 5684 1498 5690 ’
1794 5683 1797 5685 ’

2127 4701 2398 4748 aeternum
2431 4695 2741 4763 ostendere,
2778 4705 2926 4752 recte
2955 4711 3079 4752 eum
3109 4696 3307 4753 Filium
3339 4700 3506 4754 etiam
3535 4702 3717 4758 nomi-

2130 4797 2296 4837 nare:
2325 4782 2428 4837 hoc
2453 4784 2598 4837 enim
2625 4783 2888 4855 frigidum
2913 4801 3023 4840 non
3046 4797 3151 4854 est,
3187 4789 3279 4843 sed
3304 4791 3713 4849 necessarium.

2129 4871 2206 4927 ita
2249 4873 2519 4943 judicavit
2556 4891 2788 4946 magnus
2814 4877 3169 4942 Athanasius,
3213 4879 3405 4951 lgnatii
3447 4883 3535 4936 sui
3565 4887 3718 4954 opti-

2131 4980 2255 5020 mus
2303 4966 2589 5036 interpres,
2637 4969 2732 5022 lib.
2768 4969 2845 5024 De
2878 4970 3094 5040 synodis
3122 4986 3142 5025 :
3180 4973 3296 5026 Ἵνα
3329 4974 3403 5046 μὴ
3433 4975 3598 5029 πάλιν
3629 4997 3716 5042 τις

2131 5057 2343 5111 ἁκούων
2375 5058 2532 5128 μόνον
2564 5059 2719 5127 λόγον
2747 5061 2945 5134 νομίσῃ
2980 5061 3223 5116 τοιοῦτον
3253 5059 3391 5118 εἶναι
3421 5061 3530 5130 οἷός
3561 5070 3719 5123 ἐστιν

2132 5153 2160 5203 ὁ
2188 5149 2296 5202 τῶν
2324 5148 2637 5222 ἀνθρώπωνξ
2664 5153 3052 5217 ἀνυπόστατος,
3074 5153 3187 5207 ἀλλ’
3207 5156 3418 5210 ἀκούων
3438 5160 3533 5226 fort
3583 5161 3718 5225 Υἱός

2135 5237 2250 5290 ἐστι
2277 5238 2520 5314 γινώσκῃ
2547 5239 2734 5295 τοῦτον
2761 5238 2897 5296 εἶναι
2937 5242 3113 5308 ζῶντα
3139 5245 3311 5314 Λόγον
3339 5249 3433 5301 καὶ⁵
3469 5249 3718 5304 ἐνούσιον

2137 5331 2349 5400 σοφίαν.
2389 5352 2408 5385 ι
2444 5333 2523 5389 Ac
2570 5350 2638 5390 ne
2685 5337 2809 5405 quis
2860 5338 3090 5393 audiens
3133 5354 3442 5395 sermonem
3491 5353 3714 5398 tantum

2135 5425 2413 5480 existimet
2459 5427 2624 5480 talem
2658 5442 2799 5494 esse,
2830 5429 3011 5498 qualis
3051 5438 3136 5484 est
3178 5431 3488 5499 hominum,
3513 5436 3718 5490 ’subsi-

2137 5517 2334 5573 stentia
2361 5532 2577 5585 carens,
2625 5519 2720 5574 sed
2763 5519 2992 5575 audiens
3023 5521 3168 5592 quod
3214 5520 3389 5577 Filius
3440 5524 3535 5588 sit,
3575 5525 3720 5578 sciat

2137 5611 2285 5667 hunc
2301 5625 2425 5669 esse
2450 5612 2632 5669 vivum
2656 5623 3038 5671 sermonemet
3064 5615 3480 5671 substantialem
3504 5621 3718 5688 sapien-
