3834 6206
175 247 260 303 301

911 239 958 296 J.
999 240 1367 298 PEARSONH
1401 239 1727 298 VINDICIE.
1765 237 2466 298 lGNATIANE.—PABS
2493 238 2557 298 ll.

3264 242 3370 299 502

173 360 308 424 tiam,
339 376 357 410 ι
403 365 502 412 etc.
544 353 817 411 Maximus
871 356 1226 414 Taurinensis
1257 373 1273 410 :
1315 377 1332 409 ι
1368 357 1446 413 Νε
1483 358 1710 412 verbum
1735 363 1788 422 Α
1819 377 1839 411 ‹
1872 356 2136 424 Quaenam
2167 366 2251 412 est
2287 357 2376 413 illa
2408 361 2709 429 generatio,
2741 378 2848 433 qua
2876 361 2943 418 In
2967 366 3226 437 principio
3268 379 3384 423 erat

171 453 328 523 ipsum
369 464 472 504 non
521 449 885 504 substantiam
921 449 1188 515 veritatis,
1235 449 1331 504 sed
1381 450 1707 519 prolativum

170 542 411 614 loquentis
453 539 545 595 Dei
586 548 809 609 putares
854 555 976 596 esse
1010 555 1340 608 sermonem,
1384 543 1584 597 dicitur
1612 541 1705 596 Fi-

170 635 278 690 lius.
309 653 326 686 ι
357 632 423 686 Ει
461 640 636 686 tamen
684 631 842 686 multi
896 631 1138 695 fuerunt,
1183 647 1362 703 neque
1407 633 1498 688 isti
1526 633 1703 698 fatui,

169 725 248 794 qui
277 722 537 777 Christum
570 731 626 777 et
649 720 850 775 Filium
882 719 977 776 Dei
1005 721 1316 788 credebant,
1349 733 1405 778 et
1445 723 1702 790 Verbum,

169 830 253 870 nec
288 823 458 868 tamen
485 814 704 869 verbum
751 821 1038 878 aeternum,
1088 814 1335 884 adeoque
1376 831 1445 870 ex
1490 816 1707 872 silentio

167 905 468 976 profectum;
509 905 653 960 unde
700 903 1075 960 Tertullianus
1121 905 1338 975 negavit
1366 904 1534 960 Deum
1583 921 1706 963 esse

166 997 489 1053 sermonalem
519 1011 548 1050 a
579 996 873 1066 principio,
901 1006 958 1052 et
988 998 1168 1068 primo
1202 996 1366 1051 tacite
1403 999 1702 1066 cogitasse,

165 1087 541 1158 etdisposuisse
583 1103 773 1143 secum
808 1103 931 1158 quae
953 1104 1050 1158 per
1076 1102 1386 1144 sermonem
1433 1103 1558 1144 mox
1587 1098 1706 1144 erat

163 1182 400 1244 dicturus,
423 1189 476 1236 et
503 1179 767 1251 Origenes
797 1182 853 1236 iu
885 1179 1150 1238 Joannem
1188 1182 1393 1238 multos
1423 1197 1522 1237 sua
1544 1192 1704 1238 aetate

163 1274 409 1330 exstitisse
437 1274 618 1340 docet,
648 1274 742 1343 qui
773 1283 1033 1343 tanquam
1063 1273 1412 1344 perspicuum
1444 1273 1575 1328 illud
1603 1273 1702 1328 ad-

161 1362 436 1428 mittebant,
481 1361 680 1417 Filium
713 1363 810 1418 Dei
853 1379 976 1420 esse
1005 1363 1244 1419 Verbum
1289 1374 1664 1435 nuncupatum
1687 1406 1701 1429 ,

158 1455 363 1526 cibusve:
391 1454 670 1526 προφορὰν
697 1457 974 1528 πατρικὴν
1001 1457 1164 1510 οἱονεὶ
1187 1458 1245 1510 ὲν
1273 1457 1562 1522 συλλαϐαῖς
1592 1475 1703 1512 κει-

163 1545 304 1617 μένην
328 1541 459 1600 εἶναι
484 1547 577 1600 τὸν
608 1547 735 1600 Υἱὸν
756 1547 852 1601 τοῦ
876 1545 1031 1614 Θεοῦ,
1049 1549 1417 1605 existimantes
1440 1550 1702 1616 prolatio-

160 1654 259 1691 tteat
283 1647 547 1706 paternam
573 1639 732 1709 quasi
760 1638 817 1692 in
834 1638 1053 1710 syllabis
1083 1640 1335 1702 iacentem
1359 1657 1470 1695 esse
1499 1639 1702 1695 Filium

1818 451 2042 505 Verbum
2064 493 2079 515 ,
2112 459 2160 503 et
2202 449 2429 504 Verbum
2466 462 2580 506 erat
2617 455 2757 524 apud
2791 455 2980 524 Deum,
3003 468 3054 512 et
3093 459 3232 516 Deus
3267 475 3384 516 erat

1807 543 2021 597 verbum
2048 544 2132 595 "1?
2167 561 2184 594 ι
2214 543 2300 598 vel
2337 541 2483 612 quod
2515 554 2598 599 est
2619 545 2723 601 hoc
2748 545 3008 613 Verbum,
3037 552 3181 620 quod
3207 553 3386 608 dictu-

1807 649 1902 689 rus
1927 641 2086 688 antea
2116 650 2226 690 non
2261 633 2489 700 silebat;
2524 651 2634 706 quo
2661 637 2826 706 dicto,
2866 657 2975 695 non
3007 642 3157 698 siluit
3185 646 3281 714 qui
3303 646 3386 700 di~

1806 726 2152 796 cebat?quod
2166 737 2249 781 est
2265 718 2498 781 Verbum
2522 729 2641 783 sine
2663 739 2930 800 tempore,
2953 749 3048 802 per
3071 731 3218 804 quod
3242 736 3384 793 facta

1806 825 1936 872 sunt
1964 818 2248 887 tempora?
2278 816 2537 884 Verbum,
2579 823 2725 890 quod
2763 823 2903 877 labia
2938 823 3142 881 nullius
3172 829 3388 896 aperuit

1806 918 2067 976 coeptum,
2096 911 2361 966 clausitve
2385 911 2634 968 finitum?
2663 933 2681 964 ι
2710 913 2810 969 Cui
2842 919 3118 987 geminum
3146 921 3385 992 adjungo

1805 997 1868 1053 Β.
1904 999 2171 1070 Fulgentii
2198 1003 2404 1069 locum,
2431 1005 2500 1059 ad
2523 1004 2948 1064 Trasimundum
2974 1010 3070 1066 lib.
3097 1027 3176 1076 ιη,
3205 1028 3255 1067 c.
3282 1013 3381 1068 l8:

1813 1110 1832 1142 ι
1867 1091 1993 1147 Fuit
2023 1092 2208 1148 infans
2243 1090 2478 1149 Verbum
2509 1098 2812 1153 secundum
2857 1116 3100 1167 carnem,
3134 1112 3188 1158 et
3235 1104 3385 1160 fandi

1805 1197 1920 1236 non
1947 1179 2140 1237 habuit
2163 1181 2478 1240 facultatem
2508 1205 2520 1240 :
2547 1188 2640 1242 sed
2674 1189 2817 1244 idem
2844 1189 3082 1247 Verbum
3115 1194 3266 1249 nullo
3292 1213 3388 1250 un-

1806 1288 1972 1344 quam
2004 1273 2180 1344 potuit
2209 1277 2453 1332 coerceri
2495 1278 2736 1344 silentio,
2770 1282 2898 1350 quia
2947 1283 3062 1351 ipse
3095 1295 3179 1340 εει
3207 1284 3386 1343 Patris

1805 1367 2135 1436 sempiterna
2186 1366 2410 1423 locutio.
2445 1389 2462 1421 ι
2523 1369 2762 1442 Uterque
2795 1383 2975 1429 autem
3023 1381 3384 1436 aeternitatem

1805 1459 1970 1514 Verbi
1996 1458 2092 1514 Dei
2121 1461 2269 1516 clare
2297 1462 2556 1531 explicat,
2587 1474 2641 1518 et
2677 1481 2707 1519 a
2746 1467 2910 1521 verbo
2941 1469 3205 1537 humano,
3237 1475 3387 1543 quod

1803 1563 1870 1605 ex
1925 1559 2118 1604 neutra
2169 1559 2327 1618 parte
2373 1560 2635 1605 aaternum
2685 1562 2789 1618 est,
2845 1551 3159 1626 distinguit,
3198 1567 3390 1628 utpote

1804 1639 1953 1708 quod
2004 1654 2037 1694 a
2073 1640 2294 1694 silentio
2339 1639 2585 1710 incipiat,
2635 1643 2776 1697 etin
2825 1646 3103 1703 silentium
3148 1650 3385 1710 desinat.

159 1729 260 1796 Dei,
284 1745 450 1800 neque
475 1731 647 1785 ullam
686 1731 738 1786 ei
768 1731 1133 1788 substantiam
1165 1741 1260 1788 aut
1287 1732 1699 1788 subsistentiam
1731 1748 1775 1804 Β
1803 1726 1946 1794 Quid
1973 1727 2041 1783 ad
2072 1727 2192 1784 bare
2218 1729 2302 1782 vir
2331 1728 2723 1785 doctissimus?
2746 1729 2930 1787 Primo
2957 1734 3014 1788 in
3039 1733 3098 1788 S.
3128 1735 3387 1808 Augusti-

156 1821 438 1878 tribuentes.
470 1820 525 1877 Si
553 1821 773 1892 quoties
804 1823 878 1878 ita
897 1823 1061 1879 Verbi
1089 1824 1240 1878 notio
1267 1824 1502 1879 traditur
1520 1833 1576 1879 et
1605 1839 1703 1878 ex-
1804 1833 1959 1886 num,
2004 1819 2100 1889 qui
2132 1819 2285 1876 solus
2331 1835 2362 1875 a
2412 1818 2638 1876 Petavio
2693 1821 2948 1879 laudatus
2999 1837 3102 1891 est,
3139 1826 3381 1894 involat,

155 1913 376 1982 plicetur,
405 1922 465 1969 ut
491 1915 661 1969 simul
691 1929 724 1968 a
756 1913 958 1971 talibus
993 1914 1349 1984 conceptibus
1398 1915 1658 1970 liberetur
1683 1954 1699 1979 ,

156 2003 323 2075 frigida
347 2004 414 2060 sit
436 2005 675 2072 locutio;
709 2003 910 2070 frigent
939 2014 1086 2060 certe
1115 2003 1297 2060 omnia
1347 2003 1446 2059 SS.
1478 2003 1699 2060 Patrum

155 2097 346 2166 scripta,
387 2095 594 2168 frigent
636 2111 830 2152 omnes
871 2097 1255 2168 theologorum
1304 2097 1698 2168 expositiones.

156 2186 376 2243 Universi
424 2189 576 2244 enim
626 2189 862 2244 sollicite
900 2198 1095 2245 curant
1142 2206 1234 2259 ne,
1283 2207 1409 2248 cum
1448 2190 1701 2246 Christus

154 2280 359 2335 Verbum
388 2280 612 2346 dicitur,
644 2281 750 2336 tale
779 2281 1002 2338 verbum
1046 2293 1227 2338 mente
1271 2283 1649 2352 concipiamus
1682 2323 1697 2348 ,

152 2374 288 2443 quale
314 2388 374 2430 ex
401 2389 495 2430 ore
522 2377 771 2430 humano
811 2377 1100 2446 provenire
1143 2377 1340 2443 soleat,
1374 2385 1469 2430 aut
1505 2377 1700 2446 quovis

152 2467 556 2523 modomternum
594 2483 702 2522 non
724 2470 813 2523 sit.
842 2467 1093 2523 Clemens
1105 2467 1525 2533 Alexandrinus,
1549 2467 1702 2522 Stro-

151 2569 260 2614 Itat.
289 2577 319 2615 ν
344 2579 358 2615 :
393 2561 449 2614 Ὀ
479 2562 596 2632 γὰρ
625 2561 718 2614 τοῦ
754 2560 969 2632 Πατρὸς
996 2561 1102 2614 τῶν
1125 2560 1260 2614 ὅλων
1279 2560 1450 2628 Λόγος
1480 2560 1579 2630 οὐχ
1611 2553 1700 2612 οὗ-

151 2652 224 2715 τός
248 2654 383 2706 ἐστιν
412 2656 439 2706 ὁ
473 2655 836 2726 προφορικὸς,
865 2654 1028 2722 σοφία.
1051 2653 1107 2706 δὲ
1140 2653 1234 2706 καὶ
1264 2653 1568 2724 χρηστότης
1599 2670 1701 2722 φα·-

149 2745 394 2816 νερωτὰτη
440 2746 533 2800 τοῦ
575 2745 739 2815 ξΘεοῦ.
773 2745 1064 2812 Eusebius,
1110 2745 1182 2799 De
1213 2745 1396 2800 eccles.
1447 2744 1697 2815 theolog.,

149 2837 231 2891 lib.
264 2854 299 2906 ι,
331 2854 378 2894 c.
409 2839 500 2906 20,
535 2849 700 2894 notat
727 2838 998 2894 Joannem
1030 2839 1237 2894 dixisse
1285 2836 1417 2900 Θεὸς
1445 2833 1514 2909 ἦν
1540 2837 1571 2889 ὁ
1598 2835 1702 2890 Λό-

150 2945 246 2994 γος,
275 2945 374 2984 non
405 2940 595 2986 autem
627 2931 791 2995 θεῖος,
819 2931 894 2996 ὡς
924 2931 990 2984 ἂν
1022 2932 1096 3001 μή
1122 2948 1205 2994 τις
1249 2930 1412 2984 αὐτὸν
1439 2929 1517 2999 τῷ
1548 2929 1701 2999 παρὰ

149 3020 418 3091 ἀνθρώποις
445 3024 634 3094 ὅμοιον
667 3018 804 3076 εἶναι
838 3024 1052 3094 φήσειε,
1082 3022 1320 3092 alibique
1351 3031 1502 3075 notat
1531 3019 1696 3075 Deum

1801 1925 2039 1981 eumque
2050 1912 2405 1968 acerbissime
2417 1913 2688 1985 obiurgat,
2704 1915 2852 1986 quod
2883 1935 2899 1968 ι
2920 1919 3166 1988 argutias
3180 1930 3382 1991 captet,

1801 2013 1856 2058 et
1883 2005 1939 2058 in
1972 2003 2040 2060 iis
2066 2019 2203 2075 pene
2224 2013 2372 2062 totus
2404 2005 2493 2072 sit,
2516 2025 2536 2058 ι
2564 2021 2666 2063 nec
2695 2008 2927 2063 miratur
2956 2011 3100 2080 quod
3133 2030 3152 2064 ι
3179 2013 3387 2084 aliquid

1803 2097 2120 2167 hujusmodi
2149 2095 2361 2152 luserit.
2382 2116 2402 2150 ι
2426 2096 2664 2168 Equius
2679 2099 2784 2155 hoc
2801 2101 2856 2154 in
2887 2100 2948 2156 S.
2973 2101 3279 2172 Augustino
3305 2105 3386 2161 fe-

1803 2190 2056 2255 rendum,
2089 2196 2236 2260 quod
2268 2189 2415 2245 haud
2439 2191 2628 2246 mitius
2655 2200 2884 2248 caeteros
2911 2191 3104 2250 Patres
3147 2204 3386 2254 tractare

1804 2281 1998 2336 soleat.
2033 2280 2138 2337 Sed
2162 2282 2345 2353 qualis
2373 2283 2560 2354 qualis
2608 2284 2844 2354 scriptor
2884 2285 2962 2339 illi
3000 2286 3246 2342 videatur
3269 2288 3386 2343 Au-

1803 2375 2082 2444 gustinus,
2114 2374 2168 2429 id
2197 2383 2346 2430 certe
2389 2373 2550 2440 fecit,
2605 2377 2754 2445 quod
2803 2386 2931 2432 ante
2964 2392 3090 2432 eum
3136 2378 3383 2450 lgnatius

1801 2468 2119 2538 epistolicus
2147 2487 2159 2521 :
2189 2465 2428 2523 Verbum
2451 2468 2700 2524 divinum
2728 2469 2798 2524 ab
2830 2470 3073 2526 humano
3108 2472 3385 2542 distinxit,

1801 2558 1947 2628 quod
1974 2572 2084 2612 non
2112 2556 2340 2624 perinde
2363 2572 2394 2610 a
2426 2557 2646 2612 silentio
2681 2558 2939 2628 incipiat;
2969 2575 3070 2615 nec
3105 2560 3158 2614 in
3195 2575 3258 2616 ea
3289 2577 3383 2616 no-

1801 2649 1972 2716 tione,
1999 2658 2061 2703 ut
2083 2648 2152 2703 ab
2183 2646 2394 2719 lgnatio
2416 2649 2764 2719 exprimitur,
2793 2651 3095 2719 quidquam
3119 2661 3204 2706 est
3225 2668 3360 2724 argu

1803 2754 1940 2798 tum.
1978 2741 2295 2814 Respondet
2324 2740 2571 2796 secundo
2601 2760 2616 2794 :
2657 2759 2676 2791 ι
2709 2740 2763 2794 ld
2798 2757 2908 2796 non
2943 2743 3077 2797 dicit
3119 2744 3384 2815 Augusti-

1800 2851 1928 2902 nus,
1955 2835 2104 2906 quod
2126 2843 2335 2890 noster.
2367 2854 2386 2886 ι
2417 2832 2615 2887 Mirum
2640 2835 2743 2890 hoc
2765 2835 2986 2904 quidem
3015 2855 3028 2890 :
3053 2837 3211 2906 plane
3232 2838 3381 2892 enim

1801 2927 1942 2981 idem
1990 2928 2141 2982 dicit.
2177 2926 2418 2983 Noster:
2467 2947 2485 2980 ι
2524 2925 2762 2983 Verbum
2807 2929 2952 2998 quod
2982 2943 3092 2982 non
3139 2930 3381 2998 prodita

1802 3017 2056 3083 silentio;
2087 3036 2104 3068 ι
2140 3018 2262 3073 ille:
2287 3038 2304 3068 ε
2326 3017 2483 3084 Quod
2511 3027 2595 3074 est
2621 3019 2724 3074 hoc
2753 3017 3012 3083 Verbum,
3035 3022 3180 3089 quod
3203 3022 3383 3078 dictu-

155 3113 216 3182 μὴ
240 3115 392 3182 Λόγον
416 3092 678 3186 miser]th
713 3115 856 3184 ἔχειν
889 3092 992 3168 ὗπὺ
1021 3114 1267 3186 γλώττης
1297 3114 1657 3184 ἐξηχούμενον
1677 3152 1692 3175 ,

1802 3126 1895 3164 rus
1931 3122 2089 3165 antea
2120 3125 2229 3165 non
2259 3111 2490 3167 silebat?
2534 3130 2553 3163 ι
2587 3110 2728 3177 Quid
2757 3112 2862 3166 dici
2897 3113 3075 3181 potuit
3109 3114 3383 3169 similius?

153 3205 231 3256 καὶ
256 3205 332 3259 διὰ
357 3209 639 3278 προφορᾶς
673 3205 889 3277 θνητοῖς
913 3207 1047 3260 ὠσὶν
1077 3205 1483 3277 ἐξακουόμενον.
1511 3204 1568 3260 S.
1591 3204 1696 3275 Cy-

155 3295 282 3351 rillus
324 3297 858 3370 Hierosolymitanus
917 3298 1078 3369 quasi
1135 3297 1327 3362 lgnatii
1383 3297 1693 3368 Paraphra-

155 3393 272 3454 sten,
302 3399 355 3442 ut
392 3391 547 3457 alibi,
576 3399 784 3460 ageret,
819 3391 1030 3446 catech.
1078 3391 1112 3445 4
1141 3408 1154 3445 :
1194 3391 1424 3444 Πιστευε
1457 3391 1538 3443 ὅτι
1577 3389 1695 3453 ἐνὸς

155 3476 262 3531 Θεοῦ
291 3482 570 3555 μονογενὴς
598 3478 684 3547 εἷς
708 3485 856 3537 ἐστιν
881 3482 1032 3547 Υἱὸς,
1061 3483 1168 3556 πρὸ
1191 3482 1406 3536 πάντων
1429 3481 1536 3536 τῶν
1565 3480 1696 3534 αἰώ-

155 3588 238 3622 νων
272 3573 392 3638 Θεὸς
433 3576 639 3643 Λόγοςο
690 3576 864 3645 Λόγος
889 3576 969 3644 ⁸οὐ
1004 3575 1406 3647 προφορητικὸς
1435 3575 1515 3638 εἰς
1557 3572 1696 3645 ἀέρα

155 3659 474 3739 διαχεόμενος,
495 3665 625 3720 οὔτε
657 3665 835 3735 λόγοις
848 3667 1241 3730 ἀνυποστάτοις
1263 3663 1696 3736 ἐξομοιούμενος

157 3749 482 3811 Gravissimus
537 3757 781 3827 scriptor
835 3756 1130 3828 Gregorius
1185 3756 1470 3829 Nysscnus
1501 3773 1516 3810 :
1550 3756 1696 3826 Ποίῳ

158 3843 270 3916 λόγῳ
294 3849 379 3901 καὶ
413 3850 554 3921 ποίῳ
591 3849 901 3920 πνεύματι,
943 3850 1067 3904 οὔτε
1117 3849 1226 3922 γὰρ
1262 3850 1412 3919 ῥῆμα
1441 3850 1469 3902 ὁ
1495 3849 1693 3916 Λόγος,

158 3935 256 3990 οὔτε
293 3940 467 4011 ἆσθμα
507 3942 569 3996 τὸ
604 3940 858 4012 Πνεῦμα.
892 3940 1251 4006 Novatianus,
1279 3941 1374 3995 lib.
1408 3937 1484 3993 De
1515 3938 1694 3994 Triui-

162 4035 277 4082 tate:
304 4050 322 4082 ι
354 4032 544 4088 Sermo
570 4033 752 4090 Filius
783 4042 946 4088 natus
968 4041 1052 4088 est
1077 4033 1170 4102 qui
1196 4048 1300 4087 non
1329 4031 1384 4085 in
1411 4046 1548 4087 sono
1573 4046 1696 4100 per-

160 4128 277 4180 cussi
302 4129 454 4196 aeris,
484 4140 582 4185 aut
611 4139 746 4184 tono
775 4138 975 4184 coactae
1001 4129 1067 4185 de
1089 4127 1395 4184 visceribus
1423 4127 1574 4181 vocis
1598 4142 1694 4182 ac-

162 4217 355 4285 cipitur;
401 4222 493 4276 sed
540 4222 596 4276 in
655 4221 963 4276 substantia
1008 4221 1236 4290 prolatze
1276 4235 1306 4272 a
1338 4218 1450 4274 Deo
1476 4218 1694 4273 virtutis

164 4312 449 4377 agnoscitur.
484 4333 503 4364 ι
539 4312 599 4368 S.
636 4311 901 4388 Hilarius,
930 4311 1002 4366 De
1028 4310 1202 4377 Trin.,
1232 4310 1269 4364 ι.
1298 4325 1374 4366 vn
1403 4328 1417 4364 :
1448 4329 1466 4361 ι
1497 4308 1697 4379 Unige-

164 4401 280 4458 nitus
314 4405 447 4463 Deus
495 4418 550 4463 ει
583 4407 827 4462 Verbum
876 4415 989 4474 est;
1037 4406 1130 4462 sed
1164 4403 1505 4460 innascibilis
1534 4401 1695 4457 Pater

164 4506 398 4564 nunquam
427 4499 660 4554 omnino
687 4499 808 4554 sine
838 4496 1017 4552 Verbo
1046 4505 1150 4552 est.
1177 4494 1298 4550 Non
1324 4495 1472 4565 quod
1509 4494 1695 4564 prola-

167 4583 226 4637 tio
245 4590 375 4645 rocis
397 4602 590 4647 natura
620 4592 696 4646 sit
720 4590 868 4657 Filii,
897 4591 992 4645 sed
1020 4605 1088 4644 ex
1121 4589 1231 4646 Deo
1261 4588 1404 4644 Deus
1440 4603 1565 4642 cum
1598 4601 1694 4642 ve-

167 4676 294 4734 ritate
307 4682 594 4739 nativitatis
621 4683 946 4738 subsistens.
971 4700 990 4732 »
1013 4681 1241 4752 Vigilius
1259 4679 1553 4752 Tapsensis
1566 4694 1693 4734 cum

161 4769 220 4838 ad
241 4769 329 4825 ista
349 4771 546 4829 Psalmi
583 4792 598 4830 :
634 4793 652 4824 ε
682 4772 862 4828 Verbo
889 4770 1103 4827 Domini
1126 4772 1246 4827 coeli
1273 4773 1469 4827 firmati
1487 4781 1634 4838 sunt,
1670 4790 1689 4822 ι

169 4861 449 4919 asseruisset
470 4863 714 4920 Verbum
745 4879 810 4919 eo
846 4865 968 4919 loco
996 4879 1119 4919 esse
1138 4863 1335 4918 Filium
1352 4861 1550 4930 Patris,
1579 4872 1694 4920 sta-

172 4948 249 5001 tim
271 4952 492 5009 addidit:
523 4975 542 5007 t
579 4953 685 5010 Ubi
717 4955 795 5008 ait
822 4973 835 5008 :
865 4951 1046 5008 Verbo
1077 4953 1312 5019 Domini,
1344 4968 1457 5008 non
1499 4968 1695 5008 sonum

163 5041 290 5110 vocis
315 5043 865 5103 inconsubstantivum
890 5060 1010 5100 esse
1039 5045 1299 5115 accipias,
1332 5059 1497 5115 quam
1531 5044 1578 5099 si
1598 5060 1696 5100 va-

175 5127 290 5186 lidus
311 5136 423 5204 quis
447 5138 632 5193 emisit
659 5138 726 5194 de
750 5138 1047 5204 montibus,
1067 5138 1204 5195 solet
1229 5137 1455 5194 reboare
1477 5137 1634 5192 echo.
1670 5154 1689 5187 ι

228 5218 324 5280 Ηοε
349 5225 639 5284 discrimen
670 5231 810 5285 inter
850 5229 1090 5286 Verbum
1128 5231 1372 5285 divinum
1413 5238 1468 5285 et
1499 5230 1693 5285 huma-

175 5327 278 5369 num
316 5331 630 5387 prosecutus
677 5333 760 5379 est
799 5321 857 5378 S.
908 5323 1269 5394 Augustinus,
1317 5322 1476 5392 cujus
1514 5322 1696 5378 locum

177 5417 228 5460 ex
270 5425 506 5470 sermone
561 5415 638 5470 De
690 5415 986 5470 Nalivitate
1050 5417 1263 5471 Domini
1320 5417 1548 5472 adduxit
1593 5415 1696 5472 Pe-

167 5497 320 5564 tavius
337 5502 398 5555 ad
419 5503 558 5558 hanc
577 5518 691 5559 rem
714 5506 950 5562 maxime
975 5507 1471 5574 accommodatum,
1495 5516 1694 5564 etcum

179 5588 495 5655 explicatione
535 5595 643 5650 loci
689 5596 955 5669 lgnatiani
995 5615 1221 5670 prorsus
1267 5600 1689 5670 conspirantem.

233 5703 428 5764 "toan.
453 5726 490 5778 ι,
521 5712 569 5765 l.

1724 4429 1775 4489 D

1797 3201 1875 3256 De
1902 3203 2096 3258 eodem
2139 3201 2319 3259 Verbo
2345 3203 2608 3273 loquitur,
2642 3211 2696 3258 et
2731 3202 2874 3258 idem
2909 3203 2977 3258 de
3002 3203 3195 3259 eodem
3231 3220 3382 3260 asse-

1797 3297 1888 3350 rit.
1915 3296 1982 3350 At
2000 3295 2057 3350 S.
2073 3295 2412 3366 Augustinus
2433 3316 2451 3347 ι
2477 3293 2715 3350 Verbum
2751 3295 2929 3350 solum
2963 3303 3017 3349 et
3046 3311 3317 3360 seorsum,
3346 3312 3378 3350 a

1796 3389 2020 3442 notione
2032 3403 2277 3458 personae
2290 3390 2601 3458 praecisum,
2629 3388 3000 3454 consideratp
3033 3403 3162 3457 ergo
3185 3389 3240 3442 id
3265 3404 3378 3444 non

1796 3480 1931 3535 dicit
1963 3481 2106 3550 quod
2143 3479 2406 3551 lgnatius.
2442 3482 2640 3536 Mirum
2675 3482 2779 3536 hoc
2810 3465 3072 3551 effugium
3101 3494 3155 3536 et
3190 3491 3378 3551 aperte

1797 3569 2018 3626 falsum.
2051 3570 2320 3640 Loquitur
2350 3571 2690 3642 Augustinus
2719 3586 2826 3626 non
2874 3572 3056 3626 minus
3102 3573 3170 3628 de
3197 3570 3378 3629 Verbo

1796 3664 2153 3732 personaliter
2181 3674 2416 3734 sumpto,
2448 3680 2611 3733 quam
2641 3663 2906 3734 lgnatius.
2942 3663 3019 3718 Ita
3050 3665 3196 3718 enim
3239 3666 3378 3720 inci-

1795 3758 1876 3823 pit
1906 3772 1918 3806 :
1962 3773 1980 3804 ι
2010 3753 2273 3820 Quaenam
2313 3762 2398 3809 est
2427 3755 2519 3808 illa
2545 3755 2851 3824 generatio,
2886 3769 2996 3824 qua
3033 3754 3090 3807 in
3115 3756 3377 3824 principio

1796 3855 1910 3899 erat
1960 3845 2204 3911 Verbum,
2237 3855 2287 3900 et
2331 3845 2550 3900 Verbum
2582 3857 2696 3901 erat
2728 3846 2868 3915 apud
2900 3845 3106 3911 Deum,
3140 3855 3189 3900 et
3237 3847 3376 3903 Deus

1797 3949 1912 3992 erat
1937 3937 2161 3992 Verbum
2179 3941 2204 3992 .9
2222 3959 2240 3992 ι
2259 3939 2498 4010 loquitur
2533 3940 2600 3995 de
2622 3948 2823 3995 mterna
2852 3939 3204 4012 generatione
3227 3939 3376 4007 Filii,

1797 4031 1891 4100 qui
1919 4045 2050 4086 sane
2075 4041 2160 4086 est
2187 4030 2462 4097 Persona;
2496 4031 2737 4102 loquitur
2766 4033 2833 4087 de
2857 4032 3060 4102 Verbo,
3088 4035 3236 4106 quod
3261 4045 3376 4090 erat

1796 4123 1854 4175 in
1901 4123 2191 4192 principio,
2246 4124 2392 4192 quod
2443 4133 2558 4178 erat
2609 4125 2752 4194 apud
2806 4125 2996 4194 Deum,
3059 4128 3206 4197 quod
3261 4137 3378 4182 erat

1797 4210 1976 4276 Deus;
2024 4214 2171 4282 quod
2204 4229 2336 4268 sane
2381 4222 2466 4269 est
2502 4213 2744 4269 Persona
2772 4231 2787 4270 :
2815 4216 3060 4286 loquitur
3085 4218 3153 4272 de
3196 4216 3377 4272 Verbo

1798 4304 1919 4359 sine
1960 4313 2224 4374 tempore,
2273 4307 2325 4360 id
2368 4316 2452 4362 est
2505 4317 2732 4373 aeterno,
2776 4323 2873 4377 per
2901 4309 3046 4378 quod
3070 4309 3212 4364 facta
3247 4318 3378 4364 sunt

1797 4407 2075 4465 tempora;
2115 4399 2260 4466 quod
2312 4399 2432 4453 sine
2476 4399 2646 4454 dubio
2687 4409 2773 4455 est
2809 4399 3082 4467 Persona;
3133 4402 3377 4470 loquitur

1797 4489 2025 4546 omnino
2060 4490 2128 4545 de
2175 4505 2242 4545 eo
2291 4489 2474 4545 Verbo
2546 4493 2694 4561 quod
2741 4491 2798 4546 S.
2845 4491 3088 4549 Joannes
3135 4493 3190 4547 in
3220 4494 3376 4548 initio

1797 4578 2075 4654 Evangelii
2106 4582 2191 4636 sui
2219 4581 2542 4651 descripsit,
2571 4582 2717 4652 quod
2740 4598 3034 4652 personam
3064 4598 3187 4638 esse
3211 4600 3374 4640 nemo

1796 4673 2103 4728 catholicus
2135 4681 2317 4741 negat.
2369 4671 2437 4726 Et
2473 4673 2812 4744 Augustinus
2857 4675 3023 4743 igitur
3051 4683 3107 4728 et
3139 4673 3375 4745 Fulgen-

1798 4764 1906 4819 tius
1929 4764 2116 4819 eodem
2143 4779 2369 4834 prorsus
2391 4765 2556 4819 modo
2581 4765 2750 4819 locuti
2783 4775 2929 4831 sunt,
2958 4781 3069 4835 quo
3092 4781 3194 4821 nos
3218 4765 3375 4838 Igna-

1796 4856 1932 4910 tium
1964 4857 2204 4912 locutum
2231 4871 2353 4911 esse
2383 4857 2787 4912 contendimus.

1869 4947 1943 5002 De
1973 4947 2171 5017 frigido
2200 4957 2254 5003 et
2281 4957 2474 5020 arguto
2505 4948 2780 5014 diximus;
2809 4949 2877 5003 de
2918 4949 3068 5003 inani
3113 4966 3262 5005 nunc
3289 4950 3374 5005 di-

1797 5041 2051 5096 cendum.
2082 5060 2100 5092 ‹
2135 5039 2588 5111 Supervacaneus
2611 5041 2782 5105 enim,
2811 5041 3009 5111 inquit,
3047 5056 3132 5096 εει
3152 5057 3369 5108 sensus,

1797 5149 1959 5203 quem
2002 5133 2258 5190 Petavius
2302 5134 2388 5189 bis
2428 5134 2610 5188 verbis
2653 5132 2876 5204 afﬁngit.
2925 5133 3172 5190 Hominis
3223 5136 3371 5190 enim

1796 5226 2030 5279 verbum
2053 5240 2174 5281 esse
2187 5241 2252 5280 eo
2279 5227 2414 5280 satis
2439 5234 2683 5296 negarat,
2704 5226 2850 5294 quod
2875 5225 2970 5281 Dei
2999 5227 3233 5281 Verbum
3250 5241 3374 5282 esse

1803 5319 2037 5373 dixerat.
2069 5339 2086 5370 ι
2107 5320 2315 5375 Atcum
2329 5318 2424 5372 Dei
2446 5318 2678 5374 Verbum
2693 5321 3060 5385 essedixerat,
3093 5335 3202 5374 non
3238 5319 3373 5374 illud

1796 5415 1930 5469 satis
1953 5422 2197 5484 negarat,
2226 5413 2373 5484 quod
2404 5425 2591 5482 postea
2630 5431 2758 5470 eum
2809 5429 3007 5484 negare
3045 5414 3242 5470 asserit
3272 5413 3373 5469 Pc—

1797 5504 1997 5570 tavius,
2023 5504 2317 5574 ejusmodi,
2340 5505 2569 5572 scilicet,
2598 5523 2906 5562 sermonem
2932 5508 3080 5562 illum
3107 5507 3200 5562 Dei
3228 5522 3371 5569 esse,

1802 5618 1820 5650 ι
1857 5598 2036 5670 qualis
2077 5608 2162 5654 est
2207 5608 2426 5654 creatus
2472 5607 2526 5654 et
2574 5599 2848 5655 humanus
2897 5614 3101 5655 sermo.
3138 5618 3158 5652 ι
3211 5599 3369 5654 Aliud
