3834 6206
384 217 491 277 503

1378 214 1436 270 S.
1481 212 1831 271 IGNATIUS.
1867 245 1935 254 —
1993 211 2528 271 PROLEGOMENA.

3555 220 3662 274 504

388 329 536 382 enim
570 335 655 385 est
685 326 922 384 Verbum
965 328 1058 384 Dei
1099 344 1241 396 esse,
1262 338 1316 385 et
1359 346 1469 385 non
1517 331 1757 385 hominis
1779 372 1795 396 ,
1828 329 1974 384 aliud

2080 331 2301 404 εϐλήθη,
2352 332 2642 403 προϐαλεῖν
2695 331 2787 384 καὶ
2831 332 2992 385 αὐτὲιν
3037 332 3207 401 Λόγον
3255 334 3350 387 καὶ
3391 335 3566 404 Ζωήν,
3609 346 3665 390 et

367 419 622 488 verbum
653 419 786 475 illud
819 419 915 474 Dei
945 420 1187 475 humano
1213 421 1392 476 simile
1413 423 1638 476 omnino
1661 436 1804 489 esse,
1831 420 1980 491 quod

365 501 462 566 ‘de
511 510 689 566 Verbo
738 511 834 566 Dei
883 511 1105 582 plurimi
1156 513 1396 568 hmretiei
1442 512 1782 568 asserebant.
1831 512 1982 566 Dixit

356 622 364 675 ξ
395 600 638 675 lgnatius
667 603 763 658 Dei
802 603 1028 658 verbum
1062 619 1182 659 esse
1208 612 1474 660 :eternum
1498 647 1512 671 ,
1544 605 1690 675 quod
1723 613 1784 658 ut
1806 605 1981 673 expli-

393 706 578 764 caret,
623 706 677 768 et
723 706 915 753 contra
959 697 1247 752 haereticos
1279 699 1373 768 qui
1415 697 1774 752 aeternitatem
1817 696 1979 753 Verbi

394 791 491 846 Dei
537 790 911 863 pernegabant
946 789 1295 856 defenderet,
1326 790 1542 845 monuit
1570 787 1812 844 Verbum
1845 789 1979 844 illud

392 881 487 937 Dei
508 903 527 933 ‹
549 899 658 937 non
686 898 750 937 ex
766 882 981 938 silentio
995 892 1174 937 ortum
1199 901 1217 934 ›
1245 897 1390 947 esse,
1412 891 1475 937 ut
1499 881 1977 938 solenthominum

392 977 592 1043 verba,
633 977 738 1030 hoc
782 984 896 1042 est,
945 991 1054 1031 non
1102 991 1225 1030 esse
1267 975 1436 1030 verbo
1477 974 1717 1031 hominis
1761 975 1974 1043 simile,

391 1085 572 1139 neque
595 1085 661 1124 ex
707 1071 874 1124 verbo
919 1071 1165 1124 humano
1193 1071 1261 1124 de
1311 1071 1432 1140 ejus
1476 1069 1793 1126 exsistentia
1833 1079 1980 1126 recte

389 1164 625 1236 iudicari
648 1179 830 1234 posse.
875 1159 1026 1217 Nihil
1075 1164 1243 1234 igitur
1268 1163 1355 1218 his
1399 1164 1582 1220 verbis
1611 1163 1782 1230 dixit,
1832 1163 1979 1233 quod

391 1265 518 1310 ante
547 1257 779 1310 dixerat.
819 1259 925 1310 «At
969 1256 1105 1310 satis
1127 1255 1415 1324 perspicue
1460 1255 1512 1309 id
1562 1264 1688 1309 ante
1729 1253 1975 1321 dixerat,

391 1363 518 1402 cum
553 1346 781 1401 verbum
811 1346 904 1400 Dei
948 1354 1211 1400 aeternum
1241 1343 1489 1398 dixisset.
1520 1362 1539 1394 ι
1571 1343 1730 1397 Certe
1762 1342 1809 1398 si
1853 1341 1978 1411 quis

391 1438 478 1494 his
510 1439 723 1508 legibus
756 1448 1000 1492 veterum
1028 1437 1230 1506 scripta
1259 1436 1577 1490 examinare
1607 1435 1756 1502 velit,
1789 1433 1976 1489 Battos

389 1543 584 1584 omnes
611 1529 790 1584 faciet.
822 1527 1013 1583 Nonne
1050 1543 1240 1583 omnes
1278 1527 1572 1597 aliquando
1619 1527 1828 1597 seipsos
1877 1541 1977 1581 ex-

390 1621 618 1692 plicant,
659 1628 714 1676 et
758 1621 903 1676 idem
943 1636 1085 1690 smpe
1127 1620 1250 1676 aliis
1293 1621 1475 1676 verbis
1513 1619 1739 1675 dicunt?
1785 1617 1978 1674 Nonne

2084 439 2210 478 mox
2239 443 2252 478 :
2300 425 2392 477 Ἐκ
2419 425 2482 494 δὴ
2513 423 2609 476 τοῦ
2636 425 2809 492 Λόγου
2836 427 2931 478 καὶ
2954 424 3055 496 τῆς
3075 424 3230 496 Ζωῆς
3255 423 3667 496 προϐεϐλῆσθαι

2083 515 2224 569 κατά
2255 515 2516 584 συζυγίαν
2566 516 2884 587 Ἄνθρωπον
2910 517 3004 570 καὶ
3040 516 3384 588 Ἐκκλησίαν.
3418 515 3495 570 Ea
3532 531 3668 572 voce

2083 623 2300 678 semper
2319 608 2386 662 de
2419 607 2690 663 ASonibus
2718 609 2910 665 utitur.
2945 607 3208 664 Eamdem
3232 618 3286 664 et
3305 607 3570 678 Origenes
3596 608 3669 663 de

2083 700 2486 756 Valentinianis
2518 715 2688 769 agens
2731 709 2964 771 usurpat
3004 709 3141 754 tom.
3177 716 3240 754 ιιι
3279 701 3330 753 in
3359 697 3622 754 Joannem
3644 713 3667 752 :

2082 793 2228 866 Πρὸς
2269 793 2326 848 δὲ
2373 794 2501 857 τοὺς
2547 793 2649 865 τὴν
2707 795 2836 864 περὶ
2878 792 3090 847 αἰώνων
3137 792 3558 856 ἀναπλάσαντας
3605 793 3669 846 ἐν

2083 884 2368 954 συζυγίαις
2418 883 2739 956 μυθολογίαν
2786 884 2880 938 καὶ
2931 884 3212 955 οἰομένους
3257 883 3363 936 ὑπὸ
3405 882 3520 936 Νοῦ
3569 884 3669 938 καὶ

2097 972 2378 1046 Ἀληθείας
2394 975 2800 1046 προϐεϐλῆσθαι
2822 974 2992 1043 Λάγον
3019 974 3111 1026 καὶ
3139 972 3314 1044 Ζωὴν,
3343 974 3445 1026 οὐκ
3464 971 3672 1026 ἀπίθα-

2081 1084 2169 1120 νον
2213 1066 2309 1120 καὶ
2345 1065 2517 1119 ταῦτα
2561 1067 2854 1138 ἀπορῆσαι.
2905 1065 3083 1135 Atque
3128 1064 3241 1119 haec
3285 1073 3369 1119 εει
3419 1062 3668 1119 IEonum

2080 1158 2396 1230 genealogia
2430 1157 2572 1211 κατὰ
2601 1157 2700 1230 τὴν
2722 1156 3015 1229 προϐολήν,
3044 1166 3104 1210 ut
3131 1157 3376 1226 loquitur
3396 1155 3666 1214 Irenaeus.

2079 1248 2268 1321 Neque
2327 1250 2483 1305 aliter
2526 1249 2946 1305 Valentinianus
2999 1249 3129 1316 ille,
3176 1249 3337 1318 cujus
3383 1249 3670 1319 ipsissima

2079 1342 2246 1396 verba
2272 1341 2592 1396 transcribit
2617 1339 2874 1407 lrenaeus,
2907 1340 3186 1410 loquitur:
3216 1339 3472 1412 Ἰωάννης
3502 1341 3533 1394 ὁ
3563 1358 3672 1411 μα·

2080 1431 2249 1504 θητὴς
2295 1431 2390 1485 τοῦ
2438 1431 2643 1503 Κυρίου
2685 1430 3005 1502 βουλόμενος
3039 1433 3212 1485 εἰπεῖν
3241 1432 3341 1504 τὴν
3369 1431 3481 1485 τῶν
3527 1433 3671 1486 ὅλων

2078 1525 2292 1594 γένεσιν
2343 1523 2464 1577 καθ’
2509 1525 2575 1594 ἣν
2621 1522 2691 1576 τὰ
2741 1523 2918 1576 πάντα
2964 1522 3298 1595 προέϐαλλεν
3351 1523 3381 1575 ὁ
3432 1521 3670 1594 Πατὴρ,

2079 1620 2254 1692 ἀρχὴν
2283 1634 2407 1671 τινα
2453 1615 2767 1672 ὑποτίθεται
2796 1616 2857 1669 τὸ
2884 1616 3100 1686 πρῶτον
3127 1615 3388 1686 γεννηθὲν
3419 1616 3528 1670 ὑπὸ
3568 1616 3670 1669 τοῦ

389 1714 821 1786 objectionibus,
856 1729 981 1784 quae
1024 1713 1158 1767 oriri
1187 1723 1422 1783 possunt
1453 1723 1547 1767 aut
1593 1713 1800 1780 solent,
1835 1727 1974 1782 sazpe

2080 1709 2236 1773 Θεοῦ,
2275 1712 2334 1762 ὲν
2364 1701 2408 1777 ᾧ
2434 1708 2612 1762 πάντα
2637 1709 2665 1760 ὁ
2694 1706 2886 1779 Πατὴρ
2929 1707 3196 1780 προέϐαλε
3239 1707 3667 1779 σπερματικιῖκθ

390 1813 714 1871 occurrunt,
744 1815 821 1872 et,
852 1814 915 1861 ut
947 1805 1054 1860 hoc
1080 1804 1314 1870 faciant,
1357 1805 1605 1860 eamdem
1649 1805 1976 1860 sententiam

387 1899 573 1955 verbis
619 1896 742 1954 aliis
790 1896 1110 1968 proferunt?
1154 1896 1386 1952 Plurimi
1421 1899 1476 1952 in
1509 1897 1702 1954 Vetere
1734 1907 1788 1952 et
1827 1896 1977 1953 Novo

390 1991 748 2049 Testamento
795 1989 1099 2061 pleonasmi
1142 2005 1240 2060 per
1294 2005 1596 2061 synonyma
1645 1989 1894 2059 opposita
1926 1998 1979 2044 et

388 2084 647 2156 negantia
675 2099 706 2138 a
729 2083 863 2138 viris
893 2081 1121 2137 eruditis
1151 2081 1424 2137 observati
1461 2089 1590 2137 sunt
1624 2099 1638 2136 :
1673 2081 1767 2152 qui
1796 2090 1976 2136 tamen

388 2191 502 2230 non
533 2173 715 2245 frigidi
741 2182 837 2230 aut
860 2175 1253 2244 supervacanei
1287 2183 1594 2243 putantur;
1629 2171 1723 2228 sed
1752 2172 1978 2243 empha-

388 2267 509 2325 tici.

463 2359 571 2414 Sed
611 2358 831 2413 tandem
863 2375 881 2408 ι
913 2356 1030 2427 ipsa
1069 2354 1316 2426 epistolae
1355 2353 1595 2409 elocutio
1633 2354 1700 2409 ad
1729 2351 1979 2409 Petavia-

389 2466 523 2507 num
550 2464 777 2505 sensum
806 2449 989 2518 inepta
1022 2455 1188 2516 atque
1212 2447 1420 2502 absona
1447 2455 1531 2501 est
1551 2453 1607 2500 et
1639 2445 1920 2502 inusitata.
1952 2464 1971 2498 ι

390 2545 529 2600 Mira
553 2543 670 2598 haec
699 2541 936 2612 objectio
968 2556 999 2594 a
1032 2539 1232 2595 Dallreo
1255 2578 1270 2605 ,
1301 2538 1396 2609 qui
1432 2552 1626 2592 omnes
1670 2535 1838 2607 hujus
1880 2552 1978 2591 au-

391 2636 562 2693 ctoris
583 2634 845 2705 epistolas
881 2632 1018 2687 tales
1050 2631 1389 2686 elocutiones
1413 2671 1427 2696 ,
1456 2629 1690 2698 ineptas,
1739 2627 1977 2682 absonas

392 2739 447 2784 et
467 2727 760 2783 inusitatas
781 2725 1067 2780 continere
1097 2722 1228 2777 alibi
1251 2722 1346 2777 ait.
1377 2741 1396 2775 ι
1428 2721 1497 2776 At
1526 2719 1572 2775 si
1602 2728 1849 2774 nostrum
1865 2717 1976 2772 Va-

390 2821 690 2876 lentianam
721 2817 886 2886 Sigen
935 2814 1279 2887 signiﬁcasse
1325 2813 1652 2879 admiseris,
1695 2820 1805 2866 tota
1855 2825 1977 2866 ora-

391 2915 468 2970 tio
510 2920 565 2968 et
610 2909 920 2982 perspicua,
967 2917 1022 2963 et
1051 2907 1256 2978 gravis,
1297 2914 1353 2961 et
1394 2905 1728 2970 necessaria,
1757 2913 1810 2959 et
1831 2905 1976 2960 clara

387 3006 556 3061 etiam
588 3011 643 3059 et
678 3002 922 3073 legitima
967 3000 1110 3066 erit;
1139 3018 1157 3050 ι
1189 2998 1296 3053 hoc
1341 3005 1455 3062 est,
1509 2995 1709 3052 Dallaao
1737 2993 1973 3063 fatente,

388 3095 690 3168 lgnatianis
711 3091 1102 3149 dissimillima.
1139 3088 1405 3173 Ut‘igitur
1429 3097 1624 3143 auctor
1655 3087 1740 3144 sui
1781 3085 1976 3142 similis

390 3193 488 3257 sit,
522 3198 582 3244 ut
607 3189 722 3243 haec
747 3185 925 3241 oratio
945 3183 1175 3254 reliquis
1205 3190 1492 3253 congruat,
1514 3188 1573 3234 ut
1599 3181 1715 3235 haec
1738 3179 1977 3234 elocutio

391 3283 606 3339 exteris
651 3295 767 3334 non
815 3284 1119 3349 repugnet,
1175 3291 1296 3330 eam
1340 3275 1408 3329 de
1447 3271 1723 3328 Valentini
1781 3272 1977 3327 haeresi

390 3389 670 3447 exponere
732 3388 844 3427 non
895 3384 1212 3441 possumus.
1280 3367 1415 3423 illud
1477 3368 1661 3438 potius
1713 3365 1975 3421 Dallzeum

391 3471 574 3525 dicere
588 3468 853 3536 oportuit,
877 3463 1162 3533 Expositio
1186 3460 1394 3517 Petavii
1423 3461 1598 3516 reddit
1627 3460 1810 3515 omnia
1826 3459 1974 3514 clara

393 3572 449 3618 et
483 3561 796 3632 perspicua,
826 3555 1082 3614 Salmasii
1108 3554 1292 3609 omnia
1321 3552 1537 3608 turbata
1568 3561 1732 3622 atque
1771 3551 1977 3609 absona

392 3664 449 3710 et
478 3654 655 3724 magis
687 3653 754 3707 ad
798 3649 1042 3705 auctoris
1079 3647 1247 3719 hujus
1276 3662 1486 3702 morem
1516 3646 1848 3717 geniumque
1880 3660 1974 3701 ac-

392 3747 863 3804 commodatazet
896 3744 982 3798 vel
1023 3741 1092 3798 ob
1146 3756 1268 3795 eam
1315 3741 1587 3795 rationem
1635 3736 1976 3793 Salmasiana

394 3839 663 3910 expositio
692 3837 1000 3892 Petavianze
1057 3832 1401 3904 praeferenda
1432 3841 1534 3887 est.
1569 3831 1678 3886 Nec
1733 3831 1850 3886 haec
1893 3831 1978 3885 lu-

393 3928 530 3982 dens
584 3926 746 3992 dico,
783 3924 879 3980 sed
927 3923 1070 3979 serio
1117 3931 1174 3977 et
1229 3937 1298 3977 ex
1343 3921 1570 3990 animo;
1629 3936 1740 3976 non
1785 3921 1976 3976 dubito

394 4020 540 4076 enim
569 4018 704 4089 quin
731 4032 858 4072 mox
882 4025 1210 4072 ostensurus
1239 4016 1342 4069 sim
1382 4014 1781 4084 expositionem
1805 4014 1973 4081 illam,

393 4126 518 4182 qua:
542 4109 980 4164 Valentinianam
1024 4104 1192 4176 Sigen
1225 4107 1335 4161 huc
1373 4105 1638 4169 advocat,
1667 4120 1790 4161 esse
1816 4105 1976 4175 plane

393 4203 777 4268 absonam;et
804 4199 1107 4254 orationem
1141 4211 1297 4264 eam,
1343 4191 1502 4266 λόγος
1526 4197 1628 4251 οὐκ
1669 4197 1777 4250 ἀπὸ
1817 4197 1976 4269 σιγῆς

393 4295 705 4368 προελθὼν,
742 4309 809 4349 eo
858 4309 1026 4348 sensu
1069 4302 1382 4362 acceptam,
1419 4305 1524 4346 nec
1573 4304 1695 4346 esse
1724 4290 1929 4345 claram
1956 4331 1971 4357 ,

2082 1803 2187 1856 ὑπὸ
2215 1802 2271 1855 δὲ
2297 1802 2494 1856 τούτου
2519 1802 2653 1873 φησὶ
2675 1801 2770 1854 τὸν
2801 1803 2974 1870 Λόγον
3004 1799 3430 1872 προϐεϐλῆσθαι.
3467 1798 3673 1854 Valen-

2084 1897 2326 1952 tinianus
2354 1894 2578 1966 quidem
2610 1895 2768 1959 alter,
2802 1895 2963 1964 cujus
2996 1894 3162 1949 verba
3191 1895 3386 1948 recitat
3425 1891 3673 1963 Epipha-

2079 1983 2204 2042 riius
2232 2029 2246 2054 ,
2293 2003 2393 2058 pro
2432 1987 2800 2059 προϐαλέσθαι
2851 2001 3064 2057 semper
3098 1995 3324 2055 usurpat
3363 1982 3670 2050 ἀναδεῖξαι,

2081 2081 2361 2155 προελθεῖν
2393 2097 2696 2152 nunquam.
2737 2080 2890 2136 Licet
2934 2080 3102 2151 igitur
3132 2079 3368 2134 [renzeus
3398 2080 3516 2148 ipse
3538 2119 3554 2141 ,
3599 2079 3673 2134 de

2079 2174 2440 2245 productione
2465 2190 2653 2229 rerum
2690 2174 3054 2229 materialium
3082 2189 3270 2244 agens,
3305 2189 3441 2226 voce
3471 2172 3674 2244 προελ-

2079 2267 2193 2321 θεῖν
2222 2276 2427 2334 utatur,
2465 2275 2519 2321 et
2553 2265 2718 2322 Marci
2750 2267 3074 2322 sententiam
3110 2265 3355 2321 referens
3395 2266 3670 2320 tetradem

2080 2377 2148 2416 ex
2178 2361 2409 2426 tetrade,
2430 2361 2689 2417 decadem
2715 2375 2780 2415 ex
2809 2360 3076 2432 ogdoade,
3095 2372 3145 2414 et
3170 2359 3375 2415 Eones
3398 2376 3463 2415 ex
3496 2370 3673 2414 tetra-

2079 2455 2177 2522 de,
2229 2461 2285 2508 et
2328 2453 2606 2509 Ptolemaei
2643 2454 3043 2524 discrepantem
3107 2454 3423 2524 opinionem
3470 2454 3671 2523 depin-

2081 2563 2232 2618 gens,
2259 2545 2381 2601 Nun
2407 2556 2460 2602 et
2486 2546 2756 2601 Alethiam
2785 2555 3044 2617 tanquam
3071 2545 3340 2617 imagines
3367 2546 3670 2600 affectuum

2079 2637 2256 2694 Patris
2273 2637 2603 2694 Thelematis
2626 2649 2678 2693 et
2701 2638 2926 2694 Ennma:
2950 2639 3020 2693 ita
3045 2639 3317 2709 prodiisse
3335 2639 3504 2705 dicat,
3519 2649 3575 2692 et
3597 2655 3666 2693 ea

2079 2748 2184 2788 vox
2221 2733 2385 2787 etiam
2420 2733 2474 2788 in
2518 2733 2814 2790 Clementis
2846 2733 3203 2787 Alexandrini
3239 2731 3537 2786 Anatolicis
3581 2749 3671 2789 re-

2080 2826 2360 2896 periatur;
2387 2835 2568 2880 tamen
2597 2842 2722 2880 cum
2758 2825 3120 2881 Valentiniani
3159 2827 3261 2897 ipsi
3295 2828 3452 2880 aliter
3495 2827 3668 2882 locuti

2081 2917 2214 2985 sint,
2243 2933 2370 2973 cum
2401 2917 2639 2974 lrenzeus
2670 2927 2924 2974 accurate
2960 2918 3207 2974 referens
3243 2917 3665 2974 Valentiniano.

2081 3027 2202 3066 rum
2253 3026 2507 3079 errores,
2557 3011 2710 3067 dum.
2750 3011 3095 3084 singulorum
3144 3011 3385 3067 {Eonum
3429 3028 3666 3084 genera-

2081 3103 2260 3158 tiones
2327 3112 2646 3168 enumerat,
2717 3101 3120 3175 προϐεϐλῆσθαι
3176 3112 3285 3158 tam
3341 3113 3666 3158 constanter

2080 3203 2329 3265 usurpet,
2358 3210 2484 3250 cum
2514 3193 2825 3250 SS.Patres
2857 3203 2967 3250 tam
2998 3209 3140 3264 δεῖρε
3161 3194 3437 3267 προϐολὰς
3458 3193 3665 3250 Valen-

2083 3287 2306 3343 tinianis
2337 3287 2634 3358 objieiant;
2663 3287 2707 3340 si
2736 3295 2930 3342 auctor
2957 3287 3203 3356 epistola:
3239 3286 3665 3344 Valentinianos

2079 3378 2284 3434 directe
2329 3378 2494 3433 ferire
2527 3389 2580 3433 et
2620 3393 2812 3434 eorum
2856 3394 3010 3434 more
3043 3379 3195 3450 loqui
3219 3381 3516 3446 voluisset,
3550 3398 3665 3435 non

2078 3469 2188 3524 ἀπὸ
2227 3470 2386 3541 σιγῆς
2427 3468 2739 3541 προελθών,
2790 3469 2884 3526 sed
2925 3472 3110 3540 potius
3150 3473 3215 3525 ὲκ
3262 3472 3420 3543 σιγῆς
3456 3472 3666 3544 προϐε-

2078 3560 2344 3633 ϐλημένος
2377 3560 2627 3615 dixisset.

2147 3652 2306 3720 Quod
2359 3663 2542 3707 autem
2592 3663 2808 3707 nostros
2863 3651 2931 3707 ad
2991 3654 3395 3710 emanationem
3448 3654 3575 3709 Filii
3631 3669 3667 3710 a

2078 3741 2242 3799 Patre
2292 3743 2709 3814 significandam
2757 3759 2888 3800 usos
2915 3758 3037 3800 esse
3071 3760 3204 3800 voce
3248 3746 3530 3817 προελθεῖν
3556 3747 3666 3801 eb-

2079 3846 2293 3905 servet,
2342 3837 2411 3891 ad
2445 3852 2559 3892 rem
2607 3837 2835 3893 omnino
2871 3853 2981 3892 non
3035 3837 3199 3904 facit;
3254 3840 3368 3894 imo
3400 3841 3548 3910 quod
3595 3856 3664 3896 ex

2078 3926 2289 3998 lgnatio
2328 3937 2518 3984 nostro
2567 3929 2822 3995 adducit,
2869 3929 3044 3984 multo
3078 3929 3294 3996 minus,
3341 3945 3466 3985 cum
3512 3929 3667 3986 dicat

2078 4021 2358 4076 Christum
2386 4019 2572 4076 Jesum
2601 4021 2693 4090 ἀφ’
2719 4021 2837 4085 ἐνὸς
2859 4020 3073 4094 Πατρὸς
3095 4021 3396 4093 προελθεῖν.
3427 4040 3448 4074 ι
3472 4019 3664 4078 Unum

2078 4115 2363 4184 idemque,
2398 4115 2613 4184 inquit,
2649 4123 2885 4185 utroque
2931 4114 3054 4170 loco
3088 4115 3317 4170 verbum
3362 4124 3476 4183 est,
3509 4115 3665 4185 quod

2079 4208 2349 4277 interpres
2379 4205 2711 4264 Usserianus
2741 4207 3152 4264 vetustissimus
3199 4208 3254 4261 in
3281 4206 3452 4278 priori
3483 4208 3660 4275 exire,

2081 4299 2136 4353 in
2173 4300 2463 4368 posteriori
2495 4301 2738 4370 progredi
2801 4300 3056 4355 reddidit.
3100 4319 3120 4353 ›
3173 4298 3448 4356 Hactenus
3501 4316 3660 4357 vere.

395 4387 944 4457 neclegitimam,nec
963 4385 1598 4452 Gnosticis,necnostris
1623 4383 1971 4438 familiarem.
2005 4398 2050 4454 ι)
2079 4387 2219 4459 Ergo
2264 4399 2448 4446 noster
2494 4390 2696 4446 Filium
2741 4391 2892 4446 exire
2941 4399 3050 4444 tam
3117 4405 3148 4445 a
3189 4391 3410 4447 silentio
3470 4402 3662 4462 negat,

465 4482 585 4537 .Iam
617 4496 747 4537 vero
778 4490 840 4535 ut
880 4494 948 4535 ex
997 4479 1134 4550 ipsis
1163 4479 1346 4534 verbis
1404 4493 1627 4533 sensum
1655 4493 1818 4549 quem
1857 4479 1975 4531 vult

393 4574 720 4644 exsculpat,
776 4573 1029 4628 observat
1090 4587 1218 4627 cum
1273 4571 1567 4626 Gnosticos
1623 4569 1691 4625 ad
1743 4583 1971 4625 suorum

395 4665 634 4722 :Eonum
660 4666 1004 4732 emissiones,
1031 4674 1147 4720 tum
1182 4675 1397 4720 nostros
1426 4663 1492 4718 ad
1517 4663 1636 4718 Filii
1665 4672 1718 4719 et
1736 4662 1973 4733 Spiritus

395 4759 960 4814 sanctiemanationes
980 4758 1368 4829 signiticandas
1395 4757 1472 4812 uti
1501 4773 1635 4814 voce
1665 4757 1971 4829 προελθεῖν.

392 4851 671 4907 Fortasse.
709 4850 816 4906 Sed
850 4851 982 4906 hinc
1011 4851 1161 4906 nullo
1201 4851 1364 4905 modo
1388 4852 1658 4920 sequitur,
1691 4857 1787 4905 aut
1815 4849 1974 4905 aliter

393 4959 513 4998 eam
551 4959 739 4999 vocem
775 4943 1028 5013 usurpari
1077 4959 1188 4998 non
1223 4957 1412 5013 posse,
1465 4952 1560 4997 aut
1589 4943 1694 4998 hoc
1743 4941 1864 4996 loco
1919 4941 1972 4995 in

390 5049 517 5090 eum
565 5036 788 5090 modum
841 5036 1014 5105 accipi
1045 5035 1263 5090 debere.
1305 5034 1420 5090 Vox
1468 5050 1578 5104 qua
1614 5035 1853 5090 maxime
1885 5035 1971 5090 usi

392 5138 523 5183 sunt
553 5128 606 5182 in
645 5130 746 5184 hac
779 5143 838 5183 re
863 5127 1231 5183 Valentiniani
1276 5128 1380 5182 alia
1414 5129 1574 5198 plane
1601 5138 1738 5195 erat,
1776 5143 1972 5198 nempe

392 5199 817 5294 προϐαλλεσθαι,
844 5223 989 5277 unde
1021 5221 1180 5277 toties
1203 5236 1234 5275 a
1269 5219 1370 5276 SS.
1400 5219 1654 5276 Patribus
1689 5222 1970 5293 exagitan-

393 5324 504 5368 tur.
536 5315 610 5370 lta
637 5315 874 5371 lrenazus
908 5315 1238 5371 sententiam
1270 5313 1776 5370 Valcntinianorum
1801 5331 1966 5371 accu-

393 5415 510 5460 rate
539 5407 779 5463 referens
812 5407 905 5461 lib.
936 5423 975 5472 ι,
1004 5422 1127 5478 cap.
1167 5409 1220 5474 l,
1254 5408 1422 5462 tradit
1455 5407 1851 5479 προϐάλλεσθαι
1879 5406 1970 5459 τὸν

392 5498 563 5552 Βυθὸν
596 5500 768 5572 ἀρχὴν
796 5499 903 5552 τῶν
936 5500 1174 5565 πάντων,
1204 5500 1348 5566 Nun,
1381 5502 1622 5566 scilicet;
1654 5499 1966 5570 συμπροϐε-

393 5590 618 5661 ϐλῆσθαι
655 5591 712 5644 δὲ
752 5591 900 5662 αὐτῷ
940 5589 1236 5664 Ἀλήθειαν.
1270 5593 1337 5646 Ει
1373 5609 1564 5648 rursus
1594 5611 1606 5645 :
1641 5591 1969 5661 Αίσθόμενον

391 5680 448 5733 δὲ
474 5681 562 5735 τὸν
598 5683 866 5754 μονογενῆ
901 5682 1121 5749 τοῦτον,
1156 5700 1346 5754 nempe
1389 5683 1547 5751 Nttn,
1591 5685 1675 5752 ἐφ’
1710 5680 1789 5748 οἷς
1833 5702 1966 5755 προ-
2008 5722 2022 5735 .

2077 4496 2242 4552 quam
2273 4497 2304 4536 a
2337 4481 2499 4539 Patre
2526 4484 2622 4538 ait.
2659 4482 2952 4550 Quaenam,
2984 4483 3208 4550 amabo,
3240 4483 3356 4539 haec
3400 4493 3487 4540 est
3519 4500 3666 4540 con-

2076 4574 2402 4642 sequentia?
2427 4575 2511 4628 An
2553 4575 2647 4644 qui
2688 4575 2822 4630 dicit
2849 4573 3048 4630 Filium
3087 4591 3117 4629 a
3142 4574 3305 4631 Patre
3341 4576 3513 4642 exire,
3543 4591 3662 4632 non

2076 4675 2258 4719 autem
2303 4665 2437 4721 dicit
2487 4666 2776 4736 progredi,
2830 4675 2887 4722 et
2915 4665 3156 4722 Verbum
3209 4682 3322 4721 non
3371 4683 3402 4722 a
3433 4669 3663 4724 silentio

2077 4760 2350 4830 progredi,
2382 4775 2492 4814 non
2523 4768 2704 4815 autem
2734 4777 2842 4816 non
2877 4761 3048 4829 exire,
3066 4763 3113 4817 is
3135 4761 3334 4816 Filium
3361 4763 3512 4818 exire
3539 4772 3660 4819 tam

2077 4865 2109 4903 a
2144 4850 2358 4904 silentio
2409 4859 2572 4921 negat
2622 4867 2786 4921 quam
2834 4867 2867 4906 a
2897 4849 3058 4907 Patre
3106 4853 3223 4907 ait?
3270 4852 3433 4908 Nullo
3463 4855 3657 4911 modo.

2075 4943 2474 5011 Argumentum
2541 4944 2722 5013 itaque
2787 4945 2856 5000 ab
2917 4946 3362 5015 interpretatione
3421 4947 3658 5002 ductum

2074 5049 2302 5104 prorsus
2346 5042 2430 5088 est
2483 5033 2880 5105 frustraneum,
2922 5038 3033 5092 imo
3063 5038 3222 5107 plane
3273 5039 3510 5094 nullum.
3545 5038 3660 5096 Sed

2073 5130 2251 5198 potuit
2282 5129 2546 5199 interpres
2577 5138 2686 5184 tam
2719 5131 2871 5186 exire
2892 5130 2947 5185 in
2979 5131 3283 5202 posteriore
3311 5131 3436 5186 loco
3457 5133 3660 5188 redde-

2075 5237 2165 5285 re,
2192 5237 2354 5291 quam
2403 5222 2605 5291 priore.
2650 5222 2839 5279 Potuit
2867 5224 3120 5294 quidem;
3153 5224 3245 5280 sed
3277 5232 3332 5279 et
3369 5234 3479 5279 tam
3520 5241 3658 5296 pro-

2074 5312 2222 5381 gredi
2269 5313 2447 5380 potuit
2500 5312 2554 5365 in
2600 5313 2782 5382 priore
2810 5313 2933 5368 loco
2984 5312 3230 5380 reddere,
3264 5327 3428 5382 quam
3460 5323 3654 5382 poste~

2073 5405 2240 5467 riore,
2275 5405 2316 5459 si
2347 5413 2538 5458 contra
2570 5405 2737 5458 animi
2770 5405 2855 5460 sui
2889 5420 3110 5460 sensum
3141 5405 3412 5460 redderet.
3443 5403 3654 5460 Verum

2072 5496 2372 5552 fidissimus
2412 5499 2679 5567 interpres
2719 5498 2847 5552 latae
2889 5499 3305 5567 signiﬁcationis
3340 5513 3532 5554 vocem
3577 5499 3653 5554 ita

2071 5591 2337 5659 reddidit,
2375 5592 2837 5662 quemadmodum
2890 5593 3012 5648 loco
3051 5609 3212 5663 quem
3259 5593 3654 5663 interpretatus

2071 5700 2173 5754 εει,
2198 5686 2399 5756 Optime
2439 5686 2710 5756 quadrare
2757 5686 3041 5742 sentiebat.
3078 5683 3216 5742 Dicit
3249 5686 3416 5758 igitur
3449 5684 3650 5741 Filium
