3848 6204
171 363 277 420 ωε

904 353 958 412 Ι.
998 352 1364 411 PEARSONII
1401 347 1728 410 VINDICLE
1766 340 2192 406 IGNATIANE.
2229 374 2296 385 —
2335 339 2514 397 PARS
2551 339 2615 395 ll.

3321 337 3429 394 306

173 473 325 527 exire
366 486 399 525 a
437 468 640 536 Patre,
691 478 854 541 negat
893 485 926 526 a
971 471 1193 527 silentio
1240 470 1531 543 progredi:
1580 484 1759 539 neque
1787 501 1828 558 Α
1863 480 2039 536 neque
2080 477 2282 558 causa,
2321 474 2498 558 neque
2536 455 2864 558 principium
2905 451 3344 558 constitutivum.
3372 453 3428 507 ln

173 562 479 620 secundum
529 561 830 619 catholicos
889 563 1294 616 emanationem
1362 571 1622 616 aeternam
1669 561 1756 615 in-

175 653 414 716 tellexit,
466 668 647 721 neque
696 653 764 707 de
797 653 1022 722 probole
1049 653 1433 708 Valentiniana
1478 655 1564 709 vel
1608 669 1759 709 som-

175 745 375 801 niavit.
403 743 720 813 Aliquando
754 743 928 799 Graeci
959 745 1243 817 προελθεῖν
1274 747 1345 800 ita
1377 755 1666 814 usurpant,
1703 753 1763 799 ut

174 838 286 890 vim
315 834 414 889 τοῦ
441 835 678 901 ἐξελθεῖν
701 851 768 890 ex
791 838 1054 906 appositis
1080 826 1286 893 habere
1309 839 1597 893 sentiatur.
1620 839 1760 893 Cum

175 927 344 997 igitur
371 927 629 981 Christus
688 927 949 991 dixisset,
1000 926 1070 981 ἐκ
1120 927 1228 982 τοῦ
1279 928 1426 982 Θεοῦ
1473 928 1758 998 ἐξῆλθον,

174 1017 340 1073 Joan.
377 1035 504 1084 vm,
545 1018 639 1085 42,
675 1018 817 1073 idem
857 1019 1168 1088 signiﬁcare
1215 1019 1458 1075 voluisse
1489 1020 1762 1090 putandus

174 1119 260 1165 est
302 1109 578 1180 lgnatius,
620 1125 747 1165 cum
788 1111 981 1167 scribit
1019 1112 1111 1180 ἀφ’
1155 1112 1272 1174 ἑνὸς
1307 1111 1521 1183 Πατρὸς
1563 1109 1761 1182 προελ-

175 1201 363 1265 θόντα,
395 1201 545 1279 quod
577 1201 849 1272 interpres
872 1203 1054 1270 vertit,
1085 1222 1105 1255 ι
1132 1203 1201 1258 ab
1227 1219 1339 1259 uno
1367 1201 1527 1259 Patre
1555 1219 1764 1259 exeun-

174 1301 308 1347 tem.
341 1311 362 1344 ι
411 1293 571 1347 Certe
605 1302 667 1346 ut
709 1295 1115 1350 emanationem
1159 1311 1190 1350 a
1238 1294 1400 1351 Patre
1463 1296 1532 1352 iis
1583 1297 1762 1352 verbis

173 1384 402 1439 denotet
450 1383 718 1456 Ignatius,
751 1387 903 1441 nulla
949 1388 1095 1443 ratio
1138 1388 1304 1459 cogit.
1334 1387 1599 1444 Novimus
1629 1390 1761 1460 quid

173 1474 504 1532 Theodorus
532 1477 673 1533 Beza
705 1479 775 1534 ad
807 1480 959 1535 illum
986 1479 1214 1536 Joannis
1236 1483 1418 1539 locum
1442 1485 1720 1554 scripserit
1745 1501 1760 1538 :

181 1585 202 1619 ι
231 1565 511 1638 Loquitur
540 1569 817 1636 Christus,
852 1588 974 1627 meo
1026 1575 1247 1643 quidem
1292 1575 1530 1645 judicio,
1559 1577 1626 1631 de
1666 1577 1762 1630 ad-

173 1669 343 1714 ventu
378 1662 436 1716 in
473 1677 695 1717 carnem
717 1704 734 1730 ,
765 1679 877 1720 non
907 1666 973 1721 de
1001 1675 1204 1722 aeterna
1251 1670 1604 1737 generatione
1625 1713 1638 1736 ,
1671 1671 1759 1725 cui

173 1750 482 1822 improprie
510 1769 732 1824 quoque
755 1757 1083 1813 tribueretur
1111 1758 1172 1812 τὸ
1194 1759 1449 1826 ἐξελθεῖν.
1481 1779 1499 1812 ι
1531 1759 1596 1813 Ει
1624 1763 1760 1815 ratio

1860 554 2206 624 generatione
2231 551 2371 622 ipsa,
2414 551 2481 605 de
2512 564 2620 620 qua
2657 548 2808 618 loqui
2841 557 3092 603 nostrum
3123 546 3331 612 volunt,
3363 561 3428 600 ex

1860 647 2126 718 principio
2149 645 2413 716 privativo
2442 645 2624 714 potius
2647 641 2848 713 aliquid
2883 641 2998 696 fieri
3022 641 3241 703 dicitur,
3265 654 3432 710 quam

1858 755 1922 793 ex
1938 738 2310 794 constitutivo.
2336 738 2412 790 Ita
2437 733 3009 805 Aristoteles,-Physic.
3028 731 3122 787 lib.
3150 747 3189 798 ι,
3217 746 3336 801 cap.
3364 729 3429 784 7:

1859 829 1934 882 Τὸ
1964 829 2008 883 δ’
2034 828 2098 882 ἐκ
2132 845 2276 890 τινος
2308 825 2551 895 γίνεσθαί
2578 844 2651 890 τι,
2682 826 2775 878 καὶ¹
2821 826 2893 896 μὴ
2932 823 3050 876 τόδε
3083 821 3328 892 γίνεώαί
3356 838 3431 884 τι,

1863 921 2060 992 μᾶλλον
2093 920 2189 992 μὲν
2233 919 2450 988 λέγεται
2493 919 2585 970 ἐπὶ
2618 917 2724 970 τῶν
2767 917 2839 988 μὴ
2882 914 3292 987 ὑπομενόντων,
3323 907 3435 965 οἷον

1859 1013 1918 1078 ἐξ
1950 1013 2190 1085 ἀμούσου
2241 1009 2495 1080 μουσικὸν
2527 1007 2809 1076 γίνεσθαι,
2840 1005 2897 1073 ἐξ
2942 1003 3229 1076 ἀνθρώπου
3277 1003 3321 1055 δ’
3349 999 3431 1053 οὔ.

1859 1103 1927 1158 Et
1951 1120 2068 1174 cap.
2099 1103 2165 1158 8:
2212 1103 2306 1155 Ἐκ
2331 1101 2438 1173 γὰρ
2472 1101 2795 1172 στερήσεως,
2827 1099 2855 1151 ὃ
2887 1100 3022 1162 ἐστι,
3047 1096 3168 1149 καθ’
3201 1093 3330 1148 αὐτὸ
3359 1094 3432 1164 μὴ

1859 1197 1938 1261 ὃν,
1967 1197 2066 1250 οὐκ
2098 1194 2490 1265 ἐνυπάρχοντος
2521 1192 2728 1260 γίνεταί
2759 1208 2830 1243 τι.
2862 1189 2940 1243 Ex
2966 1188 3237 1259 privativo
3269 1187 3435 1256 igitur

1859 1288 2128 1359 principio
2161 1287 2295 1341 satis
2326 1285 2540 1355 proprie
2571 1283 2720 1338 aliud
2758 1282 2874 1337 ﬁeri
2919 1290 3014 1336 aut
3053 1279 3270 1350 prodire
3298 1279 3434 1333 dici-

1863 1387 1984 1446 tur;
2026 1377 2184 1433 etde
2237 1393 2420 1432 rerum
2471 1385 2593 1430 ortu
2645 1376 2720 1429 ita
2770 1389 2912 1444 saepe
2955 1373 3251 1442 loquimur.
3299 1370 3435 1437 Quis

1860 1472 2003 1525 enim
2029 1485 2138 1524 non
2166 1469 2301 1524 dicit
2329 1469 2505 1524 lucem
2531 1485 2596 1523 ex
2625 1466 2867 1524 tenebris
2902 1465 3034 1520 oriri
3067 1464 3150 1519 vel
3180 1463 3436 1534 prodire?

1860 1561 2046 1632 Neque
2096 1562 2140 1617 si
2188 1560 2442 1616 Petavius
2489 1576 2611 1614 eam
2657 1559 2878 1628 phrasin
2927 1558 3000 1612 ita
3057 1553 3434 1625 explicandam

1863 1657 2090 1726 putavit,
2118 1655 2355 1709 Verbum
2385 1669 2493 1707 non
2518 1667 2641 1706 esse
2671 1650 2962 1720 ejusmodi,
2995 1659 3056 1703 ut
3084 1663 3151 1703 ex
3189 1646 3431 1711 silentio,

1862 1749 1948 1802 vel
1984 1756 2107 1817 post
2135 1745 2409 1801 silentium
2431 1743 2711 1813 prodierit,
2744 1741 2878 1796 adeo
2901 1738 3259 1809 exagitandus
3290 1735 3393 1790 fuit
3417 1776 3432 1800 ,

174 1843 474 1900 manifesta
527 1846 744 1901 eruitur
771 1862 838 1902 ex
866 1849 1046 1904 verbis
1090 1851 1340 1920 proxime
1368 1852 1758 1921 sequentibus:

1864 1841 2018 1911 quasi
2071 1839 2208 1911 μετὰ
2243 1838 2400 1907 σιγήν
2421 1877 2434 1901 ,
2469 1845 2522 1889 et
2554 1837 2618 1888 ὲκ
2647 1836 2802 1906 σιγῆς
2845 1843 2954 1888 tam
2987 1832 3094 1889 late
3136 1829 3434 1893 diﬂerrent,

179 1934 338 1990 οὐδὲ
366 1936 480 2008 ¹μὰρ
505 1932 608 1993 ἀπ’
635 1940 897 2009 ἐμαυτοῦ
923 1942 1193 2008 ἐλήλυθα
1211 1983 1225 2007 ,
1256 1945 1394 2000 ἀλλ’
1422 1945 1650 2012 ἐκεῖνός
1686 1963 1763 2018 με

176 2028 526 2084 ἀπέστειλε.
545 2031 604 2086 Si
632 2042 816 2088 autem
830 2035 1109 2104 apostolus
1123 2052 1190 2091 eo
1205 2037 1328 2092 loco
1342 2038 1408 2092 de
1420 2047 1621 2092 aeterna
1638 2037 1761 2092 Filii

176 2121 541 2190 generatione
565 2123 786 2180 locutus
818 2140 929 2180 non
952 2137 1054 2194 est,
1081 2128 1256 2183 multo
1289 2131 1473 2185 minus
1501 2129 1760 2201 lgnatius,

177 2212 273 2282 qui
308 2213 384 2267 ita
422 2213 490 2268 de
538 2215 774 2271 adventu
809 2218 1221 2290 ejusJoquitur,
1265 2222 1512 2277 utetiam
1551 2224 1617 2278 de
1641 2225 1765 2279 red-

178 2302 300 2358 itu:
337 2305 449 2358 Τδν
486 2307 581 2376 ἀφ’
628 2308 749 2372 ἐνὸς
789 2310 1004 2382 Πατρὸς
1037 2312 1394 2384 προελθόντα,
1427 2315 1520 2368 καὶ
1557 2317 1637 2379 εἰς
1669 2317 1764 2370 ἕνα

176 2395 311 2449 ὅντα
340 2397 439 2450 καὶ
466 2401 808 2472 χωρήσοντα.
837 2421 857 2455 ι
892 2403 974 2458 Ab
1007 2420 1116 2460 uno
1159 2405 1321 2463 Patre
1355 2417 1666 2474 exeuntem,
1712 2419 1766 2463 et

178 2493 234 2542 in
276 2505 454 2543 unum
501 2493 852 2548 exsistentem
893 2502 948 2549 et
980 2511 1376 2554 reversurum:
1415 2509 1475 2554 ut
1507 2500 1765 2566 illudex-

177 2580 384 2649 primat
411 2579 570 2636 Joan.
597 2601 711 2652 xvt,
742 2586 813 2640 28
838 2605 852 2640 :
900 2585 1363 2659 Ἐξῆλθονπαρὰ
1387 2592 1492 2646 τοῦ
1513 2593 1763 2661 Πατρός,

176 2672 280 2730 καὶ
325 2672 602 2740 ἐλήλυθα
629 2679 716 2743 εὶς
752 2679 860 2731 τὸν
887 2681 1145 2749 κόσμον*
1181 2682 1368 2738 πάλιν
1402 2685 1615 2754 ἀφίημι
1659 2688 1767 2743 τὸν

177 2766 419 2834 κόσμον
442 2769 539 2821 καὶ
567 2771 889 2841 πορεύομαι
919 2773 1068 2842 πρὸς
1079 2775 1333 2844 Πατέρα.
1360 2777 1516 2833 Exivi
1542 2797 1574 2832 a
1599 2779 1764 2836 Patre

179 2865 229 2909 et
265 2858 388 2911 veni
435 2859 488 2912 in
531 2861 824 2928 mundum;
869 2866 1063 2920 iterum
1106 2868 1342 2939 relinquo
1385 2871 1674 2938 mundum,
1714 2883 1765 2929 et

175 2948 317 3001 vado
346 2949 420 3001 ad
450 2949 691 3008 Patrem.
722 2952 912 3025 Neque
941 2957 1126 3027 igitur,
1161 2976 1284 3014 cttm
1313 2960 1509 3015 Filium
1545 2979 1575 3018 a
1605 2961 1765 3018 Patre

173 3040 334 3094 exire
359 3040 499 3096 dicit
536 3054 732 3099 auctor
777 3048 1039 3116 epistolae,
1072 3056 1138 3105 de
1179 3062 1381 3107 aeterna
1415 3056 1766 3124 generatione

173 3131 475 3200 cOgitavit;
520 3150 698 3205 neque
741 3152 866 3192 cum
917 3138 1152 3196 Verbum
1205 3158 1236 3197 a
1283 3145 1503 3200 silentio
1547 3147 1766 3216 prodire

175 3224 439 3293 negavit,
484 3227 552 3280 de
600 3228 896 3285 emissione
927 3221 1197 3288 Valentini
1249 3236 1564 3294 somniavit.
1607 3239 1764 3293 Certe

173 3327 242 3366 ex
275 3314 446 3370 unica
491 3331 623 3372 voce
647 3320 928 3390 προελθεῖν
974 3323 1107 3377 nihil
1139 3326 1245 3380 tale
1276 3327 1546 3397 expiscari
1596 3330 1758 3397 licet;

173 3418 306 3472 qua:
328 3420 458 3460 cum
491 3405 776 3466 latissimae
806 3413 1223 3484 significationis
1261 3418 1352 3482 sit,
1389 3433 1456 3474 ex
1488 3421 1612 3477 aliis
1645 3438 1764 3478 ver-

174 3495 265 3552 bis
286 3498 496 3567 quibus
523 3501 861 3574 adjungitur,
883 3505 1004 3576 ejus
1031 3510 1252 3579 propria
1277 3512 1359 3567 vis
1381 3512 1620 3569 eruenda
1647 3525 1759 3570 est:

178 3603 282 3643 nec
319 3589 436 3643 ullo
469 3593 635 3648 modo
676 3596 1004 3653 contendere
1035 3613 1330 3668 possumus
1379 3603 1569 3658 eodem
1601 3604 1762 3674 plane

175 3695 348 3735 sensu
373 3696 498 3736 eam
535 3685 709 3756 accipi
738 3687 956 3756 debere,
989 3706 1114 3746 cum
1153 3693 1220 3749 ad
1249 3694 1420 3750 Deum
1449 3695 1664 3753 Patrem
1695 3699 1763 3754 de

176 3766 344 3835 Filio,
376 3781 437 3826 et
464 3789 591 3828 cum
624 3777 690 3830 ad
718 3777 996 3834 silentium
1025 3782 1092 3838 de
1128 3783 1301 3841 Verbo
1325 3788 1583 3843 refertur.
1617 3789 1763 3846 Prae-

177 3864 373 3918 sertim
401 3882 532 3921 cum
563 3869 804 3925 sciamus
831 3871 964 3928 illud
1002 3874 1181 3944 ipsum
1215 3878 1541 3934 vocabulum
1569 3880 1762 3953 προελ-

175 3959 290 4014 θεῖν
325 3977 358 4016 a
384 3961 596 4019 Graecis
619 3965 842 4021 attribui
872 3968 1050 4024 solere
1071 3970 1236 4025 verbo
1261 3973 1427 4026 etiam
1463 3975 1758 4042 prolativo,

175 4053 330 4125 quod
359 4056 752 4113 substantialis
785 4073 882 4114 seu
924 4062 1230 4129 personalis
1258 4065 1630 4134 generationis
1671 4045 1763 4123 ca-

175 4162 285 4217 pax
316 4162 436 4203 non
468 4157 573 4216 est,
596 4159 657 4204 ut
687 4151 918 4219 legimus
942 4153 1084 4224 apud
1105 4152 1370 4210 Joannem
1399 4156 1758 4228 Philoponum

181 4236 255 4292 De
283 4240 478 4296 mundi
514 4243 777 4296 creatione
809 4243 905 4300 lib.
936 4260 1012 4308 vr,
1047 4261 1168 4314 cap.
1210 4247 1282 4300 4:
1318 4249 1392 4302 Οὐ
1426 4247 1533 4320 γὰρ
1561 4267 1764 4322 προφο-

181 4328 332 4399 ρικὸν
362 4329 525 4397 λόγον
552 4331 644 4385 τὸν
671 4332 785 4403 ἃμα
824 4332 904 4404 τῷ
933 4335 1214 4406 προελθεῖν
1235 4337 1492 4407 λυόμενον
1532 4339 1610 4410 τῷ
1643 4341 1762 4411 Θεῷ

177 4421 509 4491 περιάπτειν
565 4422 743 4494 θέμις.
787 4424 854 4479 Ει
901 4425 1186 4484 Marcellus
1238 4431 1378 4498 apud
1432 4430 1759 4497 Eusebium,

1865 1949 1989 1988 cum
2026 1932 2294 1988 Eusebius
2317 1933 2370 1986 in
2403 1932 2505 1986 hac
2548 1930 2666 1998 ipsa
2703 1943 2762 1983 re
2805 1927 2921 1981 haec
2949 1926 3059 1980 duo
3090 1925 3230 1979 idem
3257 1923 3438 1976 valere

1863 2025 2168 2080 clarissime
2199 2024 2470 2078 ostendat.
2496 2023 2733 2075 Accusat
2760 2019 2905 2072 enim
2947 2015 3262 2070 Marcellum
3291 2012 3437 2083 quod

1861 2116 2110 2172 docuerit
2141 2113 2279 2186 μετὰ
2310 2114 2409 2185 τὴν
2449 2112 2607 2184 σιγὴν
2639 2111 2920 2184 προελθεῖν
2938 2109 3029 2164 τὸν
3049 2108 3207 2178 λόγον
3228 2149 3242 2172 ,
3271 2117 3326 2160 et
3369 2107 3438 2160 ob

1862 2224 1983 2262 eam
2042 2208 2367 2262 sententiam
2423 2206 2684 2276 gnostiea:
2734 2203 2927 2259 haeresi
2984 2217 3109 2257 eum
3159 2199 3434 2254 addictum

1863 2301 2204 2372 pronuntiat.
2260 2297 2462 2353 Notaut
2503 2295 2857 2354 Grammatici
2890 2309 2957 2347 ea:
2999 2291 3295 2363 aliquando
3337 2307 3437 2360 pro

1863 2401 1980 2462 post
2030 2390 2320 2462 usurpari,
2361 2401 2420 2445 ut
2451 2390 2591 2460 apud
2617 2386 2905 2457 Virgilium
2931 2427 2946 2451 ,
2977 2401 3044 2440 ea;
3074 2385 3167 2438 illo
3195 2393 3447 2452 tempore.

1865 2501 1966 2556 pro
1997 2494 2113 2554 post
2165 2485 2297 2539 illud
2347 2492 2586 2553 tempus,
2615 2491 2670 2536 et
2720 2481 2858 2550 apud
2909 2478 3248 2540 Ciceronem,
3279 2492 3342 2529 ea:
3372 2489 3437 2527 eo

1866 2579 1955 2633 die
1983 2585 2036 2632 et
2084 2592 2147 2630 ea:
2177 2576 2496 2640 consulatu,
2540 2583 2594 2628 et
2630 2558 2704 2628 ex,
2729 2572 2833 2626 hoc
2877 2581 3137 2640 tempore.
3188 2566 3346 2633 Quod
3385 2576 3438 2620 et

1866 2666 2070 2722 Graecis
2101 2665 2368 2720 familiare
2402 2676 2505 2720 est.
2526 2663 2597 2720 Ut
2625 2663 2692 2718 ad
2715 2661 2805 2715 illa
2832 2658 3055 2715 Homeri
3091 2657 3180 2712 Ἱλ.
3212 2656 3254 2709 Ε
3284 2674 3297 2709 :

1970 2822 2286 2890 Καύματος
2308 2821 2376 2885 ἐξ
2409 2819 2648 2890 ἀνέμοιο
2675 2817 2936 2884 δυσαέος
2967 2813 3334 2886 ὀρνυμένοιο.

1867 2955 2028 3012 Notat
2074 2955 2405 3012 Scholiastes
2445 2965 2598 3009 vetus
2634 2973 2647 3008 :
2695 2954 2760 3007 Ἦ
2785 2953 2854 3020 ἐξ
2895 2953 3016 3006 ἀντὶ
3047 2951 3146 3035 τῆς
3173 2949 3341 3020 μετά.
3377 2947 3441 3002 Et.

1867 3045 2227 3104 Eustathius:
2277 3047 2338 3098 'H
2386 3045 2442 3096 δὲ
2471 3044 2539 3109 ἐξ
2589 3043 2846 3115 πρόθεσις
2889 3043 2950 3096 οὐ
3004 3041 3162 3112 μόνον
3209 3037 3439 3092 ἐνταῦθα

1867 3138 2121 3211 εἴληπται
2152 3139 2272 3192 ἀντὶ
2301 3137 2401 3207 τῆς
2425 3137 2573 3206 μετὰ
2608 3135 2916 3207 προθέσεως
2935 3175 2949 3197 ,
2975 3132 3110 3186 ἀλλὰ
3142 3131 3235 3185 καὶ
3275 3130 3438 3183 ἀλλα-

1839 3299 1843 3302 λ
1866 3231 1983 3302 χοῦ,
2008 3227 2137 3283 οἷονο
2170 3230 2377 3300 πιόμεν’
2403 3231 2466 3281 ὲκ
2494 3227 2739 3298 βοτάνης,
2770 3227 2906 3297 ἦτοι,
2933 3223 3070 3297 μετὰ
3091 3223 3188 3295 τὴν
3217 3223 3436 3293 βοσκὴν,

1866 3323 1994 3385 καὶ,
2031 3322 2095 3373 ἐκ
2141 3319 2352 3373 νυκτῶν
2393 3319 2436 3372 δ’
2475 3320 2664 3390 ἄνεμοι
2709 3317 2964 3388 χαλεποὶ,
2999 3318 3138 3387 ἦτοι,
3175 3314 3312 3386 μετὰ
3341 3314 3440 3376 τὰς

1865 3412 2082 3476 νύκτας.
2128 3411 2219 3466 Sic
2261 3413 2325 3466 ad
2371 3411 2460 3464 illa
2528 3409 2616 3463 Ἱλ.
2668 3407 2711 3462 Ν
2753 3427 2764 3462 :
2810 3408 3026 3479 Πιόμεν’
3064 3407 3127 3460 ἐκ
3175 3405 3436 3475 βοτάνης,

1867 3503 2049 3560 Schol.
2079 3503 2180 3560 V.:
2228 3503 2322 3556 Ἐκ
2355 3503 2600 3573 βοτάνης,
2631 3502 2750 3554 ἀντὶ
2775 3499 2890 3563 τοῦ,
2924 3498 3059 3570 μετὰ
3081 3497 3178 3569 τὴν
3212 3495 3439 3566 βοτάνην

1865 3600 1958 3653 καὶ
1983 3598 2172 3669 νομήν.
2203 3596 2267 3650 Et
2294 3596 2608 3651 Eustathius
2633 3611 2645 3647 :
2684 3594 2827 3646 Ἀντί
2848 3592 2962 3655 τοῦ,
2991 3589 3129 3662 μετὰ
3158 3589 3435 3661 βόσκησιν,

1865 3693 1956 3747 καί
1973 3695 2106 3755 ἐστι,
2126 3693 2305 3760 φασὶνθ
2325 3691 2509 3761 ὅμοιον
2525 3689 2623 3762 τῷ,
2647 3688 2706 3754 ἐξ
2728 3689 2948 3761 ἀρίστου
2973 3683 3302 3756 παρέσομαι,
3319 3682 3440 3736 ἀντὶ

1863 3782 1980 3850 τοῦ,
2011 3781 2126 3854 μεθ’
2150 3781 2177 3834 ὃ
2207 3781 2504 3854 ἀριστήσω.
2532 3780 2605 3834 Ita
2632 3781 2781 3846 alibi,
2815 3777 3028 3848 αἰθέρος
3053 3777 3117 3828 ἐκ
3137 3775 3274 3846 δίης,
3302 3771 3440 3844 μετά

1864 3874 1961 3946 τὴν
1992 3874 2207 3947 αἰθρίαν
2258 3873 2591 3927 κατάστασιν
2637 3873 3025 3941 interpretatur
3071 3867 3438 3922 idcm’Seho-

1863 3968 2068 4022 liastes.
2104 3965 2291 4037 Neque
2321 3977 2501 4021 tamen
2528 3973 2720 4019 auctor
2746 3963 2991 4033 epistolae
3013 3961 3147 4016 dixit
3170 3963 3233 4014 ὲκ
3256 3959 3434 4031 σιγῆς,

1865 4059 1960 4114 sed
1991 4057 2098 4110 ἀπὸ
2134 4059 2310 4129 σιγῆς,
2351 4057 2528 4127 quod,
2568 4054 2866 4112 secundum
2909 4052 3162 4122 loquendi
3213 4051 3434 4105 modum

1865 4147 2067 4204 Graecis
2101 4147 2448 4213 familiarem,
2476 4146 2667 4201 Latine
2699 4163 2717 4196 ι
2755 4153 2879 4214 post
2909 4143 3185 4198 silentium
3225 4163 3243 4195 ι
3280 4141 3436 4196 reddi

1864 4249 2063 4309 potest.
2094 4238 2165 4295 Ut
2200 4239 2342 4309 apud
2376 4236 2672 4292 Homerum
2716 4237 2944 4306 legimus
2974 4252 2987 4287 :
3029 4235 3161 4288 Ἀπὸ
3195 4235 3238 4288 δ’
3270 4231 3437 4287 αὐτοῦ

1865 4331 2225 4404 θωρήσσοντο.
2265 4330 2367 4385 Ubi
2404 4331 2736 4385 Scholiastes
2781 4337 2938 4382 vetus
2961 4368 2974 4392 ,
3011 4327 3119 4381 ἀπὸ
3157 4326 3201 4379 δ’
3236 4325 3432 4390 αὑτοῦ,

1864 4425 1972 4478 ἀπὸ
2009 4425 2066 4478 δὲ
2093 4423 2284 4476 τούτου
2327 4422 2554 4494 χρόνου,
2595 4421 2906 4493 μετέπειτα.
2961 4418 3029 4472 Ει
3073 4417 3430 4472 Eustathius:

177 4507 464 4564 Christum
489 4505 577 4564 οἷα
598 4512 755 4580 λόγον
784 4517 1114 4586 σημαντικόν
1140 4519 1336 4590 τινοςῆ
1362 4523 1758 4592 προστακτικὸν
1789 4537 1836 4596 D
1867 4519 1984 4572 Ὀτι
2017 4516 2266 4588 καθάπερ
2295 4514 2524 4587 ἀλλαχοῦ
2557 4518 2589 4587 ἡ
2619 4517 2687 4569 ἐκ
2718 4514 2972 4586 πρόθεσις
3012 4512 3131 4567 ἀντὶ
3161 4511 3262 4581 τῆς
3287 4509 3438 4582 μετὰ

177 4602 466 4672 προελθεῖν
493 4603 589 4665 τοῦ
620 4605 755 4659 Θεοῦ
789 4607 1008 4676 φάσκει.

246 4691 416 4748 Herae
449 4696 535 4748 ha:
569 4705 700 4750 sunt
734 4697 1122 4767 logomachiaa;
1158 4715 1331 4770 quare
1383 4703 1602 4758 tandem
1648 4703 1762 4758 for-

178 4785 287 4840 tius
311 4796 706 4856 argumentum
731 4789 998 4858 stringere
1018 4793 1258 4847 videtur.
1287 4813 1306 4845 ι
1334 4791 1565 4865 Signant
1591 4796 1758 4862 enim,

178 4875 379 4946 inquit,
419 4877 540 4932 haec
568 4880 733 4935 verba
765 4882 839 4948 id,
857 4897 923 4938 ex
957 4900 1070 4955 quo
1102 4887 1232 4956 quid
1257 4889 1444 4951 exivit,
1469 4889 1589 4958 ejus
1614 4890 1760 4959 quod

177 4981 238 5022 ex
263 4985 332 5024 eo
360 4969 560 5036 exivit,
584 4972 670 5026 vel
701 4973 906 5041 locum,
930 4976 1013 5030 vel
1043 4993 1288 5044 causam,
1321 4979 1402 5031 vel
1427 4980 1759 5049 principium

178 5057 258 5126 (ut
289 5059 505 5115 scholae
537 5060 859 5133 loquuntur)
894 5065 1306 5122 constitutivum
1339 5067 1530 5122 fuisse.
1563 5087 1582 5120 ι
1620 5068 1762 5124 Sub—

178 5152 288 5208 tilis
313 5153 438 5208 hac
467 5153 714 5222 quidem,
757 5156 850 5210 sed
879 5157 1018 5212 mira
1049 5158 1370 5228 disputatio.
1416 5159 1534 5215 Non
1571 5176 1761 5231 quam

174 5244 458 5312 quodnam
484 5244 617 5299 illud
658 5246 731 5300 sit
759 5245 1088 5317 principium
1133 5250 1573 5314 constitutivum,
1612 5251 1762 5322 quod

176 5346 340 5390 causa
371 5351 486 5390 non
512 5337 606 5403 sit,
631 5345 692 5391 ut
719 5337 812 5393 hic
846 5339 992 5393 tertii
1020 5342 1251 5396 membri
1279 5343 1464 5397 locum
1505 5353 1757 5414 occupet.

177 5425 332 5484 Certe
395 5429 604 5485 scholae
638 5430 712 5484 ita
750 5446 858 5486 non
904 5433 1228 5504 loquuntur.
1268 5434 1405 5490 Illud
1449 5452 1661 5506 quaero,
1690 5453 1760 5492 an

180 5533 276 5573 vox
305 5520 601 5594 προελθεῖν
633 5523 888 5593 usurpari
906 5540 1024 5586 non
1055 5526 1250 5595 possit,
1274 5527 1383 5582 nisi
1425 5527 1493 5583 de
1551 5529 1756 5600 aliquo,

181 5612 322 5680 quod
350 5628 423 5667 ex
446 5612 573 5667 loco
597 5614 681 5668 vel
701 5629 870 5671 causa
907 5616 1059 5670 exit?
1097 5617 1192 5670 Ἐκ
1212 5616 1306 5671 τοῦ
1332 5620 1450 5672 »κατ’
1476 5618 1654 5688 ὀλίγον
1681 5620 1761 5684 εἰς

183 5701 271 5772 τὴν
318 5703 652 5778 αἰσθητικὴν
701 5704 797 5760 καὶ
842 5708 1210 5781 μεταΕατικὴν
1248 5710 1406 5779 φύσιν
1456 5711 1756 5782 προῆλθεν,

188 5785 352 5862 inquit
379 5794 688 5854 Nemcsius.
728 5798 794 5854 At
826 5799 884 5852 τὸ
913 5803 1028 5855 κατ’
1067 5801 1244 5870 ὀλίγον
1274 5819 1449 5872 neque
1483 5804 1634 5860 locus
1656 5813 1755 5872 est,

1863 4611 2214 4682 λαμϐάνεται,
2247 4609 2417 4674 οὕτως
2457 4607 2690 4662 ἐνταῦθα
2730 4608 2930 4679 ήάπό.
2967 4604 3093 4661 lude
3135 4603 3436 4676 Hesychius

1877 4703 2204 4774 Ἀπόδρομον
2236 4701 2622 4772 interpretatur
2645 4703 2761 4772 μετ’
2797 4698 3071 4753 ἐπάνοδον.
3095 4695 3241 4754 Nihil
3272 4693 3437 4764 igitur

1862 4797 2043 4852 tritius
2074 4802 2155 4850 cst
2202 4794 2344 4864 apud
2396 4793 2615 4848 Graecos
2639 4833 2653 4856 ,
2691 4808 2854 4862 quam
2893 4800 2953 4846 ut
2976 4791 3084 4844 ἀπό
3128 4799 3183 4847 et
3223 4792 3286 4844 ἐκ
3334 4805 3436 4861 pro

1867 4889 2036 4960 μετά·
2070 4888 2211 4958 apud
2262 4886 2517 4952 Latinos,
2550 4901 2715 4956 quam
2765 4893 2823 4939 ut
2871 4885 2935 4938 ab
2977 4894 3030 4938 et
3065 4900 3130 4939 ea:
3169 4900 3266 4954 pro
3316 4892 3433 4954 post

1864 4979 2221 5048 accipiantur.
2255 4976 2322 5032 Et
2379 4977 2471 5046 qui
2520 4992 2551 5031 e
2602 4976 2820 5030 silentio
2867 4976 2951 5029 vel
2998 4983 3122 5044 post
3151 4975 3432 5030 silentium

1861 5072 2080 5143 prodire
2102 5071 2327 5125 verbum
2358 5078 2540 5140 negat,
2564 5069 2699 5124 mihi
2732 5068 2977 5122 omnium
3006 5067 3296 5121 hominum
3314 5081 3432 5121 ser-

1863 5179 2079 5217 monem
2119 5178 2315 5232 negare
2344 5161 2579 5214 videtur.

1933 5253 2044 5309 Nos
2076 5253 2239 5322 igitur
2276 5262 2330 5307 et
2358 5252 2600 5307 auctoris
2641 5260 2913 5318 mentem,
2945 5261 2997 5307 et
3028 5252 3228 5306 veteris
3264 5251 3434 5305 inter-

1861 5349 2030 5416 pretis
2070 5346 2374 5402 versionem
2421 5344 2817 5399 defendendam
2871 5344 3096 5399 omnino
3137 5353 3429 5413 putamus;

1861 5454 2025 5508 quam
2058 5438 2296 5508 planam,
2325 5437 2649 5506 simplicem,
2672 5437 2953 5506 prepriam
2985 5445 3037 5489 et
3061 5434 3429 5505 perspicuam,

1861 5546 1973 5586 non
2004 5529 2275 5601 frigidam,
2308 5537 2404 5584 aut
2435 5538 2707 5598 argutam,
2730 5529 3055 5582 autinanem
3103 5541 3225 5581 esse
3264 5526 3434 5580 senti-

1862 5635 1985 5674 mus
2006 5638 2018 5674 :
2037 5633 2268 5688 eamque
2289 5619 2460 5673 solam
2480 5618 2546 5673 ad
2569 5619 2811 5674 auctoris
2834 5626 3066 5672 mentem
3094 5625 3239 5672 recte
3256 5633 3319 5672 ex
3329 5615 3436 5686 prii

1865 5711 2220 5774 mendam,et
2270 5710 2336 5764 ad
2377 5709 2756 5766 Ehionitarum
2797 5725 3060 5775 errorem,
3094 5725 3254 5779 quem
3301 5718 3431 5762 tunc

1868 5805 2130 5874 temporis
2157 5805 2210 5858 in
2236 5805 2419 5860 animo
2449 5820 2571 5859 cum
2600 5803 2862 5860 scriberet
2893 5813 3083 5858 auctor
3107 5801 3316 5867 habuit,
3335 5813 3430 5853 ca-
