3848 6204
402 325 508 428 sor

1385 365 1444 422 ε.
1485 323 1830 425 lGNATlUS.
1867 399 1936 409 —
1971 369 2505 428 PROLEGOMENA.

3549 339 3656 430 Sos

403 480 740 554 stigandum,
768 490 822 538 et
850 481 920 538 ad
947 481 1275 555 Magnesios,
1299 497 1368 539 ne
1391 483 1552 540 istam
1579 486 1814 541 haeresin
1843 487 1982 542 reci-
2012 493 2060 550 Α
2087 497 2256 556 stant,
2281 498 2337 544 et
2361 490 2414 543 in
2444 489 2644 560 quibus
2669 491 2792 561 quis
2822 491 2964 547 Eon
2997 508 3028 548 a
3064 491 3190 565 Sige
3221 491 3457 547 emissus
3484 494 3578 559 sit,
3604 502 3658 548 et

402 580 618 643 perent,
657 571 1102 642 praemuniendos
1135 572 1429 643 plurimum
1480 577 1660 629 valere
1699 575 1983 630 contendi-

403 681 554 722 mus.
602 663 788 720 Manet
824 666 1013 736 itaque
1050 666 1381 720 inconcussa
1429 654 1696 723 hactenus
1751 668 1982 722 assertio

403 757 624 828 prima,
675 767 956 813 auctorem
1011 757 1257 826 epistolae
1313 758 1380 812 ad
1427 756 1733 828 Magnesios
1777 759 1981 813 nullam

402 847 574 901 aliam
609 848 841 904 haeresin
867 847 1052 904 verbis
1077 865 1144 904 ex
1176 863 1238 904 ea
1285 849 1512 920 prolatis
1543 866 1708 920 quam
1746 861 1980 909 veterem

407 941 559 998 illam
591 942 972 998 Ebionitarum
1003 953 1080 999 tot
1110 944 1291 999 modis
1317 944 1374 998 in
1407 945 1595 1000 eadem
1623 946 1850 1015 epistola
1885 947 1983 1002 de-

407 1034 674 1104 scriptam
701 1035 1009 1103 respexisse
1042 1053 1054 1088 :
1101 1051 1223 1106 quae
1246 1051 1372 1092 cum
1419 1047 1575 1094 aetate
1616 1038 1804 1111 lgnatii
1835 1058 1983 1096 mar-

405 1127 544 1199 tyris
567 1127 798 1182 nimium
824 1127 1078 1197 viguerit,
1103 1129 1250 1200 quod
1275 1131 1538 1186 adversus
1569 1149 1689 1187 eam
1721 1135 1984 1205 scriptum

406 1228 512 1288 est,
536 1217 696 1274 ﬁdem
724 1226 1032 1289 temporum
1056 1219 1278 1289 pulsare
1315 1236 1424 1276 non
1458 1231 1656 1292 potest.

1022 1332 1255 1389 CAPUT
1302 1332 1367 1388 V.

407 1426 646 1482 Assertio
676 1425 929 1490 secunda,
958 1425 1111 1480 verba
1155 1424 1253 1478 illa
1271 1424 1361 1479 'ad
1397 1424 1734 1480 Valentinum
1773 1428 1986 1481 omnino

479 1513 583 1550 non
613 1506 866 1564 spectare.
919 1494 1272 1566 Valentiniani
1302 1513 1574 1566 nunquam
1599 1497 1846 1551 dixerunt
1891 1495 1985 1552 Si-

512 1584 575 1620 en
615 1568 874 1635 peperisse
921 1564 1144 1635 Lagum.
1191 1565 1259 1618 In
1303 1564 1484 1620 schola
1536 1565 1798 1620 Valentini
1842 1569 1985 1622 solus

512 1584 575 1620 en
615 1584 874 1635 peperisse
921 1584 998 1618 L0
1035 1584 1144 1618 um.
1191 1584 1259 1618 ιη
1303 1584 1484 1620 δεηυια
1541 1584 1796 1620 vatenum
1842 1584 1982 1622 satus

478 1584 599 1690 iVus
636 1652 701 1690 ea:
724 1635 897 1706 Bytho
919 1645 968 1689 et
1002 1584 1144 1704 §ige,
1163 1636 1296 1706 ideo
1326 1635 1636 1706 Menogenes
1666 1637 1982 1706 appellatus.

478 1707 656 1777 Lagus
688 1704 884 1771 autem,
907 1706 1046 1775 quod
1086 1722 1118 1758 a
1153 1704 1338 1777 Bytho
1364 1718 1414 1760 et
1450 1705 1572 1777 Sige
1608 1704 1711 1760 non
1735 1704 1903 1773 esset,
1931 1709 1986 1762 in

477 1776 952 1838 dentiuorationem
985 1786 1164 1840 natus,
1195 1785 1246 1829 et
1266 1776 1411 1830 ΑΞοη
1437 1776 1603 1831 circus
1631 1777 1755 1846 fuit.
1791 1777 1987 1832 Genea-

2087 597 2152 636 ex
2180 597 2291 652 quo
2322 581 2500 637 Eone
2539 584 2776 639 emissus
2819 585 2891 640 sit
2938 583 3140 655 Logus,
3175 585 3376 639 diserte
3407 585 3658 639 docetur.

2088 670 2268 728 Unum
2296 689 2364 729 ex
2392 673 2478 730 his
2503 674 2644 743 apud
2670 673 2953 742 Irenaeum,
2984 676 3216 730 alterum
3245 675 3386 746 apud
3414 674 3660 745 Epipha-

2087 765 2240 819 nium
2278 774 2459 820 exstat
2489 784 2503 821 :
2537 767 2591 820 in
2621 767 2802 836 priore
2823 765 3003 838 Logus
3043 775 3218 822 estex
3256 767 3456 830 Arche,
3482 766 3536 820 id
3578 773 3665 820 est

2086 857 2192 925 Nu,
2223 874 2317 914 seu
2359 857 2679 930 Monogene,
2717 868 2772 914 et
2804 859 3081 924 Aletheia;
3127 859 3181 914 in
3213 859 3534 929 posteriore,
3567 871 3667 912 aut

2088 964 2156 1004 ex
2209 950 2427 1017 iisdem,
2461 950 2829 1005 mediantibus
2858 950 3141 1019 Anthropo
3183 958 3238 1004 et
3279 947 3541 1014 Ecclesia,
3567 956 3667 1002 aut

2087 1056 2155 1095 ex
2200 1041 2482 1111 Anthropo
2534 1050 2588 1096 et
2642 1040 2924 1097 Ecclesia:
2951 1041 3005 1095 in
3049 1050 3243 1096 neutro
3282 1056 3350 1095 ex
3390 1039 3568 1111 Bytho
3611 1049 3669 1095 ει

2090 1131 2216 1202 Sige
2241 1133 2478 1187 emissus
2517 1145 2639 1188 esse
2670 1133 2890 1188 dicitur.
2922 1133 3198 1199 Secundo,
3240 1134 3508 1188 sententia
3549 1131 3666 1186 Va-

2088 1222 2516 1278 lentinianorum
2553 1223 2765 1291 prolixe
2804 1225 3099 1294 exponitur
3138 1225 3208 1278 ab
3251 1223 3456 1279 Irenaeo
3493 1225 3593 1279 lib.
3625 1243 3666 1291 ι,

2088 1325 2208 1380 cap.
2260 1311 2312 1377 i,
2355 1321 2410 1366 et
2452 1311 2724 1368 Valentini
2779 1315 2954 1382 ipsius
2995 1315 3267 1384 prmeipue
3306 1330 3428 1384 cap.
3468 1316 3522 1382 5,
3567 1317 3666 1370 sed

2089 1403 2282 1458 nullibi
2329 1402 2564 1460 lrenteus
2610 1406 2861 1460 meminit
2897 1405 3028 1474 Logi
3059 1422 3090 1460 a
3120 1405 3244 1477 Sige
3283 1407 3512 1476 prolati;
3552 1423 3668 1462 non

2089 1502 2212 1560 post
2242 1508 2368 1551 eum
2398 1492 2787 1562 Tertullianus,
2816 1509 2926 1550 non
2974 1494 3336 1566 Epiphanius,
3364 1507 3459 1552 aut
3486 1495 3673 1551 Phila-

2089 1582 2281 1649 strius,
2320 1584 2680 1653 Augustinus,
2711 1584 3104 1654 Theodoretus,
3133 1603 3242 1642 non
3286 1603 3479 1643 eorum
3506 1591 3669 1657 quis-

2089 1687 2250 1742 quam
2282 1673 2376 1743 qui
2403 1674 2470 1729 de
2501 1674 2774 1729 industria
2801 1673 3071 1730 Valentini
3113 1675 3366 1731 delirium
3393 1690 3675 1746 exposue-

2089 1771 2236 1816 runt.
2283 1763 2549 1820 Praeterea
2577 1765 2682 1820 hoc
2711 1765 2917 1821 dictum
2951 1782 3232 1836 nunquam
3267 1783 3297 1821 a
3323 1759 3674 1822 Valentinia-

477 1847 620 1928 lggia
647 1847 949 1928 Eanum};
981 1846 1260 1928 Plaude“?
1286 1863 1559 1928 perperam
1587 1858 1985 1928 τεριςαεδεηιαεξξ.
2020 1867 2062 1921 Β
2091 1855 2177 1908 nis
2201 1856 2286 1910 vel
2314 1857 2439 1912 inde
2470 1866 2635 1927 patet,
2657 1860 2786 1928 quia
2831 1859 2939 1912 dici
2969 1859 3022 1912 in
3047 1859 3233 1913 schola
3258 1858 3531 1913 Valentini
3560 1875 3674 1914 non

479 1915 863 1987 Fragmentum
894 1915 1255 1970 Valentiniani
1279 1915 1419 1986 apud
1442 1917 1797 1987 Epiphanium
1821 1919 1988 1986 expli-

481 1986 654 2042 catur.
697 1986 866 2041 Locus
921 1987 1111 2055 Cyrilli
1163 1986 1634 2057 Hierosolymitani
1679 1989 1984 2042 discutitur.

478 2057 678 2112 Dallwi
718 2058 989 2110 distinctio
1033 2059 1094 2110 de
1134 2058 1366 2112 mediata
1405 2069 1452 2112 et
1499 2058 1808 2111 immediata
1859 2060 1990 2112 edu-

479 2129 651 2181 ctione
671 2127 994 2198 exploditur.
1029 2125 1197 2180 Verba
1219 2127 1418 2198 lgnatii
1441 2146 1560 2182 cum
1576 2128 1790 2196 placitis
1806 2127 1991 2182 Valen-

483 2199 581 2252 tini
603 2197 742 2251 male
763 2207 1164 2266 componuntur.
1181 2197 1520 2268 Argumentis
1535 2199 1729 2252 [lallazi
1745 2200 1987 2252 omnibus

477 2268 869 2339 particulatim
892 2267 1271 2339 respondetur.
1304 2267 1544 2323 Genuina
1579 2268 1990 2339 Ignatianorum

477 2337 764 2406 explicatio
783 2337 1489 2393 redditur.Adversariorum
1505 2337 1766 2409 expositio
1780 2340 1990 2394 detorta

481 2409 802 2463 ostenditur.

482 2518 731 2575 Stabilita
766 2520 938 2591 prima
971 2521 1298 2584 assertione,
1332 2519 1584 2590 sequitur
1631 2520 1862 2576 assertio
1900 2535 1988 2575 se-

409 2614 610 2678 eunda,
644 2614 852 2669 scilicet
885 2614 1047 2669 verba
1078 2615 1193 2684 ipsa
1223 2615 1324 2666 οὐκ
1355 2614 1464 2667 ἀπὸ
1499 2614 1657 2684 σιγῆς
1689 2611 1987 2685 προελθών,

409 2717 472 2762 ut
502 2716 630 2764 sunt
671 2707 741 2762 ab
783 2715 1007 2762 auctore
1037 2706 1282 2776 epistolae
1322 2706 1390 2760 ad
1418 2705 1727 2777 Magnesios
1755 2705 1988 2775 prolata,

408 2802 480 2855 ad
514 2800 864 2856 Valentinum
895 2799 1122 2853 omnino
1154 2814 1262 2853 non
1288 2807 1557 2868 spectare,
1596 2812 1698 2852 nec
1723 2797 1844 2852 sine
1873 2797 1991 2850 vio-

407 2894 558 2949 lenta
601 2893 920 2949 delorsione
965 2891 1034 2945 ad
1076 2891 1198 2962 ejus
1241 2891 1475 2946 haeresin
1520 2889 1896 2959 exponendam
1937 2897 1992 2943 et

409 2985 834 3056 oppugnandam
885 2984 1150 3055 applicari
1198 2997 1381 3053 posse.
1436 2980 1495 3035 Si
1526 2981 1672 3036 enim
1715 2978 1991 3034 Valentini

409 3077 663 3132 delirium
704 3076 772 3132 de
805 3076 1104 3131 emissione
1146 3074 1302 3146 Logi,
1331 3082 1523 3129 auctor
1551 3071 1797 3141 epistolae
1827 3069 1992 3125 ferire

407 3171 696 3238 voluisset,
728 3179 781 3224 et
812 3169 988 3224 tribus
1019 3177 1231 3224 tantum
1255 3167 1436 3223 verbis
1464 3166 1518 3220 id
1541 3165 1722 3220 facere
1749 3164 1988 3234 cogitas-

409 3272 513 3330 set,
556 3263 733 3333 iisque
765 3263 1014 3334 negative
1045 3263 1259 3332 positis,
1286 3270 1341 3316 et
1363 3260 1539 3315 obiter
1565 3257 1838 3323 adductis,
1857 3257 1989 3312 dum

411 3365 606 3413 contra
637 3357 775 3412 alios
798 3365 853 3412 et
887 3356 1125 3411 maxime
1158 3355 1444 3424 oppositos
1487 3351 1773 3408 haereticos
1805 3349 1994 3420 dispu-

408 3458 577 3516 taret,
609 3458 800 3504 contra
845 3463 986 3518 quos
1015 3447 1207 3503 eadem
1253 3445 1418 3502 verba
1462 3460 1572 3500 non
1607 3445 1792 3502 minus
1821 3459 1989 3515 quam

410 3542 678 3598 adversus
726 3539 1081 3596 Valentinum
1128 3539 1404 3608 facerent;
1451 3538 1568 3597 ﬁeri
1613 3539 1840 3594 omnino
1881 3552 1990 3592 non

409 3635 611 3706 potuit,
638 3635 745 3690 nisi
791 3633 924 3689 illud
973 3632 1153 3703 ipsum
1188 3632 1391 3688 diserte
1428 3640 1671 3703 negaret,
1706 3630 1854 3702 quod
1883 3627 1994 3685 Va-

409 3727 654 3787 lentinus
674 3727 822 3784 clare
843 3742 906 3782 ac
931 3726 1158 3781 totidem
1181 3725 1365 3780 verbis
1393 3733 1724 3780 asseruerat.
1758 3721 1996 3783 Senten-

409 3821 488 3875 tia
511 3819 660 3876 enim
697 3820 947 3888 negativa
975 3817 1112 3872 nihil
1145 3817 1294 3873 aliud
1331 3815 1497 3872 ferire
1524 3823 1739 3885 potest,
1765 3813 1871 3868 nisi
1896 3827 1994 3884 op-

409 3912 650 3984 positam
698 3909 1149 3977 aﬂirmationem;
1187 3919 1270 3976 ut,
1313 3908 1360 3964 si
1409 3908 1533 3978 quis
1564 3915 1724 3978 neget
1749 3906 1805 3961 id
1846 3903 1995 3977 quod

410 4004 506 4060 ille
553 4017 837 4073 nunquam
881 4001 1189 4068 aﬂirmavit,
1225 3999 1349 4071 ejus
1385 3998 1601 4071 negatio
1640 3995 1992 4053 Valentinum

411 4097 620 4154 directe
665 4109 775 4151 non
818 4093 998 4150 feriat.
1047 4092 1174 4148 llaec
1220 4092 1357 4147 adeo
1398 4098 1547 4146 certa
1603 4097 1752 4153 sunt,
1795 4095 1856 4142 ut
1905 4087 1996 4140 hic

412 4192 596 4260 ipsum
628 4187 890 4243 Dallaaum
919 4188 1218 4244 habeamus
1245 4184 1615 4239 conlitentem.
1651 4201 1669 4233 ι
1700 4180 1814 4252 Ego
1839 4193 1991 4245 vero,

411 4282 612 4350 inquit,
643 4278 949 4350 respondeo
979 4278 1136 4348 plane
1158 4289 1384 4332 necesse
1409 4288 1533 4329 esse
1559 4282 1618 4327 ut
1646 4273 1714 4338 is,
1746 4270 1811 4326 ad
1829 4285 1993 4341 quem

413 4374 650 4443 scriptor
705 4371 1047 4440 respexerit,
1086 4367 1337 4438 quisquis
1383 4366 1473 4421 ille
1516 4365 1585 4418 de
1643 4372 1842 4419 caalero
1892 4361 1992 4427 sit,

412 4466 518 4520 hoc
541 4473 690 4520 certe
713 4463 959 4520 docuerit
978 4486 988 4516 ;
1007 4461 1099 4514 τὸν
1122 4461 1292 4530 Λόγον
1318 4458 1425 4513 ἀπὸ
1458 4458 1622 4529 Σιγῆς
1653 4454 1987 4528 προελθεῖν.»

2089 1948 2286 2018 potuit.
2319 1947 2400 2003 Ex
2433 1949 2554 2020 ejus
2579 1951 2724 2006 enim
2755 1950 3004 2006 doctrina
3035 1950 3179 2006 IEon
3212 1968 3244 2006 a
3279 1952 3406 2022 Sige
3433 1952 3678 2006 emissus

2091 2041 2234 2098 intra
2264 2045 2497 2114 primam
2523 2046 2867 2116 quadrigam,
2908 2061 3074 2116 quam
3124 2045 3536 2116 primordialem
3581 2054 3673 2100 te-

2091 2145 2304 2208 tractyn
2335 2147 2390 2191 et
2422 2137 2793 2192 autenthicam
2837 2139 3222 2206 nominabant,
3261 2139 3679 2206 continebatur,

2091 2241 2123 2280 a
2150 2242 2260 2296 qua
2293 2225 2477 2297 Logus
2498 2228 2756 2284 exclusus
2781 2239 2883 2285 est.
2913 2228 3057 2284 Eon
3083 2239 3262 2284 autem
3293 2230 3383 2284 ille
3402 2246 3471 2285 ex
3501 2230 3680 2302 Bytho

2090 2328 2146 2374 et
2176 2317 2302 2389 Sige
2347 2330 2669 2390 prognatus,
2701 2321 2902 2377 virtute
2954 2338 3069 2378 sua:
3109 2323 3476 2393 generationis
3519 2339 3680 2378 com-

2090 2412 2392 2467 municavit
2425 2429 2552 2467 cum
2596 2411 2758 2469 Patre
2798 2429 3055 2484 supremo
3083 2433 3097 2469 :
3129 2415 3208 2469 illi
3241 2414 3451 2486 Bythus
3480 2415 3679 2485 cogni-

2091 2509 2181 2579 tus
2221 2499 2342 2567 fuit,
2379 2502 2603 2572 reliquis
2654 2517 2762 2557 non
2808 2503 2959 2558 item.
3007 2503 3086 2559 Ita
3129 2503 3370 2560 lrenaeus
3395 2523 3408 2559 :
3433 2504 3539 2558 Τὸν
3576 2505 3679 2575 μὲν

2091 2588 2184 2646 οὖν
2233 2594 2558 2666 προπάτορα
2604 2593 2968 2661 γινώσκεσθαι
3022 2598 3169 2667 μόνῳ
3217 2596 3434 2665 λέγουσι
3483 2596 3564 2667 τῷ
3617 2597 3682 2662 ἐξ

2092 2684 2256 2738 αὐτοῦ
2304 2685 2549 2754 γεγονότι
2596 2690 2902 2756 μονογενεῖ,
2931 2689 3180 2741 τουτέστι
3211 2687 3291 2759 τῷ
3321 2687 3436 2758 Νῷ,
3471 2691 3589 2751 τοῖς
3621 2689 3680 2741 δὲ

2091 2777 2297 2842 λοιποῖς
2340 2780 2506 2832 πᾶσιν
2553 2779 2786 2852 ἀόρατον
2816 2781 2910 2833 καὶ
2956 2780 3346 2851 ἀκατάληπτον
3386 2779 3676 2851 ὑπάρχειν.

2099 2887 2118 2919 ‹
2150 2868 2216 2924 Ει
2259 2878 2605 2938 propatorem
2633 2871 2854 2940 quidem
2889 2886 3078 2926 eorum
3123 2871 3408 2942 cognitum
3457 2871 3563 2928 soli
3598 2869 3679 2923 di-

2093 2969 2227 3016 cunt
2249 2961 2321 3028 ei,
2347 2961 2440 3030 qui
2461 2976 2528 3016 ex
2559 2976 2623 3016 eo
2653 2971 2814 3018 natus
2841 2972 2926 3017 est
2953 2961 3265 3032 Monogeni,
3295 2960 3401 3016 hoc
3435 2971 3524 3016 est
3559 2959 3675 3015 No:

2093 3052 2322 3122 reliquis
2346 3068 2476 3108 vero
2503 3053 2760 3109 omnibus
2791 3053 3126 3109 invisibilem
3157 3064 3213 3109 et
3254 3054 3681 3124 incomprehen-

2097 3145 2311 3201 sibilem
2346 3161 2488 3202 esse.
2515 3164 2533 3197 ι
2567 3145 2682 3201 Νυε
2728 3147 2895 3215 igitur
2934 3145 3285 3218 Monogenes,
3328 3147 3444 3202 sive
3486 3146 3682 3215 unige-

2095 3237 2244 3292 nitus
2286 3236 2467 3291 dictus
2495 3243 2599 3303 εει,
2635 3237 2785 3306 quod
2820 3236 2911 3291 ille
2943 3237 3096 3291 solus
3137 3251 3202 3290 ex
3245 3235 3421 3308 Bytho
3453 3244 3510 3291 et
3550 3234 3684 3308 Sige

2095 3337 2258 3383 natus
2281 3337 2383 3384 est.
2433 3326 2590 3384 Unde
2619 3327 2991 3384 Tertullianus
3017 3326 3160 3381 Νοῦν
3186 3338 3346 3384 vocat
3387 3327 3541 3382 illum
3573 3328 3684 3383 Va-

2094 3419 2290 3476 lentini
2329 3419 2687 3491 Monogenem
2721 3434 2788 3474 ex
2825 3427 2980 3490 patre
3005 3418 3180 3489 Bytho
3212 3427 3269 3473 et
3299 3428 3473 3472 matre
3505 3417 3638 3488 Sige
3665 3437 3681 3472 :

2093 3520 2150 3569 et
2181 3512 2433 3583 quamvis
2459 3511 2698 3581 excipiat
2724 3525 2916 3566 contra
2945 3526 3145 3566 nomen
3178 3509 3523 3581 Monogenis,
3545 3508 3685 3564 illud

2095 3614 2277 3660 tamen
2321 3603 2451 3658 facit
2485 3617 2593 3657 non
2641 3610 2893 3672 respectu
2944 3601 3099 3672 Logi,
3141 3610 3240 3656 aut
3283 3600 3513 3656 alterius
3556 3608 3689 3670 post

2095 3696 2305 3770 Legum
2333 3695 2548 3763 Eonis,
2577 3694 2670 3752 sed
2695 3695 2954 3751 Aletheiae
2974 3703 3210 3759 tantum,
3236 3708 3360 3764 qua
3385 3708 3452 3746 ex
3483 3693 3684 3747 iisdem

2095 3790 2416 3862 parentibus
2443 3798 2560 3844 orta
2589 3797 2691 3843 εει.
2729 3806 2747 3839 t
2771 3786 2850 3841 Ita
2872 3796 2927 3843 et
2959 3786 3097 3857 ipse,
3126 3785 3324 3856 inquit,
3355 3783 3518 3840 Pater
3540 3784 3687 3839 dioi-

2099 3893 2187 3940 tur
2207 3894 2262 3939 et
2280 3883 2495 3938 initium
2514 3880 2782 3945 omnium,
2803 3888 2859 3934 et
2884 3879 3102 3950 proprie
3128 3876 3480 3948 Monogeues.
3512 3877 3690 3947 Atqui

2096 3991 2206 4030 non
2233 3974 2472 4046 proprie,
2503 3973 2632 4044 quia
2663 3986 2771 4026 non
2809 3971 2961 4027 solus
2986 3970 3338 4041 agnoscitur;
3373 3983 3506 4023 nam
3552 3983 3690 4024 cum

2095 4069 2191 4125 illo
2232 4067 2501 4139 processit
2533 4077 2588 4121 et
2635 4064 2839 4120 femina
2886 4063 3110 4119 veritas.
3156 4061 3512 4133 Monogenes,
3550 4061 3691 4131 quia

2096 4162 2248 4232 prior
2277 4160 2516 4232 genitus,
2554 4165 2762 4228 quanto
2793 4154 3188 4227 congruentius
3215 4153 3552 4224 Protogenes
3586 4168 3693 4208 vo-

2097 4254 2347 4310 caretur?
2370 4273 2390 4306 i
2413 4252 2682 4323 Respectu
2705 4251 2987 4316 Aletheiae,
3013 4249 3223 4306 scilicet
3243 4263 3366 4326 quae
3382 4258 3508 4320 post
3527 4262 3690 4316 eum,

2097 4348 2191 4402 sed
2220 4363 2283 4401 ex
2317 4345 2508 4402 iisdem
2546 4343 2720 4416 Bytho
2748 4352 2803 4398 et
2833 4342 2962 4414 Sige
2994 4343 3296 4412 processit;
3331 4342 3546 4396 ratione
3575 4356 3691 4396 au-

2096 4451 2206 4497 tem
2245 4440 2310 4494 ad
2356 4440 2597 4510 reliquos
2631 4436 2837 4492 Eones
2873 4435 3058 4490 habita
3091 4434 3312 4504 proprie
3339 4431 3690 4502 Monogenes

411 4558 556 4625 Quid
592 4565 752 4628 neget
777 4555 1018 4626 lgnatius
1042 4527 1395 4625 perspicuum
1421 4560 1506 4607 est
1529 4527 1598 4606 ex
1629 4527 1870 4619 eoiquod
1913 4545 1995 4600 af-
2025 4555 2070 4609 1)
2098 4531 2565 4628 dic‘filaiuriquffi
2589 4530 2742 4586 εοιυδ
2774 4529 2882 4595 me,
2907 4527 3242 4628 reliqufl'flm
3275 4533 3690 4628 ἑφθαὶ-πηξξῇ

409 4649 626 4714 ﬁrmat;
662 4645 897 4701 allirmat
937 4645 1108 4713 Λόγον
1152 4659 1272 4699 εεεε
1301 4643 1494 4708 ἀΐδιον,
1525 4651 1718 4697 contra
1766 4639 1993 4694 Ebioni-

413 4754 517 4809 tas,
551 4749 715 4812 negat
758 4739 866 4795 ἀπὸ
902 4738 1062 4808 σιγῆς
1096 4734 1398 4811 προελθεῖν.
1449 4734 1509 4788 Si
1545 4731 1816 4788 Valentini
1857 4729 1993 4784 deli-

409 4833 558 4891 rium
601 4831 657 4885 in
688 4830 876 4886 animo
918 4828 1112 4884 habuit
1148 4837 1340 4882 notare
1378 4833 1433 4880 et
1471 4822 1742 4888 refellere,
1776 4827 1993 4890 oportet

410 4933 604 4978 certea
625 4919 916 4976 Valentino
935 4919 1142 4976 dictum
1163 4927 1217 4974 et
1237 4925 1507 4974 assertum
1525 4930 1666 4980 esse,
1690 4913 1861 4981 Λόγον
1886 4910 1992 4964 ἀπὸ

410 5014 581 5084 Σιγῆς
615 5011 921 5085 προελθεῖν.
958 5010 1072 5067 Hoc
1125 5018 1308 5065 autem
1362 5021 1604 5078 unquam
1646 5004 1850 5059 diserte
1887 5001 1990 5054 do-

411 5105 597 5160 cuisse
622 5102 972 5158 Valentinum
1010 5116 1170 5172 nego.
1224 5098 1281 5153 Si
1316 5097 1619 5169 fragmenta
1653 5093 1836 5150 omnia
1883 5089 1992 5144 Va-

413 5195 842 5255 lentinianorum
883 5195 1149 5259 excutias,
1189 5191 1235 5247 si
1275 5189 1644 5259 expositiones
1679 5198 1876 5240 omnes
1898 5197 1986 5237 eo-

413 5305 539 5346 rum
584 5289 864 5347 sententia:
901 5288 1140 5351 evolvas,
1181 5288 1227 5343 si
1257 5286 1472 5356 objecta
1506 5299 1536 5338 a
1577 5282 1678 5337 SS.
1708 5280 1988 5344 Patribus,

416 5379 690 5434 Valentini
719 5381 949 5436 haeresin
971 5395 1038 5434 ex
1067 5377 1315 5450 professo
1337 5386 1390 5431 et
1423 5376 1544 5431 fuse
1565 5371 1988 5444 exponentibus,

420 5472 633 5541 singula
657 5489 967 5542 percurras,
995 5486 1278 5542 nunquam
1307 5471 1408 5525 hoc
1432 5469 1516 5523 vel
1554 5469 1622 5522 ab
1659 5467 1792 5536 ipsis
1817 5466 1989 5519 haere-

420 5560 546 5615 ticis
571 5563 857 5632 scriptum,
894 5565 979 5618 vel
1005 5565 1146 5632 apud
1177 5564 1301 5617 illos
1328 5561 1518 5616 Patres
1548 5561 1858 5630 expositum
1895 5561 1991 5614 aut

420 5650 692 5718 objectum
724 5655 983 5722 reperies.

403 5734 407 5738 ’
492 5739 628 5799 Nam
664 5745 840 5812 primo
872 5759 982 5798 non
1016 5744 1284 5817 reperitur
1321 5743 1444 5798 talis
1487 5742 1801 5814 genealogia
1839 5741 1891 5796 in
1925 5741 1991 5801 iis

421 5830 738 5906 fragmentis
793 5834 1322 5905 Valentinianorum,
1375 5851 1496 5906 qua:
1552 5834 1850 5889 etiamnum
1900 5850 1981 5888 ειη

245 6079 428 6159 ’Χ

2095 4643 2163 4681 ex
2196 4625 2370 4699 Bytho
2401 4633 2456 4678 et
2488 4621 2614 4695 Sige
2657 4630 2819 4676 natus
2860 4627 3025 4674 esset.
3065 4616 3208 4683 Quin
3254 4616 3420 4670 etiam
3460 4615 3569 4670 hoc
3606 4617 3691 4670 illi

2096 4717 2388 4787 Monogeni
2418 4716 2554 4771 adeo
2599 4713 2884 4785 proprium
2915 4719 2969 4765 et
3008 4708 3282 4780 peculiare
3328 4707 3456 4774 fuit,
3501 4717 3559 4761 ut
3607 4709 3693 4764 illi

2093 4825 2207 4880 pra:
2245 4810 2501 4865 omnibus
2543 4807 2666 4861 aliis
2712 4803 2984 4859 Eonibus
3013 4801 3213 4857 exinde
3241 4801 3480 4854 maxima
3512 4801 3694 4870 privi-

2095 4902 2236 4973 legia
2292 4900 2642 4956 accesserint.
2691 4897 2899 4968 Bythus
2945 4895 3022 4949 illi
3073 4894 3198 4960 soli,
3243 4893 3390 4963 quod
3440 4893 3510 4946 ab
3557 4894 3694 4963 ipso

2094 5003 2260 5049 natus
2296 5002 2460 5058 esset,
2488 4999 2652 5046 notus
2685 4988 2808 5045 fuit.
2859 4987 3063 5056 Logus,
3089 4993 3277 5055 utpote
3305 4985 3400 5054 qui
3437 4985 3508 5039 ab
3558 4987 3693 5056 ipso

2095 5103 2206 5141 non
2239 5086 2475 5141 emissus
2517 5091 2621 5148 est,
2647 5091 2706 5138 ut
2734 5097 2833 5136 nec
2857 5097 2888 5136 a
2915 5081 3060 5152 Sige,
3092 5079 3398 5149 Propatora
3441 5095 3554 5135 non
3587 5097 3694 5136 co-

2095 5180 2304 5252 gnovit,
2326 5178 2448 5232 ideo
2469 5176 2596 5246 quia
2624 5175 2693 5230 ab
2718 5174 2837 5244 ipso
2867 5182 3028 5230 natus
3055 5188 3163 5227 non
3199 5182 3285 5228 est
3308 5192 3321 5228 :
3343 5187 3696 5244 quapropter

2095 5251 2275 5326 caecus
2320 5269 2464 5325 {an
2511 5269 2693 5324 dictus
2740 5275 2845 5333 est,
2877 5267 3056 5338 qualis
3088 5251 3120 5322 τι
3152 5264 3280 5336 Sige
3309 5266 3488 5320 emitti
3518 5265 3694 5339 Bylhi

2097 5363 2317 5434 συζύγῳ
2349 5379 2457 5417 non
2485 5362 2682 5432 potuit.
2718 5361 2976 5428 Irenazus,
3021 5359 3115 5414 lib.
3149 5375 3212 5426 ιι,
3239 5374 3360 5429 cap.
3392 5357 3462 5412 48
3490 5381 3504 5415 :
3537 5378 3555 5409 ι
3590 5361 3692 5414 δίο

2096 5458 2300 5513 militer
2317 5466 2496 5511 autem
2523 5471 2717 5510 rursus
2745 5454 2884 5509 etde
2905 5452 3054 5523 Logo
3077 5453 3291 5508 tertiam
3316 5451 3689 5521 prolationem

2097 5551 2147 5604 ei
2179 5567 2210 5604 a
2267 5548 2425 5602 Patre
2461 5548 2692 5613 donans,
2742 5547 2884 5601 unde
2913 5555 2967 5600 et
2998 5547 3213 5616 ignorat
3244 5545 3691 5615 magnitudinem

2094 5643 2268 5713 ejus.»
2305 5640 2698 5707 Tertullianus,
2725 5653 2844 5708 cap.
2876 5638 2943 5694 9:
2984 5655 3002 5688 t
3033 5637 3141 5692 Sed
3189 5647 3243 5691 et
3285 5637 3390 5691 hoc
3426 5641 3694 5708 exceptio

2095 5749 2455 5805 personarum
2496 5742 2598 5801 est,
2642 5731 2786 5802 quod
2834 5731 2985 5786 solus
3029 5731 3119 5785 ille
3153 5728 3269 5784 Nus
3305 5745 3370 5784 ex
3413 5733 3692 5787 omnibus

2097 5828 2350 5886 immensi
2401 5827 2580 5884 Patris
2613 5826 2811 5882 fruitur
2851 5825 3104 5892 notione,
3135 5823 3376 5895 gaudens
3405 5833 3458 5880 et
3493 5825 3694 5880 exsul-
