3848 6204
161 380 274 437 309

920 374 972 430 J.
1006 371 1382 431 PEARSONH-
1409 370 1734 432 VINDICMS
1779 368 2200 430 IGNATIANAS.
2242 401 2308 411 —
2333 361 2614 428 PARS“.

3315 355 3420 412 310

163 504 312 559 tans,
346 494 456 551 illis
484 493 675 566 utique
700 495 1080 552 mceremibus.
1102 515 1121 548 ›
1145 494 1249 562 Qui
1278 511 1310 550 a
1340 494 1514 566 Bytho
1539 502 1592 549 et
1613 491 1738 564 Sige
1764 506 1813 564 Α
1849 490 2133 560 magistro,
2160 495 2276 543 tum
2304 503 2336 544 a
2364 488 2559 559 seipsis
2583 499 2726 558 saepe
2753 485 3085 550 dissensisse
3112 499 3303 542 omnes
3333 504 3432 542 no-

161 591 404 644 emissus
449 598 556 656 est,
601 589 706 659 ipsi
753 587 932 660 Bytbo
974 589 1169 644 similis
1220 598 1276 643 et
1316 588 1542 658 aequalis
1601 585 1744 642 fuit:

160 680 347 752 Logus
373 690 558 736 autem
599 682 847 748 minime,
871 681 968 752 qui
1010 681 1116 737 fuit
1154 681 1211 736 in
1254 682 1746 738 deminorationem

157 775 426 830 emissus.
445 773 842 840 Tertullianus,
871 790 991 845 cap.
1023 774 1054 828 7
1079 793 1094 830 ;
1124 794 1142 827 ι
1169 775 1410 846 Suscipit
1443 775 1536 830 illa
1563 775 1747 829 statim

155 876 212 921 et
237 882 537 938 prmgnans
566 867 798 923 eﬂicitur
828 878 884 924 et
910 869 1053 940 parit
1095 869 1288 939 utique
1331 868 1551 922 silentio
1585 866 1742 938 Sige;

152 968 208 1012 et
234 973 406 1028 quem
453 959 620 1029 parit,
645 959 760 1015 Nus
784 969 888 1025 est,
916 961 1259 1016 simillimum
1290 959 1435 1014 Patri
1460 967 1516 1014 et
1557 974 1746 1029 parem

151 1063 250 1117 per
275 1049 491 1106 omnia.
511 1069 530 1101 ι
564 1050 822 1119 lrenaeus,
853 1053 948 1107 lib.
974 1068 1037 1120 ιι,
1062 1068 1183 1123 cap.
1204 1053 1305 1108 24:
1329 1071 1347 1105 ι
1369 1052 1509 1108 Eum
1538 1053 1634 1124 qui
1661 1062 1748 1108 est

151 1157 184 1196 τι
209 1140 296 1196 Nu
329 1141 654 1212 Propatoris
685 1143 784 1216 (ita
824 1145 966 1217 lego)
992 1146 1239 1216 ipsorum
1279 1146 1516 1202 emissus
1551 1145 1745 1203 Sermo

151 1233 206 1290 in
232 1233 733 1292 deminorationem
759 1238 1025 1294 emissum
1051 1237 1261 1294 dicunt.
1294 1235 1415 1293 Nun
1446 1237 1590 1293 enim
1621 1253 1745 1308 per-

147 1325 356 1382 fectum
390 1343 425 1382 a
455 1327 699 1398 perfecto
727 1329 903 1402 Bytbo
928 1338 1346 1400 progeneratnm
1369 1329 1483 1400 jam
1508 1344 1619 1385 non
1651 1345 1743 1400 po-

148 1417 326 1474 tuisse
367 1433 496 1474 eam
525 1436 650 1490 quae
679 1436 747 1476 ex
785 1436 851 1477 eo
885 1429 970 1477 est
1005 1419 1362 1478 emissionem
1401 1420 1583 1478 facere
1609 1437 1741 1492 per-

145 1506 375 1577 fectam,
412 1511 510 1566 sed
542 1513 872 1569 obcaecatam
900 1515 1048 1569 circa
1074 1514 1412 1585 agnitionem
1440 1521 1494 1569 et
1523 1513 1741 1584 magni-

145 1601 403 1658 tudinem
446 1603 649 1672 Patris,
677 1618 734 1660 et
765 1603 1104 1662 Salvatorem
1149 1608 1460 1679 symbolum
1492 1607 1736 1679 mysterii

141 1694 317 1764 hujus
346 1697 663 1753 ostendisse
691 1697 748 1752 in
778 1713 845 1754 eo
869 1699 962 1770 qui
986 1715 1016 1753 a
1042 1699 1329 1755 nativitate
1356 1714 1536 1754 caicus
1567 1697 1689 1754 fuit.
1712 1717 1731 1752 ι

139 1785 272 1842 Haec
323 1789 500 1858 igitur
557 1798 689 1845 sunt
742 1790 802 1845 in
856 1790 1131 1850 Valentini
1182 1792 1376 1848 schola
1430 1791 1734 1848 certissima

138 1880 429 1952 dogmata.
477 1881 635 1949 Nun,
665 1883 796 1954 quia
824 1899 856 1940 a
879 1883 1056 1956 Bytho
1097 1893 1150 1940 et
1186 1883 1314 1956 Sige
1361 1885 1598 1941 emissus
1629 1894 1732 1952 est,

137 1972 381 2045 Bythum
430 1975 750 2044 plenissime
789 1979 1137 2049 cognovisse,
1167 1979 1356 2050 illique
1383 1980 1650 2050 aequalem
1681 1990 1737 2036 et

138 2082 333 2136 parem
368 2082 496 2123 esse
522 2086 538 2122 :
563 2067 800 2139 Bytbum
843 2079 1028 2125 autem
1058 2080 1112 2126 et
1145 2069 1308 2143 Sigen
1343 2072 1492 2128 alios
1526 2071 1735 2128 Eonas

139 2169 514 2229 progenerare
545 2159 810 2226 noluisse,
840 2159 1074 2230 ideoque
1103 2159 1225 2216 Nun
1259 2160 1618 2232 Mouogenem
1650 2165 1735 2219 di-

138 2262 290 2306 ctum
338 2250 536 2307 fuisse.
585 2249 659 2307 Ut
703 2261 886 2308 autem
927 2253 1020 2308 alii
1061 2253 1269 2310 IEoncs
1315 2255 1730 2324 emitterentur,

136 2341 264 2400 Nun
303 2345 478 2399 etiam
513 2345 730 2400 Arcben
763 2354 818 2400 et
857 2343 1079 2400 Patrem
1119 2346 1350 2402 factum.
1385 2347 1599 2418 Logum
1633 2365 1732 2404 au-

140 2436 385 2504 Iem,qui
411 2436 484 2490 ab
509 2451 578 2492 eo
606 2447 1000 2509 progeneratus
1029 2447 1134 2506 est,
1159 2440 1214 2494 in
1239 2440 1730 2500 deminorationem

139 2531 428 2601 generari,
457 2545 526 2586 eo
574 2531 724 2600 quod
765 2546 834 2586 ex
875 2530 1052 2603 Bytbo
1079 2543 1135 2587 et
1167 2531 1296 2602 Sige
1325 2533 1566 2590 emissus
1619 2551 1730 2592 non

135 2631 306 2690 esset,
325 2622 568 2693 ideoque
595 2622 831 2694 Bythum
851 2639 1083 2694 prorsus
1113 2624 1389 2695 ignorare,
1411 2637 1466 2682 et
1493 2625 1727 2684 Eonem

135 2729 348 2769 caecum
383 2714 516 2770 dici.
547 2713 704 2769 Patet
747 2715 933 2786 itaque
958 2715 1014 2770 in
1054 2716 1264 2772 scholia
1315 2716 1593 2773 Valentini
1621 2719 1728 2776 Lo-

137 2826 272 2882 gum
302 2826 333 2865 a
354 2809 534 2881 Bytho
560 2809 646 2864 vel
674 2807 801 2878 Sige
824 2809 1088 2864 emissum
1119 2809 1230 2864 dici
1259 2825 1366 2864 non
1390 2811 1655 2881 potuisse.

213 2903 556 2970 Blondellus,
578 2912 640 2958 ut
663 2903 780 2958 haec
797 2903 1048 2966 evitaret,
1076 2903 1270 2958 miram
1302 2904 1462 2959 nobis
1485 2903 1726 2959 Eonum

139 2997 522 3068 genealogiam
571 2995 826 3064 pertexit,
867 3002 922 3051 et
959 2993 1470 3051 Valentinianorum
1504 3005 1730 3052 senten-

141 3091 273 3142 tiam
307 3085 416 3142 hoc
447 3085 612 3142 modo
643 3083 874 3142 efﬁctam
924 3084 1221 3155 exprimit:
1247 3103 1264 3136 ι
1296 3083 1622 3156 Supremum
1648 3087 1725 3146 illi

1850 589 1996 635 runt.
2032 578 2306 647 Secundo,
2333 578 2572 636 [Eanum
2599 577 2938 650 genealogia,
2968 592 3135 648 quam
3173 575 3431 632 Blondel~

1848 671 1934 729 lus
1960 682 2349 743 repraesentat,
2388 674 2444 728 in
2487 688 2556 729 eo
2586 671 2911 744 fragmento.
2932 668 3158 732 minime
3184 669 3430 755 contine-

1847 773 1960 832 tur,
1994 766 2088 823 sed
2121 767 2285 838 plane
2316 766 2445 834 alia,
2478 781 2672 836 nempe
2704 783 2718 820 :

2427 877 2716 1018 Bythus—l—
2729 875 2876 948 Sige—

2595 1018 2756 1076 Pater

2445 1089 2608 1146 Pater
2625 1122 2698 1164 5—
2713 1090 2841 1164 Sige

2553 1231 2766 1288 Veritas

2459 1302 2925 1359 Pater—Veritas

2445 1445 2621 1500 Homo
2637 1444 2664 1508 ,⁷
2686 1444 2941 1500 Ecclesia-

2483 1517 2679 1571 Scrmo
2699 1559 2713 1581 ,
2743 1514 2885 1570 Vita.

1842 1638 2153 1696 Blondellus
2192 1641 2411 1711 quidem
2440 1642 2604 1696 verba
2635 1642 2884 1712 quaedam
2912 1656 2981 1694 ex
3007 1653 3075 1694 eo
3110 1639 3413 1708 h'aginento

1839 1731 1904 1784 ad
1931 1746 2084 1785 suam
2112 1731 2479 1802 genealogiam
2509 1731 2828 1786 ﬁrmandam
2861 1729 3072 1794 recitat,
3104 1729 3199 1784 sed
3221 1729 3414 1783 admo-

1767 1853 1809 1908 B
1838 1823 1966 1876 dum
1997 1823 2216 1879 dolose:
2250 1838 2314 1878 ea
2341 1823 2486 1878 enim
2512 1824 2732 1890 omittit,
2764 1839 2886 1896 quae
2913 1822 2981 1877 ad
3015 1837 3146 1878 rem.
3173 1821 3414 1876 maxime

1837 1915 2079 1982 faciunt;
2110 1923 2294 1969 nostra
2322 1923 2502 1969 autem
2545 1929 2614 1969 ex
2643 1915 2776 1986 ipsis
2800 1913 3090 1985 fragmenti
3121 1913 3302 1977 verbis
3331 1914 3412 1968 sic

1836 2005 2072 2061 dilucide
2088 2007 2384 2077 colligitur.
2414 2006 2829 2062 Valentinianus
2857 2007 2948 2061 ille
2973 2006 3150 2076 primo
3174 2005 3410 2077 Bythum

1835 2108 1890 2154 et
1941 2097 2102 2169 Sigen
2147 2099 2482 2167 describens,
2534 2100 2711 2170 inquit
2753 2119 2766 2155 :
2807 2101 2918 2153 Καὶ
2959 2098 3096 2171 αὐτὴ
3141 2098 3290 2170 αὑτῷ
3325 2117 3412 2169 μι-

1835 2193 1990 2260 γεῖσα
2011 2191 2352 2245 ἀναδείκνυσι
2373 2191 2592 2264 Πατέρα
2605 2193 2704 2262 τῆς
2731 2190 3032 2264 Ἀληθείας,
3060 2211 3078 2244 ι
3106 2190 3173 2246 Et
3192 2192 3310 2246 haec
3336 2191 3412 2246 illi

1834 2283 2124 2338 commista
2167 2284 2312 2354 parit
2365 2282 2583 2338 Patrem
2634 2284 2902 2339 veritatis.
2933 2303 2952 2336 ι
3002 2283 3196 2338 Prima
3247 2283 3412 2354 igitur

1833 2375 2058 2431 emissio
2081 2384 2165 2430 est
2187 2390 2292 2445 qua
2329 2373 2490 2430 Pater
2517 2375 2760 2430 veritatis
2786 2391 2851 2430 ex
2876 2375 3048 2446 Bytho
3077 2384 3131 2430 et
3161 2373 3288 2444 Sige
3312 2391 3410 2446 ge-

1834 2475 2087 2535 neratur,
2115 2483 2280 2539 quem
2308 2477 2360 2524 et
2393 2467 2678 2540 ἄνθρωπον
2719 2470 3012 2524 vocabant.
3060 2469 3218 2524 Μετὰ
3249 2469 3412 2523 τοῦτο

1830 2560 1887 2614 δὲ
1919 2563 1952 2633 ὴ
1986 2558 2122 2631 Σιγὴ
2174 2561 2412 2633 φυσικὴν
2461 2561 2711 2632 ἑνότητα
2738 2561 2916 2630 φωτὸς
2964 2561 3410 2634 προενεγκαμένη

1833 2654 1928 2707 σὺν
1972 2653 2052 2725 τῷ
2098 2652 2372 2726 ἀνθρώπῳ
2419 2649 2508 2724 (ἦν
2539 2653 2584 2707 δ’
2605 2654 2798 2718 αὐταῖς
2829 2656 2863 2726 ἠ
2899 2654 3205 2719 συνέλευσις
3233 2657 3295 2708 τό
3326 2654 3412 2708 θέ-

1829 2744 1958 2817 λειν)
1994 2746 2085 2799 καὶ
2115 2745 2456 2799 ἀναδείκνυσι
2486 2745 2587 2816 τὴν
2632 2745 2932 2818 Ἀλήθειαν.
2955 2765 2976 2798 ι
3004 2745 3194 2803 Postea
3226 2757 3410 2802 autem

1831 2835 1956 2910 Sige
2001 2838 2308 2893 naturalem
2341 2839 2605 2894 unitatem
2651 2838 2792 2894 lucis
2821 2837 3108 2909 proferens
3152 2853 3276 2894 cum
3310 2839 3410 2894 ho-

1829 2933 1974 2987 mine
1996 2933 2134 3003 (erat
2159 2943 2340 2987 autem
2372 2931 2478 2987 illis
2514 2930 2652 2986 velle
2682 2931 3057 3002 congressus),
3081 2930 3224 3001 parit
3243 2931 3407 2985 etiam

1829 3021 2146 3079 Veritatem.
2167 3043 2186 3076 ι
2224 3023 2475 3080 Secunda
2505 3025 2678 3096 igitur.
2700 3023 2926 3078 emissio
2952 3032 3169 3092 est.qua
3193 3020 3409 3078 Veritas

1827 3130 1893 3170 ex
1938 3114 2133 3181 Patre,
2183 3131 2279 3171 seu
2324 3117 2576 3182 homine,
2625 3123 2680 3170 et
2718 3113 2845 3186 Sige
2885 3123 3196 3186 generatur.
3253 3116 3409 3169 Μετὰ

141 3181 372 3236 Αἰοηθω
399 3181 743 3235 somniantes
758 3177 924 3233 Βυθδν
948 3195 979 3234 a
1003 3193 1060 3234 se
1084 3188 1140 3235 et
1155 3179 1476 3251 προπάτορα
1497 3180 1723 3244 dictum,

1832 3209 1986 3262 τοῦτο
2016 3211 2049 3281 ἡ
2079 3177 2329 3280 ’Λλήθεια
2364 3177 2635 3281 μητρικὴν
2677 3177 3121 3281 προενεγκαμένη
3154 3225 3408 3282 προυνει-

139 3273 231 3341 qui
265 3287 336 3327 ex
365 3271 543 3341 Σιγῆς
574 3272 864 3341 complexu
904 3270 1176 3342 geminam
1218 3272 1425 3342 prolem
1455 3270 1600 3327 Νοῦν
1631 3287 1728 3328 seu

141 3365 363 3438 Πατέρα
395 3373 453 3419 et
485 3359 774 3428 Ἀλήθειαν
809 3363 1178 3433 suscepisset;
1211 3379 1406 3419 rursus
1451 3364 1596 3419 Νοῦν
1630 3382 1728 3422 seu

142 3457 361 3528 Πατέρα
393 3458 530 3528 Σιγῇ
561 3456 723 3511 matri
751 3456 1101 3511 commistum
1124 3456 1297 3524 Λόγον
1330 3455 1425 3510 καὶ
1456 3452 1614 3524 ΖιιιλὴνΔ
1639 3474 1730 3530 gc-

139 3550 330 3605 nuisse
357 3550 659 3619 lingehant.
688 3567 707 3601 ι
739 3547 864 3605 Haec
892 3549 1059 3620 igitur
1088 3563 1276 3606 eorum
1304 3550 1640 3622 genealogia,
1661 3567 1729 3608 ex

144 3642 408 3704 Blondelli
443 3641 717 3697 sententia
743 3659 756 3694 :

695 3751 904 3824 Bythus
921 3748 1152 3893 -|—-Sige.

786 3889 902 3948 Nus
916 3889 964 3955 ,λ
983 3890 1200 3950 Veritas

781 3961 896 4018 Nus
914 3993 984 4002 —-
1000 3961 1134 4032 Sige

759 4031 975 4100 Sermo,
999 4030 1146 4087 Vita.

148 4150 312 4212 Aliam
349 4148 560 4211 fatetur
588 4147 912 4218 exposuisse
933 4145 1151 4212 Patres;
1180 4147 1326 4211 hanc
1357 4132 1541 4204 autem
1567 4161 1726 4202 acce-

150 4244 284 4312 pisse
330 4257 395 4298 se
446 4241 524 4295 ait
571 4255 638 4294 ex
679 4240 985 4310 fragmento
1023 4240 1148 4294 libri
1192 4238 1724 4307 Valentinianorum,

151 4332 284 4402 quod
314 4332 390 4386 ab
430 4329 739 4401 Epiphanio
769 4328 1011 4392 Panario
1039 4347 1142 4395 suo
1171 4330 1437 4386 insertum
1464 4338 1565 4385 est.
1601 4329 1727 4386 Haec

149 4423 228 4478 ille
254 4424 308 4479 in
342 4421 672 4496 praefatione
707 4421 775 4477 ad
807 4421 1149 4494 Apologiam.
1180 4421 1239 4476 ln
1265 4423 1412 4477 notis
1447 4431 1627 4478 autem
1657 4423 1724 4477 ad

147 4517 429 4585 epistolam
477 4513 652 4570 Isaaci
699 4513 880 4570 Vossii
923 4515 1123 4571 asserit
1173 4515 1374 4574 librum
1430 4531 1557 4570 eum
1600 4530 1723 4570 esse
1756 4546 1800 4602 Β

147 4608 310 4678 ipsius
358 4606 660 4674 Valentini,
691 4616 746 4662 et
775 4606 1076 4663 secundum
1124 4623 1251 4668 eum
1293 4607 1465 4675 Λόγον
1497 4621 1528 4659 a
1558 4603 1638 4660 Nu
1671 4615 1726 4661 et

149 4699 265 4772 Sige
297 4700 624 4764 immediate
666 4699 1025 4768 processisse.
1079 4698 1184 4753 Sed
1229 4698 1407 4768 primo
1452 4698 1591 4752 liber
1637 4698 1728 4753 ille

149 4791 439 4849 Valentino
465 4792 571 4868 ipsi
599 4791 718 4845 sine
751 4789 862 4844 ullo
879 4791 1234 4850 fundamento
1251 4789 1563 4844 ascribitur.
1589 4787 1725 4844 Nam

148 4883 488 4956 Epiphanius
520 4891 714 4938 contra
744 4871 1156 4941 Valentinianos
1195 4882 1482 4950 disputans
1519 4891 1574 4937 et
1614 4881 1726 4937 fra-

146 4987 422 5046 gmentqu
456 4965 622 5044 Hujus
649 4974 772 5029 libri
800 4975 1059 5039 recitatis,
1088 4989 1212 5028 eum
1247 4981 1408 5029 vocat
1431 4973 1530 5046 τὴν
1551 4973 1730 5027 αὐτῶν

148 5069 339 5138 piam..-
377 5083 491 5122 non
524 5067 665 5137 ejus,
689 5067 783 5122 sed
818 5083 997 5121 eorum
1036 5066 1258 5135 librum,
1297 5065 1530 5136 alicujus
1577 5067 1729 5122 scili-

146 5173 223 5216 cet
251 5161 659 5228 Valentiniani,
687 5177 797 5216 non
837 5161 1012 5235 ipsius
1041 5161 1348 5228 Valentini;
1375 5170 1434 5220 et
1462 5161 1529 5216 ad
1561 5159 1728 5215 ﬁnem

145 5255 436 5328 Iragmenti
483 5255 811 5310 additzKal.
855 5253 1031 5308 ταῦτα
1085 5255 1183 5331 μὲν
1232 5253 1341 5313 ἀπὸ
1389 5253 1591 5327 μέρους
1620 5251 1730 5307 τῶν

149 5349 360 5417 βιϐλίων
393 5347 580 5402 αὐτῶν
613 5347 930 5421 παραθέντα
961 5347 1068 5417 ἓως
1100 5341 1202 5402 ὧδέ
1240 5365 1330 5422 μοι
1363 5345 1657 5423 εἰρήσθω,ι
1679 5357 1731 5404 et

149 5443 252 5497 haec
281 5441 515 5513 quidem
549 5456 615 5496 ex
660 5449 816 5512 parte
858 5441 1126 5496 librorum
1159 5455 1347 5495 eorum
1391 5440 1593 5496 inserta
1622 5441 1730 5496 huc

147 5548 313 5605 usque
346 5534 488 5590 mihi
515 5532 662 5590 dicta
691 5543 874 5588 sunto.
901 5551 920 5585 ι
941 5531 1056 5591 lmo
1080 5531 1378 5588 falsissimo
1401 5532 1507 5602 ipsi
1533 5529 1731 5587 Valen-

149 5627 257 5684 tino
286 5626 568 5698 assignari
606 5634 818 5681 certum
846 5635 949 5681 est.
989 5623 1122 5696 Ejus
1153 5624 1300 5679 enim
1344 5623 1563 5694 propria
1599 5639 1728 5677 scn-

149 5722 306 5776 tentia
331 5721 405 5776 ab
432 5718 642 5775 Irenaeo
666 5717 922 5785 refertur,
947 5733 1068 5790 quae
1094 5718 1163 5774 ab
1191 5716 1353 5787 hujus
1384 5715 1508 5771 libri
1537 5715 1731 5771 delirio

153 5813 375 5868 multum
428 5812 744 5883 discrepat;
794 5821 848 5868 et
901 5809 1166 5866 Valentini
1213 5809 1510 5880 discipulos
1555 5818 1668 5863 tum
1699 5825 1731 5863 a

1832 3301 1956 3358 κίαν
2002 3300 2226 3373 ὲθήλυνε
2273 3302 2364 3355 τὸν
2397 3301 2615 3373 Πατέρα
2664 3301 2866 3372 ἑαυτῆς
2915 3302 2996 3364 εἰς
3047 3300 3266 3372 ἑαυτὴν,
3316 3303 3409 3354 καὶ

1833 3391 2096 3463 συνῄεσαν
2129 3396 2342 3460 ἑαυτοῖς
2373 3395 2634 3468 ἀφθάρτῳ
2671 3395 2814 3467 μίξει
2847 3396 2942 3450 καὶ
2972 3394 3230 3468 ἀγηράτῳ
3253 3395 3408 3470 [lego

1831 3487 2451 3563 ἀκηράτῳ]συγκράσει,
2476 3489 2569 3542 καὶ
2601 3487 2943 3541 ἀναδείκνυσι
2974 3485 3208 3557 τετράδα
3239 3503 3406 3540 πνευ-

1833 3579 2067 3653 ματικὴν
2114 3581 2499 3654 ἀρῤενόθηλυν,
2535 3581 2831 3634 ἀντίτυπον
2870 3580 2972 3652 τῆς
3015 3579 3291 3653 προούσης
3319 3596 3408 3632 τε-

1827 3673 2040 3745 τράδος.
2081 3691 2100 3725 ‹
2129 3672 2322 3728 Postea
2350 3672 2565 3729 Veritas
2593 3681 2898 3728 maternam
2930 3673 3214 3742 proferens
3243 3672 3408 3727 lasci—

1829 3766 1994 3832 viam,
2028 3765 2364 3820 effeminavit
2410 3764 2629 3819 Patrem
2686 3779 2847 3820 suum
2899 3764 2966 3819 ad
3028 3764 3301 3833 seipsam,
3350 3772 3407 3818 et

1828 3859 2108 3928 congressi
2139 3867 2268 3912 sunt
2298 3858 2530 3912 invicem
2565 3857 2883 3926 incorrupta
2914 3856 3192 3922 mistione,
3216 3864 3271 3910 et
3301 3856 3407 3909 im-

1828 3951 2043 4004 mortali
2077 3950 2245 4018 coitu,
2277 3951 2501 4021 etvparit
2529 3949 2792 4005 tetradem
2822 3949 3161 4018 spiritualem
3205 3947 3406 4018 prioris

1829 4043 2056 4097 tetradis
2104 4044 2628 4116 repraesentativam.
2665 4061 2702 4094 »η
2739 4039 2923 4096 Tertia
2971 4042 3136 4112 igitur
3178 4040 3406 4095 emissio

1827 4144 1930 4201 est,
1962 4151 2070 4206 qua
2107 4137 2345 4191 secunda
2378 4144 2546 4191 tetras
2576 4133 2776 4206 (Homo
2819 4143 2874 4190 et
2910 4133 3175 4197 Ecclesia,
3211 4133 3406 4188 Sermo

1828 4237 1883 4286 et
1920 4227 2086 4300 Vita),
2114 4245 2180 4284 ex
2212 4229 2372 4284 Patre
2400 4238 2454 4284 et
2476 4227 2718 4284 Veritate
2748 4237 3001 4298 generata
3030 4237 3133 4284 est.
3167 4225 3291 4282 Haec
3321 4236 3408 4283 est

1829 4324 2147 4394 genealogia
2178 4322 2418 4389 IEonum
2451 4322 2642 4392 primae
2693 4321 2955 4392 ogdoadis
2996 4322 3050 4376 in
3098 4319 3406 4392 fragmento

1827 4414 1951 4468 libri
1987 4413 2497 4469 Valentinianorum
2525 4413 2669 4483 apud
2698 4411 3063 4483 Epiphanium
3096 4413 3401 4482 descripta;

1828 4523 1894 4562 ex
1918 4521 2028 4578 quo
2058 4520 2253 4561 novam
2300 4506 2463 4576 plane
2492 4513 2547 4560 et
2595 4505 2859 4559 hactenus
2899 4503 3199 4558 inauditam
3247 4502 3407 4557 Blon-

1829 4600 2003 4654 delius
2046 4598 2195 4663 fecit,
2224 4613 2388 4668 quam
2433 4612 2535 4652 nec
2576 4596 2632 4650 in
2661 4611 2727 4651 eo
2766 4595 3094 4665 fragmento,
3127 4609 3228 4649 nec
3274 4595 3404 4648 alibi

1829 4691 2090 4762 reperias.
2117 4689 2268 4754 Hanc
2289 4701 2470 4745 autem
2499 4690 2614 4760 ipse
2641 4697 2985 4744 commentus
3005 4695 3107 4755 est,
3141 4699 3196 4744 ut
3231 4687 3403 4756 Λόγον

1831 4800 1992 4840 suum
2023 4801 2088 4840 ex
2113 4783 2238 4854 Sige
2262 4783 2573 4837 immediate
2595 4780 2947 4857 produceret;
2973 4779 3118 4849 quod
3147 4779 3403 4833 omnibus

1830 4861 2338 4933 Valentinianorum
2370 4874 2701 4946 genealogiis
2751 4880 3037 4952 repugnat.
3081 4869 3147 4931 Et
3185 4879 3402 4925 senten—

1829 4969 1961 5024 tiam
1987 4985 2142 5025 suam
2165 4968 2385 5033 ﬁrmare
2407 4967 2620 5032 videtur
2640 4981 2710 5022 ex
2732 4965 2915 5021 verbis
2932 4978 3054 5033 qua:
3075 4973 3400 5032 sequuntur,

1830 5062 1952 5138 ἥτις
1979 5057 2048 5135 ἦν
2079 5060 2270 5126 Βυθὸς,
2302 5059 2456 5137 Σιγὴ,
2473 5059 2682 5134 Πατὴρ,
2704 5055 2977 5127 Ἀλήθειαο
3011 5053 3150 5126 αὕτη
3180 5055 3239 5108 δὲ
3269 5056 3302 5125 ἡ
3338 5057 3404 5108 ἐκ

1830 5155 1936 5220 τοῦ,
1961 5155 2173 5229 Πατρδς
2207 5155 2298 5209 καὶ
2328 5154 2427 5230 τῆς
2458 5139 2624 5234 Σιγῆς
2654 5149 2873 5222 τετρὰς,
2912 5147 3251 5222 Ἀνθρωπος,
3287 5147 3404 5199 Ἔκ-

1831 5249 2050 5323 κλησία,
2083 5249 2275 5328 Λόγος,
2309 5247 2452 5318 Ζωή.
2483 5244 2587 5310 Sed
2621 5243 2666 5298 si
2696 5243 2812 5298 haec
2840 5241 3005 5305 verba
3035 5241 3238 5310 aliquid
3268 5253 3400 5308 pro-

1830 5342 2074 5408 barent,
2099 5341 2272 5410 Λόγον
2312 5353 2343 5394 a
2391 5337 2518 5409 Sige
2558 5351 2668 5392 non
2719 5334 3030 5398 immediate
3077 5331 3399 5404 productam

1831 5437 2119 5501 docerent;
2159 5441 2284 5488 sunt
2319 5433 2463 5487 enim
2491 5415 2867 5494 tantummodo
2894 5426 3138 5505 priorum
3162 5425 3400 5493 explica-

1834 5529 1938 5593 tio;
1977 5528 2029 5582 in
2062 5524 2339 5596 prioribus
2377 5531 2559 5577 autem
2592 5521 2830 5577 secunda
2867 5528 3033 5573 tetras
3062 5532 3170 5571 non
3200 5516 3398 5570 immen

1832 5621 1980 5680 diate
2012 5636 2044 5675 a
2073 5618 2218 5691 Sige,
2252 5617 2345 5675 sed
2375 5632 2406 5672 a
2430 5615 2670 5672 Veritate
2694 5614 3012 5685 producitur
3039 5629 3053 5666 :
3077 5611 3193 5665 haec
3232 5611 3401 5681 igitur

1836 5713 1904 5770 ad
1935 5711 2258 5768 sententiam
2297 5708 2558 5764 Blondelli
2604 5707 2738 5762 nihil
2766 5705 2990 5763 omnino
3018 5703 3245 5759 faciunt.
3291 5703 3398 5758 Sed

1837 5815 1897 5861 ut
1934 5805 1988 5861 in
2021 5805 2112 5861 illo
2154 5801 2458 5875 fragmento
2501 5797 2671 5858 multa
2716 5804 2969 5867 corrupta
3000 5807 3162 5868 sunt,
3191 5795 3262 5849 ita
3311 5795 3398 5851 hic
