3848 6204
445 390 544 444 3H

1473 387 1531 446 S.
1573 388 1920 450 lCNA'l'IUS.
1958 425 2029 436 —
2065 393 2599 453 PROLEGOMENA.

3583 397 3696 454 312

446 504 611 560 etiam
641 505 798 561 locus
824 504 960 561 mihi
994 521 1163 564 sanus
1202 522 1312 563 non
1341 507 1586 576 videtur;
1616 526 1743 566 nam
1773 512 1857 568 vel
1886 511 2022 584 αὕτη
2055 517 2098 574 Α
2126 511 2246 568 Nun
2278 516 2444 570 velint
2472 514 2658 587 Logou
2695 513 2981 585 genuisse;
3012 527 3291 584 nunquam
3333 520 3516 568 tamen
3559 527 3694 568 eum

339 589 343 593 ’
445 595 504 650 δὲ
537 596 571 668 ἡ
605 598 670 650 ὲκ
697 595 792 650 τοῦ
825 597 1036 670 nam;
1069 599 1160 651 καὶ
1189 599 1290 669 τῆς
1320 600 1486 671 Σιγῆς
1516 600 1797 673 Ἀλήθειαν
1829 604 2021 657 immeo

446 685 596 742 diate
641 687 1034 758 praecedentem
1079 699 1308 759 spectat,
1355 706 1478 760 qum
1525 693 1827 747 secundum
1871 693 2020 748 hunc

454 775 895 834 Valentinianum
935 795 1002 835 ex
1035 779 1198 836 Patre
1243 791 1296 836 et
1341 779 1468 854 Sige
1507 792 1771 853 prognata
1818 794 1922 850 est,
1966 793 2022 838 et

447 876 582 927 tunc
621 871 826 941 aliquid
871 882 995 928 ante
1024 882 1340 943 sequentem
1381 889 1573 931 vocem
1605 876 1802 948 τετράς
1833 877 2018 943 deest;

447 963 533 1016 vel
560 978 659 1033 pro
687 965 854 1034 Σιγῆς
897 965 1124 1020 omnino
1161 965 1447 1036 legendum
1493 975 1578 1022 est
1627 967 1929 1039 ’Λληθείας,
1963 978 2022 1024 ut

449 1053 566 1110 haec
598 1057 1026 1124 praecedentibus
1067 1057 1412 1113 conveniant.
1447 1058 1670 1114 Frustra
1699 1063 1863 1114 etiam
1911 1061 2020 1116 huc

450 1145 679 1202 advocat
723 1146 1037 1202 Blondellus
1082 1157 1340 1218 corrupta
1391 1149 1483 1203 illa
1526 1149 1692 1205 verba
1729 1151 1918 1223 Cyrilli
1964 1151 2020 1205 in

447 1239 719 1295 catechesi
749 1240 782 1294 6
807 1258 820 1294 :
845 1240 1131 1312 Ἑγέννησε
1156 1240 1342 1313 Σιγὴν,
1368 1243 1460 1295 καὶ
1491 1241 1598 1295 ἀπὸ
1619 1243 1786 1314 Σιγῆς
1815 1247 2023 1300 ἐτεκνο-

445 1331 591 1386 ποιει
622 1333 814 1401 Λόγου.
848 1323 1028 1388 Locus
1056 1333 1145 1387 ille
1179 1333 1359 1388 adhuc
1387 1333 1442 1386 in
1471 1335 1670 1388 mendo
1701 1337 1883 1402 cubat,
1919 1353 2021 1394 nec

446 1428 518 1483 ab
551 1427 845 1496 interprete
877 1425 1182 1481 intellectus
1209 1433 1314 1480 est.
1350 1425 1472 1479 Ὀτι
1501 1427 1530 1479 ό
1563 1425 1732 1491 Βυθὸς
1764 1429 2020 1501 ἐγέννησε

445 1519 646 1591 Σιγὴν,
676 1521 771 1573 καὶ
821 1519 928 1573 ἀπὸ
971 1520 1072 1590 τῆς
1113 1520 1280 1590 Σιγῆς
1329 1522 1660 1576 ὲτεκνοποίει
1699 1522 1892 1590 Λόγου,
1926 1522 2020 1576 τοῦ

444 1611 578 1684 παρ’
601 1611 858 1682 Ἕλλησιν
907 1612 1046 1676 Διός
1099 1606 1256 1676 οὗτος
1316 1613 1514 1686 χείρων
1559 1613 1653 1667 τοῦ
1700 1616 1766 1685 τῇ
1816 1614 2018 1686 ἀδελφῇ

447 1703 794 1775 μιγνυμένουο
829 1704 1018 1759 τέκνον
1049 1704 1158 1777 γὰρ
1202 1701 1341 1759 εἶναι
1380 1706 1476 1760 τοῦ
1518 1705 1689 1760 Βυθοῦ
1740 1707 1956 1777 ἐλέγετο
1985 1709 2019 1777 ἡ

443 1799 650 1870 Σιωπή.
688 1797 762 1852 Ita
791 1797 977 1853 Graeca
1004 1799 1167 1854 verba
1196 1799 1339 1854 edita
1364 1808 1418 1855 et
1442 1800 1697 1856 distincta
1727 1810 1874 1865 sunt,
1895 1817 2017 1872 quatI

441 1889 680 1947 Joannes
717 1891 1020 1947 Grodecius
1080 1892 1160 1948 sic
1208 1892 1594 1963 interpretatus
1641 1901 1724 1949 est
1761 1913 1773 1948 :
1815 1913 1834 1944 ε
1863 1894 2017 1960 Quod

443 1982 680 2054 Bythos,
711 1982 766 2037 id
808 1991 894 2038 est
938 1981 1299 2052 profundum,
1331 1983 1579 2053 genuerit
1625 1984 1818 2052 Sigen,
1853 1985 1903 2039 id
1938 1994 2022 2040 est

444 2071 754 2136 Silentium,
772 2074 904 2130 etde
928 2073 1054 2144 Sige
1079 2074 1703 2146 procrearitLogon,qui
1721 2073 1932 2146 Jupiter
1952 2077 2022 2131 sit

443 2164 760 2236 gentilibus,
787 2175 842 2221 et
866 2167 1103 2221 deterior
1128 2182 1190 2221 ac
1217 2167 1445 2222 inferior
1465 2183 1530 2221 eo
1559 2168 1650 2236 qui
1676 2183 1800 2222 cum
1833 2183 2021 2222 sorore

443 2258 516 2313 sit
548 2258 764 2314 mistus.
811 2257 936 2328 Sige
965 2259 1109 2313 enim
1150 2258 1305 2330 Bythi
1354 2259 1462 2313 tilia
1505 2259 1806 2313 dicebatur.
1832 2279 1850 2310 ι
1881 2258 2018 2313 Mira

443 2349 534 2404 hic
583 2350 747 2404 tradit
787 2349 1056 2420 interpres
1106 2352 1172 2406 de
1216 2351 1365 2421 Logo
1403 2351 1786 2408 Valentiniano
1813 2355 1904 2424 qui
1949 2354 2021 2409 sit

440 2439 652 2512 Jupiter
694 2444 1007 2512 gentilibus.
1053 2443 1206 2514 Legit
1250 2445 1530 2500 enimvero
1564 2446 1618 2499 in
1652 2462 1757 2501 ms.
1789 2462 1890 2502 suo
1918 2462 2017 2501 vo-

440 2548 560 2590 cem
584 2535 778 2604 Λόγου,
795 2535 888 2590 sed
915 2545 1170 2606 corrupte
1194 2545 1498 2602 exaratam,
1524 2552 1696 2607 quare
1719 2547 1774 2593 et
1804 2553 1835 2592 a
1865 2539 2018 2608 prio-

443 2627 595 2682 ribus
622 2635 675 2682 et
696 2641 726 2681 a
750 2628 1104 2697 sequentibus
1129 2628 1185 2682 in
1211 2627 1414 2684 Graecis
1439 2629 1706 2692 distinxit,
1727 2629 1782 2682 in
1809 2629 2018 2685 Latinis

441 2731 625 2776 autem
673 2721 890 2790 utrique
931 2723 1216 2776 sententiae
1259 2721 1583 2792 conjunxit,
1635 2738 1759 2777 cum
1807 2725 2018 2776 ἐτεκνο-

440 2810 586 2865 mist
613 2810 917 2880 componit,
943 2827 1009 2867 ac
1051 2812 1096 2867 si
1128 2813 1391 2882 scriptum
1419 2823 1566 2868 esset
1595 2813 1766 2881 Λόγον
1799 2814 2016 2884 (quem-

439 2900 736 2956 admodum
769 2903 823 2957 in
860 2918 964 2958 ms.
1012 2899 1308 2958 Oxoniensi
1356 2905 1577 2974 .egitur)
1609 2919 1733 2958 cum
1768 2903 1862 2958 τοῦ
1895 2904 2017 2968 Διός

443 2994 749 3067 conjungit,
781 3011 845 3051 ac
891 2997 937 3050 si
983 2995 1178 3050 eodem
1227 3010 1356 3051 casu
1403 2997 1692 3066 legeretur,
1730 3006 1893 3066 atque
1942 2997 2013 3052 ita
2059 3023 2067 3031 -

443 3087 628 3142 omnia
657 3087 1036 3144 confundit.Si
1065 3088 1234 3158 Λόγον
1266 3088 1490 3158 quidem
1523 3089 1787 3158 legamus,
1818 3105 2016 3146 sensus

2121 607 2303 677 Logou
2341 625 2406 663 ex
2454 609 2578 680 Sige
2623 610 2886 664 emissum
2931 607 3307 663 admittebant.
3345 606 3550 678 Bythus
3601 607 3697 661 hic

2120 713 2190 753 ex
2231 697 2359 769 Sige
2394 708 2656 768 tanquam
2683 713 2750 752 ex
2779 698 2887 752 lilia
2919 712 3019 752 sua
3047 705 3271 767 generat
3300 695 3503 752 liberos
3523 715 3536 750 :
3556 706 3614 750 at
3647 699 3694 751 si

2123 791 2540 846 Valentinianus
2566 791 2839 860 quispiam
2881 789 3029 846 dicat
3080 787 3202 844 Nun
3243 804 3338 845 seu
3365 787 3582 844 Patrem
3626 805 3696 842 ex

2123 882 2250 956 Sige
2296 884 2528 940 Eonem
2571 885 2807 954 aliquem
2849 897 3186 954 procreasse,
3224 882 3276 936 id
3325 880 3528 937 factum
3578 898 3695 934 non

2121 991 2187 1031 ex
2218 975 2348 1040 lilia,
2384 975 2480 1031 sed
2513 991 2580 1031 ex
2613 985 2788 1030 matre
2812 975 3100 1030 docebant.
3133 973 3282 1044 Logo
3307 973 3470 1044 igitur
3498 972 3696 1044 Cyrilli

2123 1067 2497 1124 infelicissime
2540 1082 2676 1123 usus
2726 1076 2810 1122 est
2849 1065 3193 1142 Blondellus;
3242 1074 3296 1120 et
3339 1065 3472 1120 satis
3508 1065 3700 1118 adhuc

2121 1161 2473 1218 manifestum
2495 1170 2580 1216 est
2612 1175 2642 1215 a
2665 1159 2953 1214 Valentino
2981 1173 3258 1228 nunquam
3288 1156 3492 1212 dictum
3517 1153 3701 1208 fuisse

2121 1255 2292 1321 Λόγον
2323 1254 2430 1307 ἀπὸ
2461 1253 2626 1324 Σιγῆς
2657 1251 2960 1321 προελθεῖν.

2194 1344 2456 1414 Exposita
2510 1345 2803 1409 sententia,
2859 1341 3272 1410 rationibusque
3328 1338 3534 1393 nostris
3590 1337 3698 1390 ad-

2119 1453 2312 1493 versus
2362 1437 2622 1491 Blondelli
2657 1436 2891 1492 astutias
2939 1433 3196 1499 defensis,
3235 1432 3521 1488 videamus
3559 1429 3698 1497 quid

2121 1529 2381 1584 Dallaaum
2399 1528 2630 1582 moverit
2654 1537 2714 1583 ut
2743 1529 2900 1582 aliter
2927 1526 3187 1582 sentiret:
3214 1544 3233 1577 ‹
3253 1524 3369 1594 Ipsa
3388 1525 3505 1578 haec
3525 1523 3699 1576 verba

2123 1619 2179 1674 in
2221 1618 2569 1675 Valentinum
2619 1619 2772 1684 ferri,
2805 1619 3035 1688 ejusque
3080 1617 3332 1672 delirium
3371 1615 3552 1680 ferire,
3580 1629 3698 1667 non

2120 1719 2225 1776 est,
2266 1713 2462 1782 inquit,
2500 1722 2559 1768 ut
2591 1713 2808 1783 opinor,
2833 1712 3142 1767 obscurius.
3184 1729 3203 1762 ι
3239 1709 3482 1763 Primum
3525 1721 3698 1777 quam

2123 1807 2341 1867 timide.
2378 1816 2440 1862 ut
2471 1806 2721 1875 «opinor,
2759 1824 2776 1856 ι
2804 1813 2877 1867 et,
2918 1822 2936 1854 ι
2994 1818 3101 1858 non
3157 1803 3478 1858 obscurius!
3520 1821 3539 1854 ι
3577 1800 3700 1855 lmo

2121 1915 2250 1954 vero
2278 1899 2588 1953 certissime
2611 1897 2924 1960 obscurius,
2947 1904 3019 1960 et,
3039 1904 3098 1948 ut
3124 1895 3339 1964 opinor,
3361 1893 3697 1956 absurdius;

2121 1991 2268 2060 quod
2297 2004 2362 2044 ex
2395 1989 2496 2041 viri
2529 1987 2834 2042 doctissimi
2861 1985 3181 2056 probatione
3205 1984 3411 2054 patebit
3439 1983 3698 2037 luculen-

2121 2083 2250 2138 tius.
2293 2081 2372 2135 Ex
2407 2080 2615 2134 irenazo
2656 2081 2876 2148 quidem
2914 2077 3217 2132 fabulosam
3246 2075 3520 2130 Valentini
3557 2075 3701 2129 divi-

2120 2175 2347 2229 nitatem
2397 2172 2956 2242 exponit,eademque
2993 2168 3412 2232 Tertullianum,
3457 2165 3702 2236 Epipha-

2121 2267 2271 2319 nium
2293 2276 2347 2318 et
2366 2264 2502 2317 alios
2523 2263 2736 2316 tradere
2763 2259 2981 2316 asserit.
2999 2258 3124 2314 Haec
3143 2273 3290 2312 nunc
3314 2272 3422 2312 non
3441 2257 3697 2322 excutio;

2121 2358 2212 2412 sed
2242 2372 2371 2410 num
2404 2358 2663 2421 lrenaaus,
2681 2355 2763 2411 vel
2794 2354 2935 2408 alius
2962 2353 3254 2422 quisquam
3293 2351 3346 2405 in
3377 2350 3698 2406 enarranda

2121 2447 2393 2504 Valentini
2443 2449 2726 2503 divinitate
2773 2447 2940 2502 tradit
2967 2445 3129 2514 Sigen
3175 2445 3451 2516 peperisse
3479 2443 3697 2514 Logou,

2120 2548 2213 2593 aut
2237 2538 2421 2609 Logou
2452 2555 2558 2593 non
2585 2539 2720 2593 dicit
2749 2538 2818 2592 ab
2841 2538 2948 2591 alia
2971 2553 3135 2606 quam
3173 2537 3297 2604 Sige
3328 2535 3501 2590 fuisse
3527 2535 3700 2589 emis-

2120 2632 2284 2685 sum?
2319 2629 2435 2684 Hoc
2459 2645 2567 2684 non
2599 2631 2752 2696 dicit,
2780 2631 2924 2700 quod
2951 2630 3178 2683 omnino
3206 2629 3388 2682 dicere
3414 2625 3626 2689 debuit,
3651 2626 3697 2680 si

2121 2723 2327 2792 aliquid
2382 2721 2524 2791 quod
2581 2721 2648 2775 ad
2709 2736 2866 2775 suam
2906 2720 3232 2776 sententiam
3259 2717 3697 2774 continuandam

2121 2818 2345 2881 valeret,
2379 2816 2574 2870 aﬂ‘erre
2618 2815 2798 2869 vellet.
2833 2813 2938 2869 Sed
2984 2813 3105 2883 ejus
3153 2812 3276 2867 loco
3326 2813 3430 2864 hoc
3475 2819 3695 2864 tantum

2119 2910 2286 2964 dixit:
2320 2927 2338 2958 ι
2380 2907 2624 2974 Quorum
2650 2921 2810 2961 nemo
2842 2916 2924 2961 est
2951 2905 3048 2975 qui
3086 2919 3195 2958 non
3221 2919 3250 2957 a
3286 2901 3410 2972 Sige
3434 2902 3695 2956 eductum

2121 3017 2149 3054 a
2167 3001 2454 3055 Valentino
2470 2999 2676 3069 Logou,
2705 2999 2787 3052 vel
2812 2997 3123 3052 immediate
3151 3005 3212 3050 ut
3236 3011 3267 3050 a
3298 3002 3469 3049 matre
3491 2993 3693 3052 ﬁlium,

2117 3093 2204 3146 vel
2252 3100 2400 3147 certe
2463 3093 2695 3146 mediate
2741 3099 2804 3145 ut
2867 3090 2936 3144 ab
2978 3090 3100 3143 avia
3151 3095 3404 3155 nepotem
3447 3100 3698 3141 comme-

439 3180 730 3235 verborum
753 3180 843 3235 hic
867 3180 1186 3251 perspicuus
1206 3189 1326 3236 est:
1353 3199 1372 3232 ι
1396 3179 1601 3252 Bythus
1618 3182 1806 3252 genuit
1830 3180 2018 3252 Sigen,
2044 3192 2086 3251 (ς
2122 3192 2317 3238 moret.
2356 3204 2375 3236 ι
2413 3185 2528 3236 lmo
2561 3197 2691 3236 vero
2717 3181 2832 3236 haec
2859 3181 2910 3235 in
2943 3181 3046 3234 hac
3075 3195 3134 3234 re
3168 3178 3448 3234 distinctio
3479 3179 3553 3232 de
3583 3195 3698 3232 me-

438 3279 542 3324 ete
566 3268 692 3340 Sige
720 3270 997 3340 generavit
1022 3268 1252 3341 Logum.
1283 3267 1416 3326 Jove
1441 3271 1723 3340 gentilium
1750 3272 1841 3327 hic
1865 3274 2018 3344 pejor

439 3372 548 3428 est,
583 3364 678 3434 qui
708 3379 832 3418 cum
882 3378 1072 3419 sorore
1119 3364 1316 3418 rnistus
1352 3372 1454 3418 est.
1492 3363 1630 3419 Filia
1661 3366 1806 3419 enim
1859 3365 2016 3437 Bythi

439 3457 723 3512 dicebatur
747 3454 929 3526 Siope.
958 3476 977 3510 ι
1013 3455 1117 3512 Sed
1149 3457 1238 3512 illa
1271 3471 1376 3512 vox
1407 3457 1584 3525 Λόγου
1613 3473 1736 3528 qua:
1759 3459 1905 3513 hunc
1937 3459 2018 3514 ιο.

439 3563 567 3604 cum
598 3549 735 3604 adeo
768 3548 1005 3604 turbavit
1035 3550 1258 3604 omnino
1289 3549 1599 3606 necessaria
1632 3566 1740 3606 non
1772 3561 1876 3616 est,
1903 3552 2018 3607 sive

437 3639 646 3712 priora,
679 3640 792 3695 sive
825 3640 1126 3710 posteriora
1153 3641 1320 3696 verba
1350 3641 1638 3711 respicias.
1689 3641 2018 3698 Posteriori-

438 3731 544 3786 ltus
579 3745 687 3785 non
715 3733 996 3800 competit,
1027 3731 1171 3800 quod
1216 3730 1518 3787 Grodecius
1558 3731 1751 3786 voluit.
1782 3733 2018 3804 Cyrillus

440 3825 588 3880 enim
617 3839 724 3878 non
758 3824 966 3894 Logou,
999 3825 1091 3879 sed
1125 3823 1357 3895 Bythum
1381 3822 1500 3879 Jovi
1527 3833 1828 3893 comparat.
1862 3824 2018 3880 Prio-

441 3914 597 3969 ribus
629 3928 804 3983 neque
845 3911 1021 3982 Λόγου
1053 3913 1333 3984 competit,
1367 3930 1544 3985 neque
1565 3915 1736 3983 Λόγον
1765 3930 2018 3971 necessa-

439 4006 585 4064 rium
636 4015 754 4072 est;
795 4021 924 4060 nam
963 4005 1524 4066 rexvoarotaiinberos
1563 4021 1860 4073 procreare,
1892 4007 2016 4076 qui-

439 4081 657 4167 cunque
685 4097 899 4152 tandem
927 4097 1001 4151 illi
1029 4097 1158 4160 sint,
1190 4097 1325 4152 satis
1358 4097 1424 4151 ad
1459 4096 1624 4166 hujus
1651 4097 1754 4151 loci
1791 4112 2014 4152 sensum

440 4187 856 4258 exprimendum
917 4187 1080 4242 valet.
1129 4187 1296 4242 Docet
1342 4186 1489 4240 enim
1542 4186 1784 4258 Cyrillus
1825 4184 2015 4241 Jovem

441 4279 621 4336 sorori
675 4279 899 4334 mistum
943 4278 1142 4343 fuisse,
1185 4277 1417 4350 Bythum
1464 4293 1531 4333 ex
1582 4277 1694 4332 tilia
1737 4293 1837 4333 sua
1889 4292 2018 4347 pro-

439 4385 659 4426 creasse
704 4370 906 4425 liberos
943 4370 1131 4440 :quod
1171 4369 1386 4438 turpius
1423 4378 1525 4424 est.
1573 4366 1835 4435 Quamvis
1881 4370 2016 4424 mihi

2119 3275 2264 3329 diata
2299 3283 2354 3330 et
2388 3274 2701 3328 immediata
2726 3273 3016 3328 eductione
3041 3281 3128 3326 est
3156 3271 3243 3326 vel
3265 3271 3334 3324 ab
3357 3271 3500 3339 ipso,
3534 3268 3624 3323 vel
3665 3285 3696 3320 a

2120 3366 2400 3422 Blondello
2444 3367 2780 3436 excogitata;
2827 3379 3007 3434 neque
3050 3363 3173 3418 talis
3227 3363 3444 3418 eductio
3475 3361 3550 3416 ab
3584 3360 3700 3414 ullo

2121 3460 2351 3515 istorum
2410 3454 2637 3512 Patrum
2697 3466 2784 3512 est
2831 3457 3114 3526 exposita;
3147 3469 3312 3510 nemo
3364 3468 3559 3510 eorum
3609 3451 3702 3507 vel

2117 3550 2352 3605 mediate
2392 3550 2477 3604 vel
2528 3549 2838 3604 immediate
2892 3547 3077 3618 Logou
3109 3546 3194 3601 vel
3225 3561 3294 3601 ex
3349 3543 3477 3614 Sige
3504 3543 3594 3598 vel
3627 3558 3702 3597 ex

2118 3640 2230 3694 alio
2261 3639 2438 3694 Eone
2485 3640 2740 3694 eductum
2775 3637 2946 3693 fuisse
2973 3637 3128 3691 dixit.
3152 3634 3279 3691 Haec
3317 3631 3705 3702 distinguendi

2119 3728 2396 3784 subtilitas
2423 3737 2474 3782 et
2506 3726 2777 3782 Valentini
2803 3736 2857 3782 et
2884 3725 3107 3780 Patrum
3131 3740 3248 3780 aevo
3276 3725 3435 3794 longe
3462 3721 3706 3776 inferior

2117 3835 2240 3875 esse
2286 3821 2672 3890 cognoscitur;
2703 3834 2804 3874 nec
2842 3818 2917 3872 ibi
2955 3816 3204 3872 adhiberi
3247 3814 3458 3880 debuit,
3495 3813 3592 3868 ubi
3631 3813 3708 3867 de

2118 3911 2264 3965 nuda
2297 3926 2489 3965 eorum
2521 3910 2790 3966 sententia
2822 3910 3104 3979 quaeritur.
3133 3906 3398 3961 Praeterea
3425 3919 3705 3974 quorsum

2118 4003 2236 4059 haec
2287 4003 2567 4058 distinctio
2621 4003 2679 4058 in
2727 4003 2837 4058 duo
2893 4001 3162 4065 membra,
3194 4008 3254 4053 ut
3281 3999 3353 4052 sit
3380 3996 3569 4067 Logus
3607 3997 3706 4051 vel

2118 4094 2264 4150 ﬁlius
2305 4095 2480 4164 Siges,
2511 4096 2595 4151 vel
2627 4095 2835 4166 nepos?
2863 4093 2947 4148 An
2996 4092 3286 4162 quisquam
3331 4105 3525 4146 eorum
3552 4107 3708 4160 quos

2117 4195 2532 4254 commemorat,
2580 4185 2770 4258 L0gon
2810 4187 2968 4255 Siges
2994 4185 3167 4240 tilium
3193 4183 3464 4247 nominat,
3500 4191 3596 4236 aut
3631 4198 3708 4237 ex

2121 4277 2246 4350 Sige
2274 4279 2588 4335 immediate
2611 4281 2812 4346 educit,
2841 4290 2903 4334 ut
2931 4277 3164 4333 Dallaeus
3196 4293 3322 4332 eum
3353 4285 3501 4331 recte
3533 4274 3710 4346 Siges

2116 4371 2290 4428 ﬁlium
2337 4388 2536 4429 vocare
2567 4373 2777 4444 possit?
2807 4372 2955 4427 Dixit
2986 4371 3208 4442 quidem
3247 4371 3488 4424 Irenzeus
3517 4367 3710 4437 Λόγον

439 4461 742 4516 etiamnum
789 4461 1027 4515 maxime
1075 4460 1335 4526 arrideat,
1365 4460 1513 4529 quod
1563 4461 1694 4514 olim
1734 4460 1865 4514 mihi
1911 4460 2013 4530 ipsi

2120 4468 2241 4522 Υῐδν
2274 4463 2614 4540 μονογενοῦς,
2643 4484 2660 4515 ι
2685 4462 2922 4517 Verbum
2947 4459 3222 4532 Unigcniti
3248 4459 3467 4527 Filium,
3494 4477 3515 4510 ι
3542 4458 3724 4530 Sigea

438 4555 496 4615 in
522 4563 757 4610 mentem
794 4555 960 4619 venit,
989 4554 1277 4621 legendum
1315 4554 1524 4608 scilicet
1553 4567 1674 4607 esse
1702 4568 1808 4606 non
1839 4554 2014 4622 Λόγου
2045 4537 2090 4593 Ῐ)
2113 4537 2286 4612 tilium
2307 4572 2417 4612 non
2441 4556 2596 4610 dixit.
2619 4553 2737 4624 Ipse
2757 4551 3023 4607 Irenaeum
3046 4549 3618 4606 adducitutostendat
3642 4566 3722 4607 ex

437 4647 523 4700 vel
550 4646 744 4715 Λόγον,
779 4646 870 4699 sed
894 4645 1038 4716 λόγῳ
1071 4643 1167 4699 τοῦ
1201 4645 1344 4708 Διός,
1376 4643 1440 4697 ad
1479 4645 1719 4707 modum,
1750 4643 1832 4698 vel
1861 4644 2014 4699 sitni-

439 4739 728 4794 litudinem
769 4735 942 4806 Jovis,
971 4753 1033 4793 ea
1078 4737 1289 4794 ratione
1321 4753 1429 4806 qua
1464 4735 1674 4806 Jupiter
1710 4737 2016 4805 procreavit

437 4830 661 4893 liberos,
693 4838 752 4882 ut
792 4828 935 4900 λόγῳ
977 4828 1360 4882 adverbialiter
1409 4834 1688 4892 sumatur,
1722 4841 1900 4895 neque
1945 4826 2013 4881 ad

439 4921 675 4984 Eonem
722 4919 1164 4978 Valentinianum
1217 4919 1444 4974 omnino
1475 4925 1704 4987 spectet.
1752 4917 1912 4972 Certe
1964 4917 2012 4971 si

435 5015 594 5083 λόγον
626 5013 997 5078 admittamus,
1028 5012 1292 5084 Cyrillum
1323 5011 1579 5081 dogmata
1604 5008 1877 5064 Valentini
1907 5009 2013 5062 mi-

437 5105 589 5161 riﬁce
641 5103 975 5159 confundere
1016 5103 1306 5159 dicendum
1353 5111 1474 5169 est;
1504 5117 1679 5172 neque
1726 5102 2010 5157 excusatio

437 5195 701 5254 Blondelli
743 5196 1043 5266 quidquam
1081 5197 1244 5259 valet,
1277 5193 1435 5264 quasi
1471 5192 1702 5265 Bythum
1734 5209 1831 5249 seu
1877 5193 2012 5248 Pro-

439 5298 681 5364 patorem
708 5302 832 5342 eum
858 5286 940 5340 Nn
964 5303 1061 5343 seu
1085 5287 1245 5343 Patre
1264 5286 1673 5341 Valentiniauos
1695 5284 2011 5342 confudisse

441 5388 666 5434 statuat.
693 5377 829 5434 Nam
861 5380 906 5435 si
942 5395 1216 5450 supponas
1243 5380 1332 5435 hic
1357 5378 1595 5444 Patrem,
1619 5394 1715 5434 seu
1739 5376 1882 5443 Nun,
1909 5392 2010 5447 pro

443 5466 612 5538 Bytho
631 5479 684 5525 et
707 5469 1003 5542 Propatorc
1025 5474 1166 5528 sumi
1197 5473 1412 5535 debere,
1435 5473 1619 5526 omnia
1646 5473 1824 5527 adhuc
1847 5480 2011 5526 erunt

446 5572 470 5609 a
506 5559 689 5614 schola
727 5560 996 5617 Valentini
1036 5579 1260 5633 prorsus
1290 5565 1487 5619 aliena.
1525 5563 1729 5636 Bythus
1753 5564 1843 5618 hic
1873 5564 2010 5618 dici-

438 5647 532 5699 tur
558 5645 807 5707 genuisse
837 5647 1020 5719 Sigen,
1046 5661 1100 5704 at
1127 5650 1290 5722 Sigen
1317 5669 1345 5708 a
1373 5653 1454 5708 Nu
1482 5663 1790 5724 generatam
1815 5652 2006 5719 fuisse,

443 5741 605 5783 nemo
639 5745 879 5800 unquam
921 5734 1422 5796 Valentinianorum
1456 5744 1764 5806 somniavit.
1803 5743 2008 5814 Bythus

441 5815 642 5880 dicitur
667 5834 736 5879 ex
784 5821 908 5901 Sige
939 5829 1194 5902 genuisse
1224 5829 1431 5902 Logon.
1467 5832 1831 5894 Valentiniani
1883 5836 2008 5894 licet

1827 6044 1907 6068 -..η

2113 4650 2238 4721 Sige
2277 4649 2547 4720 prodiisse
2570 4647 2714 4712 Nun,
2745 4643 2868 4700 Nun
2891 4654 3072 4700 autem
3102 4652 3157 4698 et
3195 4659 3352 4698 suam
3394 4643 3721 4700 Aletheiam

2109 4745 2363 4800 emisisse
2391 4743 2602 4812 Logou,
2631 4751 2685 4796 et
2725 4740 2914 4794 eadem
2941 4738 3339 4793 Tertulliauum
3364 4747 3419 4792 et
3459 4736 3720 4807 Epipha-

2112 4835 2262 4889 nium
2285 4833 2540 4888 docuisse
2571 4834 2785 4886 asserit.
2810 4829 2866 4884 Si
2904 4839 3088 4884 autem
3135 4830 3249 4883 hanc
3271 4843 3399 4882 vera
3424 4828 3556 4888 sint,
3582 4836 3717 4882 tum

2111 4941 2300 4981 eorum
2325 4940 2488 4980 nemo
2512 4923 2696 4994 LOgon
2723 4938 2752 4976 a
2779 4921 2905 4991 Sige
2946 4921 3261 4975 immediate
3300 4929 3412 4975 uta
3435 4929 3614 4973 matre
3650 4921 3723 4974 ti—

2111 5019 2242 5075 lium
2269 5019 2524 5073 eductum
2553 5023 2966 5071 commemorat.
2990 5013 3055 5068 Et
3090 5023 3273 5067 tamen
3295 5029 3420 5068 cum
3455 5011 3562 5066 ista
3587 5019 3720 5068 tam

2110 5109 2404 5165 infeliciter
2432 5107 2680 5171 dixisset,
2709 5120 2773 5160 ac
2801 5105 2846 5159 si
2877 5119 2966 5160 res
2993 5103 3107 5172 jam
3138 5102 3387 5159 confecta
3417 5112 3587 5165 esset,
3631 5105 3723 5158 in-

2111 5197 2230 5267 quit
2267 5214 2282 5250 :
2322 5216 2343 5250 ‹
2381 5195 2509 5252 Haec
2550 5195 2710 5252 nobis
2759 5195 3029 5252 delibasse
3080 5193 3215 5250 satis
3253 5199 3356 5259 est,
3391 5200 3452 5245 ut
3505 5191 3708 5261 quivis

2111 5283 2376 5354 intelligat
2419 5283 2488 5338 de
2544 5284 2647 5338 hac
2694 5282 2971 5339 Valentini
3022 5282 3361 5352 matasologia
3414 5282 3708 5351 cogitasse

2109 5376 2355 5445 epistola:
2389 5374 2457 5429 ad
2497 5375 2877 5446 Magnesianos
2931 5377 3278 5446 scriptorem.
3329 5395 3347 5426 ι
3385 5373 3703 5444 Cogitavit,

2109 5467 2338 5532 scilicet,
2369 5467 2458 5520 ille
2502 5469 2763 5537 antiquus
2804 5470 3039 5537 scriptor
3081 5468 3236 5538 prius
3265 5469 3333 5523 de
3363 5467 3605 5521 mediata
3643 5478 3708 5522 et

2109 5556 2420 5612 immediata
2453 5559 2741 5614 eductione
2769 5558 3041 5626 Eonum;
3080 5561 3212 5614 vidit
3239 5559 3540 5615 secundum
3575 5555 3701 5612 Va-

2111 5647 2299 5702 lentini
2334 5653 2657 5705 sententiam
2686 5667 2716 5706 a
2742 5653 2874 5705 viris
2897 5651 3086 5706 cadent
3111 5651 3478 5706 scribentibus
3495 5647 3705 5720 Logou

2107 5755 2138 5793 e
2175 5741 2300 5812 Sige
2333 5741 2415 5796 vel
2443 5750 2502 5797 ut
2530 5752 2740 5808 matre,
2780 5744 2864 5798 vel
2891 5753 2950 5797 ut
2979 5745 3098 5796 avia
3140 5743 3421 5807 eductum,
3453 5742 3704 5815 ideoque

2107 5835 2426 5904 simpliciter
2454 5845 2613 5914 negat
2637 5835 2875 5892 Verbum
2902 5853 2966 5891 ex
2993 5836 3208 5892 silentio
3239 5837 3530 5913 prodiisse.
3557 5834 3698 5896 Hac
