3848 6204
227 347 355 404 SIS'

974 345 1028 404 ι.
1064 344 1432 405 PEARSONlt
1470 347 1794 405 vmmcus
1834 345 2258 405 IGNATIANE.
2299 379 2368 389 —
2403 344 2585 401 psus
2619 324 2747 402 n.

3383 349 3490 406 ευ

227 458 468 517 rationis
513 460 801 518 Dallaea'na:
851 475 1090 528 summa,
1141 478 1305 536 quam
1360 467 1585 533 absona,
1629 481 1792 537 quam
1823 469 1872 526 Α
1897 461 2142 518 Nemone
2171 461 2224 516 id
2253 476 2499 517 asserere
2529 461 2705 532 potuit
2743 462 2837 533 qui
2880 461 3002 534 ejus
3031 461 3219 518 deliria
3253 477 3361 518 non
3389 478 3491 520 au-

227 551 453 607 detorta
487 554 616 623 quis
651 568 760 608 non
796 554 978 610 videt?

1913 555 2162 627 diverat?
2207 553 2278 610 At
2332 555 2440 610 hoc
2483 569 2607 609 cum
2660 553 2933 610 Valentini
2983 554 3188 612 fabulis
3213 570 3322 611 non
3353 571 3491 610 con-
3552 579 3557 585 -

302 641 588 700 Hactenus
636 643 911 700 Valentini
968 646 1292 701 sententiam
1350 649 1621 717 exposuit,
1667 666 1815 707 nunc
1913 648 2100 702 sentit.
2141 646 2304 702 Recte
2342 664 2358 701 :
2399 655 2564 716 atque
2594 646 2724 702 hinc
2745 645 2983 702 fortasse
3013 646 3266 717 colligere
3292 661 3491 717 possu-

227 736 482 790 auctoris
530 736 696 791 verba
723 752 846 792 eum
890 736 1009 808 ejus
1034 737 1250 807 placitis
1273 742 1570 809 componit,
1595 751 1656 796 ut
1685 757 1811 798 eum

226 823 299 879 de
325 823 639 892 Valentino,
653 843 777 882 cum
803 829 1372 900 scriberet,cogitasse
1393 833 1602 902 probet.
1625 833 1812 890 Primo

225 914 338 968 hoc
349 916 551 971 exinde
562 918 789 989 colligit,
804 919 950 988 quod
965 920 1039 974 ait
1061 938 1080 971 ‹
1105 918 1274 975 Deum
1289 937 1410 978 esse
1425 939 1593 976 unum
1604 967 1616 980 .
1632 943 1651 974 ι
1674 923 1810 980 Mira

225 1003 347 1059 haec
396 1006 672 1075 probatio.
704 1005 900 1078 Nonne
946 1023 1173 1064 causam
1222 1011 1360 1066 satis
1385 1011 1590 1082 justam
1617 1013 1812 1070 habuit

224 1107 424 1153 auctor
478 1100 862 1169 epistolarum,
909 1110 972 1156 ut
1021 1100 1194 1158 Deum
1241 1119 1414 1158 unum
1463 1104 1690 1174 diceret,
1712 1106 1809 1178 qui

224 1204 371 1259 saepe
419 1191 706 1248 Christum
758 1192 929 1248 Deum
979 1209 1101 1250 esse
1153 1195 1325 1250 dixit?
1374 1195 1566 1254 Nonne
1616 1215 1808 1257 omnes

220 1281 487 1338 catholici
528 1292 654 1336 ante
707 1283 1059 1339 Valentinum
1109 1285 1278 1341 Deum
1313 1303 1438 1344 esse
1462 1305 1634 1344 unum
1664 1305 1809 1360 saepe

219 1370 609 1426 alﬁrmarunt?
633 1372 694 1426 Si
746 1372 999 1443 quisquis
1033 1374 1173 1429 dixit
1200 1391 1369 1430 unum
1397 1390 1521 1431 esse
1546 1376 1713 1432 Deum
1739 1378 1808 1433 de

220 1458 524 1516 Valentino
557 1463 837 1534 cogitavit,
871 1479 1036 1519 nemo
1069 1475 1199 1522 ante
1233 1466 1583 1523 Valentinum
1617 1469 1808 1524 catho-

219 1552 325 1608 lice
359 1553 607 1623 scripsit.
638 1553 744 1610 Sed
776 1556 1018 1611 nondum
1047 1557 1213 1612 etiam
1252 1558 1424 1627 liquet
1454 1557 1805 1616 Valentinum

217 1642 316 1700 Dei
364 1645 633 1701 unitatem
692 1663 940 1718 negasse.
975 1647 1114 1704 Nam
1161 1665 1286 1705 eum
1332 1653 1572 1706 lrenaaus
1600 1652 1720 1722 ejus
1751 1659 1806 1706 et

215 1737 547 1807 sequacium
578 1740 826 1794 omnium
866 1741 1058 1796 deliria
1081 1743 1444 1812 exposuisset,
1477 1745 1590 1800 haec
1617 1745 1799 1812 habet,

1913 753 2057 804 mus,
2086 745 2365 793 auctorem
2401 735 2644 806 epistola:
2666 751 2776 791 non
2797 736 2969 809 fuisse
2998 737 3438 791 Valentinianum
3466 755 3482 790 :

1912 843 2014 883 nec
2059 828 2208 883 aliud
2250 827 2546 896 quidquam
2572 827 2696 882 inde
2722 828 2991 897 sequitur.
3015 827 3242 894 Quarto,
3279 846 3298 878 ι
3338 827 3490 882 addit

1909 918 2189 974 Christum
2224 917 2320 974 Dei
2359 917 2558 973 Filium
2583 933 2704 974 esse
2725 919 2844 988 ejus
2891 919 3086 987 Λόγον.
3121 936 3142 971 ›
3178 916 3317 973 Ilinc
3343 925 3492 973 recte

1908 1009 2144 1064 fortasse
2165 1009 2454 1080 colligatur
2479 1020 2754 1065 auctorem
2788 1019 3035 1065 nostrum
3069 1018 3191 1079 post
3227 1007 3286 1066 S.
3314 1007 3486 1063 Joan-

1908 1117 2036 1156 nem
2065 1101 2453 1171 evangelistam
2478 1101 2786 1171 scripsisse,
2821 1111 2946 1171 post
2967 1099 3315 1156 Valentinum
3350 1115 3488 1154 neu-

1907 1191 2137 1262 tiquam.
2183 1209 2204 1242 ‹
2244 1189 2430 1245 Jesum
2458 1192 2676 1260 quidem
2703 1201 2757 1246 et
2795 1191 3075 1246 Christum
3103 1207 3134 1246 a
3165 1191 3346 1247 Verbo
3377 1189 3488 1246 Va-

1906 1281 2150 1337 lentinus
2174 1281 2380 1336 divisit.
2423 1301 2441 1334 ι
2473 1281 2578 1336 Sed
2606 1298 2675 1336 an
2717 1283 2833 1338 haec
2867 1286 3053 1337 omnia
3087 1282 3250 1338 simul
3277 1283 3484 1347 dicere,

1905 1381 1990 1428 est
2048 1371 2393 1428 Valentinum
2445 1371 2714 1427 refutare?
2756 1372 2841 1427 An
2891 1374 3145 1428 eumdem
3201 1372 3385 1428 Jesum
3429 1383 3486 1428 et

1905 1461 2184 1519 Christum
2207 1472 2261 1518 et
2283 1464 2455 1532 Λόγον
2480 1463 2764 1518 nominare
2795 1473 2880 1518 est
2910 1464 3055 1518 illius
3095 1464 3320 1534 impium
3349 1463 3486 1518 deli-

1905 1553 2050 1608 rium
2075 1552 2368 1624 disjicere?
2391 1554 2508 1608 Non
2538 1565 2690 1624 puto.
2734 1553 2868 1608 Nam
2899 1565 2951 1609 et
2979 1555 3083 1624 ipsi
3113 1554 3484 1610 Valentiniani

1902 1645 2157 1702 eumdem
2210 1657 2265 1701 et
2315 1645 2500 1702 Jesum
2547 1656 2601 1702 et
2629 1647 2906 1703 Christum
2944 1659 2998 1703 et
3031 1648 3202 1716 Λόγον
3229 1647 3485 1701 nomina-

1903 1739 2055 1794 bant.
2082 1737 2198 1794 l-loc
2216 1737 2415 1793 diserte
2440 1737 2605 1793 tradit
2625 1738 3023 1803 Theodoretus,
3062 1739 3156 1793 lib.
3182 1755 3222 1803 ι,
3264 1755 3384 1808 cap.
3406 1739 3437 1792 7
3463 1758 3478 1793 :

214 1825 312 1880 lib.
345 1842 386 1892 ι,
437 1842 562 1898 cap.
606 1830 716 1884 l9:
752 1849 772 1883 ε
806 1830 1011 1888 Omnes
1035 1807 1182 1888 enim
1223 1833 1338 1890 fere
1375 1807 1647 1906 quotquot
1673 1807 1786 1892 sum

1901 1829 2304 1900 Προϐἁλλονται
2336 1829 2426 1884 διὰ
2454 1829 2659 1883 τούτων
2689 1829 2780 1882 τὸν
2797 1829 3023 1900 Ἰησοῦν,
3045 1829 3104 1884 ὃν
3134 1831 3228 1884 καὶ
3252 1807 3484 1901 Σωσῆρα

214 1917 461 1974 hereses
491 1920 660 1977 Deum
689 1922 911 1992 quidem
958 1941 1130 1980 unum
1172 1928 1385 1988 dicunt.
1420 1930 1516 1984 sed
1549 1945 1645 1999 per
1673 1946 1800 1986 sen-

211 2009 439 2064 tentiam
463 2013 605 2065 mala
635 2013 946 2070 immutant.
967 2035 987 2068 ι
1019 2015 1083 2070 Et
1106 2034 1300 2074 rursus
1330 2019 1424 2074 lib.
1447 2036 1500 2074 tv
1518 2035 1668 2091 ,cap.
1692 2023 1793 2079 58:

213 2117 236 2152 ι
290 2098 577 2156 Judieabit
621 2113 804 2171 autem
865 2115 920 2161 et
972 2123 1082 2163 eos.
1116 2110 1209 2178 qui
1257 2120 1387 2165 sunt
1425 2125 1456 2166 a
1510 2111 1797 2169 Valentino

211 2206 432 2260 omnes,
456 2196 588 2263 quia
626 2197 808 2267 lingua
831 2199 1054 2266 quidem
1076 2203 1408 2258 confitentur
1430 2221 1600 2258 unum
1624 2204 1796 2260 Deum

211 2282 460 2351 Patrem,
484 2299 539 2340 et
573 2303 640 2341 ex
673 2289 778 2344 hoc
803 2290 1023 2357 omnia;
1056 2291 1231 2361 ipsum
1262 2304 1446 2350 autem
1480 2297 1574 2367 qui
1609 2296 1799 2354 fecerit

212 2377 426 2440 omnia,
463 2377 786 2436 defectionis
823 2383 938 2438 sive
967 2385 1106 2440 labis
1146 2385 1384 2442 fructum
1425 2404 1548 2445 esse
1574 2390 1728 2446 dicit.
1770 2409 1792 2444 ι

212 2464 408 2536 Aperte
440 2469 613 2539 igitur
654 2471 934 2541 professus
971 2485 1057 2531 est
1083 2477 1410 2535 Valentinus
1461 2496 1632 2536 unum
1670 2497 1794 2539 esse

214 2557 409 2627 Deum,
475 2571 531 2616 et
581 2563 706 2618 licet
752 2564 1124 2624 Tertullianus
1171 2585 1297 2624 eum
1347 2580 1429 2626 tot
1482 2573 1617 2628 deos
1662 2583 1798 2644 quot

211 2649 422 2707 Eonas
473 2653 672 2710 fecisse
724 2657 994 2714 rhetorice
1049 2663 1386 2730 pronuntiet,
1435 2665 1551 2734 ipse
1613 2673 1793 2722 tamen

211 2742 426 2800 Eonas
457 2744 726 2802 Valentini
761 2751 894 2804 nihil
932 2753 1079 2808 aliud
1113 2752 1285 2809 fuisse
1323 2771 1490 2826 quam
1513 2773 1710 2814 sensus
1741 2768 1797 2814 et

207 2845 426 2901 motus;
459 2847 515 2892 et
571 2839 626 2892 in
677 2842 993 2908 personales
1051 2845 1386 2902 substantias
1431 2862 1462 2902 a
1491 2846 1788 2906 Ptolemaeo

205 2936 453 2982 mutatos
511 2943 634 2983 esse
663 2933 876 2986 asserit.
908 2931 1174 2989 Praeterea
1200 2937 1444 3006 epistolae
1470 2949 1661 2996 auctor
1692 2941 1796 2998 hoc

203 3017 326 3088 ipso
366 3019 493 3075 loco
539 3023 752 3078 unitate
804 3023 900 3078 Dei
929 3042 1190 3097 expresse
1215 3030 1477 3085 adversus
1507 3029 1794 3090 Ebionazos

1900 1918 2365 1992 προσαγορεύουσι
2407 1920 2499 1972 καὶ
2552 1921 2786 1990 Χριστὸν
2832 1921 3020 1990 Λόγον.
3065 1939 3085 1972 ‹
3127 1919 3313 1976 Jesum
3355 1922 3483 1976 inde

1895 2009 2294 2079 produxerunt,
2338 2026 2502 2081 quem
2569 2020 2623 2068 et
2669 2009 3014 2066 Servatorem
3066 2013 3363 2082 appellant,
3411 2021 3467 2068 et

1896 2100 2179 2156 Christum
2232 2099 2494 2156 Verbum.
2555 2120 2574 2153 ι
2618 2101 2738 2171 Ipse
2786 2102 2951 2156 etiam
3013 2102 3254 2157 Irenaeus
3309 2103 3483 2158 tradit

1900 2192 2061 2247 nobis
2108 2191 2408 2262 perfectum
2466 2192 2705 2247 fructum
2757 2193 2987 2264 Ἰησοῦν,
3022 2193 3080 2246 ὃν
3122 2194 3215 2247 καὶ
3248 2194 3480 2265 Σωτῆρα

1897 2283 2404 2356 προσαγορευθῆναι
2455 2284 2550 2337 καὶ
2592 2284 2827 2356 Χριστὸν
2857 2285 2950 2338 καὶ
2983 2285 3155 2354 Λόγον
3189 2303 3478 2358 πατρωνυ-

1899 2375 2102 2446 μικῶς,
2157 2377 2255 2433 καὶ
2289 2377 2486 2441 πάντα,
2523 2395 2543 2430 ‹
2592 2377 2802 2444 Jesum,
2837 2394 2998 2448 quem
3040 2387 3095 2434 et
3141 2377 3480 2436 Salvatorem

1895 2469 2084 2523 vocari
2105 2467 2446 2524 etChristum
2465 2479 2516 2524 et
2541 2468 2727 2540 Logon
2746 2471 3141 2541 patronymice,
3156 2480 3209 2525 et
3224 2473 3428 2527 omnia.
3450 2492 3471 2524 ι

1897 2560 2123 2627 Quinto,
2153 2578 2171 2611 ι
2215 2559 2386 2630 Λόγον
2417 2576 2727 2616 sermonem
2758 2572 3020 2616 teteruum
3042 2563 3200 2617 dixit.
3231 2582 3250 2614 ι
3272 2562 3478 2635 Nempe

1896 2653 2164 2708 eatholice
2198 2670 2212 2707 :
2244 2663 2466 2709 secutus
2501 2666 2583 2709 est
2607 2653 2955 2724 Apostolum,
2989 2655 3247 2712 Ecclesiae
3282 2673 3474 2714 vocem

1895 2747 2085 2814 edidit,
2109 2755 2165 2802 et
2205 2747 2471 2803 adversus
2511 2745 2777 2801 Ehionem
2805 2749 3111 2818 usurpavit.
3134 2747 3191 2803 Si
3228 2746 3474 2803 Valenti-

1895 2856 2002 2895 nus
2053 2849 2318 2895 aaternum
2365 2854 2488 2895 esse
2529 2855 2638 2893 non
2684 2839 2936 2905 credidit,
2969 2850 3092 2894 ante
3129 2857 3255 2895 eum
3300 2841 3475 2898 Ebion

1894 2939 2158 2988 aeternum
2205 2946 2330 2986 esse
2373 2931 2610 3002 negavit.
2643 2930 2919 2998 Quorsum
2955 2932 3118 3001 igitur
3153 2930 3474 2988 Valentinus

1895 3026 2004 3082 huc
2056 3026 2374 3091 advocatur,
2418 3040 2546 3080 cum
2575 3025 2645 3081 ad
2687 3041 2910 3080 manum
2943 3027 3014 3080 sit
3053 3023 3248 3092 Ebion,
3282 3035 3476 3084 contra

205 3111 398 3175 utitur,
451 3124 643 3168 contra
696 3131 836 3185 quos
892 3134 960 3172 ex
995 3119 1247 3188 professo
1299 3121 1588 3191 disputans
1627 3123 1787 3181 docet
1813 3149 1859 3211 ο
1895 3135 2056 3193 quem
2095 3128 2287 3176 auctor
2324 3119 2570 3190 epistolae
2599 3135 2668 3174 ex
2698 3118 2948 3190 professo
2969 3119 3252 3187 disputat?
3281 3118 3472 3188 Sexto,

201 3205 504 3273 prophetas
537 3209 834 3264 secundum
851 3209 1131 3266 Christum
1158 3213 1380 3281 vixisse,
1415 3225 1468 3271 et
1506 3216 1629 3272 ideo
1657 3233 1780 3287 per-

200 3297 548 3352 secutionem
599 3315 793 3369 passos
837 3318 982 3367 esse,
1029 3305 1160 3359 dum
1215 3306 1339 3375 ejus
1373 3309 1551 3378 gratia
1584 3310 1780 3367 imbuti

197 3398 404 3456 essent,
445 3400 502 3444 ut
560 3406 752 3448 omnes
807 3406 1174 3465 agnoscerent
1213 3417 1232 3450 ‹
1269 3400 1417 3468 quod
1453 3416 1596 3458 unus
1635 3401 1780 3459 Deus

194 3491 280 3537 est
307 3484 408 3554 qui
449 3484 822 3541 manifestavit
850 3489 1090 3558 seipsum
1125 3505 1225 3560 per
1267 3490 1456 3547 Jesum
1498 3492 1778 3550 Christum

195 3571 399 3630 Filium
437 3565 632 3645 ipsius.
666 3595 685 3630 ι
738 3572 1012 3648 Secundo,
1059 3600 1078 3633 ι
1117 3582 1270 3638 addit
1302 3600 1472 3639 unum
1513 3583 1710 3652 Deum,
1753 3605 1773 3657 η

198 3667 407 3737 inquit,
449 3668 692 3739 seipsum
757 3672 1138 3730 manifestasse
1183 3691 1281 3744 per
1323 3675 1531 3734 Jesum.
1556 3678 1638 3732 An
1675 3679 1780 3734 hoc

198 3756 384 3812 dicere
438 3772 547 3811 non
606 3759 788 3827 potuit
837 3760 942 3816 nisi
985 3762 1055 3817 de
1111 3760 1402 3819 Valentino
1457 3764 1782 3834 cogitasset?

196 3845 462 3913 Quaenam
486 3850 634 3905 ratio
661 3853 810 3923 cogit
833 3853 922 3908 hic
948 3869 1050 3910 nos
1084 3856 1151 3909 ad
1183 3856 1332 3912 illius
1367 3857 1559 3912 deliria
1585 3856 1782 3913 confu-

195 3940 354 4008 gere?
401 3939 600 3998 Nonne
647 3943 763 3999 haec
809 3946 942 4001 satis
975 3949 1264 4017 perspicua
1292 3959 1424 4005 sunt
1451 3959 1506 4006 et
1533 3951 1780 4007 adEbio-

196 4048 342 4089 natos
373 4033 748 4092 confutandos
783 4036 998 4103 idonea,
1033 4039 1082 4093 si
1129 4039 1450 4097 Valentinus
1497 4058 1778 4113 nunquam

197 4127 535 4182 exstitisset?
580 4126 771 4184 Nonne
816 4145 912 4199 per
965 4146 1026 4186 se
1064 4133 1196 4188 satis
1247 4144 1394 4188 recte
1431 4135 1579 4190 dicta
1629 4148 1779 4204 sunt,

196 4213 320 4271 licet
374 4216 594 4270 nullum
661 4220 887 4275 omnino
954 4221 1269 4278 bareticum
1322 4225 1782 4296 perstringerent?

197 4304 676 4372 Quemadmodum
733 4308 986 4367 Clemens
1053 4312 1461 4371 Alexandrinus
1514 4315 1778 4372 Admoni-

196 4401 330 4454 tioue
359 4401 436 4453 ad
467 4413 643 4471 gentes
672 4404 888 4460 locutus
917 4415 1002 4461 est
1026 4405 1094 4462 de
1122 4407 1342 4463 Christo
1354 4406 1502 4478 Logo
1536 4427 1551 4464 :
1589 4409 1782 4474 Ἀϊδιος

1891 3232 1912 3267 ι
1951 3213 2018 3269 de
2043 3227 2172 3267 vero
2196 3211 2290 3266 Dei
2313 3211 2472 3283 Λόγῳ
2497 3220 2775 3282 postremo
2808 3211 3030 3280 subjicit
3048 3211 3147 3264 οὐκ
3173 3211 3282 3265 ἀπὸ
3305 3213 3472 3283 Σιγῆς

1889 3305 2194 3378 προελθεῖν.
2231 3322 2249 3356 ι
2294 3303 2478 3370 Recte,
2509 3305 2590 3360 sic
2631 3304 2778 3359 enim
2819 3304 3093 3374 exegetice
3129 3304 3282 3372 dicit,
3322 3305 3472 3375 quod

1882 3406 2008 3452 ante
2033 3397 2264 3461 dixerat,
2317 3412 2442 3451 cum
2478 3412 2605 3452 eum
2629 3396 2802 3465 Λόγον
2832 3396 3000 3450 ἀΐδιον
3041 3398 3468 3466 pronuntiasset.

1881 3487 1959 3544 lta
2006 3489 2324 3559 Apostolum
2353 3489 2607 3559 explicat,
2651 3487 2918 3544 Ebionem
2969 3488 3196 3558 refutat,
3249 3489 3466 3561 Magne-

1882 3583 2068 3639 siauos
2094 3581 2418 3654 praemunit;
2449 3597 2514 3637 ac
2543 3581 2590 3637 si
2622 3580 2830 3636 diceret
2872 3598 2887 3636 :
2923 3580 3161 3636 Verbum
3190 3581 3295 3637 hoc
3322 3581 3470 3652 quod

1879 3676 1948 3732 de
1993 3676 2210 3732 Christo
2252 3674 2474 3740 dicitur,
2505 3682 2770 3729 aeternum
2817 3681 2934 3742 est,
2977 3690 3087 3730 non
3148 3675 3466 3745 temporale,

1883 3768 2046 3838 quale
2067 3783 2136 3824 ex
2159 3767 2379 3823 silentio
2400 3767 2536 3822 oriri
2566 3767 2726 3833 solet,
2761 3781 2863 3822 nec
2900 3767 3006 3822 nisi
3035 3775 3160 3836 post
3185 3767 3468 3826 silentium

1882 3859 2126 3930 prodire;
2149 3858 2297 3929 quod
2331 3856 2594 3912 adversus
2620 3854 2886 3912 Ebionem
2919 3856 3150 3927 ejusque
3197 3871 3465 3926 sequaces

1880 3965 2093 4021 semper
2123 3949 2425 4020 urgendum
2459 3957 2571 4014 est;
2599 3963 2708 4002 non
2741 3963 2806 4003 ac
2844 3949 2892 4004 si
2930 3949 3138 4004 diceret
3174 3967 3189 4003 :
3230 3966 3249 4000 ε
3285 3949 3462 4018 Λόγον

1880 4045 2028 4100 hunc
2085 4045 2224 4099 nihil
2276 4043 2479 4098 habere
2530 4058 2656 4098 cum
2710 4040 3090 4098 Valentiniano
3116 4043 3275 4115 Λόγῳ
3305 4059 3460 4098 com-

1880 4153 2068 4203 mune,
2091 4153 2257 4208 quem
2286 4137 2553 4207 impostor
2569 4151 2598 4190 a
2615 4134 2739 4205 Sige
2763 4135 2914 4189 exire
2945 4135 3202 4206 tingebat.
3229 4154 3248 4188 ι
3274 4134 3464 4206 Neque

1879 4231 2028 4287 enim
2070 4232 2160 4286 hic
2189 4230 2257 4286 de
2291 4229 2574 4285 Valentino
2618 4231 2821 4300 agitur,
2864 4229 2959 4285 sed
2990 4231 3057 4285 de
3085 4229 3321 4296 Ehione;
3359 4231 3461 4284 im-

1879 4332 2110 4393 portune
2143 4323 2309 4393 igitur
2344 4322 2435 4378 ille
2478 4323 2584 4378 hoc
2616 4322 2740 4377 loco
2769 4322 3068 4378 advocatur
3101 4339 3116 4376 :
3151 4335 3328 4392 neque
3356 4321 3459 4374 im-

1880 4425 2068 4485 postor
2095 4415 2185 4472 ille
2212 4431 2452 4485 unquam
2471 4415 2610 4470 dixit
2629 4415 2800 4484 Λόγον
2824 4430 2856 4470 a
2875 4413 3002 4485 Sige
3023 4413 3284 4470 emissum
3315 4428 3459 4484 esse,

192 4487 364 4556 οὗτος,
407 4494 619 4563 Ἰησοῦς
649 4491 751 4561 εἷς,
785 4500 813 4551 ὁ
848 4498 1021 4570 μέγας
1060 4501 1349 4573 ἀρχιερεὺς
1376 4501 1512 4556 Θεοῦ
1569 4521 1631 4556 τε
1662 4503 1780 4568 ἑνὸς

1888 4509 1980 4564 sed
2019 4523 2089 4564 ex
2134 4507 2453 4579 Monogene,
2503 4509 2663 4580 Bythi
2713 4517 2768 4564 et
2817 4506 2971 4578 Sigcs
3007 4507 3118 4561 tilio
3153 4507 3454 4577 unigenito.

191 4583 281 4636 τοῦ
323 4585 498 4639 αὐτοῦ
531 4589 627 4640 καὶ
657 4589 890 4661 Πατρός,
920 4592 1120 4661 quibus
1155 4595 1337 4650 verbis
1374 4596 1546 4664 ipsam
1578 4594 1771 4666 lgnatii

190 4678 478 4746 epiStolam
515 4679 570 4732 in
601 4681 786 4735 animo
816 4685 1022 4739 habens
1041 4701 1185 4741 ausus
1213 4701 1335 4742 esse
1356 4687 1771 4744 videatur?N0n

190 4778 318 4836 puto
347 4769 536 4824 virum
583 4770 964 4829 doctissimum
993 4775 1046 4829 id
1076 4777 1234 4840 velle,
1261 4785 1321 4832 ut
1345 4779 1500 4833 aliter
1529 4779 1646 4835 haec
1684 4781 1771 4834 in-

189 4861 353 4932 telligi
387 4877 499 4916 non
533 4863 768 4931 possint,
803 4864 910 4919 nisi
935 4874 996 4920 ut
1017 4865 1364 4922 Valentinum
1386 4867 1589 4925 feriant
1619 4886 1634 4924 :
1665 4869 1770 4926 hoc

189 4962 426 5020 tantum,
497 4955 716 5023 opinor,
763 4957 899 5025 vult,
956 4960 1073 5014 haec
1126 4961 1294 5016 verba
1339 4979 1359 5013 ι
1413 4977 1606 5018 omnes
1648 4963 1770 5034 ejus

186 5061 359 5118 nugas
414 5047 692 5117 disjicere.
733 5067 750 5101 ι
786 5047 895 5105 Sed
953 5052 1080 5122 quis
1125 5053 1172 5108 ei
1209 5053 1295 5107 vel
1328 5053 1437 5108 hoc
1472 5054 1769 5110 concedet?

186 5136 262 5193 An
294 5140 393 5209 qui
425 5139 564 5196 dicit
589 5139 762 5196 Deum
798 5158 969 5198 unum
1021 5160 1081 5200 se
1129 5160 1226 5214 per
1274 5144 1553 5201 Christum
1583 5147 1766 5201 mani-

188 5229 419 5290 festasse
449 5235 586 5292 satis
613 5238 800 5293 omnia
834 5237 1106 5295 Valentini
1142 5241 1396 5312 dogmata
1429 5241 1768 5297 confutavit?

186 5319 374 5381 Nonne
437 5326 580 5382 idem
631 5331 818 5399 potius
866 5331 1000 5386 dicit
1040 5331 1188 5402 quod
1232 5332 1370 5388 dixit
1416 5332 1761 5399 Valentinus,

187 5418 271 5486 qui
304 5419 434 5474 ideo
461 5419 727 5476 emissum
753 5421 1032 5478 Christum
1063 5423 1269 5491 docuit,
1301 5434 1361 5479 ut
1391 5425 1766 5481 innominabi-

188 5507 284 5564 lem
325 5520 384 5566 et
427 5513 1040 5583 incomprehensibilem
1083 5515 1324 5583 Patrem,
1376 5532 1542 5588 quem
1589 5533 1762 5574 unum

191 5597 350 5656 Deum
375 5601 663 5673 professus
683 5613 788 5671 est,
805 5607 1142 5662 declararet?
1159 5607 1362 5676 Tertio,
1383 5611 1542 5664 docet
1568 5617 1763 5666 auctor

189 5689 364 5749 Iesum
412 5695 694 5752 Christum
739 5714 860 5754 esse
886 5698 976 5754 Dei
1007 5700 1154 5756 illius
1177 5703 1272 5770 qui
1300 5716 1359 5756 se
1390 5700 1763 5757 manifestavit

190 5781 400 5842 Filium.
457 5786 672 5860 Ergone
718 5790 1066 5850 Valentinum
1121 5794 1430 5851 necessario
1486 5795 1759 5870 respexit?

1874 4599 2108 4656 Dallaaus
2133 4600 2249 4670 ipse
2280 4601 2609 4658 sententiam
2643 4600 2768 4671 ejus
2798 4615 2865 4656 ex
2907 4601 3113 4654 Irenaeo
3143 4598 3454 4662 deliueavit,

1871 4693 2224 4762 reliquosque
2261 4707 2388 4746 eum
2433 4692 2588 4762 sequi
2627 4691 2706 4746 ait
2739 4708 2754 4746 :
2799 4691 2948 4745 nulla
2986 4690 3058 4745 ibi
3101 4689 3235 4761 Logi
3267 4706 3298 4744 e
3330 4689 3458 4758 Sige

1871 4785 2291 4856 progeneratio;
2321 4785 2469 4839 nulla
2502 4785 2686 4855 itaque
2719 4784 2810 4840 hic
2837 4785 2906 4839 ad
2930 4783 3277 4838 Valentinum
3308 4783 3452 4836 allu-e

1873 4875 1974 4930 sio.
2016 4873 2084 4929 Et
2116 4890 2209 4930 sex
2243 4884 2562 4945 argumenta
2597 4891 2666 4930 ex
2701 4891 2810 4929 una
2841 4875 3108 4930 sententia
3139 4877 3278 4930 mire
3321 4890 3454 4930 con-

1870 4963 1997 5020 flata
2025 4980 2094 5020 ne
2131 4966 2295 5021 unius
2325 4965 2543 5035 quidem
2574 4965 2685 5020 vim
2716 4966 2940 5020 habent.

1938 5057 2121 5124 Quare
2174 5058 2280 5113 hoc
2314 5057 2434 5113 loco
2473 5058 2609 5113 satis
2635 5057 2748 5128 jam
2797 5065 2990 5112 vexato
3025 5065 3188 5127 atque
3216 5057 3447 5120 detorto,

1864 5163 1930 5204 ea
1959 5149 2173 5203 tandem
2204 5148 2419 5216 recolit,
2447 5164 2570 5218 qua:
2594 5149 2842 5218 proxima
2858 5149 3021 5218 paulo
3047 5157 3171 5202 ante
3191 5145 3448 5216 periocha

1864 5241 1932 5296 de
1959 5240 2177 5295 Christo
2208 5249 2399 5296 auctor
2427 5241 2666 5310 epistolae
2706 5241 2922 5294 dixerat
2955 5281 2970 5306 ,
3003 5247 3061 5292 ut
3098 5253 3164 5293 eo
3195 5238 3316 5294 loco
3339 5239 3450 5292 lue-

1865 5333 2033 5389 resim
2066 5331 2344 5388 Valentini
2375 5333 2667 5390 refutatam
2704 5334 2966 5398 inveniat,
2992 5335 3045 5388 in
3073 5348 3182 5403 quo
3207 5331 3449 5404 Ignatius

1863 5424 1932 5479 de
1974 5425 2121 5482 nulla
2164 5425 2362 5482 haeresi
2387 5426 2651 5496 disputat,
2685 5426 2780 5481 sed
2822 5434 3032 5480 tantum
3063 5423 3446 5495 Magnesiauos

1862 5527 2069 5583 monet,
2126 5526 2189 5573 ut
2243 5534 2275 5574 a
2333 5520 2633 5575 schismate
2689 5527 2940 5582 caveant,
2974 5525 3030 5572 et
3075 5515 3446 5572 Christianam

1865 5610 2154 5666 veritatem
2202 5618 2353 5667 arcte
2408 5611 2808 5682 amplexentur,
2853 5623 3017 5681 quam
3074 5609 3441 5680 particulatim

1861 5701 2115 5773 explicat,
2155 5702 2281 5758 dein
2329 5713 2652 5775 argumento
2697 5705 2765 5759 ab
2793 5703 3005 5760 unitate
3036 5702 3130 5759 Dei
3159 5712 3216 5759 et
3238 5699 3442 5756 Christi

1861 5795 2024 5860 ducto
2064 5807 2291 5858 exornat
2325 5815 2338 5852 :
2373 5797 2517 5876 quod
2552 5806 2606 5853 et
2639 5813 2735 5869 per
2764 5812 2822 5854 se
2863 5798 2997 5854 satis
3027 5797 3305 5874 proprium
3335 5808 3436 5864 est.
