3848 6204
357 383 466 440 315

1342 377 1399 433 S.
1432 375 1780 434 lCNATlUS.
1816 409 1884 419 —
1923 377 2453 437 PIlOLEGOMENA.

3473 334 3614 441 .310

358 509 416 557 et
435 495 823 554 vetustissimis
846 494 1207 566 scriptoribus
1231 492 1519 550 familiare.
1537 493 1618 550 lta
1639 494 1937 551 Clementis
1964 501 2012 558 Α
2029 488 2252 556 dicitur,
2277 500 2332 546 et
2361 491 2576 547 initium
2601 493 2866 562 omnium,
2892 501 2949 550 et
2973 496 3189 567 proprie
3211 496 3610 569 Monogenes.»

361 585 714 640 Alexandrini
763 584 1138 638 Admonitione
1213 584 1283 637 ad
1353 591 1531 654 gentes
1586 593 1943 653 repmsentat
2030 579 2213 637 Prima
2267 591 2433 640 tetras
2487 600 2554 639 ex
2594 585 2728 655 ipsis
2765 586 3259 646 Valentinianorum
3297 590 3451 645 libris
3501 590 3607 646 de-

360 677 644 733 Christum
672 675 856 747 Logon
884 674 1312 730 innumerabiles
1334 675 1564 745 populos
1584 678 1652 730 ad
1675 676 1940 732 unitatem
2032 683 2249 744 sumpta
2283 675 2426 744 apud
2464 675 2828 747 Epiphanium
2866 679 2982 736 haec
3027 690 3145 747 est,
3184 681 3385 747 Βυθὸς,
3424 683 3560 753 Σιγή
3586 724 3604 749 ,

363 769 623 825 Ecclesiae
654 769 708 822 in
751 769 898 822 hunc
934 767 1158 822 modum
1197 779 1609 832 commeantem,
1639 768 1838 820 Ἥκετε
1863 767 1942 831 ὡς

2058 764 2244 838 ἰατὴρ,
2279 765 2548 836 ’Δλήθεια,
2579 769 2672 823 ubi
2698 784 2764 824 ex
2791 768 2948 826 Patre
2970 780 3026 826 et
3053 771 3289 828 Veritate
3313 784 3608 843 generatur

360 862 486 932 ἐμὲ,
520 860 610 931 ὑφ’
637 861 734 914 ἕνα
775 859 1170 930 ταχθησόμενοι
1201 858 1353 925 Θεὸν,
1388 860 1484 914 καὶ
1521 859 1614 913 τὸν
1643 859 1741 914 ἕνα
1770 859 1946 929 Λόγον

361 952 460 1006 τοῦ
509 951 664 1006 Θεοῦ.
697 952 774 1007 Ita
822 951 1110 1022 Pardagog.
1143 951 1240 1006 lib.
1288 967 1328 1020 ι,
1369 951 1634 1007 unitatem
1685 950 1944 1007 Ecclesia:

361 1044 594 1100 miriﬁce
626 1044 902 1114 depingit:
937 1039 1008 1096 Ὦ
1057 1043 1337 1114 θαύματος
1385 1042 1683 1115 possunt)!
1729 1039 1810 1107 εἷς
1844 1043 1943 1114 μὲν

360 1139 393 1192 ὁ
423 1136 532 1192 τῶν
561 1137 700 1191 ὅλων
734 1138 925 1208 Πατήρ
943 1153 958 1170 ·
993 1133 1074 1200 εἷς
1103 1136 1161 1190 δὲ
1194 1137 1290 1191 καὶ
1315 1137 1424 1190 τῶν
1451 1137 1586 1190 ὅλων
1617 1136 1787 1205 Λόγος
1802 1154 1816 1168 ·
1849 1135 1945 1190 καὶ

360 1227 426 1284 τὸ
469 1225 694 1298 Πνεῦμα
726 1227 787 1281 τὺ
818 1228 973 1297 ἅγιον
1012 1226 1072 1281 ἓν
1103 1229 1198 1282 καὶ
1227 1227 1288 1282 τὸ
1319 1226 1450 1282 αὐτὸ
1486 1226 1784 1298 πανταχοῦ.
1829 1227 1946 1282 Μία

361 1318 422 1372 δὲ
456 1317 592 1388 μόνη
624 1316 834 1385 γίνεται
894 1318 1078 1389 μήτηρ
1115 1317 1428 1390 Παρθένος·
1463 1315 1789 1389 Ἐκκλησίαν
1819 1314 1945 1388 ἐμοὶ

362 1410 518 1480 φίλον
575 1410 750 1482 αὐτὴν
805 1409 1012 1464 καλεῖν.
1067 1429 1086 1461 ε
1135 1408 1181 1464 Ο
1236 1409 1562 1465 miraculum
1612 1411 1939 1481 mysticum!

365 1501 522 1559 Unus
567 1502 788 1574 quidem
831 1502 1211 1558 universorum
1253 1501 1443 1564 Pater;
1477 1518 1646 1558 unum
1683 1513 1862 1558 autem
1891 1509 1946 1556 et

364 1596 749 1650 universorum
796 1595 1064 1662 Verbum;
1093 1606 1146 1650 et
1177 1592 1415 1664 Spiritus
1452 1603 1674 1650 sanctus
1705 1610 1850 1650 unus
1881 1609 1946 1649 ac

365 1686 510 1740 idem
535 1685 757 1756 ubique.
785 1683 904 1740 Una
933 1693 1118 1739 autem
1145 1683 1262 1739 sola
1289 1692 1376 1739 est
1404 1693 1578 1739 mater
1593 1689 1747 1752 virgo
1771 1703 1784 1738 :
1809 1683 1945 1738 mihi

363 1786 546 1833 autem
579 1777 758 1848 placet
803 1792 924 1832 eam
977 1793 1176 1832 vocare
1224 1776 1547 1833 Ecclesiam.
1582 1793 1602 1828 ι
1653 1775 1722 1830 Ει
1756 1785 1944 1846 gentes

364 1870 532 1924 etiam
588 1868 784 1923 invitat
833 1869 899 1923 ad
955 1869 1098 1926 hanc
1140 1870 1426 1931 unitatem,
1459 1876 1719 1937 tanquam
1751 1867 1946 1922 unitati
1976 1866 2020 1921 B

365 1963 570 2018 divinat
603 1960 942 2016 conformem
992 1971 1046 2016 et
1077 1961 1146 2016 ad
1182 1961 1328 2015 illam
1376 1959 1594 2015 tandem
1636 1959 1944 2030 perducen-

365 2066 476 2112 tem
507 2074 520 2110 :
549 2053 882 2126 Σπεύσωμεν
936 2056 1018 2118 εἰς
1070 2053 1196 2126 μίαν
1246 2054 1469 2126 ἀγάπην
1517 2053 1847 2126 συναχθῆναι
1895 2055 1946 2106 oi

365 2148 552 2202 πολλοὶ
585 2148 726 2215 κατὰ
755 2148 855 2220 τὴν
887 2147 986 2217 τῆς
1021 2147 1313 2219 μοναδικῆς
1344 2147 1533 2210 οὐσίας
1563 2148 1755 2202 ἕνωσιν
1777 2165 1791 2178 ·
1827 2147 1950 2200 ἀνα-

365 2241 540 2312 λόγως
589 2240 816 2313 ἑνότητα
868 2239 1154 2311 διώκωμεν
1202 2241 1303 2311 τὴν
1344 2239 1558 2311 ἀγαθὴν
1589 2238 1948 2311 ὲκζητοῦντες

371 2332 592 2404 μονάδα.
628 2332 690 2386 Ἦ
722 2319 780 2384 δὲ
813 2333 876 2384 ὲκ
910 2330 1120 2386 πολλῶν
1153 2331 1346 2394 ἒνωσις
1380 2333 1444 2384 ὲκ
1477 2331 1820 2401 πολυφωνίας
1853 2331 1949 2384 καὶ

365 2425 669 2496 διασπορᾶς
701 2424 965 2496 ἁρμονίαν
988 2422 1228 2477 λαϐοῦσα
1247 2422 1432 2495 Θεϊκὴν
1467 2423 1564 2494 μία
1581 2423 1789 2492 γίνεται
1813 2440 1950 2494 συμο

367 2517 659 2586 φωνία,ὲνὶ
689 2518 921 2588 χορευτῇ
957 2516 1051 2568 καὶ
1081 2514 1386 2584 διδασκάλῳ
1409 2514 1490 2584 τῷ
1509 2513 1666 2585 Λόγῳ
1686 2514 1946 2586 ἑπομένη,

366 2611 453 2663 ἐπ’
472 2608 642 2680 αὐτὴν
661 2608 761 2680 τὴν
789 2607 1044 2678 ἀλήθειαν
1066 2606 1475 2677 ἀναπαυομένη,
1503 2604 1669 2660 Ἀϐσᾶ
1696 2605 1946 2674 λέγουσα,

369 2703 400 2755 ὀ
455 2703 664 2774 Πατήρ.
707 2720 725 2753 ‹
785 2701 1130 2757 chtinemus
1182 2709 1243 2756 ut
1295 2701 1352 2756 in
1395 2716 1560 2755 unam
1604 2699 1947 2756 dilectionem

369 2795 531 2850 multi
564 2809 843 2865 cogamur,
874 2794 1173 2850 secundum
1197 2795 1498 2850 monadicaa
1523 2793 1951 2850 essentiazunio-

366 2903 528 2955 nem;
575 2887 858 2955 analogiee
907 2887 1167 2941 unionem
1218 2902 1615 2957 persequamur
1637 2887 1834 2942 bonam
1857 2902 1952 2941 ex-

369 2979 652 3049 quirentes
681 2979 964 3033 unitatem.
996 2977 1130 3042 Quae
1164 2988 1250 3033 est
1286 2986 1467 3033 autem
1501 2993 1565 3032 ex
1603 2980 1791 3034 multis
1821 2978 1951 3033 unio

366 3090 436 3128 ex
489 3088 683 3129 vocum
731 3065 1168 3128 multitudine’et
1198 3074 1542 3142 dispersione
1579 3073 1821 3129 divinam
1854 3089 1950 3128 ca-

2043 859 2241 931 Logos.
2274 858 2454 914 Exivit
2483 860 2648 931 igitur
2664 858 2841 930 Logos
2871 860 3170 915 secundum
3202 859 3622 928 Valentiniano:

2043 968 2155 1009 non
2188 969 2220 1008 a
2253 951 2398 1024 Sige,
2429 953 2524 1008 sed
2560 969 2591 1006 a
2636 951 2818 1007 Patre.
2847 950 3027 1018 Quare
3064 953 3110 1006 si
3147 960 3338 1007 auctor
3369 953 3624 1022 epistola:

2045 1044 2172 1100 illos
2225 1045 2514 1100 haereticos
2547 1044 2602 1098 in
2644 1044 2831 1098 animo
2865 1043 3167 1111 habuisset,
3203 1059 3479 1114 nunquam
3512 1059 3622 1098 ne-

2045 1145 2229 1208 gasset
2253 1137 2400 1207 quod
2430 1136 2508 1191 illi
2541 1151 2651 1192 non
2677 1135 3044 1204 aliirmarunt;
3080 1152 3358 1207 nunquam
3386 1137 3624 1193 dixisset

2044 1227 2192 1299 quod
2223 1228 2301 1282 illi
2329 1228 2605 1284 dixerunt.

2121 1320 2228 1377 Sed
2263 1322 2310 1378 si
2339 1320 2689 1377 Valentinum
2717 1335 2826 1376 non
2855 1317 3038 1386 feriat,
3062 1333 3186 1374 eum
3223 1318 3372 1374 exire
3397 1333 3429 1373 a
3454 1317 3626 1373 Patre

2047 1414 2260 1482 scribit,
2289 1414 2355 1470 ad
2397 1430 2523 1470 eum
2563 1422 2713 1471 certe
2747 1412 3023 1479 collineat,
3054 1412 3197 1482 quod
3229 1428 3294 1466 ex
3322 1427 3432 1466 uno
3457 1411 3626 1466 Patre

2045 1507 2198 1562 exire
2236 1507 2404 1562 dicat.
2437 1506 2660 1562 Minime
2699 1521 2861 1572 vero;
2893 1519 3003 1559 non
3028 1504 3173 1558 enim
3211 1503 3396 1558 docuit
3418 1502 3626 1557 Valen-

2048 1597 2198 1654 tinus
2249 1598 2434 1670 Logon
2483 1614 2550 1655 ex
2595 1599 2845 1670 pluribus
2891 1596 3141 1670 patribus
3191 1597 3408 1652 exiisse.
3455 1614 3474 1648 ι
3524 1598 3622 1663 At,

2049 1694 2252 1765 inquit,
2283 1708 2392 1749 non
2427 1693 2566 1747 dixit
2592 1693 2662 1747 ab
2691 1707 2802 1748 uno
2845 1702 3001 1764 patre
3036 1691 3144 1759 Nu,
3179 1691 3271 1747 sed
3300 1699 3353 1745 et
3387 1706 3414 1744 a
3442 1699 3628 1746 matre

2048 1788 2315 1844 Aletheia.
2357 1804 2378 1839 ι
2419 1785 2748 1842 Praeclarum
2785 1785 3066 1841 enimvero
3094 1783 3508 1854 argumentum!
3533 1781 3624 1835 An

2048 1895 2115 1936 eo
2146 1880 2329 1935 minus
2373 1887 2494 1934 erat
2535 1893 2604 1932 ex
2640 1893 2752 1934 uno
2790 1877 2971 1943 Patre,
2997 1879 3144 1948 quod
3176 1885 3321 1930 esset
3347 1875 3510 1928 etiam
3551 1889 3633 1927 ex-

2046 1974 2254 2031 matre?
2276 1973 2350 2029 De
2377 1971 2692 2043 posteritate
2715 1969 3014 2025 Abrahami
3037 1969 3329 2038 Apostolus
3361 1965 3526 2020 llebr.
3543 1981 3625 2030 XI,

2047 2067 2116 2121 12
2153 2083 2170 2121 :
2200 2065 2297 2118 Διὸ
2319 2063 2420 2133 ἀφ’
2461 2060 2601 2127 ἐνὸς
2636 2059 3032 2130 ἐγενήθησαν,
3060 2057 3284 2126 Propter
3299 2054 3435 2125 quod
3464 2064 3514 2106 et
3556 2053 3628 2106 ab

2047 2177 2153 2216 uno
2179 2160 2284 2214 orti
2321 2166 2465 2212 sunt.
2504 2153 2624 2210 Non
2657 2155 2822 2225 igitur
2847 2152 3155 2207 habuerunt
3179 2161 3405 2204 matrem
3433 2150 3529 2218 qui
3555 2148 3630 2202 ab

2047 2253 2359 2308 Abrahamo
2383 2247 2821 2306 descenderant?
2845 2255 2942 2300 aut
2970 2245 3101 2316 quia
3127 2245 3192 2298 ab
3219 2259 3321 2296 una
3346 2243 3450 2295 orti
3474 2252 3625 2305 sunt,

2049 2359 2210 2400 avum
2262 2353 2358 2398 aut
2385 2342 2564 2396 aviam
2588 2341 2793 2395 habere
2829 2353 2940 2393 non
2969 2335 3295 2408 potuerunt?
3323 2333 3628 2388 Nazianze-

2050 2452 2157 2493 nus
2185 2443 2326 2490 orat.
2356 2434 2382 2486 1
2424 2433 2496 2487 De
2528 2431 2769 2485 Adamo:
2795 2430 2982 2483 Πάντα
3015 2429 3156 2499 ὑπὲρ
3180 2427 3397 2480 πάντων
3428 2427 3511 2489 εἰς
3543 2426 3628 2490 ἓν,

2049 2530 2145 2584 καὶ
2175 2527 2318 2598 ὑπὲρ
2354 2524 2471 2588 ἑνὸς
2500 2523 2594 2578 τοῦ
2630 2523 2991 2596 προπάτορος.
3026 2519 3176 2585 Erat,
3229 2519 3436 2573 scilicet
3471 2519 3627 2572 Atia-

2051 2635 2196 2687 mus,
2245 2633 2386 2673 unus
2427 2617 2517 2670 ille
2545 2623 2805 2686 propator
2843 2611 3066 2668 humani
3097 2612 3332 2681 generis,
3367 2611 3631 2680 quamvis

2051 2711 2161 2767 Eva
2213 2712 2377 2765 etiam
2427 2707 2592 2762 fuerit
2640 2714 2814 2761 mater
2862 2705 3108 2760 omnium
3136 2703 3449 2756 viventium.
3484 2698 3641 2754 Tam

2053 2805 2210 2860 malis
2242 2804 2436 2859 avibus
2466 2801 2572 2856 hoc
2600 2801 2721 2855 loco
2759 2813 2895 2854 usus
2917 2797 3001 2850 vir
3023 2796 3371 2851 doctissimus
3395 2807 3634 2862 pregre-

2051 2897 2198 2952 ditur
2223 2905 2427 2961 tamen,
2458 2902 2513 2948 et
2537 2899 2816 2962 postrema
2847 2889 3012 2944 etiam
3044 2887 3204 2943 verba
3231 2884 3435 2958 [Jesum
3463 2883 3636 2938 Chri-

2053 2999 2195 3045 stum
2227 2989 2282 3042 in
2307 3001 2500 3052 unum,
2529 2983 2748 3039 Patrem
2808 2982 3039 3048 scilicet,
3063 2980 3325 3035 exsistere
3352 2986 3406 3031 et
3441 2991 3636 3031 rever-

2053 3098 2174 3138 sum
2225 3079 2372 3152 esse]
2428 3097 2447 3131 ι
2483 3092 2592 3132 non
2625 3076 2735 3130 alio
2778 3088 2942 3145 quam
2975 3074 3030 3127 in
3067 3071 3316 3127 ﬁctitium
3346 3067 3628 3122 Valentini

370 3164 526 3234 Ρῖθηε
575 3161 918 3218 harmoniam
955 3179 1099 3219 unus
1138 3164 1199 3217 ίίῑ
1225 3172 1550 3230 concentus,
1580 3178 1752 3217 unum
1797 3163 1951 3218 εὶῑοτί
1986 3221 2023 3235 ,,
2056 3174 2338 3230 Christum
2369 3170 2640 3226 destinata
2666 3167 2874 3224 statuit.
2905 3184 2926 3219 ι
2952 3165 3022 3219 At
3041 3172 3316 3235 postrema
3343 3161 3634 3217 sententiae

369 3258 563 3312 ducem
617 3271 850 3327 sequens
895 3265 950 3312 et
995 3256 1317 3326 magistrum
1350 3253 1609 3322 Verbum,
1638 3256 1690 3310 in
1718 3256 1832 3327 ipsa
1859 3271 1955 3310 ae-

370 3350 660 3420 quiescens
721 3350 977 3417 veritate,
1027 3349 1218 3405 dicens
1268 3349 1468 3404 :Abba
1522 3348 1704 3404 Pater.
1749 3368 1770 3402 ι
1828 3348 1955 3406 Haec

372 3440 539 3510 igitur
572 3441 640 3496 de
671 3457 782 3497 uno
819 3441 930 3496 Deo
965 3439 1149 3508 Patre,
1184 3449 1240 3496 et
1280 3456 1392 3496 uno
1429 3441 1649 3497 Christo
1673 3440 1822 3512 Logo
1849 3442 1954 3497 do-

371 3533 570 3600 ctrina,
608 3548 823 3603 semper
868 3533 1055 3590 hahita
1093 3543 1178 3589 est
1208 3548 1306 3603 per
1339 3549 1399 3588 se
1426 3533 1560 3589 satis
1594 3533 1661 3589 ad
1689 3535 1954 3588 unitatem

372 3626 803 3682 ecclesiasticam
846 3626 1196 3696 premendam
1252 3626 1467 3681 idonea.
1515 3624 1635 3680 Non
1677 3626 1834 3680 aliter
1866 3625 1958 3680 hic

374 3717 624 3787 lgnatius
675 3735 692 3772 :
731 3736 750 3770 ι
789 3715 1014 3785 Omnes,
1046 3717 1243 3788 inquit,
1265 3717 1318 3772 in
1344 3733 1511 3772 unum
1540 3717 1798 3787 templum
1825 3732 1959 3772 con-

373 3810 600 3875 currite,
637 3816 698 3863 ut
745 3810 800 3864 in
841 3825 1012 3863 unum
1055 3810 1250 3876 altare,
1286 3809 1341 3863 in
1368 3824 1537 3862 unum
1573 3806 1756 3862 Jesum
1799 3807 1962 3862 Chri-

375 3909 544 3967 stum,
570 3901 638 3955 ab
667 3915 778 3956 uno
809 3901 968 3956 Patre
989 3911 1300 3966 exeuntem,
1319 3912 1374 3956 et
1396 3901 1451 3954 in
1482 3915 1652 3954 unum
1687 3900 1959 3954 exsisten-

2055 3266 2220 3321 verba
2249 3263 2500 3320 eumdem
2531 3261 2650 3316 sine
2685 3259 2855 3314 dubio
2879 3265 3144 3328 spectant,
3175 3269 3338 3325 quem
3377 3251 3638 3322 ejusdem

2057 3357 2338 3414 sententiae
2365 3355 2583 3425 priora;
2615 3350 2866 3407 eumdem
2893 3356 3082 3404 auctor
3115 3345 3367 3415 intelligit
3403 3359 3434 3398 a
3463 3342 3636 3397 Patre

2055 3457 2343 3505 exeuntem
2391 3456 2448 3501 et
2500 3445 2566 3500 ad
2635 3442 2854 3498 Patrem
2909 3447 3295 3496 revertentem.
3344 3436 3654 3491 Prioribus.

2054 3541 2172 3597 vult
2217 3539 2455 3594 Dallaaus
2487 3535 2759 3591 Valentini
2803 3532 2990 3605 Logon
3033 3529 3205 3594 feriri,
3233 3527 3638 3600 posterioribus

2056 3633 2301 3705 ejusdem
2325 3632 2641 3696 Christum;
2673 3642 2799 3683 cum
2828 3627 2884 3682 in
2916 3623 3116 3680 Sehola
3143 3621 3417 3678 Valentini
3450 3618 3646 3690 Logos

2057 3738 2112 3783 et
2151 3726 2409 3782 Christus
2454 3724 2566 3780 sint
2612 3735 2843 3792 prorsus
2886 3727 2940 3774 et
2983 3717 3143 3789 plane
3189 3712 3455 3770 distincti.
3500 3711 3637 3766 Non

2059 3821 2224 3892 igitur
2255 3827 2572 3886 utrumque,
2604 3816 2715 3868 imo
2747 3821 3000 3868 neutrum
3026 3809 3170 3863 ferit.
3209 3805 3498 3876 Utcunque
3537 3805 3640 3871 sit,

2058 3913 2187 3968 ferri
2243 3926 2353 3965 non
2409 3916 2609 3980 potest,
2639 3916 2698 3960 ut
2755 3919 2858 3959 nos
2917 3902 2984 3956 ad
3032 3898 3308 3955 Valentini
3359 3897 3547 3968 Logon
3577 3909 3645 3952 et

375 4001 486 4048 tem
516 4001 572 4047 et
596 4002 976 4048 revertentem.
989 3992 1108 4048 illic
1133 3993 1320 4065 Logon
1348 3992 1623 4049 Valentini
1653 3991 1954 4061 respexisse

2058 4004 2341 4060 Christum
2371 4000 2604 4070 rejiciat,
2636 4007 2690 4053 et
2715 3995 2881 4053 simul
2903 3995 3019 4050 haec
3047 3993 3116 4048 ab
3149 4002 3370 4047 auctore
3389 3991 3658 4061 epistolas

383 4092 671 4140 auctorem
701 4085 814 4140 vult
844 4084 1111 4151 Dallzeus,
1135 4101 1260 4140 eum
1289 4095 1474 4140 tamen
1504 4085 1571 4140 de
1598 4083 1775 4139 Verbo
1822 4083 1960 4138 nihil
2055 4094 2214 4166 juxta
2269 4091 2329 4148 s,
2384 4089 2650 4146 Joannem
2701 4086 2905 4157 scripta
2945 4083 3280 4157 pronuntiet.
3311 4080 3454 4149 Quid
3482 4081 3644 4136 enim

381 4177 565 4244 ἀίεθις
601 4177 936 4250 coniungere
966 4178 1151 4250 itaque
1175 4194 1300 4234 cum
1341 4177 1567 4248 reliquis
1592 4176 1725 4233 satis
1758 4176 1829 4231 ab
1857 4176 1962 4231 hoc
2060 4201 2200 4255 opus
2229 4193 2314 4240 est
2335 4192 2396 4238 ut
2422 4181 2767 4237 Valentinum
2810 4177 3124 4248 respiceret,
3148 4173 3243 4246 qui
3276 4175 3345 4229 de
3379 4173 3437 4228 S.
3463 4170 3662 4227 Joan-.

377 4270 502 4327 loco
565 4270 858 4340 disjunctis
917 4279 972 4327 et
1030 4271 1086 4326 in
1130 4271 1239 4326 alio
1297 4278 1624 4342 argumento
1679 4267 1962 4338 occupatis
2061 4276 2150 4331 nis
2181 4282 2362 4330 mente
2401 4271 2757 4342 exprimenda
2786 4267 3082 4340 cogitavit?
3127 4266 3240 4321 Imo
3271 4263 3403 4336 quid
3431 4264 3537 4319 hoc
3564 4264 3650 4319 ad

387 4376 612 4419 coaetus
651 4371 756 4429 est,
785 4372 846 4418 ut
869 4363 1073 4434 aliquid
1104 4379 1170 4418 ex
1198 4372 1433 4434 utroque
1453 4362 1727 4432 exculpat.
1751 4377 1770 4411 ‹
1792 4357 1963 4429 Negat
2063 4365 2468 4440 generationem
2491 4363 2648 4434 Logi,
2675 4361 2824 4432 quod
2869 4361 2981 4431 agit
3004 4359 3073 4415 de
3113 4355 3489 4414 lucarnatione
3520 4355 3652 4412 sive

385 4456 539 4512 exire
564 4471 595 4511 a
626 4454 773 4527 Sige,
797 4456 930 4512 dicit
959 4456 1161 4512 exirea
1191 4454 1384 4510 Patre:
1415 4474 1435 4508 ι
1457 4469 1590 4526 ergo
1615 4452 1962 4510 Valentinum
2065 4459 2303 4514 adventu
2347 4457 2406 4512 in
2453 4455 2757 4511 mundum?
2779 4461 2840 4510 ut
2886 4451 3141 4524 superius
3169 4465 3297 4506 eum
3324 4449 3507 4504 locum
3537 4461 3659 4502 ex-.

388 4547 540 4606 ferit.
571 4545 696 4615 Quo
733 4548 874 4604 nihil
913 4548 1021 4604 dici
1076 4549 1256 4619 potuit
1295 4545 1587 4604 infelicius.
1618 4545 1676 4603 Si
1705 4547 1851 4602 enim
1881 4547 1961 4604 sic
1990 4559 2035 4616 ι)
2063 4549 2378 4624 ponendum
2413 4563 2537 4606 esse
2571 4547 2757 4604 docui.

379 4652 576 4698 auctor
633 4640 983 4696 Valentinum
1025 4641 1266 4712 respicit,
1321 4657 1430 4695 non
1477 4657 1604 4695 eum
1653 4641 1954 4712 impugnat,

380 4735 478 4791 sed
514 4735 798 4806 sequitur;
833 4749 946 4790 non
1000 4735 1122 4804 ejus
1160 4734 1352 4789 deliria
1399 4733 1691 4798 refutasse,
1719 4733 1813 4789 sed
1859 4749 1961 4803 po-

383 4829 494 4884 tius
525 4829 810 4898 amplexus
839 4843 964 4884 esse
990 4828 1262 4883 videatur.
1301 4825 1474 4896 Negat
1519 4827 1664 4882 enim
1693 4825 1838 4896 quod
1867 4839 1963 4879 ne-

381 4922 548 4994 gavit,
596 4922 730 4978 dicit
773 4923 920 4992 quod
968 4921 1108 4977 dixit
1152 4920 1495 4976 Valentinus.
1551 4918 1724 4990 Negat
1775 4929 1964 4974 auctor

378 5017 626 5085 epistolae
661 5016 833 5085 Λόγον
878 5016 1030 5072 exire
1071 5031 1103 5070 a
1137 5013 1264 5084 Sige
1295 5014 1450 5086 Bythi
1489 5013 1756 5085 conjuge?
1794 5009 1966 5084 Negat

380 5118 438 5164 et
491 5108 832 5173 Valentinus,
863 5110 957 5178 qui
1010 5120 1136 5162 eum
1188 5122 1393 5162 caecum
1452 5104 1630 5160 IEona
1697 5105 1962 5174 depinxit,

383 5203 564 5272 qualis
599 5218 668 5259 ex
717 5201 846 5273 Sige
899 5202 1058 5273 Bythi
1100 5200 1332 5272 conjuge
1359 5200 1510 5255 exire
1545 5213 1656 5253 non
1683 5197 1883 5269 potuit;
1913 5206 1967 5253 et

385 5310 509 5348 cum
538 5297 594 5349 in
624 5295 1118 5351 deminorationem
1146 5295 1383 5348 emissus
1411 5300 1576 5357 esset,
1602 5305 1726 5345 eum
1750 5306 1817 5344 ex
1846 5289 1969 5345 aliis

389 5382 683 5453 Eonibus,
710 5385 1015 5458 Mouegene
1052 5393 1107 5440 et
1149 5384 1392 5439 Aletheia
1422 5385 1732 5438 necessario
1759 5381 1967 5436 eduxit.

392 5474 535 5530 Dicit
586 5488 778 5533 auctor
823 5479 993 5548 Λόγον
1029 5477 1182 5533 exire
1216 5491 1247 5531 a
1289 5475 1484 5531 Patre?
1513 5473 1662 5529 Dixit
1685 5483 1740 5530 ct
1772 5474 1972 5528 Valen-

393 5565 670 5634 tinus;ex
713 5568 1016 5640 Monogene
1051 5571 1198 5625 enim
1244 5569 1510 5624 emissum
1556 5567 1743 5633 tradit,
1789 5564 1981 5620 Mono-

398 5669 564 5723 genes
629 5667 811 5713 autem
864 5658 1154 5715 Valentino
1190 5660 1411 5730 proprie
1439 5658 1600 5715 Pater
1625 5666 1729 5715 est.
1755 5658 1837 5710 ita
1863 5653 1974 5710 lre-

401 5760 574 5809 nacus,
602 5746 693 5801 τὸν
722 5749 779 5802 δὲ
811 5751 954 5805 Νοῦν
982 5751 1172 5805 τοῦτον
1198 5753 1291 5806 καὶ
1320 5750 1603 5821 Μονογενῆ
1627 5749 1852 5805 καλοῦσι
1880 5747 1975 5801 καὶ

402 5837 644 5910 Πατέρα.
700 5839 1068 5900 Tertullianus
1119 5845 1187 5899 de
1238 5842 1356 5898 Nu:
1395 5864 1414 5897 ε
1449 5843 1525 5899 ita
1573 5851 1626 5900 et
1662 5843 1778 5913 ipse
1817 5840 1975 5897 Pater

2133 4646 2312 4716 Atque
2341 4645 2456 4700 haec
2482 4642 2702 4716 quidem
2730 4639 2914 4695 omnia
2941 4645 3070 4695 sunt
3099 4652 3222 4708 quae
3252 4635 3336 4691 vir
3368 4633 3653 4690 doctissi-

2063 4754 2188 4795 mus
2215 4736 2398 4793 attulit
2429 4747 2491 4792 ut
2515 4733 2830 4792 ostenderet
2868 4740 3151 4787 auctorem
3187 4739 3474 4796 nostrum,
3505 4727 3657 4782 dum

2064 4831 2179 4885 haec
2199 4830 2483 4896 scriberet,
2514 4825 2868 4882 Valentinum
2891 4823 3119 4894 ejusque
3161 4821 3381 4876 fabulas
3416 4821 3472 4875 in
3507 4820 3654 4874 auia

2065 4936 2156 4977 mo
2182 4921 2476 4989 habuisse;
2503 4934 2739 4989 quorum
2772 4916 2908 4971 nihil
2935 4923 3021 4971 est
3043 4915 3190 4985 quod
3219 4927 3510 4969 assensum
3541 4927 3653 4967 co-

2065 5021 2177 5084 gat,
2212 5013 2298 5067 vel
2325 5011 2479 5081 ipso,
2502 5011 2716 5080 opinor,
2743 5007 2956 5079 judice;
2989 5015 3049 5061 ut
3082 5020 3184 5076 ego
3207 5015 3387 5058 autem
3425 5003 3651 5069 sentio,

2065 5103 2204 5159 nihil
2248 5102 2394 5174 quod
2423 5092 2756 5175 quemquam
2788 5099 2876 5154 vel
2907 5098 3098 5154 leviter
3128 5104 3379 5160 moveat,
3404 5096 3498 5164 qui
3530 5111 3657 5151 non

2066 5199 2256 5255 eodem
2288 5197 2456 5254 modo
2483 5196 2677 5268 lgnatii
2707 5194 2967 5266 epistolas
2999 5191 3211 5264 legerit,
3246 5204 3358 5260 quo
3391 5189 3658 5258 θοι-ἥρω·-

2067 5303 2160 5343 ras
2185 5287 2314 5341 olim
2348 5287 2560 5358 legebat
2577 5283 2926 5346 Valentinus,
2953 5291 3016 5336 ut
3043 5280 3250 5344 omnia,
3283 5278 3493 5333 scilicet
3515 5315 3534 5342 .
3579 5281 3660 5335 ad

2070 5394 2232 5434 suum
2265 5393 2488 5433 sensum
2519 5377 2736 5442 trahat,
2769 5383 2825 5429 et
2865 5373 2920 5428 in
2953 5372 3236 5443 proprium
3267 5370 3659 5426 characterem

2071 5479 2377 5526 convertat.
2407 5468 2566 5536 Quod
2604 5468 2651 5522 si
2700 5467 2788 5522 cui
2829 5467 3022 5520 liberet
3055 5463 3272 5526 facere,
3315 5475 3482 5530 quam
3523 5477 3665 5530 pro-

2072 5561 2211 5618 clive
2231 5568 2378 5616 esset
2412 5558 2742 5616 catholicum
2783 5554 3033 5626 quemvis
3059 5553 3274 5607 Patrem
3310 5551 3366 5605 in
3399 5547 3666 5604 Valenti-

2072 5654 2301 5709 nianum
2333 5651 2682 5708 convertere!
2712 5647 2959 5717 Exempli
2987 5645 3160 5716 gratia
3193 5657 3354 5699 sumo
3379 5642 3664 5698 suavissi-

2077 5762 2196 5802 mos
2224 5745 2434 5816 Synesii
2465 5744 2727 5814 hymnos;
2763 5739 2818 5794 in
2848 5737 3049 5809 quibus
3075 5737 3191 5790 haec
3234 5735 3354 5803 lego
3413 5738 3484 5784 et
3525 5733 3664 5800 qui~

2079 5839 2196 5894 dem
2216 5838 2281 5892 de
2303 5835 2480 5915 Logo‘:
2499 5833 2688 5903 Λόγος,
2707 5832 2766 5885 ὃν
2783 5827 3002 5904 μεγάλῳ
3025 5827 3199 5898 Ila-:91
3224 5841 3393 5895 συνυμ
3405 5823 3480 5875 »ὦ
3516 5824 3660 5886 Nlo;
