3848 6204
131 406 234 466 517

877 407 931 464 ι.
973 383 1340 463 pransum
1377 400 1704 460 vmntcns
1743 400 2167 458 lGNATlANjE.
2207 433 2279 444 -.
2306 377 2488 461 rans
2525 403 2594 461 ιι.

3303 400 3418 467 δη

135 523 380 595 ἀρρήτου
406 514 598 577 Τίκτει
629 538 689 576 σε
714 507 950 592 Πατρός.
985 511 1004 571 ε
1047 520 1308 585 Verbum,
1335 517 1484 588 quod
1528 529 1726 587 magno

1832 512 2101 582 Apostolo
2132 515 2459 573 inculcatam
2481 561 2496 586 ,
2541 527 2624 575 tot
2657 520 2925 577 encomiis
2958 536 2988 577 a
3026 520 3126 578 SS.
3155 522 3413 584 Patribus

133 615 273 668 Cum
297 605 465 670 Patre
486 629 648 680 cano,
664 613 818 669 Mens
843 612 1136 668 inell'abilis
1171 612 1358 683 Cignit
1388 619 1440 666 te
1464 610 1662 664 Patris.
1697 626 1716 660 ι

133 704 302 762 Vides
316 707 641 762 haecomnia
669 720 795 761 esse
819 721 886 760 ex
901 703 1178 760 Valentini
1209 704 1420 760 schola.
1449 700 1724 756 Habemus

131 798 356 856 Patrem
387 799 653 872 ἄρρητον,
674 797 822 852 Νοῦν
873 807 927 853 et
951 797 1125 866 Λόγον
1157 805 1268 852 tres
1293 795 1503 866 primos
1516 793 1726 848 Bonas

139 887 443 943 masculos.
484 886 804 943 Valentinus
839 886 956 955 ipse
1008 885 1081 938 ita
1118 883 1365 938 deﬁnivit
1399 882 1564 937 δυάδα
1600 881 1726 934 ἀνο-

136 979 443 1051 νόμαστον,
482 974 552 1051 ἧς
587 977 650 1031 τὸ
705 977 806 1048 μέν
839 993 894 1030 τι
941 974 1222 1029 καλεῖσθαι
1259 973 1530 1044 ἄρρητον,
1570 971 1632 1025 τὸ
1666 971 1726 1024 δὲ

135 1074 317 1145 σιγήν.
351 1073 631 1144 Ἀρῤητος
653 1072 839 1142 itaque
867 1073 1009 1128 idem
1031 1072 1128 1142 qui
1163 1071 1408 1143 Bythus,
1443 1087 1514 1126 ex
1549 1070 1726 1142 Bytho

133 1166 273 1235 Nus,
297 1183 370 1222 ex
397 1167 482 1222 Nu
522 1166 724 1239 Logus.
753 1165 934 1221 Purus
961 1175 1126 1236 putus
1156 1165 1346 1233 itaque
1386 1162 1728 1220 Valentinia-

133 1277 247 1316 nus
276 1259 386 1314 erit
422 1258 708 1331 Synesius.
731 1257 869 1313 Nam
893 1265 948 1312 et
975 1272 1100 1328 quae
1120 1263 1426 1327 sequuntur
1445 1271 1510 1310 ex
1535 1256 1726 1312 eadem

132 1351 354 1408 ollicina
386 1369 515 1408 esse
564 1352 818 1408 videntur
847 1371 864 1405 :
902 1352 1129 1424 Πρῶτος
1168 1348 1398 1423 πρώτας
1430 1349 1727 1422 Προθορὼν

127 1437 310 1510 ῥίζας,
349 1438 508 1504 Ῥίςα
539 1438 597 1491 δὲ
643 1437 863 1492 πάντων
891 1437 1012 1492 Τῶν
1045 1439 1186 1508 μετὰ
1224 1437 1442 1494 κλεινὰν
1469 1438 1582 1492 Τὰν
1625 1438 1728 1494 σὰν

125 1530 347 1600 γένναν.
380 1549 401 1582 ι
431 1529 654 1588 Primus
675 1549 744 1588 ex
767 1533 943 1604 prima
966 1529 1275 1603 Prognatus
1304 1531 1520 1598 radice;
1551 1529 1728 1587 Radix

125 1629 314 1675 autem
356 1623 638 1687 omnium,
688 1622 820 1690 Qua:
853 1622 1074 1678 condita
1113 1631 1245 1678 sunt
1288 1635 1412 1694 post
1463 1623 1726 1694 inclytum
1765 1617 1770 1622 ’

124 1711 314 1768 Tuum
337 1726 545 1771 ortum.
571 1735 590 1769 ι
617 1716 858 1772 Primam
883 1716 1028 1772 enim
1055 1717 1261 1772 tetrada
1278 1715 1436 1789 ῥίζαν
1458 1716 1568 1770 τῶν
1597 1716 1728 1770 πάν-

117 1822 230 1858 των
273 1809 649 1878 appellabant,
673 1819 728 1864 et
752 1808 958 1880 Legum
983 1825 1054 1864 ex
1092 1809 1184 1864 illa
1221 1811 1480 1865 eductum
1502 1808 1726 1880 Πατέρα

115 1894 347 1950 πάντων
365 1897 477 1951 τῶν
497 1899 613 1970 μετ’
631 1899 795 1953 αὑτὸν
816 1899 1113 1970 ἐσομένων.
1127 1900 1282 1970 Apud
1296 1901 1551 1957 eumdem
1570 1901 1721 1971 lego:

124 1987 359 2056 Μάκαρ,
397 1987 542 2050 ὅστις
578 1986 718 2057 μετὰ
752 1986 947 2058 μοίρας
978 1988 1206 2052 Ἐπιϐὰς
1239 1989 1382 2042 Νόου
1409 1989 1680 2046 κελεύθων
1703 2030 1720 2054 ,

125 2078 302 2132 Βυθὺν
325 2074 470 2132 εἶδεν
512 2079 814 2152 θεολαμπῆ.
848 2099 868 2132 ι
905 2080 1128 2148 Beatus,
1168 2082 1263 2153 qui
1313 2094 1437 2153 post
1485 2084 1592 2139 fata
1633 2083 1724 2139 ln-

127 2186 359 2242 gressus
394 2170 592 2226 Mentis
615 2173 756 2240 vias,
781 2173 1016 2245 ltythum
1041 2175 1180 2229 vidit
1220 2175 1406 2232 divina
1438 2177 1723 2248 refulgen-

126 2273 237 2318 tem
280 2265 430 2321 luce.
460 2285 480 2317 ι
500 2264 672 2322 .Vides
700 2276 759 2322 ut
781 2277 984 2324 statuat
1015 2285 1290 2325 summam
1324 2270 1721 2326 beatitudinem

127 2359 185 2414 in
219 2359 442 2416 visione
469 2359 658 2432 Bythi,
688 2376 864 2431 eaque
889 2361 1160 2432 patefacta
1184 2378 1282 2433 per
1306 2361 1451 2418 Nun.
1486 2361 1644 2428 Quod
1670 2371 1724 2418 et

129 2453 332 2507 iterum
354 2453 666 2523 exprimere
687 2453 742 2507 in
761 2453 909 2509 hunc
932 2455 1156 2509 modum
1179 2455 1394 2510 videtur
1425 2474 1436 2510 :
1461 2455 1723 2510 Ἐπιὸαλ-

127 2545 360 2616 λόμενος
390 2545 675 2618 Προσιδεῖν
706 2547 900 2616 αἴγλαν
929 2547 1233 2618 Ἀκάμαντι
1273 2547 1431 2619 Βυθῷ
1459 2549 1725 2620 Ἀμαρυσ-

130 2637 394 2708 σομέναν.
431 2657 448 2689 ι
482 2638 620 2692 Dum
667 2647 840 2694 tentat
882 2638 1086 2694 Intueri
1153 2639 1500 2710 splendorem
1556 2639 1716 2695 Inde-

131 2727 282 2786 fesso
310 2729 491 2802 Bytho
515 2729 857 2800 Fulgentem.
890 2750 910 2783 ι
945 2731 1114 2786 Deum
1140 2743 1288 2787 certe
1316 2729 1533 2786 Patrem
1563 2739 1724 2786 vocat

129 2821 486 2892 προπάτορα,
535 2830 592 2876 et
638 2821 960 2876 αἰωνοτόκον
984 2861 1000 2886 ,
1043 2831 1099 2877 et
1133 2821 1266 2893 θῆλυ
1306 2823 1402 2875 καὶ
1429 2822 1615 2894 ἄρρεν.
1641 2823 1725 2876 An

130 2912 238 2982 ipsi
272 2911 644 2968 Valentiniani
696 2914 854 2969 aliter
906 2915 1302 2984 loquerentur?
1332 2913 1534 2970 Eodem
1564 2930 1728 2984 argu-

130 3016 323 3061 mento
344 3003 568 3074 probari
612 3013 801 3074 posset
849 3003 1154 3060 Lucianum
1187 3006 1244 3060 in
1286 3006 1586 3076 Philopatri
1623 3004 1726 3061 Va-

129 3096 405 3152 lentinum
432 3097 839 3167 perstrinxisse,
866 3097 962 3151 ubi
981 3097 1196 3153 deridet
1221 3098 1524 3154 doctrinam
1543 3097 1726 3153 Trini-

1825 618 2118 678 ornatam;
2173 611 2328 665 οὐδὲν
2366 612 2476 685 γὰρ
2504 614 2730 687 εἰρήνης
2769 614 2884 669 ἴσον
2917 616 3012 672 καὶ
3050 621 3409 690 συμφωνίας,

1826 709 1890 754 ut
1912 699 2158 770 loquitur
2182 700 2628 772 Chrysostomus.
2657 703 2748 758 Sic
2783 705 2947 774 igitur
2973 705 3172 762 all'atur
3193 707 3417 779 Magne-

1827 793 1942 848 sios
1957 791 2218 866 lgnatius,
2237 796 2296 849 έν
2315 796 2537 867 ὁμονοίᾳ
2548 796 2683 850 Θεοῦ
2699 798 3025 863 σπουδάζετε
3043 801 3220 855 πάντα
3234 803 3414 874 πράσ-

1831 899 1968 949 σειν,
1993 884 2077 938 ιίη
2091 886 2383 941 concordia
2401 885 2491 942 Dei
2519 888 2731 943 studete
2746 891 2929 944 omnia
2949 893 3186 960 operari,
3201 913 3219 944 ι
3243 892 3411 963 μηδὲν

1827 973 1972 1028 ἔστω
2006 976 2067 1028 ὲν
2119 976 2248 1046 ὑμῖν
2277 977 2306 1030 ὃ
2333 978 2622 1049 δυνήσεται
2655 981 2798 1050 ὑμᾶς
2830 981 3070 1052 μερίσαι,
3108 1002 3127 1033 ι
3166 983 3304 1038 nihil
3339 985 3414 1039 sit

1827 1066 1886 1122 in
1916 1068 2074 1123 vobis
2097 1069 2243 1138 quod
2274 1070 2446 1140 possit
2475 1085 2570 1124 vos
2598 1071 2809 1141 partiri.
2843 1069 3122 1127 Uniamini
3151 1074 3411 1145 episcopo

1828 1169 1883 1216 et
1910 1161 2346 1231 praesidentibus.
2381 1161 2453 1218 Ut
2475 1161 2744 1220 Dominus
2771 1164 2889 1220 sine
2930 1161 3094 1221 Patre
3145 1166 3281 1220 nihil
3331 1165 3414 1222 fe-

1827 1252 1923 1319 cit,
1965 1272 1984 1306 ι
2015 1253 2292 1325 ἡνωμένος
2321 1253 2433 1320 ὢν,
2465 1273 2485 1306 ι
2523 1255 2709 1311 unitus
2745 1257 3035 1322 exsistens,
3089 1272 3266 1327 neque
3315 1273 3415 1328 per

1828 1346 2092 1415 seipsum,
2123 1362 2301 1417 neque
2329 1363 2426 1418 per
2447 1347 2764 1416 apostolos;
2809 1351 2889 1404 sic
2924 1365 3101 1420 neque
3142 1366 3242 1406 vos
3291 1352 3414 1406 sine

1827 1437 2088 1506 episcopo
2112 1446 2167 1492 et
2189 1438 2526 1508 presbyteris
2554 1439 2761 1510 aliquid
2793 1442 3120 1511 Operamini.
3153 1460 3173 1494 ι
3204 1441 3309 1506 Sit,
3332 1441 3418 1496 in-

1831 1529 1972 1598 quit,
2001 1529 2096 1582 ὲπὶ
2125 1530 2186 1584 τὸ
2207 1530 2341 1584 αὐτὸ
2379 1551 2396 1582 ι
2434 1547 2540 1586 una
2573 1533 2734 1599 ratio,
2760 1548 2865 1588 una
2891 1533 3222 1604 deprecatio,
3249 1549 3410 1590 mens

1829 1622 1978 1672 una,
2028 1627 2136 1666 una
2189 1629 2336 1684 spes.
2379 1635 2398 1668 ›
2435 1621 2720 1675 Rationem
2761 1623 2943 1676 statim
2985 1624 3161 1678 reddit
3209 1635 3263 1680 et
3296 1641 3421 1683 eam

1828 1700 2047 1773 quidem
2096 1707 2450 1775 apostolicam
2509 1729 2522 1765 :
2573 1708 2670 1777 Εἷς
2716 1714 2863 1767 ἐστιν
2908 1713 3116 1786 Ἰησοῦς
3147 1717 3419 1787 Χριστός,

1833 1812 1852 1845 ι
1885 1792 2041 1852 Unus
2069 1796 2230 1856 Jesus
2271 1801 2527 1860 Christus
2575 1815 2678 1873 est,
2717 1825 2736 1858 ι
2771 1823 2879 1878 quo
2911 1809 3106 1865 melius
3139 1811 3277 1865 nihil
3307 1821 3416 1867 est.

1754 1862 1794 1917 Β
1826 1883 1900 1941 Ut
1921 1886 1979 1943 S.
2007 1887 2207 1947 Paulus
2229 1891 2493 1962 Ephesios
2515 1899 2584 1930 ’θ’
2605 1862 2903 1957 cohortaris
2923 1909 2983 1955 ut
3005 1912 3222 1958 servent
3248 1922 3266 1954 ι
3300 1903 3421 1960 uni-

1823 1993 1990 2038 tatem
2019 1983 2246 2052 spiritus
2270 1984 2324 2036 in
2361 1983 2581 2039 vinculo
2607 1984 2778 2054 pacis,
2818 1983 3013 2040 Vocati
3053 1985 3188 2039 estis
3214 1983 3272 2038 in
3304 1999 3414 2038 una

1824 2094 1922 2148 spe
1951 2097 1966 2145 ;
1995 2091 2140 2132 unus
2190 2075 2493 2145 Dominus,
2526 2093 2636 2131 una
2673 2077 2828 2143 ﬁdes,
2883 2093 3052 2131 unum
3101 2077 3369 2146 baptisma
3392 2115 3409 2140 ,

1823 2188 1969 2228 unus
1983 2171 2146 2237 Deus,
2177 2181 2232 2226 et
2257 2169 2418 2226 Pater
2439 2171 2738 2236 omnium,r
2766 2169 3039 2241 πανταχοῦ
3053 2168 3300 2223 τὸέν-καὶ
3325 2163 3414 2236 εἷς

1823 2265 2087 2330 τέθεικεν,
2111 2266 2290 2336 inquit
2310 2265 2722 2332 Theodoretus,
2749 2267 2828 2328 εἰς
2861 2263 3178 2335 συμφωνίαν
3213 2262 3414 2317 συνάπ-

1824 2376 1934 2412 των
1963 2359 2063 2430 τὴν
2086 2357 2414 2429 Ἐκκλησίαν
2438 2375 2452 2411 ;
2472 2359 2546 2412 ita
2577 2358 2741 2412 etiam
2779 2366 2833 2412 et
2861 2355 3105 2427 lgnatius
3137 2355 3281 2410 idem
3323 2370 3415 2409 ar-

1825 2459 2145 2522 gumentum
2177 2453 2547 2521 prosequitur.
2586 2469 2605 2502 ι
2635 2449 2840 2505 Omnes
2864 2449 3030 2520 igitur
3061 2458 3121 2502 ut
3149 2447 3206 2501 in
3239 2461 3411 2502 unum

1826 2542 2086 2612 templum
2121 2543 2410 2598 convenite
2433 2542 2672 2613 (quibus
2707 2541 2891 2596 verbis
2923 2540 3256 2612 primitivam
3303 2537 3412 2595 Ec-

1827 2635 2006 2690 clesia:
2037 2634 2300 2690 unitatem
2331 2635 2387 2689 in
2423 2634 2644 2688 Actibus
2675 2632 3036 2704 apostolorum
3079 2631 3412 2701 descriptam

1828 2737 2221 2797 repraesentare
2247 2726 2507 2797 videtur),
2535 2725 2588 2780 in
2614 2741 2784 2781 unum
2815 2726 3008 2791 altare,
3036 2725 3090 2779 in
3119 2738 3289 2778 unum
3324 2721 3415 2778 Je-

1829 2836 1951 2876 sum
1982 2819 2295 2888 Christum,
2326 2840 2345 2873 »
2372 2835 2567 2891 quem,
2601 2819 2863 2889 quoniam
2894 2819 3089 2874 iterum
3114 2817 3410 2889 proponit,

1828 2913 1992 2968 latius
2019 2912 2405 2978 describit,-ab
2435 2929 2547 2968 uno
2574 2912 2736 2967 Patre
2759 2920 3048 2968 exeuntem
3081 2922 3134 2966 et
3158 2913 3212 2966 in
3241 2926 3412 2964 unum

1825 3004 2203 3070 exsistentem,
2236 3012 2290 3058 et
2320 3002 2800 3060 revertentem.»S.
2837 3003 3008 3057 Paulo
3060 3001 3118 3056 S.
3146 3000 3414 3057 Joannem

1829 3094 2168 3165 adiungens,
2198 3095 2344 3164 apud
2381 3109 2541 3165 quem
2569 3093 2826 3150 Christus
2869 3095 2986 3164 ipse
3023 3093 3101 3147 ait
3135 3111 3148 3147 :
3188 3091 3351 3148 Exivi
3381 3109 3417 3146 α

131 3191 282 3246 tatis.
336 3189 419 3244 Ita
472 3191 620 3244 enim
673 3189 911 3245 Critias:
939 3190 1052 3244 Οὐκ
1083 3187 1202 3244 οἴδα
1229 3191 1338 3262 γὰρ
1367 3192 1395 3245 ὃ
1423 3192 1600 3261 λέγεις
1622 3233 1637 3258 ,
1668 3193 1726 3247 ἓν

1832 3185 2016 3252 Patre,
2039 3196 2090 3241 et
2145 3189 2259 3241 veni
2302 3188 2360 3240 in
2393 3187 2531 3241 hunc
2585 3186 2880 3250 mundum;
2942 3186 3136 3238 iterum
3176 3183 3417 3254 relinquo

129 3286 280 3358 τρία,
309 3286 445 3357 τρία
470 3286 558 3341 ἓν·
591 3285 667 3357 μὴ
711 3286 812 3358 τὴν
853 3288 1158 3358 τετρακτὺν
1201 3289 1310 3358 φῇς
1348 3289 1449 3360 τὴν
1483 3289 1726 3358 Πυθαγό-

1832 3279 2109 3346 mundum,
2150 3287 2200 3333 et
2233 3280 2368 3334 vado
2400 3279 2471 3333 ad
2517 3278 2734 3333 Patrem
2761 3280 2824 3329 ³ο.
2852 3277 2936 3332 Ab
2989 3277 3198 3332 unitate
3247 3277 3415 3347 igitur

132 3397 252 3450 ρου,
311 3378 346 3448 ἢ
380 3378 482 3448 τὴν
517 3377 769 3446 ὀγδοάδα,
797 3378 894 3431 καὶ
945 3379 1232 3450 τριακάδα.
1286 3379 1386 3434 Cui
1438 3380 1726 3450 respondet

1832 3369 2033 3426 Christi
2056 3380 2110 3426 et
2131 3370 2226 3426 Dei
2248 3371 2426 3426 Patris
2453 3387 2578 3426 cum
2610 3370 2874 3441 Apostolo
2896 3376 3280 3440 argumentum
3309 3368 3417 3423 duo

131 3470 415 3541 Triephon
445 3487 460 3524 :
489 3469 625 3538 Σίγα
648 3469 718 3523 τὰ
741 3469 931 3541 νέρθεν
949 3511 963 3535 ,
990 3471 1085 3523 καὶ
1112 3470 1182 3524 τὰ
1228 3471 1386 3542 σιγῆς
1413 3469 1558 3537 ἄξια.
1593 3470 1726 3537 Quis

1832 3463 1909 3519 cit
1931 3464 2174 3533 lgnatius
2209 3463 2277 3518 ad
2311 3462 2805 3518 commendandam
2850 3461 3115 3514 unitatem
3147 3457 3416 3513 ecclesia-

131 3565 282 3618 enim
309 3563 493 3616 nescit
519 3560 808 3617 Tetradem
837 3570 892 3618 et
919 3559 1369 3630 Octonationem,
1404 3574 1458 3618 et
1495 3563 1724 3631 triginta
1831 3554 2046 3610 sticam.
2075 3551 2236 3620 Nam,
2281 3561 2344 3606 ut
2397 3552 2602 3621 optime
2636 3548 2947 3605 observavit
2990 3546 3048 3600 S.
3086 3544 3418 3616 Chrysosto-

134 3659 347 3716 Eones
379 3657 922 3724 Valentinianorum,
964 3655 1061 3726 qui
1089 3655 1256 3711 etiam
1278 3695 1294 3720 ,
1319 3663 1459 3711 teste
1489 3655 1726 3722 lrenaeo,

132 3749 435 3808 Tetradem
489 3747 719 3820 πρώτην
754 3747 849 3801 καὶ
900 3747 1199 3819 ἀρχέγονον
1228 3746 1611 3819 Πυθαγορικὴν
1642 3765 1732 3800 τε-

132 3840 380 3914 τρακτύν
421 3839 821 3898 nominabant?
865 3837 1006 3906 Quid
1048 3839 1196 3910 quod
1230 3838 1506 3910 Triephon
1548 3841 1731 3894 statim

132 3935 485 4008 respondens
531 3936 681 3991 dicat
708 3934 829 3990 hare
868 3933 1087 3989 silentio
1115 3947 1241 3989 esse
1274 3933 1439 4003 digna
1458 3973 1474 4000 ,
1501 3941 1563 3987 ut
1589 3948 1734 4003 saepe

135 4033 305 4088 etiam
336 4033 398 4088 in
423 4031 531 4087 hac
553 4046 612 4086 re
637 4029 833 4086 Patres
859 4028 1199 4098 loquuntur?
1221 4026 1462 4095 Scilicet,
1476 4028 1524 4084 si
1545 4027 1732 4096 verba,

137 4138 166 4177 a
193 4120 497 4179 Valentino
521 4120 828 4177 secundum
859 4119 1143 4190 proprium
1165 4117 1540 4174 characterem
1571 4132 1736 4173 usur-

139 4223 287 4285 pata,
315 4213 544 4286 quoties
567 4211 711 4283 apud
732 4210 874 4267 alios
903 4210 1204 4282 scriptores
1232 4210 1512 4280 leguntur,
1539 4211 1735 4266 eodem

141 4322 303 4365 sensu
345 4305 500 4378 apud
525 4319 622 4361 eos
660 4303 1025 4375 accipiantur;
1057 4316 1445 4374 quemcunque
1481 4300 1737 4357 volumus

139 4409 230 4455 aut
252 4400 508 4464 hostem,
541 4405 640 4452 aut
657 4397 898 4452 amicum
937 4394 1206 4451 Valentini
1232 4393 1526 4451 faciamus.
1559 4392 1634 4450 Ut
1655 4393 1734 4450 illi

1832 3661 1987 3713 mus,
2011 3645 2180 3699 Ὅταν
2206 3643 2298 3696 έπί
2319 3661 2371 3697 τι
2394 3643 2578 3714 μεῖζον
2596 3640 2889 3713 παρακαλῇ
2919 3641 2948 3693 ὁ
2975 3637 3246 3710 μακάριος
3271 3635 3422 3690 Παῦ-

1831 3739 1950 3805 λος,
1987 3737 2207 3801 συνετὸς
2247 3736 2322 3790 ὢν
2366 3735 2572 3806 σφόδρα
2611 3735 2702 3788 καὶ
2734 3731 3134 3802 πνευματικὸς,
3175 3727 3283 3782 ἀπὸ
3312 3727 3425 3780 τῶν

1832 3830 1892 3882 ὲν
1923 3831 2037 3891 τοῖς
2075 3828 2326 3900 οὐρανοῖς
2365 3828 2598 3880 ποιεῖται
2627 3825 2728 3895 τὴν
2767 3821 3133 3894 παράκλησιν.
3163 3839 3181 3871 ι
3223 3819 3426 3875 Beatus

1834 3921 2062 3989 Paulus,
2092 3921 2392 3976 admodum
2437 3918 2682 3990 prudens
2732 3932 2798 3972 ac
2826 3913 3166 3987 spiritualis,
3199 3928 3326 3968 cum
3353 3909 3422 3965 ad

1837 4013 2046 4085 aliquid
2092 4011 2444 4084 praestantius
2494 4011 2765 4076 hortatur,
2813 4007 2882 4062 ab
2930 4006 3000 4062 iis
3027 4020 3150 4077 quae
3186 4005 3241 4059 in
3269 4003 3425 4060 cmlis

1836 4117 1970 4165 sunt
1988 4105 2430 4164 exhortationem
2454 4103 2678 4175 promit.
2718 4120 2738 4155 ι
2774 4099 2988 4168 Quare,
3013 4112 3140 4152 cum
3163 4102 3279 4152 tota
3308 4095 3426 4150 haec

1835 4201 2096 4273 perioche
2129 4198 2268 4254 nihil
2295 4195 2445 4252 aliud
2477 4195 2550 4252 sit
2586 4209 2753 4264 quam
2785 4190 3100 4249 exhortatio
3135 4187 3206 4243 ad
3245 4188 3427 4243 unita-

1839 4305 1971 4362 tem,
1999 4307 2176 4364 eaque
2202 4291 2385 4348 verbis
2407 4297 2463 4346 et
2491 4287 2746 4344 sensibus
2767 4283 3101 4356 evangelicis
3125 4289 3181 4338 et
3205 4288 3428 4351 aposto-

1837 4388 1961 4444 licis
1990 4398 2251 4456 expressa
2277 4401 2293 4451 ;
2330 4397 2456 4438 cum
2489 4380 2560 4436 ab
2584 4379 2794 4435 unitate
2815 4375 3021 4433 Christi
3047 4383 3102 4430 et
3122 4373 3219 4429 Dei
3245 4370 3427 4428 Patris

140 4492 440 4562 lgnatium,
465 4459 542 4545 ita
564 4506 666 4561 ego
687 4488 990 4544 Lucianum
1022 4489 1261 4554 hostem,
1285 4486 1525 4542 amicum
1550 4495 1734 4542 autem
1767 4547 1810 4562 _
1841 4482 1898 4536 in
1933 4480 2038 4535 hac
2076 4479 2196 4548 ipsa
2247 4490 2308 4532 re
2361 4481 2748 4545 argumentum
2793 4471 2999 4525 ducere
3047 4466 3292 4562 solemne
3325 4459 3426 4531 sit;

143 4547 442 4656 Suynesium
473 4547 762 4639 leciiPari
783 4582 908 4654 jure
941 4547 1474 4653 utrumque'l'actum
1497 4588 1602 4648 est,
1627 4580 1737 4636 hoc
1767 4547 1813 4603 Β
1845 4575 2157 4645 importuna
2200 4569 2362 4641 plane
2388 4575 2475 4623 est
2519 4567 2592 4622 de
2648 4566 2807 4636 longe
2852 4562 3019 4633 petita
3042 4559 3426 4656 haereticorum

141 4687 237 4742 est,
261 4677 446 4731 nullo.

211 4767 284 4826 Ut
303 4779 497 4825 autem
523 4768 735 4839 liquido
764 4776 1024 4837 appareat
1046 4767 1147 4822 has
1174 4780 1369 4821 omnes
1395 4764 1500 4819 viri
1537 4763 1738 4820 doctis-

146 4863 266 4919 simi
294 4863 701 4934 explicationes
742 4870 798 4914 et
830 4859 898 4914 ad
933 4857 1209 4915 Valentini
1256 4857 1450 4913 deliria
1500 4857 1734 4912 allusio-

149 4973 240 5014 nes
255 4973 369 5012 non
404 4971 532 5012 esse
553 4955 783 5010 omnino
804 4953 890 5008 vel
907 4952 1246 5009 necessarias
1268 4951 1354 5006 vel
1374 4960 1732 5021 opportunas,

149 5051 237 5107 sed
262 5049 459 5122 potius
479 5065 510 5103 a
542 5056 726 5102 mente
767 5056 821 5102 et
847 5062 1015 5117 scopo
1060 5045 1303 5100 auctoris
1335 5059 1565 5114 prorsus
1599 5041 1735 5097 alie-

1844 4669 2161 4739 dogmatum
2201 4661 2543 4732 expositione
2564 4668 2659 4715 aut
2683 4657 3014 4714 refutatione
3043 4652 3344 4726 cogitatio;
3370 4657 3428 4706 et

1846 4761 2018 4816 animi
2073 4757 2318 4813 auctoris
2368 4755 2436 4808 ad
2477 4767 2636 4808 suam
2675 4749 3024 4822 hypothesim
3074 4745 3314 4802 maxime
3340 4751 3428 4799 at-

1849 4852 1986 4908 tenti
2015 4851 2253 4905 violenta
2282 4844 2587 4903 distractio.

1916 4945 2105 5000 Altera
2154 4956 2288 4998 vero
2328 4955 2451 5010 quae
2485 4935 2732 5006 sequitur
2770 4933 3062 5005 perioche,
3105 4941 3162 4988 et
3207 4931 3430 5004 quidem

1845 5041 1982 5096 satis
2012 5036 2248 5109 prolixa,
2272 5043 2383 5090 tnta
2407 5039 2612 5103 quanta
2633 5037 2718 5084 est
2744 5027 2813 5082 ad
2840 5026 3090 5082 haeresim
3120 5025 3432 5080 evitandum

149 5158 262 5209 nas,
325 5143 450 5197 imo
507 5148 821 5196 commenta
871 5153 997 5196 esse
1021 5178 1038 5204 ,
1069 5153 1192 5209 quae
1232 5146 1403 5192 totam
1443 5135 1726 5207 lgnatiana

1843 5141 2161 5202 comparata
2201 5138 2302 5184 est.
2337 5125 2429 5198 Μὴ
2475 5121 2750 5177 πλανᾶσθε
2785 5121 2909 5182 ταῖς
2943 5117 3334 5191 ὲτεροδοξίαις,
3374 5123 3437 5171 ut

149 5208 416 5292 orationis
469 5233 671 5289 seriem
697 5231 807 5286 alio
853 5208 1125 5286 violenter
1159 5230 1524 5299 detorquent;
1558 5229 1726 5284 locum

1840 5224 2070 5296 epistola
2124 5221 2192 5277 ad
2249 5219 2581 5291 Sniyrnmos,
2627 5211 2974 5284 καταμάθετε
3002 5209 3099 5264 καὶ
3137 5208 3266 5271 τοὺς
3317 5208 3436 5299 ges.

151 5327 322 5398 ipsum
355 5329 642 5399 integrum
673 5340 1079 5397 proponemus,
1114 5333 1170 5379 et
1208 5298 1575 5393 explicatione
1606 5323 1726 5377 sim-

1846 5316 2218 5392 ροδοξοῦντας·
2253 5313 2400 5369 unde
2429 5309 2649 5381 Origeni
2682 5303 2982 5378 ἑτερόδοξοι
3009 5317 3116 5358 vox
3161 5301 3298 5399 adeo
3345 5298 3424 5399 ia-

153 5421 450 5489 plicissima
481 5428 538 5475 et
559 5419 628 5474 ad
653 5434 769 5473 rem
795 5434 958 5490 quam
979 5419 1235 5474 volumus
1256 5417 1495 5473 maxime
1517 5431 1742 5473 accom-
1843 5391 2101 5478 miliaris,
2121 5421 2289 5478 quam
2318 5405 2461 5460 male
2498 5398 2780 5458 transtulit
2812 5397 3199 5490 Hieronymus.
3231 5391 3433 5459 Quales

153 5487 364 5569 inodata
389 5513 464 5567 ab
488 5487 831 5582 importunis
865 5511 1066 5582 glossis
1101 5511 1528 5569 vindicabimus.
1577 5511 1739 5567 Prior
1849 5517 2034 5562 autem
2078 5502 2134 5558 hi
2173 5497 2494 5555 heterodoxi
2523 5496 2640 5551 sive
2676 5489 2918 5547 haeretici
2957 5487 3202 5582 fuerint,
3238 5491 3431 5582 contra

159 5605 407 5674 perioche
439 5576 586 5659 nihil
611 5603 764 5658 aliud
793 5576 894 5658 est
911 5619 1079 5674 quam
1102 5604 1398 5660 vehemens
1422 5605 1738 5662 exhortatio
1845 5613 2083 5673 quorum
2135 5595 2397 5664 dogmata
2441 5588 2826 5661 Magnesianos
2875 5576 3432 5674 praemunit,_statim

157 5671 220 5756 ad
248 5699 525 5754 unitatem
549 5671 1002 5765 ecclesiasticam,
1026 5696 1190 5752 toties
1216 5696 1288 5752 ab
1318 5696 1458 5768 ipso,
1489 5697 1651 5755 toties
1668 5697 1726 5755 ali

1845 5671 1938 5756 liis
1967 5690 2150 5751 verbis
2188 5687 2388 5756 docet,
2419 5683 2555 5758 μηδὲ
2586 5677 2900 5754 μυθεύμασι
2937 5674 3189 5738 παλαιοῖς
3217 5671 3427 5741 ἀνωφιι

252 5887 462 5959 "Cap.
499 5899 577 5953 Iv,
623 5883 742 5940 3-6.
798 5885 866 5957 1°
895 5883 1052 5940 Joan.
1081 5884 1310 5955 “1,28.
