  <div class='ocr_page' id='page_1' title='image "/cluster/home/n/w/nwhite01/storage/ocr_20150623/5/nnc1.0046978607/167.png"; bbox 0 0 3848 6204; ppageno 0'>
   <div class='ocr_carea' id='block_1_1' title="bbox 1456 333 2592 396">
    <p class='ocr_par' dir='ltr' id='par_1_1' title="bbox 1456 333 2592 396">
     <span class='ocr_line' id='line_1_1' title="bbox 1456 333 2592 396; baseline -0.001 -3"><span class='ocrx_word' id='word_1_1' title='bbox 1456 334 1517 393; x_wconf 74' lang='lat'><strong>8.</strong></span> <span class='ocrx_word' id='word_1_2' title='bbox 1558 334 1907 396; x_wconf 71' lang='lat' dir='ltr'><strong>lCNA&#39;l‘IUS.</strong></span> <span class='ocrx_word' id='word_1_3' title='bbox 1949 364 2018 380; x_wconf 86' lang='lat'><em>--</em></span> <span class='ocrx_word' id='word_1_4' title='bbox 2056 333 2592 394; x_wconf 71' lang='lat' dir='ltr'><strong>PROLEGOIENA.</strong></span> 
     </span>
    </p>
   </div>
   <div class='ocr_carea' id='block_1_2' title="bbox 416 448 3682 528">
    <p class='ocr_par' dir='ltr' id='par_1_2' title="bbox 416 448 3682 528">
     <span class='ocr_line' id='line_1_2' title="bbox 416 448 3682 528; baseline -0.001 -16"><span class='ocrx_word' id='word_1_5' title='bbox 416 456 568 512; x_wconf 80' lang='grc' dir='ltr'>λέσιν</span> <span class='ocrx_word' id='word_1_6' title='bbox 592 448 779 511; x_wconf 74' lang='grc' dir='ltr'>οὖσινο</span> <span class='ocrx_word' id='word_1_7' title='bbox 815 468 925 512; x_wconf 92' lang='lat' dir='ltr'><strong>non</strong></span> <span class='ocrx_word' id='word_1_8' title='bbox 959 453 1105 527; x_wconf 84' lang='lat' dir='ltr'><strong>quod</strong></span> <span class='ocrx_word' id='word_1_9' title='bbox 1132 462 1345 525; x_wconf 90' lang='lat' dir='ltr'><strong>auctor,</strong></span> <span class='ocrx_word' id='word_1_10' title='bbox 1367 454 1497 527; x_wconf 88' lang='lat' dir='ltr'><strong>quia</strong></span> <span class='ocrx_word' id='word_1_11' title='bbox 1518 464 1642 528; x_wconf 88' lang='lat' dir='ltr'><strong>post</strong></span> <span class='ocrx_word' id='word_1_12' title='bbox 1666 454 1999 513; x_wconf 72' lang='lat' dir='ltr'><strong>Clementem</strong></span> <span class='ocrx_word' id='word_1_13' title='bbox 2028 464 2080 525; x_wconf 72' lang='grc' dir='ltr'><strong>Α</strong></span> <span class='ocrx_word' id='word_1_14' title='bbox 2184 453 2343 513; x_wconf 88' lang='lat' dir='ltr'><strong>Unde</strong></span> <span class='ocrx_word' id='word_1_15' title='bbox 2370 454 2689 511; x_wconf 78' lang='lat' dir='ltr'><strong>ﬁrmissime</strong></span> <span class='ocrx_word' id='word_1_16' title='bbox 2724 450 3036 526; x_wconf 80' lang='lat' dir='ltr'><strong>colligitur,</strong></span> <span class='ocrx_word' id='word_1_17' title='bbox 3068 449 3205 508; x_wconf 83' lang='lat' dir='ltr'><strong>adeo</strong></span> <span class='ocrx_word' id='word_1_18' title='bbox 3240 458 3303 509; x_wconf 85' lang='lat' dir='ltr'><strong>ut</strong></span> <span class='ocrx_word' id='word_1_19' title='bbox 3343 466 3417 509; x_wconf 81' lang='lat' dir='ltr'><strong>ne</strong></span> <span class='ocrx_word' id='word_1_20' title='bbox 3453 453 3682 525; x_wconf 81' lang='lat' dir='ltr'><strong>quidem</strong></span> 
     </span>
    </p>
   </div>
   <div class='ocr_carea' id='block_1_3' title="bbox 420 547 1997 621">
    <p class='ocr_par' dir='ltr' id='par_1_3' title="bbox 420 547 1997 621">
     <span class='ocr_line' id='line_1_3' title="bbox 420 547 1997 621; baseline 0.001 -18"><span class='ocrx_word' id='word_1_21' title='bbox 420 547 855 604; x_wconf 84' lang='lat' dir='ltr'><strong>Alexandrinum</strong></span> <span class='ocrx_word' id='word_1_22' title='bbox 886 549 1143 621; x_wconf 90' lang='lat' dir='ltr'><strong>scripsit,</strong></span> <span class='ocrx_word' id='word_1_23' title='bbox 1181 558 1243 605; x_wconf 88' lang='lat' dir='ltr'><strong>ut</strong></span> <span class='ocrx_word' id='word_1_24' title='bbox 1270 547 1586 605; x_wconf 84' lang='lat' dir='ltr'><strong>Blondellus</strong></span> <span class='ocrx_word' id='word_1_25' title='bbox 1612 548 1820 618; x_wconf 86' lang='lat' dir='ltr'><strong>voluit,</strong></span> <span class='ocrx_word' id='word_1_26' title='bbox 1843 564 1997 605; x_wconf 88' lang='lat' dir='ltr'><strong>com-</strong></span> 
     </span>
    </p>
   </div>
   <div class='ocr_carea' id='block_1_4' title="bbox 388 637 1996 712">
    <p class='ocr_par' dir='ltr' id='par_1_4' title="bbox 388 637 1996 712">
     <span class='ocr_line' id='line_1_4' title="bbox 388 637 1996 712; baseline 0.002 -17"><span class='ocrx_word' id='word_1_27' title='bbox 388 649 602 696; x_wconf 79' lang='lat' dir='ltr'><strong>-meuta</strong></span> <span class='ocrx_word' id='word_1_28' title='bbox 639 637 1147 697; x_wconf 78' lang='lat' dir='ltr'><strong>Valentinianorum</strong></span> <span class='ocrx_word' id='word_1_29' title='bbox 1172 640 1398 712; x_wconf 88' lang='lat' dir='ltr'><strong>antiqua</strong></span> <span class='ocrx_word' id='word_1_30' title='bbox 1444 640 1561 696; x_wconf 89' lang='lat' dir='ltr'><strong>sive</strong></span> <span class='ocrx_word' id='word_1_31' title='bbox 1590 650 1801 697; x_wconf 88' lang='lat' dir='ltr'><strong>vetusta</strong></span> <span class='ocrx_word' id='word_1_32' title='bbox 1833 657 1996 699; x_wconf 86' lang='lat' dir='ltr'><strong>voca-</strong></span> 
     </span>
    </p>
   </div>
   <div class='ocr_carea' id='block_1_5' title="bbox 419 731 1999 804">
    <p class='ocr_par' dir='ltr' id='par_1_5' title="bbox 419 731 1999 804">
     <span class='ocr_line' id='line_1_5' title="bbox 419 731 1999 804; baseline 0.001 -16"><span class='ocrx_word' id='word_1_33' title='bbox 419 740 764 804; x_wconf 88' lang='lat' dir='ltr'><strong>ret;pugnat</strong></span> <span class='ocrx_word' id='word_1_34' title='bbox 786 733 891 788; x_wconf 91' lang='lat' dir='ltr'><strong>hoc</strong></span> <span class='ocrx_word' id='word_1_35' title='bbox 914 731 1059 789; x_wconf 93' lang='lat' dir='ltr'><strong>enim</strong></span> <span class='ocrx_word' id='word_1_36' title='bbox 1085 748 1211 789; x_wconf 91' lang='lat' dir='ltr'><strong>cum</strong></span> <span class='ocrx_word' id='word_1_37' title='bbox 1241 734 1497 789; x_wconf 87' lang='lat' dir='ltr'><strong>omnibus</strong></span> <span class='ocrx_word' id='word_1_38' title='bbox 1541 734 1703 790; x_wconf 82' lang='lat' dir='ltr'><strong>istius</strong></span> <span class='ocrx_word' id='word_1_39' title='bbox 1729 735 1828 790; x_wconf 88' lang='lat' dir='ltr'><strong>avi</strong></span> <span class='ocrx_word' id='word_1_40' title='bbox 1861 735 1999 791; x_wconf 85' lang='lat' dir='ltr'><strong>scri-</strong></span> 
     </span>
    </p>
   </div>
   <div class='ocr_carea' id='block_1_6' title="bbox 417 824 1997 899">
    <p class='ocr_par' dir='ltr' id='par_1_6' title="bbox 417 824 1997 899">
     <span class='ocr_line' id='line_1_6' title="bbox 417 824 1997 899; baseline 0.001 -19"><span class='ocrx_word' id='word_1_41' title='bbox 417 825 531 899; x_wconf 87' lang='lat' dir='ltr'><strong>ptis</strong></span> <span class='ocrx_word' id='word_1_42' title='bbox 542 841 664 894; x_wconf 82' lang='lat' dir='ltr'><strong>qua</strong></span> <span class='ocrx_word' id='word_1_43' title='bbox 684 824 1061 882; x_wconf 82' lang='lat' dir='ltr'><strong>hareticorum</strong></span> <span class='ocrx_word' id='word_1_44' title='bbox 1078 824 1335 897; x_wconf 77' lang='lat' dir='ltr'><strong>dogmata</strong></span> <span class='ocrx_word' id='word_1_45' title='bbox 1351 841 1564 897; x_wconf 89' lang='lat' dir='ltr'><strong>semper</strong></span> <span class='ocrx_word' id='word_1_46' title='bbox 1575 836 1836 897; x_wconf 91' lang='lat' dir='ltr'><strong>tanquam</strong></span> <span class='ocrx_word' id='word_1_47' title='bbox 1854 842 1997 883; x_wconf 87' lang='lat' dir='ltr'><strong>nova</strong></span> 
     </span>
    </p>
   </div>
   <div class='ocr_carea' id='block_1_7' title="bbox 421 915 1998 986">
    <p class='ocr_par' dir='ltr' id='par_1_7' title="bbox 421 915 1998 986">
     <span class='ocr_line' id='line_1_7' title="bbox 421 915 1998 986; baseline 0.002 -16"><span class='ocrx_word' id='word_1_48' title='bbox 421 916 738 986; x_wconf 78' lang='lat' dir='ltr'><strong>exagitant;</strong></span> <span class='ocrx_word' id='word_1_49' title='bbox 769 916 862 972; x_wconf 87' lang='lat' dir='ltr'><strong>sed</strong></span> <span class='ocrx_word' id='word_1_50' title='bbox 890 916 1135 972; x_wconf 92' lang='lat' dir='ltr'><strong>instituta</strong></span> <span class='ocrx_word' id='word_1_51' title='bbox 1178 915 1403 972; x_wconf 74' lang='lat' dir='ltr'><strong>Iudaica</strong></span> <span class='ocrx_word' id='word_1_52' title='bbox 1442 932 1567 974; x_wconf 88' lang='lat' dir='ltr'><strong>cum</strong></span> <span class='ocrx_word' id='word_1_53' title='bbox 1603 916 1804 973; x_wconf 85' lang='lat' dir='ltr'><strong>fabulis</strong></span> <span class='ocrx_word' id='word_1_54' title='bbox 1843 933 1998 974; x_wconf 86' lang='lat' dir='ltr'><strong>com—</strong></span> 
     </span>
    </p>
   </div>
   <div class='ocr_carea' id='block_1_8' title="bbox 420 1007 1997 1083">
    <p class='ocr_par' dir='ltr' id='par_1_8' title="bbox 420 1007 1997 1083">
     <span class='ocr_line' id='line_1_8' title="bbox 420 1007 1997 1083; baseline 0.002 -19"><span class='ocrx_word' id='word_1_55' title='bbox 420 1009 583 1065; x_wconf 88' lang='lat' dir='ltr'><strong>mista</strong></span> <span class='ocrx_word' id='word_1_56' title='bbox 607 1047 624 1075; x_wconf 92' lang='lat'><strong>,</strong></span> <span class='ocrx_word' id='word_1_57' title='bbox 676 1024 800 1080; x_wconf 83' lang='lat' dir='ltr'><strong>qua</strong></span> <span class='ocrx_word' id='word_1_58' title='bbox 846 1018 1104 1081; x_wconf 83' lang='lat' dir='ltr'><strong>tanquam</strong></span> <span class='ocrx_word' id='word_1_59' title='bbox 1142 1007 1346 1065; x_wconf 80' lang='grc' dir='ltr'>παλαιὰ</span> <span class='ocrx_word' id='word_1_60' title='bbox 1379 1019 1435 1066; x_wconf 89' lang='lat' dir='ltr'><strong>et</strong></span> <span class='ocrx_word' id='word_1_61' title='bbox 1465 1010 1717 1083; x_wconf 83' lang='grc' dir='ltr'><strong>ἀνωφελῆ</strong></span> <span class='ocrx_word' id='word_1_62' title='bbox 1746 1023 1889 1081; x_wconf 86' lang='lat' dir='ltr'><strong>sape</strong></span> <span class='ocrx_word' id='word_1_63' title='bbox 1929 1010 1997 1067; x_wconf 90' lang='lat' dir='ltr'><strong>ab</strong></span> 
     </span>
    </p>
   </div>
   <div class='ocr_carea' id='block_1_9' title="bbox 413 1098 1997 1171">
    <p class='ocr_par' dir='ltr' id='par_1_9' title="bbox 413 1098 1997 1171">
     <span class='ocr_line' id='line_1_9' title="bbox 413 1098 1997 1171; baseline 0.002 -18"><span class='ocrx_word' id='word_1_64' title='bbox 413 1098 667 1170; x_wconf 81' lang='lat' dir='ltr'><strong>apostolo</strong></span> <span class='ocrx_word' id='word_1_65' title='bbox 686 1098 1067 1157; x_wconf 89' lang='lat' dir='ltr'><strong>traducuntur.</strong></span> <span class='ocrx_word' id='word_1_66' title='bbox 1092 1098 1170 1155; x_wconf 87' lang='lat' dir='ltr'><strong>ita</strong></span> <span class='ocrx_word' id='word_1_67' title='bbox 1196 1099 1313 1171; x_wconf 91' lang='lat' dir='ltr'><strong>ipse</strong></span> <span class='ocrx_word' id='word_1_68' title='bbox 1331 1100 1495 1171; x_wconf 90' lang='lat' dir='ltr'><strong>paulo</strong></span> <span class='ocrx_word' id='word_1_69' title='bbox 1520 1110 1643 1171; x_wconf 85' lang='lat' dir='ltr'><strong>post</strong></span> <span class='ocrx_word' id='word_1_70' title='bbox 1662 1110 1874 1156; x_wconf 79' lang='lat' dir='ltr'><strong>veteres</strong></span> <span class='ocrx_word' id='word_1_71' title='bbox 1897 1098 1997 1156; x_wconf 81' lang='lat' dir='ltr'><strong>Ju-</strong></span> 
     </span>
    </p>
   </div>
   <div class='ocr_carea' id='block_1_10' title="bbox 414 1187 1987 1264">
    <p class='ocr_par' dir='ltr' id='par_1_10' title="bbox 414 1187 1987 1264">
     <span class='ocr_line' id='line_1_10' title="bbox 414 1187 1987 1264; baseline 0.002 -21"><span class='ocrx_word' id='word_1_72' title='bbox 414 1187 567 1245; x_wconf 74' lang='lat' dir='ltr'><strong>daos</strong></span> <span class='ocrx_word' id='word_1_73' title='bbox 578 1190 636 1243; x_wconf 79' lang='grc' dir='ltr'><strong>ἐν</strong></span> <span class='ocrx_word' id='word_1_74' title='bbox 657 1188 909 1254; x_wconf 82' lang='grc' dir='ltr'><strong>παλαιοῖς</strong></span> <span class='ocrx_word' id='word_1_75' title='bbox 930 1191 1248 1263; x_wconf 80' lang='grc' dir='ltr'><strong>πράγμασιν</strong></span> <span class='ocrx_word' id='word_1_76' title='bbox 1260 1191 1724 1264; x_wconf 80' lang='grc' dir='ltr'>ἀναστραφέντας,</span> <span class='ocrx_word' id='word_1_77' title='bbox 1742 1193 1798 1247; x_wconf 83' lang='lat' dir='ltr'><strong>in</strong></span> <span class='ocrx_word' id='word_1_78' title='bbox 1812 1192 1987 1247; x_wconf 75' lang='lat' dir='ltr'><strong>veteri-</strong></span> 
     </span>
    </p>
   </div>
   <div class='ocr_carea' id='block_1_11' title="bbox 419 1281 1980 1357">
    <p class='ocr_par' dir='ltr' id='par_1_11' title="bbox 419 1281 1980 1357">
     <span class='ocr_line' id='line_1_11' title="bbox 419 1281 1980 1357; baseline 0.004 -22"><span class='ocrx_word' id='word_1_79' title='bbox 419 1281 514 1336; x_wconf 78' lang='lat' dir='ltr'><strong>bus</strong></span> <span class='ocrx_word' id='word_1_80' title='bbox 533 1286 686 1339; x_wconf 74' lang='lat' dir='ltr'><strong>rebus</strong></span> <span class='ocrx_word' id='word_1_81' title='bbox 716 1295 1055 1339; x_wconf 72' lang='lat' dir='ltr'><strong>com-enatos</strong></span> <span class='ocrx_word' id='word_1_82' title='bbox 1076 1301 1189 1339; x_wconf 80' lang='lat' dir='ltr'><strong>esse</strong></span> <span class='ocrx_word' id='word_1_83' title='bbox 1210 1285 1373 1352; x_wconf 89' lang='lat' dir='ltr'><strong>dicit;</strong></span> <span class='ocrx_word' id='word_1_84' title='bbox 1394 1286 1469 1341; x_wconf 84' lang='lat' dir='ltr'><strong>ita</strong></span> <span class='ocrx_word' id='word_1_85' title='bbox 1492 1284 1832 1357; x_wconf 79' lang='lat' dir='ltr'><strong>Epiphanius</strong></span> <span class='ocrx_word' id='word_1_86' title='bbox 1858 1303 1980 1342; x_wconf 87' lang='lat' dir='ltr'><strong>con-</strong></span> 
     </span>
    </p>
   </div>
   <div class='ocr_carea' id='block_1_12' title="bbox 418 1372 1998 1449">
    <p class='ocr_par' dir='ltr' id='par_1_12' title="bbox 418 1372 1998 1449">
     <span class='ocr_line' id='line_1_12' title="bbox 418 1372 1998 1449; baseline 0.003 -20"><span class='ocrx_word' id='word_1_87' title='bbox 418 1383 503 1430; x_wconf 86' lang='lat' dir='ltr'><strong>tra</strong></span> <span class='ocrx_word' id='word_1_88' title='bbox 534 1372 794 1431; x_wconf 88' lang='lat' dir='ltr'><strong>Ebionem</strong></span> <span class='ocrx_word' id='word_1_89' title='bbox 812 1376 1072 1446; x_wconf 84' lang='lat' dir='ltr'><strong>disputat,</strong></span> <span class='ocrx_word' id='word_1_90' title='bbox 1095 1376 1177 1430; x_wconf 85' lang='grc' dir='ltr'><strong>ὃτι</strong></span> <span class='ocrx_word' id='word_1_91' title='bbox 1196 1376 1257 1430; x_wconf 84' lang='grc' dir='ltr'>οὐ</span> <span class='ocrx_word' id='word_1_92' title='bbox 1279 1377 1387 1449; x_wconf 87' lang='grc' dir='ltr'><strong>χρὴ</strong></span> <span class='ocrx_word' id='word_1_93' title='bbox 1414 1376 1744 1448; x_wconf 82' lang='grc' dir='ltr'><strong>βαπτισμοῖς</strong></span> <span class='ocrx_word' id='word_1_94' title='bbox 1762 1377 1998 1449; x_wconf 79' lang='grc' dir='ltr'>χρῆσθαι</span> 
     </span>
    </p>
   </div>
   <div class='ocr_carea' id='block_1_13' title="bbox 418 1460 1999 1536">
    <p class='ocr_par' dir='ltr' id='par_1_13' title="bbox 418 1460 1999 1536">
     <span class='ocr_line' id='line_1_13' title="bbox 418 1460 1999 1536; baseline 0.005 -19"><span class='ocrx_word' id='word_1_95' title='bbox 418 1462 510 1517; x_wconf 76' lang='grc' dir='ltr'><strong>καὶ</strong></span> <span class='ocrx_word' id='word_1_96' title='bbox 542 1460 717 1516; x_wconf 78' lang='grc' dir='ltr'><strong>ἔθεσιν</strong></span> <span class='ocrx_word' id='word_1_97' title='bbox 745 1463 1096 1533; x_wconf 78' lang='grc' dir='ltr'>ἀνωφελέσιν,</span> <span class='ocrx_word' id='word_1_98' title='bbox 1127 1482 1146 1516; x_wconf 80' lang='grc' dir='ltr'><strong>ι</strong></span> <span class='ocrx_word' id='word_1_99' title='bbox 1170 1465 1316 1535; x_wconf 84' lang='lat' dir='ltr'><strong>quod</strong></span> <span class='ocrx_word' id='word_1_100' title='bbox 1358 1481 1465 1520; x_wconf 90' lang='lat' dir='ltr'><strong>non</strong></span> <span class='ocrx_word' id='word_1_101' title='bbox 1495 1475 1741 1536; x_wconf 83' lang='lat' dir='ltr'><strong>oporteat</strong></span> <span class='ocrx_word' id='word_1_102' title='bbox 1765 1468 1999 1525; x_wconf 79' lang='lat' dir='ltr'><strong>lavacris</strong></span> 
     </span>
    </p>
   </div>
   <div class='ocr_carea' id='block_1_14' title="bbox 422 1553 1997 1623">
    <p class='ocr_par' dir='ltr' id='par_1_14' title="bbox 422 1553 1997 1623">
     <span class='ocr_line' id='line_1_14' title="bbox 422 1553 1997 1623; baseline 0.004 -17"><span class='ocrx_word' id='word_1_103' title='bbox 422 1553 497 1607; x_wconf 86' lang='lat' dir='ltr'><strong>uti</strong></span> <span class='ocrx_word' id='word_1_104' title='bbox 526 1563 580 1608; x_wconf 91' lang='lat' dir='ltr'><strong>et</strong></span> <span class='ocrx_word' id='word_1_105' title='bbox 602 1553 1091 1609; x_wconf 81' lang='lat' dir='ltr'><strong>consuetudinibus</strong></span> <span class='ocrx_word' id='word_1_106' title='bbox 1114 1553 1420 1612; x_wconf 87' lang='lat' dir='ltr'><strong>inutilibus.</strong></span> <span class='ocrx_word' id='word_1_107' title='bbox 1465 1573 1485 1609; x_wconf 77' lang='grc' dir='ltr'><strong>ι</strong></span> <span class='ocrx_word' id='word_1_108' title='bbox 1516 1555 1648 1623; x_wconf 83' lang='lat' dir='ltr'><strong>Quis</strong></span> <span class='ocrx_word' id='word_1_109' title='bbox 1679 1566 1860 1613; x_wconf 91' lang='lat' dir='ltr'><strong>autem</strong></span> <span class='ocrx_word' id='word_1_110' title='bbox 1889 1575 1997 1614; x_wconf 70' lang='lat' dir='ltr'><strong>uno</strong></span> 
     </span>
    </p>
   </div>
   <div class='ocr_carea' id='block_1_15' title="bbox 421 1641 2000 1714">
    <p class='ocr_par' dir='ltr' id='par_1_15' title="bbox 421 1641 2000 1714">
     <span class='ocr_line' id='line_1_15' title="bbox 421 1641 2000 1714; baseline 0.006 -16"><span class='ocrx_word' id='word_1_111' title='bbox 421 1660 586 1714; x_wconf 89' lang='lat' dir='ltr'><strong>quam</strong></span> <span class='ocrx_word' id='word_1_112' title='bbox 603 1641 1110 1701; x_wconf 83' lang='lat' dir='ltr'><strong>Valentinianorum</strong></span> <span class='ocrx_word' id='word_1_113' title='bbox 1137 1646 1349 1702; x_wconf 84' lang='lat' dir='ltr'><strong>fabulas</strong></span> <span class='ocrx_word' id='word_1_114' title='bbox 1374 1655 1584 1703; x_wconf 88' lang='lat' dir='ltr'><strong>tantum</strong></span> <span class='ocrx_word' id='word_1_115' title='bbox 1602 1649 1807 1706; x_wconf 76' lang='lat' dir='ltr'><strong>diceret</strong></span> <span class='ocrx_word' id='word_1_116' title='bbox 1828 1669 1847 1702; x_wconf 87' lang='grc'>‹</span> <span class='ocrx_word' id='word_1_117' title='bbox 1877 1652 2000 1707; x_wconf 83' lang='lat' dir='ltr'><strong>inu-</strong></span> 
     </span>
    </p>
   </div>
   <div class='ocr_carea' id='block_1_16' title="bbox 419 1736 1997 1809">
    <p class='ocr_par' dir='ltr' id='par_1_16' title="bbox 419 1736 1997 1809">
     <span class='ocr_line' id='line_1_16' title="bbox 419 1736 1997 1809; baseline 0.006 -19"><span class='ocrx_word' id='word_1_118' title='bbox 419 1736 598 1804; x_wconf 67' lang='lat' dir='ltr'><strong>tiles,»</strong></span> <span class='ocrx_word' id='word_1_119' title='bbox 624 1738 692 1792; x_wconf 88' lang='lat' dir='ltr'><strong>de</strong></span> <span class='ocrx_word' id='word_1_120' title='bbox 711 1737 911 1806; x_wconf 84' lang='lat' dir='ltr'><strong>quibus</strong></span> <span class='ocrx_word' id='word_1_121' title='bbox 940 1739 1176 1795; x_wconf 86' lang='lat' dir='ltr'><strong>lrenaus</strong></span> <span class='ocrx_word' id='word_1_122' title='bbox 1207 1754 1221 1793; x_wconf 87' lang='lat'><strong>:</strong></span> <span class='ocrx_word' id='word_1_123' title='bbox 1260 1756 1279 1790; x_wconf 79' lang='grc' dir='ltr'><strong>ι</strong></span> <span class='ocrx_word' id='word_1_124' title='bbox 1314 1736 1490 1809; x_wconf 89' lang='lat' dir='ltr'><strong>Super</strong></span> <span class='ocrx_word' id='word_1_125' title='bbox 1522 1756 1714 1798; x_wconf 91' lang='lat' dir='ltr'><strong>omnes</strong></span> <span class='ocrx_word' id='word_1_126' title='bbox 1738 1752 1821 1797; x_wconf 76' lang='lat' dir='ltr'><strong>est</strong></span> <span class='ocrx_word' id='word_1_127' title='bbox 1849 1743 1997 1799; x_wconf 84' lang='lat' dir='ltr'><strong>blas-</strong></span> 
     </span>
    </p>
   </div>
   <div class='ocr_carea' id='block_1_17' title="bbox 421 1827 2002 1905">
    <p class='ocr_par' dir='ltr' id='par_1_17' title="bbox 421 1827 2002 1905">
     <span class='ocr_line' id='line_1_17' title="bbox 421 1827 2002 1905; baseline 0.004 -23"><span class='ocrx_word' id='word_1_128' title='bbox 421 1827 621 1899; x_wconf 82' lang='lat' dir='ltr'><strong>pheina</strong></span> <span class='ocrx_word' id='word_1_129' title='bbox 668 1830 856 1900; x_wconf 87' lang='lat' dir='ltr'><strong>regula</strong></span> <span class='ocrx_word' id='word_1_130' title='bbox 896 1830 1164 1901; x_wconf 90' lang='lat' dir='ltr'><strong>ipsorum.</strong></span> <span class='ocrx_word' id='word_1_131' title='bbox 1198 1851 1220 1885; x_wconf 80' lang='grc' dir='ltr'><strong>ι</strong></span> <span class='ocrx_word' id='word_1_132' title='bbox 1281 1830 1435 1888; x_wconf 87' lang='lat' dir='ltr'><strong>Licet</strong></span> <span class='ocrx_word' id='word_1_133' title='bbox 1474 1834 1619 1889; x_wconf 89' lang='lat' dir='ltr'><strong>enim</strong></span> <span class='ocrx_word' id='word_1_134' title='bbox 1651 1834 2002 1905; x_wconf 89' lang='lat' dir='ltr'><strong>philosopho-</strong></span> 
     </span>
    </p>
   </div>
   <div class='ocr_carea' id='block_1_18' title="bbox 421 1920 2000 1995">
    <p class='ocr_par' dir='ltr' id='par_1_18' title="bbox 421 1920 2000 1995">
     <span class='ocr_line' id='line_1_18' title="bbox 421 1920 2000 1995; baseline 0.003 -20"><span class='ocrx_word' id='word_1_135' title='bbox 421 1935 546 1975; x_wconf 89' lang='lat' dir='ltr'><strong>rum</strong></span> <span class='ocrx_word' id='word_1_136' title='bbox 573 1920 879 1977; x_wconf 87' lang='lat' dir='ltr'><strong>doctrinam</strong></span> <span class='ocrx_word' id='word_1_137' title='bbox 901 1962 918 1989; x_wconf 91' lang='lat'><strong>,</strong></span> <span class='ocrx_word' id='word_1_138' title='bbox 966 1937 1032 1977; x_wconf 71' lang='lat' dir='ltr'><strong>ex</strong></span> <span class='ocrx_word' id='word_1_139' title='bbox 1064 1939 1171 1994; x_wconf 92' lang='lat' dir='ltr'><strong>qua</strong></span> <span class='ocrx_word' id='word_1_140' title='bbox 1208 1938 1363 1979; x_wconf 88' lang='lat' dir='ltr'><strong>suam</strong></span> <span class='ocrx_word' id='word_1_141' title='bbox 1394 1925 1743 1995; x_wconf 86' lang='lat' dir='ltr'><strong>aliquatenus</strong></span> <span class='ocrx_word' id='word_1_142' title='bbox 1779 1926 2000 1982; x_wconf 71' lang='lat' dir='ltr'><strong>deriva-</strong></span> 
     </span>
    </p>
   </div>
   <div class='ocr_carea' id='block_1_19' title="bbox 420 2012 2003 2084">
    <p class='ocr_par' dir='ltr' id='par_1_19' title="bbox 420 2012 2003 2084">
     <span class='ocr_line' id='line_1_19' title="bbox 420 2012 2003 2084; baseline 0.005 -18"><span class='ocrx_word' id='word_1_143' title='bbox 420 2020 574 2075; x_wconf 86' lang='lat' dir='ltr'><strong>runt,</strong></span> <span class='ocrx_word' id='word_1_144' title='bbox 604 2012 804 2068; x_wconf 86' lang='lat' dir='ltr'><strong>alicubi</strong></span> <span class='ocrx_word' id='word_1_145' title='bbox 843 2023 1082 2069; x_wconf 83' lang='lat' dir='ltr'><strong>veterem</strong></span> <span class='ocrx_word' id='word_1_146' title='bbox 1118 2024 1174 2070; x_wconf 91' lang='lat' dir='ltr'><strong>et</strong></span> <span class='ocrx_word' id='word_1_147' title='bbox 1204 2015 1451 2071; x_wconf 90' lang='lat' dir='ltr'><strong>inutilem</strong></span> <span class='ocrx_word' id='word_1_148' title='bbox 1480 2025 1670 2084; x_wconf 90' lang='lat' dir='ltr'><strong>vocet,</strong></span> <span class='ocrx_word' id='word_1_149' title='bbox 1699 2032 1890 2072; x_wconf 90' lang='lat' dir='ltr'><strong>eorum</strong></span> <span class='ocrx_word' id='word_1_150' title='bbox 1918 2027 2003 2074; x_wconf 59' lang='lat' dir='ltr'><strong>tav</strong></span> 
     </span>
    </p>
   </div>
   <div class='ocr_carea' id='block_1_20' title="bbox 423 2103 2000 2178">
    <p class='ocr_par' dir='ltr' id='par_1_20' title="bbox 423 2103 2000 2178">
     <span class='ocr_line' id='line_1_20' title="bbox 423 2103 2000 2178; baseline 0.004 -21"><span class='ocrx_word' id='word_1_151' title='bbox 423 2116 551 2158; x_wconf 90' lang='lat' dir='ltr'><strong>men</strong></span> <span class='ocrx_word' id='word_1_152' title='bbox 581 2103 977 2175; x_wconf 86' lang='lat' dir='ltr'><strong>mataologiam</strong></span> <span class='ocrx_word' id='word_1_153' title='bbox 1005 2113 1061 2160; x_wconf 89' lang='lat' dir='ltr'><strong>et</strong></span> <span class='ocrx_word' id='word_1_154' title='bbox 1098 2114 1361 2175; x_wconf 91' lang='lat' dir='ltr'><strong>tanquam</strong></span> <span class='ocrx_word' id='word_1_155' title='bbox 1388 2122 1585 2162; x_wconf 89' lang='lat' dir='ltr'><strong>novam</strong></span> <span class='ocrx_word' id='word_1_156' title='bbox 1608 2148 1623 2173; x_wconf 94' lang='lat'><strong>,</strong></span> <span class='ocrx_word' id='word_1_157' title='bbox 1657 2116 1711 2163; x_wconf 91' lang='lat' dir='ltr'><strong>et</strong></span> <span class='ocrx_word' id='word_1_158' title='bbox 1738 2118 2000 2178; x_wconf 90' lang='lat' dir='ltr'><strong>tanquam</strong></span> 
     </span>
    </p>
   </div>
   <div class='ocr_carea' id='block_1_21' title="bbox 421 2193 2003 2270">
    <p class='ocr_par' dir='ltr' id='par_1_21' title="bbox 421 2193 2003 2270">
     <span class='ocr_line' id='line_1_21' title="bbox 421 2193 2003 2270; baseline 0.003 -20"><span class='ocrx_word' id='word_1_159' title='bbox 421 2193 797 2265; x_wconf 86' lang='lat' dir='ltr'><strong>blasphemam</strong></span> <span class='ocrx_word' id='word_1_160' title='bbox 827 2198 1182 2252; x_wconf 78' lang='lat' dir='ltr'><strong>condemnat.</strong></span> <span class='ocrx_word' id='word_1_161' title='bbox 1213 2196 1445 2270; x_wconf 87' lang='lat' dir='ltr'><strong>Ideoque</strong></span> <span class='ocrx_word' id='word_1_162' title='bbox 1475 2198 1862 2270; x_wconf 87' lang='lat' dir='ltr'><strong>interpolator,</strong></span> <span class='ocrx_word' id='word_1_163' title='bbox 1887 2200 2003 2255; x_wconf 83' lang='lat' dir='ltr'><strong>sive</strong></span> 
     </span>
    </p>
   </div>
   <div class='ocr_carea' id='block_1_22' title="bbox 420 2287 2002 2359">
    <p class='ocr_par' dir='ltr' id='par_1_22' title="bbox 420 2287 2002 2359">
     <span class='ocr_line' id='line_1_22' title="bbox 420 2287 2002 2359; baseline 0.004 -19"><span class='ocrx_word' id='word_1_164' title='bbox 420 2287 831 2359; x_wconf 87' lang='lat' dir='ltr'><strong>paraphrastes,</strong></span> <span class='ocrx_word' id='word_1_165' title='bbox 863 2302 1086 2343; x_wconf 91' lang='lat' dir='ltr'><strong>sensum</strong></span> <span class='ocrx_word' id='word_1_166' title='bbox 1110 2298 1349 2357; x_wconf 90' lang='lat' dir='ltr'><strong>secutus,</strong></span> <span class='ocrx_word' id='word_1_167' title='bbox 1384 2290 1623 2346; x_wconf 88' lang='lat' dir='ltr'><strong>auctoris</strong></span> <span class='ocrx_word' id='word_1_168' title='bbox 1652 2300 1888 2346; x_wconf 86' lang='lat' dir='ltr'><strong>mentem</strong></span> <span class='ocrx_word' id='word_1_169' title='bbox 1914 2290 2002 2347; x_wconf 90' lang='lat' dir='ltr'><strong>his</strong></span> 
     </span>
    </p>
   </div>
   <div class='ocr_carea' id='block_1_23' title="bbox 422 2379 2002 2454">
    <p class='ocr_par' dir='ltr' id='par_1_23' title="bbox 422 2379 2002 2454">
     <span class='ocr_line' id='line_1_23' title="bbox 422 2379 2002 2454; baseline 0.003 -21"><span class='ocrx_word' id='word_1_170' title='bbox 422 2379 605 2435; x_wconf 80' lang='lat' dir='ltr'><strong>verbis</strong></span> <span class='ocrx_word' id='word_1_171' title='bbox 636 2381 904 2450; x_wconf 83' lang='lat' dir='ltr'><strong>expressit</strong></span> <span class='ocrx_word' id='word_1_172' title='bbox 938 2380 1125 2453; x_wconf 76' lang='grc' dir='ltr'>εΜηδὲ</span> <span class='ocrx_word' id='word_1_173' title='bbox 1158 2380 1348 2454; x_wconf 78' lang='grc' dir='ltr'><strong>μύθοις</strong></span> <span class='ocrx_word' id='word_1_174' title='bbox 1372 2382 1586 2454; x_wconf 82' lang='grc' dir='ltr'>ἐνέχετε</span> <span class='ocrx_word' id='word_1_175' title='bbox 1617 2382 1710 2437; x_wconf 81' lang='grc' dir='ltr'><strong>καὶ</strong></span> <span class='ocrx_word' id='word_1_176' title='bbox 1748 2382 2002 2453; x_wconf 83' lang='grc' dir='ltr'><strong>γενεαλο-</strong></span> 
     </span>
    </p>
   </div>
   <div class='ocr_carea' id='block_1_24' title="bbox 424 2472 2005 2545">
    <p class='ocr_par' dir='ltr' id='par_1_24' title="bbox 424 2472 2005 2545">
     <span class='ocr_line' id='line_1_24' title="bbox 424 2472 2005 2545; baseline 0.004 -21"><span class='ocrx_word' id='word_1_177' title='bbox 424 2472 570 2543; x_wconf 81' lang='grc' dir='ltr'>γίαις</span> <span class='ocrx_word' id='word_1_178' title='bbox 615 2472 971 2544; x_wconf 85' lang='grc' dir='ltr'>ἀπεράντοις,</span> <span class='ocrx_word' id='word_1_179' title='bbox 1022 2472 1117 2527; x_wconf 77' lang='grc' dir='ltr'><strong>καὶ</strong></span> <span class='ocrx_word' id='word_1_180' title='bbox 1168 2473 1477 2539; x_wconf 79' lang='grc' dir='ltr'>Ἰουδαϊκοῖς</span> <span class='ocrx_word' id='word_1_181' title='bbox 1523 2474 1732 2545; x_wconf 84' lang='grc' dir='ltr'>τύφοις,</span> <span class='ocrx_word' id='word_1_182' title='bbox 1778 2493 1797 2528; x_wconf 79' lang='grc' dir='ltr'><strong>ι</strong></span> <span class='ocrx_word' id='word_1_183' title='bbox 1829 2490 2005 2545; x_wconf 86' lang='lat' dir='ltr'><strong>neque</strong></span> 
     </span>
    </p>
   </div>
   <div class='ocr_carea' id='block_1_25' title="bbox 422 2561 2005 2636">
    <p class='ocr_par' dir='ltr' id='par_1_25' title="bbox 422 2561 2005 2636">
     <span class='ocr_line' id='line_1_25' title="bbox 422 2561 2005 2636; baseline 0.002 -17"><span class='ocrx_word' id='word_1_184' title='bbox 422 2561 719 2619; x_wconf 85' lang='lat' dir='ltr'><strong>intendatis</strong></span> <span class='ocrx_word' id='word_1_185' title='bbox 758 2562 996 2628; x_wconf 88' lang='lat' dir='ltr'><strong>fabulis,</strong></span> <span class='ocrx_word' id='word_1_186' title='bbox 1039 2573 1092 2619; x_wconf 90' lang='lat' dir='ltr'><strong>et</strong></span> <span class='ocrx_word' id='word_1_187' title='bbox 1140 2564 1474 2636; x_wconf 87' lang='lat' dir='ltr'><strong>genealogiis</strong></span> <span class='ocrx_word' id='word_1_188' title='bbox 1520 2566 1910 2633; x_wconf 89' lang='lat' dir='ltr'><strong>interminatis,</strong></span> <span class='ocrx_word' id='word_1_189' title='bbox 1950 2575 2005 2622; x_wconf 88' lang='lat' dir='ltr'><strong>et</strong></span> 
     </span>
    </p>
   </div>
   <div class='ocr_carea' id='block_1_26' title="bbox 419 2650 2004 2729">
    <p class='ocr_par' dir='ltr' id='par_1_26' title="bbox 419 2650 2004 2729">
     <span class='ocr_line' id='line_1_26' title="bbox 419 2650 2004 2729; baseline 0.006 -23"><span class='ocrx_word' id='word_1_190' title='bbox 419 2650 663 2709; x_wconf 83' lang='lat' dir='ltr'><strong>Judaicis</strong></span> <span class='ocrx_word' id='word_1_191' title='bbox 686 2654 1087 2722; x_wconf 80' lang='lat' dir='ltr'><strong>inflationibus,</strong></span> <span class='ocrx_word' id='word_1_192' title='bbox 1120 2674 1139 2708; x_wconf 81' lang='grc' dir='ltr'><strong>ι</strong></span> <span class='ocrx_word' id='word_1_193' title='bbox 1177 2656 1362 2712; x_wconf 90' lang='lat' dir='ltr'><strong>locum</strong></span> <span class='ocrx_word' id='word_1_194' title='bbox 1395 2656 1452 2712; x_wconf 91' lang='lat' dir='ltr'><strong>S.</strong></span> <span class='ocrx_word' id='word_1_195' title='bbox 1498 2655 1656 2713; x_wconf 91' lang='lat' dir='ltr'><strong>Pauli</strong></span> <span class='ocrx_word' id='word_1_196' title='bbox 1700 2659 2004 2729; x_wconf 85' lang='lat' dir='ltr'><strong>respiciens</strong></span> 
     </span>
    </p>
   </div>
   <div class='ocr_carea' id='block_1_27' title="bbox 420 2743 2003 2813">
    <p class='ocr_par' dir='ltr' id='par_1_27' title="bbox 420 2743 2003 2813">
     <span class='ocr_line' id='line_1_27' title="bbox 420 2743 2003 2813; baseline 0.004 -13"><span class='ocrx_word' id='word_1_197' title='bbox 420 2746 491 2800; x_wconf 78' lang='lat' dir='ltr'><strong>ad</strong></span> <span class='ocrx_word' id='word_1_198' title='bbox 513 2743 860 2801; x_wconf 84' lang='lat' dir='ltr'><strong>Timotheum</strong></span> <span class='ocrx_word' id='word_1_199' title='bbox 886 2747 952 2813; x_wconf 82' lang='grc'><strong>³¹,</strong></span> <span class='ocrx_word' id='word_1_200' title='bbox 983 2747 1071 2803; x_wconf 91' lang='lat' dir='ltr'><strong>cui</strong></span> <span class='ocrx_word' id='word_1_201' title='bbox 1120 2748 1284 2803; x_wconf 89' lang='lat' dir='ltr'><strong>etiam</strong></span> <span class='ocrx_word' id='word_1_202' title='bbox 1320 2749 1530 2805; x_wconf 89' lang='lat' dir='ltr'><strong>addidit</strong></span> <span class='ocrx_word' id='word_1_203' title='bbox 1570 2750 1665 2806; x_wconf 93' lang='lat' dir='ltr'><strong>illa</strong></span> <span class='ocrx_word' id='word_1_204' title='bbox 1709 2750 1779 2806; x_wconf 88' lang='lat' dir='ltr'><strong>ad</strong></span> <span class='ocrx_word' id='word_1_205' title='bbox 1808 2750 2003 2806; x_wconf 87' lang='lat' dir='ltr'><strong>Corin-</strong></span> 
     </span>
    </p>
   </div>
   <div class='ocr_carea' id='block_1_28' title="bbox 425 2836 1997 2914">
    <p class='ocr_par' dir='ltr' id='par_1_28' title="bbox 425 2836 1997 2914">
     <span class='ocr_line' id='line_1_28' title="bbox 425 2836 1997 2914; baseline 0.004 -22"><span class='ocrx_word' id='word_1_206' title='bbox 425 2837 611 2894; x_wconf 86' lang='lat' dir='ltr'><strong>thios:</strong></span> <span class='ocrx_word' id='word_1_207' title='bbox 648 2836 838 2893; x_wconf 84' lang='lat' dir='ltr'><strong>Vetera</strong></span> <span class='ocrx_word' id='word_1_208' title='bbox 873 2841 1014 2894; x_wconf 85' lang='lat' dir='ltr'><strong>enim</strong></span> <span class='ocrx_word' id='word_1_209' title='bbox 1058 2841 1421 2908; x_wconf 77' lang='lat' dir='ltr'><strong>transierunt,</strong></span> <span class='ocrx_word' id='word_1_210' title='bbox 1457 2853 1507 2897; x_wconf 85' lang='lat' dir='ltr'><strong>et</strong></span> <span class='ocrx_word' id='word_1_211' title='bbox 1546 2858 1661 2898; x_wconf 84' lang='lat' dir='ltr'><strong>ecce</strong></span> <span class='ocrx_word' id='word_1_212' title='bbox 1689 2842 1837 2914; x_wconf 81' lang='lat' dir='ltr'><strong>facta</strong></span> <span class='ocrx_word' id='word_1_213' title='bbox 1871 2853 1997 2898; x_wconf 82' lang='lat' dir='ltr'><strong>sunt</strong></span> 
     </span>
    </p>
   </div>
   <div class='ocr_carea' id='block_1_29' title="bbox 421 2926 1994 3004">
    <p class='ocr_par' dir='ltr' id='par_1_29' title="bbox 421 2926 1994 3004">
     <span class='ocr_line' id='line_1_29' title="bbox 421 2926 1994 3004; baseline 0.004 -22"><span class='ocrx_word' id='word_1_214' title='bbox 421 2927 604 2982; x_wconf 82' lang='lat' dir='ltr'><strong>omnia</strong></span> <span class='ocrx_word' id='word_1_215' title='bbox 638 2944 772 2982; x_wconf 84' lang='lat' dir='ltr'><strong>nova</strong></span> <span class='ocrx_word' id='word_1_216' title='bbox 797 2928 861 2983; x_wconf 83' lang='grc'><strong>³³.</strong></span> <span class='ocrx_word' id='word_1_217' title='bbox 893 2926 1107 2984; x_wconf 90' lang='lat' dir='ltr'><strong>Nullam</strong></span> <span class='ocrx_word' id='word_1_218' title='bbox 1134 2939 1282 2986; x_wconf 89' lang='lat' dir='ltr'><strong>certe</strong></span> <span class='ocrx_word' id='word_1_219' title='bbox 1308 2932 1472 2987; x_wconf 90' lang='lat' dir='ltr'><strong>aliam</strong></span> <span class='ocrx_word' id='word_1_220' title='bbox 1500 2931 1665 3003; x_wconf 87' lang='lat' dir='ltr'><strong>hujus</strong></span> <span class='ocrx_word' id='word_1_221' title='bbox 1695 2933 1798 2989; x_wconf 87' lang='lat' dir='ltr'><strong>loci</strong></span> <span class='ocrx_word' id='word_1_222' title='bbox 1825 2948 1994 3004; x_wconf 84' lang='lat' dir='ltr'><strong>expo-</strong></span> 
     </span>
    </p>
   </div>
   <div class='ocr_carea' id='block_1_30' title="bbox 427 3016 2000 3096">
    <p class='ocr_par' dir='ltr' id='par_1_30' title="bbox 427 3016 2000 3096">
     <span class='ocr_line' id='line_1_30' title="bbox 427 3016 2000 3096; baseline 0.004 -23"><span class='ocrx_word' id='word_1_223' title='bbox 427 3016 682 3073; x_wconf 89' lang='lat' dir='ltr'><strong>sitionem</strong></span> <span class='ocrx_word' id='word_1_224' title='bbox 724 3020 930 3089; x_wconf 89' lang='lat' dir='ltr'><strong>patitur</strong></span> <span class='ocrx_word' id='word_1_225' title='bbox 965 3021 1103 3076; x_wconf 89' lang='lat' dir='ltr'><strong>ratio</strong></span> <span class='ocrx_word' id='word_1_226' title='bbox 1142 3021 1264 3093; x_wconf 88' lang='lat' dir='ltr'><strong>ipsa</strong></span> <span class='ocrx_word' id='word_1_227' title='bbox 1311 3024 1713 3081; x_wconf 84' lang='lat' dir='ltr'><strong>exhortationis</strong></span> <span class='ocrx_word' id='word_1_228' title='bbox 1741 3041 1865 3096; x_wconf 81' lang='lat' dir='ltr'><strong>qua</strong></span> <span class='ocrx_word' id='word_1_229' title='bbox 1893 3026 2000 3080; x_wconf 91' lang='lat' dir='ltr'><strong>im-</strong></span> 
     </span>
    </p>
   </div>
   <div class='ocr_carea' id='block_1_31' title="bbox 425 3109 2074 3206">
    <p class='ocr_par' dir='ltr' id='par_1_31' title="bbox 425 3109 2074 3206">
     <span class='ocr_line' id='line_1_31' title="bbox 425 3109 2074 3206; baseline 0.005 -44"><span class='ocrx_word' id='word_1_230' title='bbox 425 3109 660 3164; x_wconf 87' lang='lat' dir='ltr'><strong>mediate</strong></span> <span class='ocrx_word' id='word_1_231' title='bbox 687 3110 1038 3181; x_wconf 78' lang='lat' dir='ltr'><strong>subjungitur</strong></span> <span class='ocrx_word' id='word_1_232' title='bbox 1066 3128 1079 3164; x_wconf 94' lang='lat'><strong>:</strong></span> <span class='ocrx_word' id='word_1_233' title='bbox 1114 3131 1134 3165; x_wconf 77' lang='grc' dir='ltr'><strong>ι</strong></span> <span class='ocrx_word' id='word_1_234' title='bbox 1174 3111 1230 3168; x_wconf 89' lang='lat' dir='ltr'><strong>Si</strong></span> <span class='ocrx_word' id='word_1_235' title='bbox 1250 3115 1396 3169; x_wconf 91' lang='lat' dir='ltr'><strong>enim</strong></span> <span class='ocrx_word' id='word_1_236' title='bbox 1428 3130 1604 3186; x_wconf 88' lang='lat' dir='ltr'><strong>usque</strong></span> <span class='ocrx_word' id='word_1_237' title='bbox 1627 3132 1775 3172; x_wconf 90' lang='lat' dir='ltr'><strong>nunc</strong></span> <span class='ocrx_word' id='word_1_238' title='bbox 1804 3132 2001 3172; x_wconf 82' lang='lat' dir='ltr'><strong>secun-</strong></span> <span class='ocrx_word' id='word_1_239' title='bbox 2026 3145 2074 3206; x_wconf 67' lang='grc' dir='ltr'>ο</span> 
     </span>
    </p>
   </div>
   <div class='ocr_carea' id='block_1_32' title="bbox 424 3200 2002 3281">
    <p class='ocr_par' dir='ltr' id='par_1_32' title="bbox 424 3200 2002 3281">
     <span class='ocr_line' id='line_1_32' title="bbox 424 3200 2002 3281; baseline 0.004 -25"><span class='ocrx_word' id='word_1_240' title='bbox 424 3201 555 3256; x_wconf 89' lang='lat' dir='ltr'><strong>dum</strong></span> <span class='ocrx_word' id='word_1_241' title='bbox 595 3200 945 3259; x_wconf 84' lang='lat' dir='ltr'><strong>Judaismum</strong></span> <span class='ocrx_word' id='word_1_242' title='bbox 975 3204 1237 3271; x_wconf 89' lang='lat' dir='ltr'><strong>vivimus,</strong></span> <span class='ocrx_word' id='word_1_243' title='bbox 1277 3205 1607 3262; x_wconf 85' lang='lat' dir='ltr'><strong>conﬁtemur</strong></span> <span class='ocrx_word' id='word_1_244' title='bbox 1637 3208 1868 3281; x_wconf 84' lang='lat' dir='ltr'><strong>gratiam</strong></span> <span class='ocrx_word' id='word_1_245' title='bbox 1891 3224 2002 3263; x_wconf 91' lang='lat' dir='ltr'><strong>non</strong></span> 
     </span>
    </p>
   </div>
   <div class='ocr_carea' id='block_1_33' title="bbox 425 3292 2006 3366">
    <p class='ocr_par' dir='ltr' id='par_1_33' title="bbox 425 3292 2006 3366">
     <span class='ocr_line' id='line_1_33' title="bbox 425 3292 2006 3366; baseline 0.001 -18"><span class='ocrx_word' id='word_1_246' title='bbox 425 3293 719 3363; x_wconf 86' lang='lat' dir='ltr'><strong>recepisse.</strong></span> <span class='ocrx_word' id='word_1_247' title='bbox 758 3312 775 3345; x_wconf 81' lang='grc' dir='ltr'><strong>ι</strong></span> <span class='ocrx_word' id='word_1_248' title='bbox 809 3292 923 3347; x_wconf 84' lang='lat' dir='ltr'><strong>Nisi</strong></span> <span class='ocrx_word' id='word_1_249' title='bbox 951 3294 1099 3350; x_wconf 90' lang='lat' dir='ltr'><strong>enim</strong></span> <span class='ocrx_word' id='word_1_250' title='bbox 1143 3296 1331 3366; x_wconf 91' lang='lat' dir='ltr'><strong>priora</strong></span> <span class='ocrx_word' id='word_1_251' title='bbox 1381 3296 1449 3352; x_wconf 94' lang='lat' dir='ltr'><strong>de</strong></span> <span class='ocrx_word' id='word_1_252' title='bbox 1478 3295 1762 3352; x_wconf 80' lang='lat' dir='ltr'><strong>Judaismo</strong></span> <span class='ocrx_word' id='word_1_253' title='bbox 1803 3296 2006 3352; x_wconf 75' lang='lat' dir='ltr'><strong>intelli-</strong></span> 
     </span>
    </p>
   </div>
   <div class='ocr_carea' id='block_1_34' title="bbox 425 3384 2001 3462">
    <p class='ocr_par' dir='ltr' id='par_1_34' title="bbox 425 3384 2001 3462">
     <span class='ocr_line' id='line_1_34' title="bbox 425 3384 2001 3462; baseline 0.003 -24"><span class='ocrx_word' id='word_1_254' title='bbox 425 3395 644 3456; x_wconf 80' lang='lat' dir='ltr'><strong>gantur,</strong></span> <span class='ocrx_word' id='word_1_255' title='bbox 678 3385 794 3441; x_wconf 79' lang='lat' dir='ltr'><strong>hac</strong></span> <span class='ocrx_word' id='word_1_256' title='bbox 813 3388 975 3458; x_wconf 89' lang='lat' dir='ltr'><strong>plane</strong></span> <span class='ocrx_word' id='word_1_257' title='bbox 1004 3396 1165 3442; x_wconf 90' lang='lat' dir='ltr'><strong>erunt</strong></span> <span class='ocrx_word' id='word_1_258' title='bbox 1187 3389 1437 3444; x_wconf 89' lang='lat' dir='ltr'><strong>ridicula.</strong></span> <span class='ocrx_word' id='word_1_259' title='bbox 1467 3384 1764 3456; x_wconf 85' lang='lat' dir='ltr'><strong>Quorsum,</strong></span> <span class='ocrx_word' id='word_1_260' title='bbox 1790 3403 2001 3462; x_wconf 87' lang='lat' dir='ltr'><strong>quaso,</strong></span> 
     </span>
    </p>
   </div>
   <div class='ocr_carea' id='block_1_35' title="bbox 428 3477 2006 3544">
    <p class='ocr_par' dir='ltr' id='par_1_35' title="bbox 428 3477 2006 3544">
     <span class='ocr_line' id='line_1_35' title="bbox 428 3477 2006 3544; baseline 0.002 -12"><span class='ocrx_word' id='word_1_261' title='bbox 428 3477 564 3544; x_wconf 86' lang='lat' dir='ltr'><strong>hac,</strong></span> <span class='ocrx_word' id='word_1_262' title='bbox 583 3477 685 3534; x_wconf 92' lang='lat' dir='ltr'><strong>nisi</strong></span> <span class='ocrx_word' id='word_1_263' title='bbox 714 3477 825 3534; x_wconf 92' lang='lat' dir='ltr'><strong>illis</strong></span> <span class='ocrx_word' id='word_1_264' title='bbox 868 3478 1070 3537; x_wconf 81' lang='lat' dir='ltr'><strong>fabulis</strong></span> <span class='ocrx_word' id='word_1_265' title='bbox 1099 3481 1327 3536; x_wconf 73' lang='lat' dir='ltr'><strong>vetustis</strong></span> <span class='ocrx_word' id='word_1_266' title='bbox 1355 3490 1409 3535; x_wconf 91' lang='lat' dir='ltr'><strong>et</strong></span> <span class='ocrx_word' id='word_1_267' title='bbox 1438 3480 1723 3537; x_wconf 89' lang='lat' dir='ltr'><strong>inutilibus</strong></span> <span class='ocrx_word' id='word_1_268' title='bbox 1745 3482 1809 3536; x_wconf 88' lang='lat' dir='ltr'><strong>ad</strong></span> <span class='ocrx_word' id='word_1_269' title='bbox 1824 3479 2006 3536; x_wconf 84' lang='lat' dir='ltr'><strong>Judai-</strong></span> 
     </span>
    </p>
   </div>
   <div class='ocr_carea' id='block_1_36' title="bbox 427 3569 2003 3627">
    <p class='ocr_par' dir='ltr' id='par_1_36' title="bbox 427 3569 2003 3627">
     <span class='ocr_line' id='line_1_36' title="bbox 427 3569 2003 3627; baseline 0.003 -6"><span class='ocrx_word' id='word_1_270' title='bbox 427 3582 554 3621; x_wconf 92' lang='lat' dir='ltr'><strong>cum</strong></span> <span class='ocrx_word' id='word_1_271' title='bbox 588 3569 712 3623; x_wconf 89' lang='lat' dir='ltr'><strong>vita</strong></span> <span class='ocrx_word' id='word_1_272' title='bbox 750 3569 1124 3626; x_wconf 83' lang='lat' dir='ltr'><strong>characterem</strong></span> <span class='ocrx_word' id='word_1_273' title='bbox 1165 3570 1516 3627; x_wconf 88' lang='lat' dir='ltr'><strong>Christianos</strong></span> <span class='ocrx_word' id='word_1_274' title='bbox 1548 3581 1865 3627; x_wconf 87' lang='lat' dir='ltr'><strong>revocarent</strong></span> <span class='ocrx_word' id='word_1_275' title='bbox 1889 3571 2003 3626; x_wconf 86' lang='lat' dir='ltr'><strong>ha-</strong></span> 
     </span>
    </p>
   </div>
   <div class='ocr_carea' id='block_1_37' title="bbox 429 3659 2008 3734">
    <p class='ocr_par' dir='ltr' id='par_1_37' title="bbox 429 3659 2008 3734">
     <span class='ocr_line' id='line_1_37' title="bbox 429 3659 2008 3734; baseline 0.002 -20"><span class='ocrx_word' id='word_1_276' title='bbox 429 3659 584 3714; x_wconf 86' lang='lat' dir='ltr'><strong>retici</strong></span> <span class='ocrx_word' id='word_1_277' title='bbox 621 3660 722 3727; x_wconf 91' lang='lat' dir='ltr'><strong>illi,</strong></span> <span class='ocrx_word' id='word_1_278' title='bbox 756 3675 951 3718; x_wconf 89' lang='lat' dir='ltr'><strong>contra</strong></span> <span class='ocrx_word' id='word_1_279' title='bbox 997 3678 1139 3734; x_wconf 90' lang='lat' dir='ltr'><strong>quos</strong></span> <span class='ocrx_word' id='word_1_280' title='bbox 1167 3663 1456 3733; x_wconf 87' lang='lat' dir='ltr'><strong>disputat?</strong></span> <span class='ocrx_word' id='word_1_281' title='bbox 1484 3665 1570 3718; x_wconf 79' lang='lat' dir='ltr'><strong>At.</strong></span> <span class='ocrx_word' id='word_1_282' title='bbox 1605 3663 1742 3717; x_wconf 85' lang='lat' dir='ltr'><strong>nihil</strong></span> <span class='ocrx_word' id='word_1_283' title='bbox 1771 3662 1876 3717; x_wconf 90' lang='lat' dir='ltr'><strong>tale</strong></span> <span class='ocrx_word' id='word_1_284' title='bbox 1905 3662 2008 3718; x_wconf 77' lang='lat' dir='ltr'><strong>do-</strong></span> 
     </span>
    </p>
   </div>
   <div class='ocr_carea' id='block_1_38' title="bbox 430 3748 2006 3823">
    <p class='ocr_par' dir='ltr' id='par_1_38' title="bbox 430 3748 2006 3823">
     <span class='ocr_line' id='line_1_38' title="bbox 430 3748 2006 3823; baseline 0 -18"><span class='ocrx_word' id='word_1_285' title='bbox 430 3765 498 3805; x_wconf 92' lang='lat' dir='ltr'><strong>cu</strong></span> <span class='ocrx_word' id='word_1_286' title='bbox 526 3758 546 3804; x_wconf 94' lang='lat' dir='ltr'><strong>t</strong></span> <span class='ocrx_word' id='word_1_287' title='bbox 574 3748 843 3807; x_wconf 79' lang='lat' dir='ltr'><strong>Valentini</strong></span> <span class='ocrx_word' id='word_1_288' title='bbox 875 3752 1100 3819; x_wconf 89' lang='lat' dir='ltr'><strong>schola;</strong></span> <span class='ocrx_word' id='word_1_289' title='bbox 1137 3755 1232 3823; x_wconf 91' lang='lat' dir='ltr'><strong>qui</strong></span> <span class='ocrx_word' id='word_1_290' title='bbox 1260 3762 1372 3807; x_wconf 89' lang='lat' dir='ltr'><strong>tam</strong></span> <span class='ocrx_word' id='word_1_291' title='bbox 1421 3752 1629 3823; x_wconf 89' lang='lat' dir='ltr'><strong>abjecte</strong></span> <span class='ocrx_word' id='word_1_292' title='bbox 1653 3752 1720 3807; x_wconf 91' lang='lat' dir='ltr'><strong>de</strong></span> <span class='ocrx_word' id='word_1_293' title='bbox 1757 3751 2006 3807; x_wconf 84' lang='lat' dir='ltr'><strong>Demiur-</strong></span> 
     </span>
    </p>
   </div>
   <div class='ocr_carea' id='block_1_39' title="bbox 430 3841 2006 3921">
    <p class='ocr_par' dir='ltr' id='par_1_39' title="bbox 430 3841 2006 3921">
     <span class='ocr_line' id='line_1_39' title="bbox 430 3841 2006 3921; baseline 0.001 -24"><span class='ocrx_word' id='word_1_294' title='bbox 430 3857 502 3921; x_wconf 82' lang='lat' dir='ltr'><strong>go</strong></span> <span class='ocrx_word' id='word_1_295' title='bbox 549 3841 802 3912; x_wconf 83' lang='lat' dir='ltr'><strong>scripsit,</strong></span> <span class='ocrx_word' id='word_1_296' title='bbox 851 3844 920 3898; x_wconf 84' lang='lat' dir='ltr'><strong>ad</strong></span> <span class='ocrx_word' id='word_1_297' title='bbox 976 3844 1146 3914; x_wconf 84' lang='lat' dir='ltr'><strong>legem</strong></span> <span class='ocrx_word' id='word_1_298' title='bbox 1184 3845 1481 3901; x_wconf 85' lang='lat' dir='ltr'><strong>Mosaicam</strong></span> <span class='ocrx_word' id='word_1_299' title='bbox 1523 3844 1826 3915; x_wconf 92' lang='lat' dir='ltr'><strong>discipulos</strong></span> <span class='ocrx_word' id='word_1_300' title='bbox 1864 3860 2006 3899; x_wconf 90' lang='lat' dir='ltr'><strong>nun-</strong></span> 
     </span>
    </p>
   </div>
   <div class='ocr_carea' id='block_1_40' title="bbox 430 3934 2007 4007">
    <p class='ocr_par' dir='ltr' id='par_1_40' title="bbox 430 3934 2007 4007">
     <span class='ocr_line' id='line_1_40' title="bbox 430 3934 2007 4007; baseline 0.003 -21"><span class='ocrx_word' id='word_1_301' title='bbox 430 3948 597 4006; x_wconf 77' lang='lat' dir='ltr'><strong>quam</strong></span> <span class='ocrx_word' id='word_1_302' title='bbox 623 3935 919 3989; x_wconf 90' lang='lat' dir='ltr'><strong>revocavit.</strong></span> <span class='ocrx_word' id='word_1_303' title='bbox 953 3934 1193 3993; x_wconf 88' lang='lat' dir='ltr'><strong>Ebionai</strong></span> <span class='ocrx_word' id='word_1_304' title='bbox 1237 3936 1344 3993; x_wconf 92' lang='lat' dir='ltr'><strong>hoc</strong></span> <span class='ocrx_word' id='word_1_305' title='bbox 1388 3936 1688 4007; x_wconf 88' lang='lat' dir='ltr'><strong>urgebant,</strong></span> <span class='ocrx_word' id='word_1_306' title='bbox 1720 3934 1814 4006; x_wconf 89' lang='lat' dir='ltr'><strong>qui</strong></span> <span class='ocrx_word' id='word_1_307' title='bbox 1844 3935 2007 3991; x_wconf 46' lang='lat' dir='ltr'><strong>Chri:</strong></span> 
     </span>
    </p>
   </div>
   <div class='ocr_carea' id='block_1_41' title="bbox 430 4022 2003 4093">
    <p class='ocr_par' dir='ltr' id='par_1_41' title="bbox 430 4022 2003 4093">
     <span class='ocr_line' id='line_1_41' title="bbox 430 4022 2003 4093; baseline 0.004 -17"><span class='ocrx_word' id='word_1_308' title='bbox 430 4030 576 4091; x_wconf 78' lang='lat' dir='ltr'><strong>stum</strong></span> <span class='ocrx_word' id='word_1_309' title='bbox 615 4025 792 4093; x_wconf 90' lang='lat' dir='ltr'><strong>ipsum</strong></span> <span class='ocrx_word' id='word_1_310' title='bbox 821 4022 1065 4082; x_wconf 89' lang='lat' dir='ltr'><strong>Judaicis</strong></span> <span class='ocrx_word' id='word_1_311' title='bbox 1089 4028 1286 4083; x_wconf 89' lang='lat' dir='ltr'><strong>ritibus</strong></span> <span class='ocrx_word' id='word_1_312' title='bbox 1313 4028 1661 4083; x_wconf 88' lang='lat' dir='ltr'><strong>obedientem</strong></span> <span class='ocrx_word' id='word_1_313' title='bbox 1702 4026 1871 4083; x_wconf 87' lang='lat' dir='ltr'><strong>fuisse</strong></span> <span class='ocrx_word' id='word_1_314' title='bbox 1900 4028 2003 4083; x_wconf 89' lang='lat' dir='ltr'><strong>ob-</strong></span> 
     </span>
    </p>
   </div>
   <div class='ocr_carea' id='block_1_42' title="bbox 430 4115 2005 4190">
    <p class='ocr_par' dir='ltr' id='par_1_42' title="bbox 430 4115 2005 4190">
     <span class='ocr_line' id='line_1_42' title="bbox 430 4115 2005 4190; baseline 0.003 -18"><span class='ocrx_word' id='word_1_315' title='bbox 430 4115 741 4183; x_wconf 89' lang='lat' dir='ltr'><strong>servabant,</strong></span> <span class='ocrx_word' id='word_1_316' title='bbox 779 4125 833 4172; x_wconf 93' lang='lat' dir='ltr'><strong>et</strong></span> <span class='ocrx_word' id='word_1_317' title='bbox 859 4117 1006 4175; x_wconf 92' lang='lat' dir='ltr'><strong>illius</strong></span> <span class='ocrx_word' id='word_1_318' title='bbox 1034 4119 1285 4190; x_wconf 84' lang='lat' dir='ltr'><strong>exemplo</strong></span> <span class='ocrx_word' id='word_1_319' title='bbox 1314 4119 1660 4176; x_wconf 88' lang='lat' dir='ltr'><strong>Christianos</strong></span> <span class='ocrx_word' id='word_1_320' title='bbox 1695 4136 1886 4177; x_wconf 90' lang='lat' dir='ltr'><strong>omnes</strong></span> <span class='ocrx_word' id='word_1_321' title='bbox 1935 4120 2005 4177; x_wconf 90' lang='lat' dir='ltr'><strong>ad</strong></span> 
     </span>
    </p>
   </div>
   <div class='ocr_carea' id='block_1_43' title="bbox 428 4209 2004 4284">
    <p class='ocr_par' dir='ltr' id='par_1_43' title="bbox 428 4209 2004 4284">
     <span class='ocr_line' id='line_1_43' title="bbox 428 4209 2004 4284; baseline 0.004 -21"><span class='ocrx_word' id='word_1_322' title='bbox 428 4209 648 4272; x_wconf 81' lang='lat' dir='ltr'><strong>eosdem</strong></span> <span class='ocrx_word' id='word_1_323' title='bbox 688 4210 829 4266; x_wconf 91' lang='lat' dir='ltr'><strong>ritus</strong></span> <span class='ocrx_word' id='word_1_324' title='bbox 869 4210 1243 4269; x_wconf 88' lang='lat' dir='ltr'><strong>observandos</strong></span> <span class='ocrx_word' id='word_1_325' title='bbox 1299 4211 1541 4284; x_wconf 83' lang='lat' dir='ltr'><strong>obligare</strong></span> <span class='ocrx_word' id='word_1_326' title='bbox 1585 4212 1893 4268; x_wconf 88' lang='lat' dir='ltr'><strong>voluerunt.</strong></span> <span class='ocrx_word' id='word_1_327' title='bbox 1940 4211 2004 4270; x_wconf 86' lang='lat' dir='ltr'><strong>Hi</strong></span> 
     </span>
    </p>
   </div>
   <div class='ocr_carea' id='block_1_44' title="bbox 426 4299 2008 4374">
    <p class='ocr_par' dir='ltr' id='par_1_44' title="bbox 426 4299 2008 4374">
     <span class='ocr_line' id='line_1_44' title="bbox 426 4299 2008 4374; baseline 0.002 -21"><span class='ocrx_word' id='word_1_328' title='bbox 426 4299 573 4363; x_wconf 70' lang='lat' dir='ltr'><strong>enim</strong></span> <span class='ocrx_word' id='word_1_329' title='bbox 619 4299 926 4355; x_wconf 88' lang='lat' dir='ltr'><strong>docuerunt</strong></span> <span class='ocrx_word' id='word_1_330' title='bbox 975 4299 1086 4354; x_wconf 85' lang='grc' dir='ltr'>δεῖν</span> <span class='ocrx_word' id='word_1_331' title='bbox 1147 4301 1365 4366; x_wconf 76' lang='grc' dir='ltr'>πάντως</span> <span class='ocrx_word' id='word_1_332' title='bbox 1421 4301 1606 4365; x_wconf 81' lang='grc' dir='ltr'>αὐτοῖς</span> <span class='ocrx_word' id='word_1_333' title='bbox 1654 4300 1751 4373; x_wconf 81' lang='grc' dir='ltr'><strong>τῆς</strong></span> <span class='ocrx_word' id='word_1_334' title='bbox 1780 4303 2008 4374; x_wconf 81' lang='grc' dir='ltr'>νομικῆς</span> 
     </span>
    </p>
   </div>
   <div class='ocr_carea' id='block_1_45' title="bbox 429 4391 2007 4466">
    <p class='ocr_par' dir='ltr' id='par_1_45' title="bbox 429 4391 2007 4466">
     <span class='ocr_line' id='line_1_45' title="bbox 429 4391 2007 4466; baseline 0.002 -19"><span class='ocrx_word' id='word_1_335' title='bbox 429 4391 746 4465; x_wconf 81' lang='grc' dir='ltr'><strong>θρησκείας,</strong></span> <span class='ocrx_word' id='word_1_336' title='bbox 772 4393 849 4458; x_wconf 86' lang='grc' dir='ltr'>ὡς</span> <span class='ocrx_word' id='word_1_337' title='bbox 890 4393 964 4465; x_wconf 86' lang='grc' dir='ltr'>μὴ</span> <span class='ocrx_word' id='word_1_338' title='bbox 996 4393 1060 4449; x_wconf 84' lang='grc' dir='ltr'><strong>ἂν</strong></span> <span class='ocrx_word' id='word_1_339' title='bbox 1086 4393 1177 4447; x_wconf 84' lang='grc' dir='ltr'>διὰ</span> <span class='ocrx_word' id='word_1_340' title='bbox 1200 4395 1366 4466; x_wconf 83' lang='grc' dir='ltr'>μόνης</span> <span class='ocrx_word' id='word_1_341' title='bbox 1391 4393 1491 4465; x_wconf 79' lang='grc' dir='ltr'><strong>τῆς</strong></span> <span class='ocrx_word' id='word_1_342' title='bbox 1517 4395 1597 4459; x_wconf 71' lang='grc' dir='ltr'>εἰς</span> <span class='ocrx_word' id='word_1_343' title='bbox 1638 4394 1729 4449; x_wconf 80' lang='grc' dir='ltr'>τὸν</span> <span class='ocrx_word' id='word_1_344' title='bbox 1773 4395 2007 4464; x_wconf 82' lang='grc' dir='ltr'>Χριστὸν</span> 
     </span>
    </p>
   </div>
   <div class='ocr_carea' id='block_1_46' title="bbox 2100 541 3686 620">
    <p class='ocr_par' dir='ltr' id='par_1_46' title="bbox 2100 541 3686 620">
     <span class='ocr_line' id='line_1_46' title="bbox 2100 541 3686 620; baseline -0.004 -13"><span class='ocrx_word' id='word_1_345' title='bbox 2100 549 2170 607; x_wconf 86' lang='lat' dir='ltr'><strong>ab</strong></span> <span class='ocrx_word' id='word_1_346' title='bbox 2212 550 2512 606; x_wconf 88' lang='lat' dir='ltr'><strong>incredulis</strong></span> <span class='ocrx_word' id='word_1_347' title='bbox 2549 548 2684 620; x_wconf 82' lang='lat' dir='ltr'><strong>ipsis</strong></span> <span class='ocrx_word' id='word_1_348' title='bbox 2724 544 2997 603; x_wconf 85' lang='lat' dir='ltr'><strong>hareticis</strong></span> <span class='ocrx_word' id='word_1_349' title='bbox 3023 545 3208 616; x_wconf 85' lang='lat' dir='ltr'><strong>negari</strong></span> <span class='ocrx_word' id='word_1_350' title='bbox 3243 546 3456 617; x_wconf 86' lang='lat' dir='ltr'><strong>possit,</strong></span> <span class='ocrx_word' id='word_1_351' title='bbox 3485 546 3571 601; x_wconf 79' lang='grc' dir='ltr'><strong>ὅτι</strong></span> <span class='ocrx_word' id='word_1_352' title='bbox 3599 541 3686 611; x_wconf 71' lang='grc' dir='ltr'><strong>εἷς</strong></span> 
     </span>
    </p>
   </div>
   <div class='ocr_carea' id='block_1_47' title="bbox 2103 632 3685 710">
    <p class='ocr_par' dir='ltr' id='par_1_47' title="bbox 2103 632 3685 710">
     <span class='ocr_line' id='line_1_47' title="bbox 2103 632 3685 710; baseline -0.006 -15"><span class='ocrx_word' id='word_1_353' title='bbox 2103 640 2235 706; x_wconf 86' lang='grc' dir='ltr'><strong>Θεός</strong></span> <span class='ocrx_word' id='word_1_354' title='bbox 2257 641 2407 694; x_wconf 71' lang='grc' dir='ltr'>ἐστιν</span> <span class='ocrx_word' id='word_1_355' title='bbox 2433 640 2463 692; x_wconf 86' lang='grc' dir='ltr'>ὁ</span> <span class='ocrx_word' id='word_1_356' title='bbox 2487 636 2809 710; x_wconf 82' lang='grc' dir='ltr'>φανερώσας</span> <span class='ocrx_word' id='word_1_357' title='bbox 2833 633 3028 689; x_wconf 78' lang='grc' dir='ltr'><strong>ἑαυτὸν</strong></span> <span class='ocrx_word' id='word_1_358' title='bbox 3069 632 3159 688; x_wconf 80' lang='grc' dir='ltr'><strong>διὰ</strong></span> <span class='ocrx_word' id='word_1_359' title='bbox 3186 632 3365 704; x_wconf 81' lang='grc' dir='ltr'><strong>Ἰησοῦ</strong></span> <span class='ocrx_word' id='word_1_360' title='bbox 3401 632 3648 705; x_wconf 78' lang='grc' dir='ltr'><strong>Χριστοῦ</strong></span> <span class='ocrx_word' id='word_1_361' title='bbox 3665 671 3685 693; x_wconf 86' lang='grc'>,</span> 
     </span>
    </p>
   </div>
   <div class='ocr_carea' id='block_1_48' title="bbox 2098 723 3686 802">
    <p class='ocr_par' dir='ltr' id='par_1_48' title="bbox 2098 723 3686 802">
     <span class='ocr_line' id='line_1_48' title="bbox 2098 723 3686 802; baseline -0.005 -17"><span class='ocrx_word' id='word_1_362' title='bbox 2098 731 2243 802; x_wconf 93' lang='lat' dir='ltr'><strong>quod</strong></span> <span class='ocrx_word' id='word_1_363' title='bbox 2274 728 2419 786; x_wconf 90' lang='lat' dir='ltr'><strong>Deus</strong></span> <span class='ocrx_word' id='word_1_364' title='bbox 2446 744 2610 801; x_wconf 87' lang='lat' dir='ltr'><strong>quem</strong></span> <span class='ocrx_word' id='word_1_365' title='bbox 2635 728 2713 783; x_wconf 93' lang='lat' dir='ltr'><strong>illi</strong></span> <span class='ocrx_word' id='word_1_366' title='bbox 2737 727 3045 792; x_wconf 85' lang='lat' dir='ltr'><strong>coluerunt,</strong></span> <span class='ocrx_word' id='word_1_367' title='bbox 3073 741 3218 781; x_wconf 90' lang='lat' dir='ltr'><strong>unus</strong></span> <span class='ocrx_word' id='word_1_368' title='bbox 3239 733 3295 779; x_wconf 91' lang='lat' dir='ltr'><strong>et</strong></span> <span class='ocrx_word' id='word_1_369' title='bbox 3313 723 3452 779; x_wconf 92' lang='lat' dir='ltr'><strong>idem</strong></span> <span class='ocrx_word' id='word_1_370' title='bbox 3470 724 3686 794; x_wconf 84' lang='lat' dir='ltr'><strong>sit,qui</strong></span> 
     </span>
    </p>
   </div>
   <div class='ocr_carea' id='block_1_49' title="bbox 2096 815 3687 894">
    <p class='ocr_par' dir='ltr' id='par_1_49' title="bbox 2096 815 3687 894">
     <span class='ocr_line' id='line_1_49' title="bbox 2096 815 3687 894; baseline -0.007 -13"><span class='ocrx_word' id='word_1_371' title='bbox 2096 839 2159 881; x_wconf 87' lang='lat' dir='ltr'><strong>se</strong></span> <span class='ocrx_word' id='word_1_372' title='bbox 2187 839 2283 894; x_wconf 90' lang='lat' dir='ltr'><strong>per</strong></span> <span class='ocrx_word' id='word_1_373' title='bbox 2307 821 2493 878; x_wconf 79' lang='lat' dir='ltr'><strong>Jesum</strong></span> <span class='ocrx_word' id='word_1_374' title='bbox 2514 820 2792 877; x_wconf 89' lang='lat' dir='ltr'><strong>Christum</strong></span> <span class='ocrx_word' id='word_1_375' title='bbox 2814 817 3090 885; x_wconf 87' lang='lat' dir='ltr'><strong>revelavit,</strong></span> <span class='ocrx_word' id='word_1_376' title='bbox 3117 817 3276 887; x_wconf 89' lang='lat' dir='ltr'><strong>cujus</strong></span> <span class='ocrx_word' id='word_1_377' title='bbox 3291 815 3368 869; x_wconf 91' lang='lat' dir='ltr'><strong>illi</strong></span> <span class='ocrx_word' id='word_1_378' title='bbox 3388 815 3559 887; x_wconf 83' lang='lat' dir='ltr'><strong>gratia</strong></span> <span class='ocrx_word' id='word_1_379' title='bbox 3593 831 3687 870; x_wconf 56' lang='lat' dir='ltr'><strong>rec</strong></span> 
     </span>
    </p>
   </div>
   <div class='ocr_carea' id='block_1_50' title="bbox 2098 907 3684 987">
    <p class='ocr_par' dir='ltr' id='par_1_50' title="bbox 2098 907 3684 987">
     <span class='ocr_line' id='line_1_50' title="bbox 2098 907 3684 987; baseline -0.006 -17"><span class='ocrx_word' id='word_1_380' title='bbox 2098 915 2229 987; x_wconf 88' lang='lat' dir='ltr'><strong>pleti</strong></span> <span class='ocrx_word' id='word_1_381' title='bbox 2261 923 2418 971; x_wconf 90' lang='lat' dir='ltr'><strong>erant</strong></span> <span class='ocrx_word' id='word_1_382' title='bbox 2444 932 2458 968; x_wconf 89' lang='lat'><strong>:</strong></span> <span class='ocrx_word' id='word_1_383' title='bbox 2492 909 3253 983; x_wconf 84' lang='lat' dir='ltr'><strong>Jesum,inquam,Christum</strong></span> <span class='ocrx_word' id='word_1_384' title='bbox 3275 907 3471 963; x_wconf 89' lang='lat' dir='ltr'><strong>Filium</strong></span> <span class='ocrx_word' id='word_1_385' title='bbox 3486 923 3684 972; x_wconf 83' lang='lat' dir='ltr'><strong>suum,</strong></span> 
     </span>
    </p>
   </div>
   <div class='ocr_carea' id='block_1_51' title="bbox 2097 999 3687 1076">
    <p class='ocr_par' dir='ltr' id='par_1_51' title="bbox 2097 999 3687 1076">
     <span class='ocr_line' id='line_1_51' title="bbox 2097 999 3687 1076; baseline -0.008 -12"><span class='ocrx_word' id='word_1_386' title='bbox 2097 1023 2208 1064; x_wconf 92' lang='lat' dir='ltr'><strong>non</strong></span> <span class='ocrx_word' id='word_1_387' title='bbox 2270 1007 2457 1072; x_wconf 89' lang='lat' dir='ltr'><strong>talem,</strong></span> <span class='ocrx_word' id='word_1_388' title='bbox 2509 1006 2728 1076; x_wconf 90' lang='lat' dir='ltr'><strong>qualem</strong></span> <span class='ocrx_word' id='word_1_389' title='bbox 2767 1004 2848 1060; x_wconf 87' lang='lat' dir='ltr'><strong>illi</strong></span> <span class='ocrx_word' id='word_1_390' title='bbox 2898 1004 3097 1059; x_wconf 89' lang='lat' dir='ltr'><strong>docent</strong></span> <span class='ocrx_word' id='word_1_391' title='bbox 3141 1000 3329 1073; x_wconf 82' lang='grc' dir='ltr'><strong>(λιτόν,</strong></span> <span class='ocrx_word' id='word_1_392' title='bbox 3382 999 3464 1055; x_wconf 89' lang='lat' dir='ltr'><strong>vel</strong></span> <span class='ocrx_word' id='word_1_393' title='bbox 3495 999 3687 1053; x_wconf 81' lang='grc' dir='ltr'>κοινόν</span> 
     </span>
    </p>
   </div>
   <div class='ocr_carea' id='block_1_52' title="bbox 2097 1094 3685 1173">
    <p class='ocr_par' dir='ltr' id='par_1_52' title="bbox 2097 1094 3685 1173">
     <span class='ocr_line' id='line_1_52' title="bbox 2097 1094 3685 1173; baseline -0.006 -17"><span class='ocrx_word' id='word_1_394' title='bbox 2097 1100 2185 1156; x_wconf 90' lang='lat' dir='ltr'><strong>vel</strong></span> <span class='ocrx_word' id='word_1_395' title='bbox 2223 1099 2378 1171; x_wconf 78' lang='grc' dir='ltr'>ψιλὸν</span> <span class='ocrx_word' id='word_1_396' title='bbox 2409 1098 2718 1173; x_wconf 74' lang='grc' dir='ltr'><strong>ἄνθρωπον,</strong></span> <span class='ocrx_word' id='word_1_397' title='bbox 2759 1097 3037 1153; x_wconf 87' lang='lat' dir='ltr'><strong>hominem</strong></span> <span class='ocrx_word' id='word_1_398' title='bbox 3072 1096 3305 1163; x_wconf 88' lang='lat' dir='ltr'><strong>nudum,</strong></span> <span class='ocrx_word' id='word_1_399' title='bbox 3343 1094 3685 1165; x_wconf 85' lang='lat' dir='ltr'><strong>simplicem,</strong></span> 
     </span>
    </p>
   </div>
   <div class='ocr_carea' id='block_1_53' title="bbox 2098 1186 3687 1264">
    <p class='ocr_par' dir='ltr' id='par_1_53' title="bbox 2098 1186 3687 1264">
     <span class='ocr_line' id='line_1_53' title="bbox 2098 1186 3687 1264; baseline -0.008 -14"><span class='ocrx_word' id='word_1_400' title='bbox 2098 1201 2196 1250; x_wconf 86' lang='lat' dir='ltr'><strong>aut</strong></span> <span class='ocrx_word' id='word_1_401' title='bbox 2241 1193 2543 1264; x_wconf 80' lang='lat' dir='ltr'><strong>vulgarem,</strong></span> <span class='ocrx_word' id='word_1_402' title='bbox 2593 1191 2736 1247; x_wconf 81' lang='grc' dir='ltr'><strong>κατὰ</strong></span> <span class='ocrx_word' id='word_1_403' title='bbox 2767 1191 2999 1262; x_wconf 70' lang='grc' dir='ltr'><strong>ἐκλογὴν</strong></span> <span class='ocrx_word' id='word_1_404' title='bbox 3033 1189 3164 1244; x_wconf 80' lang='grc' dir='ltr'>Υἱὸν</span> <span class='ocrx_word' id='word_1_405' title='bbox 3193 1186 3329 1243; x_wconf 86' lang='grc' dir='ltr'><strong>Θεοῦ</strong></span> <span class='ocrx_word' id='word_1_406' title='bbox 3369 1186 3645 1258; x_wconf 76' lang='grc' dir='ltr'><strong>κληθέντα</strong></span> <span class='ocrx_word' id='word_1_407' title='bbox 3664 1223 3687 1248; x_wconf 85' lang='grc'>,</span> 
     </span>
    </p>
   </div>
   <div class='ocr_carea' id='block_1_54' title="bbox 2099 1277 3691 1346">
    <p class='ocr_par' dir='ltr' id='par_1_54' title="bbox 2099 1277 3691 1346">
     <span class='ocr_line' id='line_1_54' title="bbox 2099 1277 3691 1346; baseline -0.01 -2"><span class='ocrx_word' id='word_1_408' title='bbox 2099 1284 2402 1344; x_wconf 87' lang='lat' dir='ltr'><strong>secundum</strong></span> <span class='ocrx_word' id='word_1_409' title='bbox 2424 1284 2746 1340; x_wconf 88' lang='lat' dir='ltr'><strong>electionem</strong></span> <span class='ocrx_word' id='word_1_410' title='bbox 2774 1281 2976 1337; x_wconf 88' lang='lat' dir='ltr'><strong>Filium</strong></span> <span class='ocrx_word' id='word_1_411' title='bbox 3007 1280 3104 1336; x_wconf 89' lang='lat' dir='ltr'><strong>Dei</strong></span> <span class='ocrx_word' id='word_1_412' title='bbox 3138 1287 3414 1346; x_wconf 90' lang='lat' dir='ltr'><strong>vocatum,</strong></span> <span class='ocrx_word' id='word_1_413' title='bbox 3444 1277 3503 1332; x_wconf 81' lang='grc' dir='ltr'><strong>ὃν</strong></span> <span class='ocrx_word' id='word_1_414' title='bbox 3531 1278 3691 1346; x_wconf 79' lang='grc' dir='ltr'>φάσ-</span> 
     </span>
    </p>
   </div>
   <div class='ocr_carea' id='block_1_55' title="bbox 2098 1371 3692 1448">
    <p class='ocr_par' dir='ltr' id='par_1_55' title="bbox 2098 1371 3692 1448">
     <span class='ocr_line' id='line_1_55' title="bbox 2098 1371 3692 1448; baseline -0.004 -17"><span class='ocrx_word' id='word_1_415' title='bbox 2098 1393 2286 1433; x_wconf 83' lang='grc' dir='ltr'>κουσιν</span> <span class='ocrx_word' id='word_1_416' title='bbox 2305 1376 2407 1430; x_wconf 82' lang='grc' dir='ltr'><strong>οὐκ</strong></span> <span class='ocrx_word' id='word_1_417' title='bbox 2432 1378 2497 1430; x_wconf 82' lang='grc' dir='ltr'><strong>ὲκ</strong></span> <span class='ocrx_word' id='word_1_418' title='bbox 2523 1375 2657 1429; x_wconf 87' lang='grc' dir='ltr'><strong>Θεοῦ</strong></span> <span class='ocrx_word' id='word_1_419' title='bbox 2677 1374 2894 1448; x_wconf 80' lang='grc' dir='ltr'><strong>Πατρδς</strong></span> <span class='ocrx_word' id='word_1_420' title='bbox 2917 1372 3276 1443; x_wconf 79' lang='grc' dir='ltr'><strong>γεγενῆσθαι,</strong></span> <span class='ocrx_word' id='word_1_421' title='bbox 3303 1386 3465 1442; x_wconf 89' lang='lat' dir='ltr'><strong>quem</strong></span> <span class='ocrx_word' id='word_1_422' title='bbox 3487 1371 3692 1425; x_wconf 67' lang='lat' dir='ltr'><strong>dicunt</strong></span> 
     </span>
    </p>
   </div>
   <div class='ocr_carea' id='block_1_56' title="bbox 2098 1461 3689 1537">
    <p class='ocr_par' dir='ltr' id='par_1_56' title="bbox 2098 1461 3689 1537">
     <span class='ocr_line' id='line_1_56' title="bbox 2098 1461 3689 1537; baseline -0.004 -16"><span class='ocrx_word' id='word_1_423' title='bbox 2098 1481 2209 1521; x_wconf 89' lang='lat' dir='ltr'><strong>non</strong></span> <span class='ocrx_word' id='word_1_424' title='bbox 2258 1482 2290 1522; x_wconf 87' lang='lat' dir='ltr'><strong>a</strong></span> <span class='ocrx_word' id='word_1_425' title='bbox 2351 1466 2463 1522; x_wconf 91' lang='lat' dir='ltr'><strong>Deo</strong></span> <span class='ocrx_word' id='word_1_426' title='bbox 2502 1465 2666 1522; x_wconf 88' lang='lat' dir='ltr'><strong>Patre</strong></span> <span class='ocrx_word' id='word_1_427' title='bbox 2701 1467 3017 1537; x_wconf 81' lang='lat' dir='ltr'><strong>genitum),</strong></span> <span class='ocrx_word' id='word_1_428' title='bbox 3072 1464 3168 1520; x_wconf 87' lang='lat' dir='ltr'><strong>sed</strong></span> <span class='ocrx_word' id='word_1_429' title='bbox 3207 1463 3265 1527; x_wconf 82' lang='grc' dir='ltr'>ὅς</span> <span class='ocrx_word' id='word_1_430' title='bbox 3308 1466 3458 1517; x_wconf 74' lang='grc' dir='ltr'>ἐστιν</span> <span class='ocrx_word' id='word_1_431' title='bbox 3508 1461 3689 1517; x_wconf 68' lang='grc' dir='ltr'>αὐτοῦ</span> 
     </span>
    </p>
   </div>
   <div class='ocr_carea' id='block_1_57' title="bbox 2097 1555 3691 1627">
    <p class='ocr_par' dir='ltr' id='par_1_57' title="bbox 2097 1555 3691 1627">
     <span class='ocr_line' id='line_1_57' title="bbox 2097 1555 3691 1627; baseline -0.003 -15"><span class='ocrx_word' id='word_1_432' title='bbox 2097 1558 2270 1627; x_wconf 85' lang='grc' dir='ltr'>Λόγος</span> <span class='ocrx_word' id='word_1_433' title='bbox 2311 1557 2499 1622; x_wconf 72' lang='grc' dir='ltr'>ἀΐδιος,</span> <span class='ocrx_word' id='word_1_434' title='bbox 2549 1558 2643 1627; x_wconf 85' lang='lat' dir='ltr'><strong>qui</strong></span> <span class='ocrx_word' id='word_1_435' title='bbox 2708 1557 2882 1627; x_wconf 88' lang='lat' dir='ltr'><strong>ipsius</strong></span> <span class='ocrx_word' id='word_1_436' title='bbox 2930 1555 3025 1611; x_wconf 89' lang='lat' dir='ltr'><strong>Dei</strong></span> <span class='ocrx_word' id='word_1_437' title='bbox 3088 1555 3320 1612; x_wconf 83' lang='lat' dir='ltr'><strong>Verbum</strong></span> <span class='ocrx_word' id='word_1_438' title='bbox 3374 1561 3460 1610; x_wconf 87' lang='lat' dir='ltr'><strong>est</strong></span> <span class='ocrx_word' id='word_1_439' title='bbox 3513 1562 3691 1610; x_wconf 79' lang='lat' dir='ltr'><strong>ater-</strong></span> 
     </span>
    </p>
   </div>
   <div class='ocr_carea' id='block_1_58' title="bbox 2099 1645 3683 1716">
    <p class='ocr_par' dir='ltr' id='par_1_58' title="bbox 2099 1645 3683 1716">
     <span class='ocr_line' id='line_1_58' title="bbox 2099 1645 3683 1716; baseline -0.006 -7"><span class='ocrx_word' id='word_1_440' title='bbox 2099 1664 2268 1713; x_wconf 89' lang='lat' dir='ltr'><strong>num,</strong></span> <span class='ocrx_word' id='word_1_441' title='bbox 2301 1650 2601 1704; x_wconf 85' lang='lat' dir='ltr'><strong>secundum</strong></span> <span class='ocrx_word' id='word_1_442' title='bbox 2642 1647 2775 1704; x_wconf 86' lang='lat' dir='ltr'><strong>illud</strong></span> <span class='ocrx_word' id='word_1_443' title='bbox 2814 1647 2875 1704; x_wconf 89' lang='lat' dir='ltr'><strong>S.</strong></span> <span class='ocrx_word' id='word_1_444' title='bbox 2917 1645 3148 1704; x_wconf 75' lang='lat' dir='ltr'><strong>Joannis</strong></span> <span class='ocrx_word' id='word_1_445' title='bbox 3190 1648 3281 1703; x_wconf 77' lang='lat'><strong>&quot;:</strong></span> <span class='ocrx_word' id='word_1_446' title='bbox 3322 1645 3387 1701; x_wconf 78' lang='lat' dir='ltr'><strong>In</strong></span> <span class='ocrx_word' id='word_1_447' title='bbox 3408 1647 3683 1716; x_wconf 77' lang='lat' dir='ltr'><strong>principio</strong></span> 
     </span>
    </p>
   </div>
   <div class='ocr_carea' id='block_1_59' title="bbox 2098 1737 3686 1812">
    <p class='ocr_par' dir='ltr' id='par_1_59' title="bbox 2098 1737 3686 1812">
     <span class='ocr_line' id='line_1_59' title="bbox 2098 1737 3686 1812; baseline -0.004 -16"><span class='ocrx_word' id='word_1_448' title='bbox 2098 1749 2213 1796; x_wconf 85' lang='lat' dir='ltr'><strong>erat</strong></span> <span class='ocrx_word' id='word_1_449' title='bbox 2259 1738 2484 1795; x_wconf 85' lang='lat' dir='ltr'><strong>Verbum</strong></span> <span class='ocrx_word' id='word_1_450' title='bbox 2502 1740 2787 1807; x_wconf 81' lang='lat' dir='ltr'><strong>,Verbum,</strong></span> <span class='ocrx_word' id='word_1_451' title='bbox 2804 1740 3050 1812; x_wconf 87' lang='lat' dir='ltr'><strong>inquam,</strong></span> <span class='ocrx_word' id='word_1_452' title='bbox 3064 1748 3247 1794; x_wconf 91' lang='lat' dir='ltr'><strong>tamen</strong></span> <span class='ocrx_word' id='word_1_453' title='bbox 3260 1748 3549 1803; x_wconf 82' lang='lat' dir='ltr'><strong>aternum,</strong></span> <span class='ocrx_word' id='word_1_454' title='bbox 3566 1737 3686 1791; x_wconf 83' lang='grc' dir='ltr'><strong>Λό-</strong></span> 
     </span>
    </p>
   </div>
   <div class='ocr_carea' id='block_1_60' title="bbox 2101 1829 3695 1907">
    <p class='ocr_par' dir='ltr' id='par_1_60' title="bbox 2101 1829 3695 1907">
     <span class='ocr_line' id='line_1_60' title="bbox 2101 1829 3695 1907; baseline -0.001 -21"><span class='ocrx_word' id='word_1_455' title='bbox 2101 1850 2197 1907; x_wconf 78' lang='grc' dir='ltr'>γος</span> <span class='ocrx_word' id='word_1_456' title='bbox 2223 1832 2324 1887; x_wconf 81' lang='grc' dir='ltr'><strong>οὐκ</strong></span> <span class='ocrx_word' id='word_1_457' title='bbox 2361 1831 2470 1886; x_wconf 80' lang='grc' dir='ltr'><strong>ἀπὸ</strong></span> <span class='ocrx_word' id='word_1_458' title='bbox 2510 1833 2667 1903; x_wconf 83' lang='grc' dir='ltr'>σιγῆς</span> <span class='ocrx_word' id='word_1_459' title='bbox 2708 1830 3006 1904; x_wconf 82' lang='grc' dir='ltr'>προελθών.</span> <span class='ocrx_word' id='word_1_460' title='bbox 3047 1829 3236 1901; x_wconf 88' lang='lat' dir='ltr'><strong>Neque</strong></span> <span class='ocrx_word' id='word_1_461' title='bbox 3270 1830 3417 1886; x_wconf 87' lang='lat' dir='ltr'><strong>enim</strong></span> <span class='ocrx_word' id='word_1_462' title='bbox 3455 1829 3695 1901; x_wconf 78' lang='lat' dir='ltr'><strong>vulgare</strong></span> 
     </span>
    </p>
   </div>
   <div class='ocr_carea' id='block_1_61' title="bbox 2104 1922 3695 1996">
    <p class='ocr_par' dir='ltr' id='par_1_61' title="bbox 2104 1922 3695 1996">
     <span class='ocr_line' id='line_1_61' title="bbox 2104 1922 3695 1996; baseline -0.002 -16"><span class='ocrx_word' id='word_1_463' title='bbox 2104 1925 2327 1996; x_wconf 91' lang='lat' dir='ltr'><strong>aliquod</strong></span> <span class='ocrx_word' id='word_1_464' title='bbox 2356 1925 2584 1980; x_wconf 88' lang='lat' dir='ltr'><strong>verbum</strong></span> <span class='ocrx_word' id='word_1_465' title='bbox 2625 1933 2728 1989; x_wconf 91' lang='lat' dir='ltr'><strong>est,</strong></span> <span class='ocrx_word' id='word_1_466' title='bbox 2755 1923 2917 1994; x_wconf 86' lang='lat' dir='ltr'><strong>quale</strong></span> <span class='ocrx_word' id='word_1_467' title='bbox 2935 1932 3022 1979; x_wconf 88' lang='lat' dir='ltr'><strong>est</strong></span> <span class='ocrx_word' id='word_1_468' title='bbox 3052 1922 3293 1978; x_wconf 89' lang='lat' dir='ltr'><strong>hominis</strong></span> <span class='ocrx_word' id='word_1_469' title='bbox 3317 1922 3556 1986; x_wconf 78' lang='lat' dir='ltr'><strong>scilicet,</strong></span> <span class='ocrx_word' id='word_1_470' title='bbox 3588 1931 3695 1977; x_wconf 84' lang='lat' dir='ltr'><strong>aut</strong></span> 
     </span>
    </p>
   </div>
   <div class='ocr_carea' id='block_1_62' title="bbox 2102 2012 3686 2087">
    <p class='ocr_par' dir='ltr' id='par_1_62' title="bbox 2102 2012 3686 2087">
     <span class='ocr_line' id='line_1_62' title="bbox 2102 2012 3686 2087; baseline -0.004 -15"><span class='ocrx_word' id='word_1_471' title='bbox 2102 2016 2396 2087; x_wconf 85' lang='lat' dir='ltr'><strong>cujuslibet</strong></span> <span class='ocrx_word' id='word_1_472' title='bbox 2423 2025 2707 2082; x_wconf 88' lang='lat' dir='ltr'><strong>creatura,</strong></span> <span class='ocrx_word' id='word_1_473' title='bbox 2743 2014 2893 2086; x_wconf 86' lang='lat' dir='ltr'><strong>quod</strong></span> <span class='ocrx_word' id='word_1_474' title='bbox 2917 2029 2986 2071; x_wconf 76' lang='lat' dir='ltr'><strong>ex</strong></span> <span class='ocrx_word' id='word_1_475' title='bbox 3017 2014 3243 2071; x_wconf 86' lang='lat' dir='ltr'><strong>silentio</strong></span> <span class='ocrx_word' id='word_1_476' title='bbox 3272 2013 3494 2084; x_wconf 89' lang='lat' dir='ltr'><strong>prodire</strong></span> <span class='ocrx_word' id='word_1_477' title='bbox 3515 2012 3686 2076; x_wconf 86' lang='lat' dir='ltr'><strong>solet,</strong></span> 
     </span>
    </p>
   </div>
   <div class='ocr_carea' id='block_1_63' title="bbox 2103 2102 3690 2179">
    <p class='ocr_par' dir='ltr' id='par_1_63' title="bbox 2103 2102 3690 2179">
     <span class='ocr_line' id='line_1_63' title="bbox 2103 2102 3690 2179; baseline -0.004 -14"><span class='ocrx_word' id='word_1_478' title='bbox 2103 2109 2351 2179; x_wconf 87' lang='lat' dir='ltr'><strong>adeoque</strong></span> <span class='ocrx_word' id='word_1_479' title='bbox 2383 2108 2591 2179; x_wconf 88' lang='lat' dir='ltr'><strong>aliquid</strong></span> <span class='ocrx_word' id='word_1_480' title='bbox 2613 2108 2932 2178; x_wconf 81' lang='lat' dir='ltr'><strong>pracedens</strong></span> <span class='ocrx_word' id='word_1_481' title='bbox 2952 2121 3254 2178; x_wconf 88' lang='lat' dir='ltr'><strong>agnoscere</strong></span> <span class='ocrx_word' id='word_1_482' title='bbox 3277 2146 3294 2173; x_wconf 92' lang='lat'><strong>,</strong></span> <span class='ocrx_word' id='word_1_483' title='bbox 3318 2105 3416 2162; x_wconf 87' lang='lat' dir='ltr'><strong>sed</strong></span> <span class='ocrx_word' id='word_1_484' title='bbox 3440 2102 3690 2160; x_wconf 74' lang='lat' dir='ltr'><strong>Verbum</strong></span> 
     </span>
    </p>
   </div>
   <div class='ocr_carea' id='block_1_64' title="bbox 2103 2196 3693 2271">
    <p class='ocr_par' dir='ltr' id='par_1_64' title="bbox 2103 2196 3693 2271">
     <span class='ocr_line' id='line_1_64' title="bbox 2103 2196 3693 2271; baseline -0.003 -14"><span class='ocrx_word' id='word_1_485' title='bbox 2103 2201 2199 2257; x_wconf 91' lang='lat' dir='ltr'><strong>Dei</strong></span> <span class='ocrx_word' id='word_1_486' title='bbox 2244 2198 2465 2271; x_wconf 62' lang='lat' dir='ltr'><strong>Deoqu&#39;e</strong></span> <span class='ocrx_word' id='word_1_487' title='bbox 2491 2208 2845 2256; x_wconf 76' lang='lat' dir='ltr'><strong>maternum.</strong></span> <span class='ocrx_word' id='word_1_488' title='bbox 2893 2198 3021 2255; x_wconf 84' lang='lat' dir='ltr'><strong>Hac</strong></span> <span class='ocrx_word' id='word_1_489' title='bbox 3061 2207 3246 2254; x_wconf 85' lang='lat' dir='ltr'><strong>autem</strong></span> <span class='ocrx_word' id='word_1_490' title='bbox 3275 2198 3481 2267; x_wconf 75' lang='lat' dir='ltr'><strong>directe</strong></span> <span class='ocrx_word' id='word_1_491' title='bbox 3516 2196 3693 2253; x_wconf 83' lang='lat' dir='ltr'><strong>Ebio-</strong></span> 
     </span>
    </p>
   </div>
   <div class='ocr_carea' id='block_1_65' title="bbox 2105 2289 3691 2363">
    <p class='ocr_par' dir='ltr' id='par_1_65' title="bbox 2105 2289 3691 2363">
     <span class='ocr_line' id='line_1_65' title="bbox 2105 2289 3691 2363; baseline -0.003 -16"><span class='ocrx_word' id='word_1_492' title='bbox 2105 2308 2254 2348; x_wconf 88' lang='lat' dir='ltr'><strong>naos</strong></span> <span class='ocrx_word' id='word_1_493' title='bbox 2278 2291 2546 2348; x_wconf 89' lang='lat' dir='ltr'><strong>feriebant</strong></span> <span class='ocrx_word' id='word_1_494' title='bbox 2570 2333 2586 2359; x_wconf 95' lang='lat'><strong>,</strong></span> <span class='ocrx_word' id='word_1_495' title='bbox 2620 2307 2857 2363; x_wconf 89' lang='lat' dir='ltr'><strong>quorum</strong></span> <span class='ocrx_word' id='word_1_496' title='bbox 2888 2292 3054 2347; x_wconf 88' lang='lat' dir='ltr'><strong>etiam</strong></span> <span class='ocrx_word' id='word_1_497' title='bbox 3086 2290 3164 2345; x_wconf 92' lang='lat' dir='ltr'><strong>illi</strong></span> <span class='ocrx_word' id='word_1_498' title='bbox 3194 2290 3289 2360; x_wconf 90' lang='lat' dir='ltr'><strong>qui</strong></span> <span class='ocrx_word' id='word_1_499' title='bbox 3317 2289 3532 2345; x_wconf 85' lang='lat' dir='ltr'><strong>cateris</strong></span> <span class='ocrx_word' id='word_1_500' title='bbox 3563 2304 3691 2343; x_wconf 85' lang='lat' dir='ltr'><strong>me-</strong></span> 
     </span>
    </p>
   </div>
   <div class='ocr_carea' id='block_1_66' title="bbox 2104 2380 3693 2454">
    <p class='ocr_par' dir='ltr' id='par_1_66' title="bbox 2104 2380 3693 2454">
     <span class='ocr_line' id='line_1_66' title="bbox 2104 2380 3693 2454; baseline 0.001 -17"><span class='ocrx_word' id='word_1_501' title='bbox 2104 2382 2270 2440; x_wconf 88' lang='lat' dir='ltr'><strong>liores</strong></span> <span class='ocrx_word' id='word_1_502' title='bbox 2293 2399 2415 2440; x_wconf 89' lang='lat' dir='ltr'><strong>esse</strong></span> <span class='ocrx_word' id='word_1_503' title='bbox 2439 2383 2766 2439; x_wconf 86' lang='lat' dir='ltr'><strong>videbantur</strong></span> <span class='ocrx_word' id='word_1_504' title='bbox 2785 2425 2801 2451; x_wconf 97' lang='lat'><strong>,</strong></span> <span class='ocrx_word' id='word_1_505' title='bbox 2833 2383 2925 2454; x_wconf 89' lang='lat' dir='ltr'><strong>qui</strong></span> <span class='ocrx_word' id='word_1_506' title='bbox 2959 2384 3243 2440; x_wconf 84' lang='lat' dir='ltr'><strong>Christum</strong></span> <span class='ocrx_word' id='word_1_507' title='bbox 3274 2399 3345 2439; x_wconf 79' lang='lat' dir='ltr'><strong>ex</strong></span> <span class='ocrx_word' id='word_1_508' title='bbox 3382 2380 3605 2453; x_wconf 85' lang='lat' dir='ltr'><strong>Virgine</strong></span> <span class='ocrx_word' id='word_1_509' title='bbox 3630 2390 3693 2437; x_wconf 77' lang='lat' dir='ltr'><strong>et</strong></span> 
     </span>
    </p>
   </div>
   <div class='ocr_carea' id='block_1_67' title="bbox 2106 2469 3693 2544">
    <p class='ocr_par' dir='ltr' id='par_1_67' title="bbox 2106 2469 3693 2544">
     <span class='ocr_line' id='line_1_67' title="bbox 2106 2469 3693 2544; baseline -0.004 -16"><span class='ocrx_word' id='word_1_510' title='bbox 2106 2472 2313 2544; x_wconf 89' lang='lat' dir='ltr'><strong>Spiritu</strong></span> <span class='ocrx_word' id='word_1_511' title='bbox 2343 2482 2534 2529; x_wconf 87' lang='lat' dir='ltr'><strong>sancto</strong></span> <span class='ocrx_word' id='word_1_512' title='bbox 2566 2472 2808 2543; x_wconf 88' lang='lat' dir='ltr'><strong>genitum</strong></span> <span class='ocrx_word' id='word_1_513' title='bbox 2832 2488 2956 2527; x_wconf 86' lang='lat' dir='ltr'><strong>esse</strong></span> <span class='ocrx_word' id='word_1_514' title='bbox 2993 2487 3102 2527; x_wconf 92' lang='lat' dir='ltr'><strong>non</strong></span> <span class='ocrx_word' id='word_1_515' title='bbox 3135 2471 3435 2542; x_wconf 88' lang='lat' dir='ltr'><strong>negabant,</strong></span> <span class='ocrx_word' id='word_1_516' title='bbox 3464 2469 3529 2523; x_wconf 82' lang='grc' dir='ltr'>οὐ</span> <span class='ocrx_word' id='word_1_517' title='bbox 3575 2469 3693 2541; x_wconf 75' lang='grc' dir='ltr'><strong>μὴν</strong></span> 
     </span>
    </p>
   </div>
   <div class='ocr_carea' id='block_1_68' title="bbox 2105 2558 3691 2636">
    <p class='ocr_par' dir='ltr' id='par_1_68' title="bbox 2105 2558 3691 2636">
     <span class='ocr_line' id='line_1_68' title="bbox 2105 2558 3691 2636; baseline -0.002 -18"><span class='ocrx_word' id='word_1_518' title='bbox 2105 2564 2183 2618; x_wconf 72' lang='grc' dir='ltr'><strong>ἔθ’</strong></span> <span class='ocrx_word' id='word_1_519' title='bbox 2216 2564 2417 2636; x_wconf 83' lang='grc' dir='ltr'>ὁμοίως</span> <span class='ocrx_word' id='word_1_520' title='bbox 2446 2565 2539 2618; x_wconf 78' lang='grc' dir='ltr'><strong>καὶ</strong></span> <span class='ocrx_word' id='word_1_521' title='bbox 2567 2558 2710 2619; x_wconf 80' lang='grc' dir='ltr'>οὗτοι</span> <span class='ocrx_word' id='word_1_522' title='bbox 2743 2564 3119 2636; x_wconf 82' lang='grc' dir='ltr'><strong>προῦπὰρχειν</strong></span> <span class='ocrx_word' id='word_1_523' title='bbox 3151 2562 3316 2616; x_wconf 81' lang='grc' dir='ltr'>αὐτὸν</span> <span class='ocrx_word' id='word_1_524' title='bbox 3344 2561 3477 2616; x_wconf 83' lang='grc' dir='ltr'>Θεὸν</span> <span class='ocrx_word' id='word_1_525' title='bbox 3506 2562 3691 2631; x_wconf 76' lang='grc' dir='ltr'>Λόγον</span> 
     </span>
    </p>
   </div>
   <div class='ocr_carea' id='block_1_69' title="bbox 2103 2653 3689 2728">
    <p class='ocr_par' dir='ltr' id='par_1_69' title="bbox 2103 2653 3689 2728">
     <span class='ocr_line' id='line_1_69' title="bbox 2103 2653 3689 2728; baseline -0.002 -19"><span class='ocrx_word' id='word_1_526' title='bbox 2103 2654 2233 2711; x_wconf 72' lang='grc' dir='ltr'><strong>ὄντα</strong></span> <span class='ocrx_word' id='word_1_527' title='bbox 2265 2655 2357 2708; x_wconf 81' lang='grc' dir='ltr'><strong>καὶ</strong></span> <span class='ocrx_word' id='word_1_528' title='bbox 2388 2655 2580 2724; x_wconf 75' lang='grc' dir='ltr'>σοφίαν</span> <span class='ocrx_word' id='word_1_529' title='bbox 2614 2654 3001 2728; x_wconf 80' lang='grc' dir='ltr'>ὁμολογοῦντες</span> <span class='ocrx_word' id='word_1_530' title='bbox 3031 2658 3096 2727; x_wconf 77' lang='grc' dir='ltr'><strong>τῇ</strong></span> <span class='ocrx_word' id='word_1_531' title='bbox 3127 2653 3239 2708; x_wconf 85' lang='grc' dir='ltr'><strong>τῶν</strong></span> <span class='ocrx_word' id='word_1_532' title='bbox 3270 2653 3555 2726; x_wconf 81' lang='grc' dir='ltr'><strong>προτέρων</strong></span> <span class='ocrx_word' id='word_1_533' title='bbox 3584 2670 3689 2706; x_wconf 81' lang='grc' dir='ltr'><strong>πε-</strong></span> 
     </span>
    </p>
   </div>
   <div class='ocr_carea' id='block_1_70' title="bbox 2106 2745 3687 2822">
    <p class='ocr_par' dir='ltr' id='par_1_70' title="bbox 2106 2745 3687 2822">
     <span class='ocr_line' id='line_1_70' title="bbox 2106 2745 3687 2822; baseline -0.001 -21"><span class='ocrx_word' id='word_1_534' title='bbox 2106 2747 2457 2820; x_wconf 83' lang='grc' dir='ltr'><strong>ριετρέποντο</strong></span> <span class='ocrx_word' id='word_1_535' title='bbox 2482 2747 2789 2822; x_wconf 74' lang='grc' dir='ltr'>δυσσεϐείᾳ,</span> <span class='ocrx_word' id='word_1_536' title='bbox 2813 2766 2832 2800; x_wconf 76' lang='grc' dir='ltr'><strong>ι</strong></span> <span class='ocrx_word' id='word_1_537' title='bbox 2858 2747 3220 2803; x_wconf 88' lang='lat' dir='ltr'><strong>nihilominus</strong></span> <span class='ocrx_word' id='word_1_538' title='bbox 3239 2760 3362 2802; x_wconf 90' lang='lat' dir='ltr'><strong>cum</strong></span> <span class='ocrx_word' id='word_1_539' title='bbox 3376 2745 3687 2812; x_wconf 78' lang='lat' dir='ltr'><strong>Christum,</strong></span> 
     </span>
    </p>
   </div>
   <div class='ocr_carea' id='block_1_71' title="bbox 2105 2838 3689 2912">
    <p class='ocr_par' dir='ltr' id='par_1_71' title="bbox 2105 2838 3689 2912">
     <span class='ocr_line' id='line_1_71' title="bbox 2105 2838 3689 2912; baseline -0.001 -18"><span class='ocrx_word' id='word_1_540' title='bbox 2105 2850 2290 2911; x_wconf 88' lang='lat' dir='ltr'><strong>utpote</strong></span> <span class='ocrx_word' id='word_1_541' title='bbox 2315 2839 2485 2896; x_wconf 88' lang='lat' dir='ltr'><strong>Deum</strong></span> <span class='ocrx_word' id='word_1_542' title='bbox 2512 2840 2749 2897; x_wconf 85' lang='lat' dir='ltr'><strong>Verbum</strong></span> <span class='ocrx_word' id='word_1_543' title='bbox 2765 2853 2819 2897; x_wconf 89' lang='lat' dir='ltr'><strong>et</strong></span> <span class='ocrx_word' id='word_1_544' title='bbox 2834 2841 3328 2912; x_wconf 85' lang='lat' dir='ltr'><strong>sapientiam,ante</strong></span> <span class='ocrx_word' id='word_1_545' title='bbox 3343 2840 3529 2894; x_wconf 89' lang='lat' dir='ltr'><strong>omnia</strong></span> <span class='ocrx_word' id='word_1_546' title='bbox 3554 2838 3689 2893; x_wconf 91' lang='lat' dir='ltr'><strong>sub-</strong></span> 
     </span>
    </p>
   </div>
   <div class='ocr_carea' id='block_1_72' title="bbox 2103 2932 3692 3004">
    <p class='ocr_par' dir='ltr' id='par_1_72' title="bbox 2103 2932 3692 3004">
     <span class='ocr_line' id='line_1_72' title="bbox 2103 2932 3692 3004; baseline 0 -16"><span class='ocrx_word' id='word_1_547' title='bbox 2103 2933 2314 2990; x_wconf 77' lang='lat' dir='ltr'><strong>stitisse</strong></span> <span class='ocrx_word' id='word_1_548' title='bbox 2353 2934 2579 2988; x_wconf 83' lang='lat' dir='ltr'><strong>minime</strong></span> <span class='ocrx_word' id='word_1_549' title='bbox 2617 2932 2931 3001; x_wconf 80' lang='lat' dir='ltr'><strong>fateantur,</strong></span> <span class='ocrx_word' id='word_1_550' title='bbox 2966 2953 2986 2988; x_wconf 80' lang='grc' dir='ltr'><strong>ι</strong></span> <span class='ocrx_word' id='word_1_551' title='bbox 3019 2933 3271 3004; x_wconf 89' lang='lat' dir='ltr'><strong>adeoque</strong></span> <span class='ocrx_word' id='word_1_552' title='bbox 3299 2932 3692 2989; x_wconf 80' lang='lat' dir='ltr'><strong>sanctissimos</strong></span> 
     </span>
    </p>
   </div>
   <div class='ocr_carea' id='block_1_73' title="bbox 2103 3025 3689 3098">
    <p class='ocr_par' dir='ltr' id='par_1_73' title="bbox 2103 3025 3689 3098">
     <span class='ocr_line' id='line_1_73' title="bbox 2103 3025 3689 3098; baseline 0.001 -18"><span class='ocrx_word' id='word_1_553' title='bbox 2103 3025 2399 3097; x_wconf 89' lang='lat' dir='ltr'><strong>prophetas</strong></span> <span class='ocrx_word' id='word_1_554' title='bbox 2425 3025 2573 3081; x_wconf 91' lang='lat' dir='ltr'><strong>illius</strong></span> <span class='ocrx_word' id='word_1_555' title='bbox 2595 3027 2767 3098; x_wconf 87' lang='lat' dir='ltr'><strong>gratia</strong></span> <span class='ocrx_word' id='word_1_556' title='bbox 2799 3026 3093 3097; x_wconf 88' lang='lat' dir='ltr'><strong>inspiratos</strong></span> <span class='ocrx_word' id='word_1_557' title='bbox 3115 3025 3285 3082; x_wconf 88' lang='lat' dir='ltr'><strong>fuisse</strong></span> <span class='ocrx_word' id='word_1_558' title='bbox 3314 3033 3539 3095; x_wconf 85' lang='lat' dir='ltr'><strong>negent,</strong></span> <span class='ocrx_word' id='word_1_559' title='bbox 3571 3043 3592 3077; x_wconf 78' lang='grc' dir='ltr'><strong>ι</strong></span> <span class='ocrx_word' id='word_1_560' title='bbox 3629 3026 3689 3081; x_wconf 87' lang='lat' dir='ltr'><strong>in</strong></span> 
     </span>
    </p>
   </div>
   <div class='ocr_carea' id='block_1_74' title="bbox 2103 3116 3689 3190">
    <p class='ocr_par' dir='ltr' id='par_1_74' title="bbox 2103 3116 3689 3190">
     <span class='ocr_line' id='line_1_74' title="bbox 2103 3116 3689 3190; baseline -0.003 -17"><span class='ocrx_word' id='word_1_561' title='bbox 2103 3119 2352 3174; x_wconf 89' lang='lat' dir='ltr'><strong>eamdem</strong></span> <span class='ocrx_word' id='word_1_562' title='bbox 2392 3134 2518 3173; x_wconf 88' lang='lat' dir='ltr'><strong>cum</strong></span> <span class='ocrx_word' id='word_1_563' title='bbox 2552 3119 2830 3190; x_wconf 88' lang='lat' dir='ltr'><strong>prioribus</strong></span> <span class='ocrx_word' id='word_1_564' title='bbox 2862 3119 3195 3189; x_wconf 88' lang='lat' dir='ltr'><strong>impietatem</strong></span> <span class='ocrx_word' id='word_1_565' title='bbox 3226 3116 3434 3187; x_wconf 90' lang='lat' dir='ltr'><strong>delapsi</strong></span> <span class='ocrx_word' id='word_1_566' title='bbox 3459 3126 3631 3183; x_wconf 90' lang='lat' dir='ltr'><strong>sunt;</strong></span> <span class='ocrx_word' id='word_1_567' title='bbox 3661 3135 3689 3169; x_wconf 79' lang='grc' dir='ltr'><strong>ι</strong></span> 
     </span>
    </p>
   </div>
   <div class='ocr_carea' id='block_1_75' title="bbox 2109 3208 3691 3284">
    <p class='ocr_par' dir='ltr' id='par_1_75' title="bbox 2109 3208 3691 3284">
     <span class='ocr_line' id='line_1_75' title="bbox 2109 3208 3691 3284; baseline -0.002 -20"><span class='ocrx_word' id='word_1_568' title='bbox 2109 3209 2345 3284; x_wconf 79' lang='grc' dir='ltr'>μάλιστα</span> <span class='ocrx_word' id='word_1_569' title='bbox 2386 3210 2476 3265; x_wconf 82' lang='grc' dir='ltr'>ὅτε</span> <span class='ocrx_word' id='word_1_570' title='bbox 2504 3210 2598 3265; x_wconf 81' lang='grc' dir='ltr'><strong>καὶ</strong></span> <span class='ocrx_word' id='word_1_571' title='bbox 2627 3211 2727 3284; x_wconf 78' lang='grc' dir='ltr'><strong>τὴν</strong></span> <span class='ocrx_word' id='word_1_572' title='bbox 2758 3210 3078 3282; x_wconf 82' lang='grc' dir='ltr'>σωματικὴν</span> <span class='ocrx_word' id='word_1_573' title='bbox 3106 3208 3236 3282; x_wconf 77' lang='grc' dir='ltr'>περὶ</span> <span class='ocrx_word' id='word_1_574' title='bbox 3278 3208 3369 3263; x_wconf 84' lang='grc' dir='ltr'><strong>τὸν</strong></span> <span class='ocrx_word' id='word_1_575' title='bbox 3399 3210 3565 3279; x_wconf 87' lang='grc' dir='ltr'>νόμον</span> <span class='ocrx_word' id='word_1_576' title='bbox 3590 3209 3691 3261; x_wconf 79' lang='grc' dir='ltr'><strong>λα-</strong></span> 
     </span>
    </p>
   </div>
   <div class='ocr_carea' id='block_1_76' title="bbox 2103 3300 3690 3376">
    <p class='ocr_par' dir='ltr' id='par_1_76' title="bbox 2103 3300 3690 3376">
     <span class='ocr_line' id='line_1_76' title="bbox 2103 3300 3690 3376; baseline -0.001 -20"><span class='ocrx_word' id='word_1_577' title='bbox 2103 3300 2292 3373; x_wconf 78' lang='grc' dir='ltr'>τρείαν</span> <span class='ocrx_word' id='word_1_578' title='bbox 2324 3302 2522 3373; x_wconf 81' lang='grc' dir='ltr'>ὁμοίως</span> <span class='ocrx_word' id='word_1_579' title='bbox 2543 3302 2772 3367; x_wconf 80' lang='grc' dir='ltr'><strong>ἐκείνοις</strong></span> <span class='ocrx_word' id='word_1_580' title='bbox 2797 3302 3080 3376; x_wconf 79' lang='grc' dir='ltr'>περιέπειν</span> <span class='ocrx_word' id='word_1_581' title='bbox 3113 3301 3468 3367; x_wconf 76' lang='grc' dir='ltr'>ἐσπούδαζον,</span> <span class='ocrx_word' id='word_1_582' title='bbox 3495 3320 3516 3352; x_wconf 80' lang='grc' dir='ltr'><strong>ι</strong></span> <span class='ocrx_word' id='word_1_583' title='bbox 3544 3317 3690 3370; x_wconf 77' lang='lat' dir='ltr'><strong>pra-</strong></span> 
     </span>
    </p>
   </div>
   <div class='ocr_carea' id='block_1_77' title="bbox 2106 3392 3693 3465">
    <p class='ocr_par' dir='ltr' id='par_1_77' title="bbox 2106 3392 3693 3465">
     <span class='ocr_line' id='line_1_77' title="bbox 2106 3392 3693 3465; baseline 0.001 -18"><span class='ocrx_word' id='word_1_584' title='bbox 2106 3395 2292 3447; x_wconf 86' lang='lat' dir='ltr'><strong>sertim</strong></span> <span class='ocrx_word' id='word_1_585' title='bbox 2329 3409 2454 3450; x_wconf 90' lang='lat' dir='ltr'><strong>cum</strong></span> <span class='ocrx_word' id='word_1_586' title='bbox 2494 3394 2815 3464; x_wconf 84' lang='lat' dir='ltr'><strong>corporales</strong></span> <span class='ocrx_word' id='word_1_587' title='bbox 2855 3393 2993 3465; x_wconf 87' lang='lat' dir='ltr'><strong>legis</strong></span> <span class='ocrx_word' id='word_1_588' title='bbox 3026 3392 3280 3449; x_wconf 86' lang='lat' dir='ltr'><strong>Mosaica</strong></span> <span class='ocrx_word' id='word_1_589' title='bbox 3325 3393 3693 3448; x_wconf 84' lang='lat' dir='ltr'><strong>caremonias</strong></span> 
     </span>
    </p>
   </div>
   <div class='ocr_carea' id='block_1_78' title="bbox 2104 3481 3696 3561">
    <p class='ocr_par' dir='ltr' id='par_1_78' title="bbox 2104 3481 3696 3561">
     <span class='ocr_line' id='line_1_78' title="bbox 2104 3481 3696 3561; baseline 0 -24"><span class='ocrx_word' id='word_1_590' title='bbox 2104 3483 2333 3552; x_wconf 84' lang='lat' dir='ltr'><strong>perinde</strong></span> <span class='ocrx_word' id='word_1_591' title='bbox 2363 3500 2427 3541; x_wconf 90' lang='lat' dir='ltr'><strong>ac</strong></span> <span class='ocrx_word' id='word_1_592' title='bbox 2450 3484 2527 3539; x_wconf 90' lang='lat' dir='ltr'><strong>illi</strong></span> <span class='ocrx_word' id='word_1_593' title='bbox 2566 3493 2824 3541; x_wconf 86' lang='lat' dir='ltr'><strong>accurate</strong></span> <span class='ocrx_word' id='word_1_594' title='bbox 2857 3484 3197 3551; x_wconf 87' lang='lat' dir='ltr'><strong>custodiant,</strong></span> <span class='ocrx_word' id='word_1_595' title='bbox 3234 3502 3255 3537; x_wconf 74' lang='grc' dir='ltr'><strong>ι</strong></span> <span class='ocrx_word' id='word_1_596' title='bbox 3292 3491 3357 3561; x_wconf 75' lang='lat' dir='ltr'><strong>ut</strong></span> <span class='ocrx_word' id='word_1_597' title='bbox 3383 3482 3550 3538; x_wconf 90' lang='lat' dir='ltr'><strong>docet</strong></span> <span class='ocrx_word' id='word_1_598' title='bbox 3579 3481 3696 3537; x_wconf 85' lang='lat' dir='ltr'><strong>Eu-</strong></span> 
     </span>
    </p>
   </div>
   <div class='ocr_carea' id='block_1_79' title="bbox 2106 3573 3694 3645">
    <p class='ocr_par' dir='ltr' id='par_1_79' title="bbox 2106 3573 3694 3645">
     <span class='ocr_line' id='line_1_79' title="bbox 2106 3573 3694 3645; baseline -0.001 -17"><span class='ocrx_word' id='word_1_599' title='bbox 2106 3574 2310 3630; x_wconf 89' lang='lat' dir='ltr'><strong>sebius.</strong></span> <span class='ocrx_word' id='word_1_600' title='bbox 2337 3574 2517 3641; x_wconf 88' lang='lat' dir='ltr'><strong>Quare</strong></span> <span class='ocrx_word' id='word_1_601' title='bbox 2540 3575 2609 3630; x_wconf 88' lang='lat' dir='ltr'><strong>ab</strong></span> <span class='ocrx_word' id='word_1_602' title='bbox 2641 3573 2951 3645; x_wconf 88' lang='lat' dir='ltr'><strong>Epiphanio</strong></span> <span class='ocrx_word' id='word_1_603' title='bbox 2980 3575 3146 3630; x_wconf 88' lang='lat' dir='ltr'><strong>etiam</strong></span> <span class='ocrx_word' id='word_1_604' title='bbox 3182 3574 3541 3630; x_wconf 85' lang='lat' dir='ltr'><strong>observatum</strong></span> <span class='ocrx_word' id='word_1_605' title='bbox 3583 3582 3694 3637; x_wconf 87' lang='lat' dir='ltr'><strong>est,</strong></span> 
     </span>
    </p>
   </div>
   <div class='ocr_carea' id='block_1_80' title="bbox 2106 3664 3699 3738">
    <p class='ocr_par' dir='ltr' id='par_1_80' title="bbox 2106 3664 3699 3738">
     <span class='ocr_line' id='line_1_80' title="bbox 2106 3664 3699 3738; baseline -0.001 -18"><span class='ocrx_word' id='word_1_606' title='bbox 2106 3666 2253 3736; x_wconf 91' lang='lat' dir='ltr'><strong>quod</strong></span> <span class='ocrx_word' id='word_1_607' title='bbox 2295 3665 2353 3722; x_wconf 91' lang='lat' dir='ltr'><strong>S.</strong></span> <span class='ocrx_word' id='word_1_608' title='bbox 2398 3664 2642 3722; x_wconf 79' lang='lat' dir='ltr'><strong>Joannes</strong></span> <span class='ocrx_word' id='word_1_609' title='bbox 2666 3707 2682 3733; x_wconf 94' lang='lat'><strong>,</strong></span> <span class='ocrx_word' id='word_1_610' title='bbox 2715 3665 2931 3738; x_wconf 79' lang='grc' dir='ltr'><strong>ἐλέγχει</strong></span> <span class='ocrx_word' id='word_1_611' title='bbox 2960 3665 3160 3729; x_wconf 77' lang='grc' dir='ltr'>αὐτοὺς</span> <span class='ocrx_word' id='word_1_612' title='bbox 3183 3666 3326 3720; x_wconf 82' lang='grc' dir='ltr'><strong>κατὰ</strong></span> <span class='ocrx_word' id='word_1_613' title='bbox 3356 3665 3540 3721; x_wconf 78' lang='grc' dir='ltr'>πάντα</span> <span class='ocrx_word' id='word_1_614' title='bbox 3564 3665 3699 3737; x_wconf 81' lang='grc' dir='ltr'>τρό-</span> 
     </span>
    </p>
   </div>
   <div class='ocr_carea' id='block_1_81' title="bbox 2106 3754 3699 3826">
    <p class='ocr_par' dir='ltr' id='par_1_81' title="bbox 2106 3754 3699 3826">
     <span class='ocr_line' id='line_1_81' title="bbox 2106 3754 3699 3826; baseline -0.001 -17"><span class='ocrx_word' id='word_1_615' title='bbox 2106 3772 2227 3822; x_wconf 88' lang='grc' dir='ltr'>πον,</span> <span class='ocrx_word' id='word_1_616' title='bbox 2248 3754 2444 3825; x_wconf 82' lang='grc' dir='ltr'><strong>λέγων,</strong></span> <span class='ocrx_word' id='word_1_617' title='bbox 2475 3756 2557 3810; x_wconf 85' lang='grc' dir='ltr'><strong>ὅτι</strong></span> <span class='ocrx_word' id='word_1_618' title='bbox 2572 3756 2643 3810; x_wconf 80' lang='grc' dir='ltr'><strong>ἐν</strong></span> <span class='ocrx_word' id='word_1_619' title='bbox 2662 3755 2819 3825; x_wconf 81' lang='grc' dir='ltr'><strong>ἀρχῇ</strong></span> <span class='ocrx_word' id='word_1_620' title='bbox 2836 3755 2917 3825; x_wconf 81' lang='grc' dir='ltr'><strong>ἦν</strong></span> <span class='ocrx_word' id='word_1_621' title='bbox 2938 3758 2971 3810; x_wconf 85' lang='grc' dir='ltr'><em>ό</em></span> <span class='ocrx_word' id='word_1_622' title='bbox 2994 3757 3185 3826; x_wconf 79' lang='grc' dir='ltr'>Λόγος</span> <span class='ocrx_word' id='word_1_623' title='bbox 3199 3795 3216 3822; x_wconf 92' lang='grc'>,</span> <span class='ocrx_word' id='word_1_624' title='bbox 3239 3756 3335 3810; x_wconf 80' lang='grc' dir='ltr'><strong>καὶ</strong></span> <span class='ocrx_word' id='word_1_625' title='bbox 3355 3759 3387 3810; x_wconf 83' lang='grc' dir='ltr'>ὁ</span> <span class='ocrx_word' id='word_1_626' title='bbox 3402 3756 3597 3825; x_wconf 77' lang='grc' dir='ltr'>Λόγος</span> <span class='ocrx_word' id='word_1_627' title='bbox 3613 3755 3699 3824; x_wconf 79' lang='grc' dir='ltr'><strong>ἦν</strong></span> 
     </span>
    </p>
   </div>
   <div class='ocr_carea' id='block_1_82' title="bbox 2106 3844 3700 3917">
    <p class='ocr_par' dir='ltr' id='par_1_82' title="bbox 2106 3844 3700 3917">
     <span class='ocr_line' id='line_1_82' title="bbox 2106 3844 3700 3917; baseline 0 -18"><span class='ocrx_word' id='word_1_628' title='bbox 2106 3846 2256 3917; x_wconf 80' lang='grc' dir='ltr'>πρὸς</span> <span class='ocrx_word' id='word_1_629' title='bbox 2288 3847 2393 3901; x_wconf 86' lang='grc' dir='ltr'><strong>τὸν</strong></span> <span class='ocrx_word' id='word_1_630' title='bbox 2413 3846 2581 3912; x_wconf 73' lang='grc' dir='ltr'><strong>Θεὸν,</strong></span> <span class='ocrx_word' id='word_1_631' title='bbox 2614 3845 2708 3900; x_wconf 82' lang='grc' dir='ltr'><strong>καὶ</strong></span> <span class='ocrx_word' id='word_1_632' title='bbox 2734 3846 2878 3913; x_wconf 82' lang='grc' dir='ltr'><strong>Θεὸς</strong></span> <span class='ocrx_word' id='word_1_633' title='bbox 2900 3845 2979 3916; x_wconf 84' lang='grc' dir='ltr'><strong>ἦν</strong></span> <span class='ocrx_word' id='word_1_634' title='bbox 3007 3846 3220 3916; x_wconf 75' lang='grc' dir='ltr'>Λόγος,</span> <span class='ocrx_word' id='word_1_635' title='bbox 3246 3865 3266 3898; x_wconf 76' lang='grc' dir='ltr'><strong>ι</strong></span> <span class='ocrx_word' id='word_1_636' title='bbox 3300 3844 3495 3900; x_wconf 81' lang='lat' dir='ltr'><strong>refutat</strong></span> <span class='ocrx_word' id='word_1_637' title='bbox 3523 3844 3700 3899; x_wconf 83' lang='lat' dir='ltr'><strong>Ebio-</strong></span> 
     </span>
    </p>
   </div>
   <div class='ocr_carea' id='block_1_83' title="bbox 2106 3936 3699 4009">
    <p class='ocr_par' dir='ltr' id='par_1_83' title="bbox 2106 3936 3699 4009">
     <span class='ocr_line' id='line_1_83' title="bbox 2106 3936 3699 4009; baseline -0.001 -17"><span class='ocrx_word' id='word_1_638' title='bbox 2106 3953 2256 3993; x_wconf 82' lang='lat' dir='ltr'><strong>naos</strong></span> <span class='ocrx_word' id='word_1_639' title='bbox 2287 3938 2543 3994; x_wconf 91' lang='lat' dir='ltr'><strong>omnibus</strong></span> <span class='ocrx_word' id='word_1_640' title='bbox 2562 3937 2760 4003; x_wconf 86' lang='lat' dir='ltr'><strong>modis,</strong></span> <span class='ocrx_word' id='word_1_641' title='bbox 2788 3937 3000 4004; x_wconf 87' lang='lat' dir='ltr'><strong>dicens,</strong></span> <span class='ocrx_word' id='word_1_642' title='bbox 3021 3936 3169 4009; x_wconf 90' lang='lat' dir='ltr'><strong>quod</strong></span> <span class='ocrx_word' id='word_1_643' title='bbox 3194 3938 3250 3990; x_wconf 79' lang='lat' dir='ltr'><strong>in</strong></span> <span class='ocrx_word' id='word_1_644' title='bbox 3283 3938 3548 4007; x_wconf 81' lang='lat' dir='ltr'><strong>principio</strong></span> <span class='ocrx_word' id='word_1_645' title='bbox 3573 3946 3699 3990; x_wconf 84' lang='lat' dir='ltr'><strong>erat</strong></span> 
     </span>
    </p>
   </div>
   <div class='ocr_carea' id='block_1_84' title="bbox 2117 4014 3705 4102">
    <p class='ocr_par' dir='ltr' id='par_1_84' title="bbox 2117 4014 3705 4102">
     <span class='ocr_line' id='line_1_84' title="bbox 2117 4014 3705 4102; baseline -0.001 -19"><span class='ocrx_word' id='word_1_646' title='bbox 2117 4027 2343 4085; x_wconf 72' lang='lat' dir='ltr'><strong>Verbum</strong></span> <span class='ocrx_word' id='word_1_647' title='bbox 2357 4041 2406 4085; x_wconf 87' lang='lat' dir='ltr'><strong>et</strong></span> <span class='ocrx_word' id='word_1_648' title='bbox 2434 4030 2657 4086; x_wconf 83' lang='lat' dir='ltr'><strong>Verbum</strong></span> <span class='ocrx_word' id='word_1_649' title='bbox 2672 4040 2786 4085; x_wconf 90' lang='lat' dir='ltr'><strong>erat</strong></span> <span class='ocrx_word' id='word_1_650' title='bbox 2811 4030 2953 4102; x_wconf 85' lang='lat' dir='ltr'><strong>apud</strong></span> <span class='ocrx_word' id='word_1_651' title='bbox 2978 4030 3168 4096; x_wconf 89' lang='lat' dir='ltr'><strong>Deum;</strong></span> <span class='ocrx_word' id='word_1_652' title='bbox 3182 4038 3233 4085; x_wconf 84' lang='lat' dir='ltr'><strong>et</strong></span> <span class='ocrx_word' id='word_1_653' title='bbox 3255 4027 3393 4099; x_wconf 73' lang='lat' dir='ltr'><strong>Deus</strong></span> <span class='ocrx_word' id='word_1_654' title='bbox 3416 4041 3532 4083; x_wconf 84' lang='lat' dir='ltr'><strong>erat</strong></span> <span class='ocrx_word' id='word_1_655' title='bbox 3557 4014 3705 4084; x_wconf 55' lang='grc' dir='ltr'><strong>γενέ</strong></span> 
     </span>
    </p>
   </div>
   <div class='ocr_carea' id='block_1_85' title="bbox 2109 4118 3701 4189">
    <p class='ocr_par' dir='ltr' id='par_1_85' title="bbox 2109 4118 3701 4189">
     <span class='ocr_line' id='line_1_85' title="bbox 2109 4118 3701 4189; baseline 0.001 -17"><span class='ocrx_word' id='word_1_656' title='bbox 2109 4120 2252 4173; x_wconf 87' lang='lat' dir='ltr'><strong>bum.</strong></span> <span class='ocrx_word' id='word_1_657' title='bbox 2285 4138 2306 4173; x_wconf 76' lang='grc' dir='ltr'><strong>ι</strong></span> <span class='ocrx_word' id='word_1_658' title='bbox 2361 4118 2521 4175; x_wconf 88' lang='lat' dir='ltr'><strong>Certe</strong></span> <span class='ocrx_word' id='word_1_659' title='bbox 2567 4120 2613 4176; x_wconf 91' lang='lat' dir='ltr'><strong>si</strong></span> <span class='ocrx_word' id='word_1_660' title='bbox 2660 4118 2899 4175; x_wconf 88' lang='lat' dir='ltr'><strong>Joannes</strong></span> <span class='ocrx_word' id='word_1_661' title='bbox 2942 4120 3085 4187; x_wconf 92' lang='lat' dir='ltr'><strong>illis,</strong></span> <span class='ocrx_word' id='word_1_662' title='bbox 3121 4120 3288 4176; x_wconf 88' lang='lat' dir='ltr'><strong>etiam</strong></span> <span class='ocrx_word' id='word_1_663' title='bbox 3322 4118 3569 4189; x_wconf 87' lang='lat' dir='ltr'><strong>lgnatius</strong></span> <span class='ocrx_word' id='word_1_664' title='bbox 3603 4118 3701 4174; x_wconf 84' lang='lat' dir='ltr'><strong>his</strong></span> 
     </span>
    </p>
   </div>
   <div class='ocr_carea' id='block_1_86' title="bbox 2106 4209 3704 4282">
    <p class='ocr_par' dir='ltr' id='par_1_86' title="bbox 2106 4209 3704 4282">
     <span class='ocr_line' id='line_1_86' title="bbox 2106 4209 3704 4282; baseline -0.001 -16"><span class='ocrx_word' id='word_1_665' title='bbox 2106 4212 2294 4268; x_wconf 89' lang='lat' dir='ltr'><strong>verbis</strong></span> <span class='ocrx_word' id='word_1_666' title='bbox 2329 4210 2620 4267; x_wconf 84' lang='lat' dir='ltr'><strong>Ebionaos</strong></span> <span class='ocrx_word' id='word_1_667' title='bbox 2665 4210 2899 4277; x_wconf 86' lang='lat' dir='ltr'><strong>refutat;</strong></span> <span class='ocrx_word' id='word_1_668' title='bbox 2939 4226 3118 4282; x_wconf 86' lang='lat' dir='ltr'><strong>neque</strong></span> <span class='ocrx_word' id='word_1_669' title='bbox 3166 4210 3220 4265; x_wconf 93' lang='lat' dir='ltr'><strong>id</strong></span> <span class='ocrx_word' id='word_1_670' title='bbox 3270 4209 3473 4265; x_wconf 86' lang='lat' dir='ltr'><strong>clarius</strong></span> <span class='ocrx_word' id='word_1_671' title='bbox 3503 4219 3704 4278; x_wconf 86' lang='lat' dir='ltr'><strong>patere</strong></span> 
     </span>
    </p>
   </div>
   <div class='ocr_carea' id='block_1_87' title="bbox 2109 4299 3704 4370">
    <p class='ocr_par' dir='ltr' id='par_1_87' title="bbox 2109 4299 3704 4370">
     <span class='ocr_line' id='line_1_87' title="bbox 2109 4299 3704 4370; baseline -0.001 -15"><span class='ocrx_word' id='word_1_672' title='bbox 2109 4308 2290 4370; x_wconf 88' lang='lat' dir='ltr'><strong>potest</strong></span> <span class='ocrx_word' id='word_1_673' title='bbox 2312 4315 2475 4370; x_wconf 90' lang='lat' dir='ltr'><strong>quam</strong></span> <span class='ocrx_word' id='word_1_674' title='bbox 2506 4314 2574 4354; x_wconf 75' lang='lat' dir='ltr'><strong>ex</strong></span> <span class='ocrx_word' id='word_1_675' title='bbox 2608 4299 2698 4364; x_wconf 90' lang='lat' dir='ltr'><strong>iis,</strong></span> <span class='ocrx_word' id='word_1_676' title='bbox 2723 4300 3174 4370; x_wconf 89' lang='lat' dir='ltr'><strong>quaimmediate</strong></span> <span class='ocrx_word' id='word_1_677' title='bbox 3191 4308 3245 4354; x_wconf 89' lang='lat' dir='ltr'><strong>et</strong></span> <span class='ocrx_word' id='word_1_678' title='bbox 3276 4299 3499 4355; x_wconf 74' lang='lat' dir='ltr'><strong>eosdem</strong></span> <span class='ocrx_word' id='word_1_679' title='bbox 3528 4315 3704 4370; x_wconf 78' lang='lat' dir='ltr'><strong>aper-</strong></span> 
     </span>
    </p>
   </div>
   <div class='ocr_carea' id='block_1_88' title="bbox 2109 4390 3703 4465">
    <p class='ocr_par' dir='ltr' id='par_1_88' title="bbox 2109 4390 3703 4465">
     <span class='ocr_line' id='line_1_88' title="bbox 2109 4390 3703 4465; baseline -0.001 -18"><span class='ocrx_word' id='word_1_680' title='bbox 2109 4400 2162 4449; x_wconf 89' lang='lat' dir='ltr'><strong>te</strong></span> <span class='ocrx_word' id='word_1_681' title='bbox 2196 4392 2421 4448; x_wconf 85' lang='lat' dir='ltr'><strong>feriunt.</strong></span> <span class='ocrx_word' id='word_1_682' title='bbox 2453 4411 2471 4444; x_wconf 78' lang='grc' dir='ltr'><strong>ι</strong></span> <span class='ocrx_word' id='word_1_683' title='bbox 2507 4390 2563 4444; x_wconf 92' lang='lat' dir='ltr'><strong>Si</strong></span> <span class='ocrx_word' id='word_1_684' title='bbox 2599 4392 2786 4465; x_wconf 81' lang='lat' dir='ltr'><strong>igitur,</strong></span> <span class='ocrx_word' id='word_1_685' title='bbox 2838 4392 3039 4462; x_wconf 89' lang='lat' dir='ltr'><strong>inquit,</strong></span> <span class='ocrx_word' id='word_1_686' title='bbox 3079 4392 3157 4446; x_wconf 92' lang='lat' dir='ltr'><strong>illi</strong></span> <span class='ocrx_word' id='word_1_687' title='bbox 3191 4391 3525 4446; x_wconf 88' lang='lat' dir='ltr'><strong>divinissimi</strong></span> <span class='ocrx_word' id='word_1_688' title='bbox 3560 4407 3703 4460; x_wconf 86' lang='lat' dir='ltr'><strong>pro-</strong></span> 
     </span>
    </p>
   </div>
   <div class='ocr_carea' id='block_1_89' title="bbox 428 4481 2000 4557">
    <p class='ocr_par' dir='ltr' id='par_1_89' title="bbox 428 4481 2000 4556">
     <span class='ocr_line' id='line_1_89' title="bbox 428 4481 2000 4556; baseline 0.003 -20"><span class='ocrx_word' id='word_1_689' title='bbox 428 4481 665 4547; x_wconf 82' lang='grc' dir='ltr'>πίστεως</span> <span class='ocrx_word' id='word_1_690' title='bbox 690 4483 782 4537; x_wconf 78' lang='grc' dir='ltr'>καὶ</span> <span class='ocrx_word' id='word_1_691' title='bbox 814 4482 906 4537; x_wconf 83' lang='grc' dir='ltr'><strong>τοῦ</strong></span> <span class='ocrx_word' id='word_1_692' title='bbox 934 4485 1054 4538; x_wconf 85' lang='grc' dir='ltr'><strong>κατ’</strong></span> <span class='ocrx_word' id='word_1_693' title='bbox 1072 4484 1240 4555; x_wconf 81' lang='grc' dir='ltr'>αὐτὴν</span> <span class='ocrx_word' id='word_1_694' title='bbox 1264 4483 1380 4555; x_wconf 82' lang='grc' dir='ltr'>βίου</span> <span class='ocrx_word' id='word_1_695' title='bbox 1405 4482 1820 4556; x_wconf 79' lang='grc' dir='ltr'>σωθησομένοις.</span> <span class='ocrx_word' id='word_1_696' title='bbox 1858 4502 1876 4537; x_wconf 80' lang='grc' dir='ltr'><strong>ι</strong></span> <span class='ocrx_word' id='word_1_697' title='bbox 1904 4483 2000 4540; x_wconf 84' lang='lat' dir='ltr'><strong>Le-</strong></span> 
     </span>
    </p>
   </div>
   <div class='ocr_carea' id='block_1_90' title="bbox 2103 4481 3705 4557">
    <p class='ocr_par' dir='ltr' id='par_1_90' title="bbox 2112 4484 3705 4557">
     <span class='ocr_line' id='line_1_90' title="bbox 2112 4484 3705 4557; baseline -0.001 -18"><span class='ocrx_word' id='word_1_698' title='bbox 2112 4485 2291 4557; x_wconf 85' lang='lat' dir='ltr'><strong>phcta</strong></span> <span class='ocrx_word' id='word_1_699' title='bbox 2327 4485 2378 4538; x_wconf 94' lang='lat' dir='ltr'><strong>in</strong></span> <span class='ocrx_word' id='word_1_700' title='bbox 2414 4485 2689 4540; x_wconf 86' lang='lat' dir='ltr'><strong>veteribus</strong></span> <span class='ocrx_word' id='word_1_701' title='bbox 2740 4484 2905 4540; x_wconf 90' lang='lat' dir='ltr'><strong>rebus</strong></span> <span class='ocrx_word' id='word_1_702' title='bbox 2931 4484 3236 4540; x_wconf 79' lang='lat' dir='ltr'><strong>conversati</strong></span> <span class='ocrx_word' id='word_1_703' title='bbox 3287 4484 3342 4538; x_wconf 90' lang='lat' dir='ltr'><strong>in</strong></span> <span class='ocrx_word' id='word_1_704' title='bbox 3388 4484 3705 4538; x_wconf 83' lang='lat' dir='ltr'><strong>novitatem</strong></span> 
     </span>
    </p>
   </div>
   <div class='ocr_carea' id='block_1_91' title="bbox 429 4575 2008 4648">
    <p class='ocr_par' dir='ltr' id='par_1_91' title="bbox 429 4575 2008 4648">
     <span class='ocr_line' id='line_1_91' title="bbox 429 4575 2008 4648; baseline 0.003 -20"><span class='ocrx_word' id='word_1_705' title='bbox 429 4575 514 4648; x_wconf 85' lang='lat' dir='ltr'><strong>gis</strong></span> <span class='ocrx_word' id='word_1_706' title='bbox 539 4577 978 4633; x_wconf 83' lang='lat' dir='ltr'><strong>observationem</strong></span> <span class='ocrx_word' id='word_1_707' title='bbox 1010 4577 1116 4633; x_wconf 90' lang='lat' dir='ltr'><strong>sibi</strong></span> <span class='ocrx_word' id='word_1_708' title='bbox 1160 4576 1387 4632; x_wconf 89' lang='lat' dir='ltr'><strong>omnino</strong></span> <span class='ocrx_word' id='word_1_709' title='bbox 1433 4577 1800 4633; x_wconf 87' lang='lat' dir='ltr'><strong>necessariam</strong></span> <span class='ocrx_word' id='word_1_710' title='bbox 1849 4578 2008 4632; x_wconf 91' lang='lat' dir='ltr'><strong>duce-</strong></span> 
     </span>
    </p>
   </div>
   <div class='ocr_carea' id='block_1_92' title="bbox 430 4667 2008 4740">
    <p class='ocr_par' dir='ltr' id='par_1_92' title="bbox 430 4667 2008 4740">
     <span class='ocr_line' id='line_1_92' title="bbox 430 4667 2008 4740; baseline 0.001 -16"><span class='ocrx_word' id='word_1_711' title='bbox 430 4667 584 4736; x_wconf 83' lang='lat' dir='ltr'><strong>bant,</strong></span> <span class='ocrx_word' id='word_1_712' title='bbox 615 4669 775 4740; x_wconf 87' lang='lat' dir='ltr'><strong>quasi</strong></span> <span class='ocrx_word' id='word_1_713' title='bbox 813 4685 910 4739; x_wconf 80' lang='lat' dir='ltr'><strong>per</strong></span> <span class='ocrx_word' id='word_1_714' title='bbox 932 4669 1108 4725; x_wconf 90' lang='lat' dir='ltr'><strong>solam</strong></span> <span class='ocrx_word' id='word_1_715' title='bbox 1140 4668 1196 4723; x_wconf 92' lang='lat' dir='ltr'><strong>in</strong></span> <span class='ocrx_word' id='word_1_716' title='bbox 1220 4667 1502 4723; x_wconf 87' lang='lat' dir='ltr'><strong>Christum</strong></span> <span class='ocrx_word' id='word_1_717' title='bbox 1546 4667 1707 4725; x_wconf 86' lang='lat' dir='ltr'><strong>ﬁdem</strong></span> <span class='ocrx_word' id='word_1_718' title='bbox 1732 4669 2008 4739; x_wconf 89' lang='lat' dir='ltr'><strong>vitamque</strong></span> 
     </span>
    </p>
   </div>
   <div class='ocr_carea' id='block_1_93' title="bbox 428 4760 2008 4832">
    <p class='ocr_par' dir='ltr' id='par_1_93' title="bbox 428 4760 2008 4832">
     <span class='ocr_line' id='line_1_93' title="bbox 428 4760 2008 4832; baseline -0.001 -15"><span class='ocrx_word' id='word_1_719' title='bbox 428 4776 498 4817; x_wconf 81' lang='lat' dir='ltr'><strong>ex</strong></span> <span class='ocrx_word' id='word_1_720' title='bbox 521 4777 585 4818; x_wconf 90' lang='lat' dir='ltr'><strong>ea</strong></span> <span class='ocrx_word' id='word_1_721' title='bbox 638 4761 744 4816; x_wconf 83' lang='lat' dir='ltr'><strong>fide</strong></span> <span class='ocrx_word' id='word_1_722' title='bbox 799 4760 1106 4816; x_wconf 88' lang='lat' dir='ltr'><strong>traductam</strong></span> <span class='ocrx_word' id='word_1_723' title='bbox 1165 4760 1395 4817; x_wconf 91' lang='lat' dir='ltr'><strong>salutem</strong></span> <span class='ocrx_word' id='word_1_724' title='bbox 1421 4763 1685 4832; x_wconf 89' lang='lat' dir='ltr'><strong>consequi</strong></span> <span class='ocrx_word' id='word_1_725' title='bbox 1720 4777 1833 4817; x_wconf 91' lang='lat' dir='ltr'><strong>non</strong></span> <span class='ocrx_word' id='word_1_726' title='bbox 1859 4761 2008 4817; x_wconf 89' lang='lat' dir='ltr'><strong>vale-</strong></span> 
     </span>
    </p>
   </div>
   <div class='ocr_carea' id='block_1_94' title="bbox 431 4851 2010 4927">
    <p class='ocr_par' dir='ltr' id='par_1_94' title="bbox 431 4851 2010 4927">
     <span class='ocr_line' id='line_1_94' title="bbox 431 4851 2010 4927; baseline -0.001 -16"><span class='ocrx_word' id='word_1_727' title='bbox 431 4863 575 4919; x_wconf 83' lang='lat' dir='ltr'><strong>rent.</strong></span> <span class='ocrx_word' id='word_1_728' title='bbox 606 4874 626 4909; x_wconf 83' lang='grc' dir='ltr'><strong>ι</strong></span> <span class='ocrx_word' id='word_1_729' title='bbox 651 4855 876 4920; x_wconf 87' lang='lat' dir='ltr'><strong>Euseb.,</strong></span> <span class='ocrx_word' id='word_1_730' title='bbox 904 4854 1002 4910; x_wconf 91' lang='lat' dir='ltr'><strong>lib.</strong></span> <span class='ocrx_word' id='word_1_731' title='bbox 1035 4870 1119 4921; x_wconf 85' lang='grc' dir='ltr'>ιιι,</span> <span class='ocrx_word' id='word_1_732' title='bbox 1147 4868 1267 4925; x_wconf 90' lang='lat' dir='ltr'><strong>cap.</strong></span> <span class='ocrx_word' id='word_1_733' title='bbox 1299 4853 1390 4908; x_wconf 71' lang='lat'><strong>27.</strong></span> <span class='ocrx_word' id='word_1_734' title='bbox 1418 4851 1490 4909; x_wconf 88' lang='lat' dir='ltr'><strong>Ut</strong></span> <span class='ocrx_word' id='word_1_735' title='bbox 1514 4854 1585 4910; x_wconf 91' lang='lat' dir='ltr'><strong>ab</strong></span> <span class='ocrx_word' id='word_1_736' title='bbox 1607 4854 1694 4911; x_wconf 90' lang='lat' dir='ltr'><strong>his</strong></span> <span class='ocrx_word' id='word_1_737' title='bbox 1727 4855 1894 4927; x_wconf 81' lang='lat' dir='ltr'><strong>igitur</strong></span> <span class='ocrx_word' id='word_1_738' title='bbox 1917 4869 2010 4909; x_wconf 88' lang='lat' dir='ltr'><strong>ca-</strong></span> 
     </span>
    </p>
   </div>
   <div class='ocr_carea' id='block_1_95' title="bbox 438 4943 2006 5019">
    <p class='ocr_par' dir='ltr' id='par_1_95' title="bbox 438 4943 2006 5019">
     <span class='ocr_line' id='line_1_95' title="bbox 438 4943 2006 5019; baseline -0.002 -16"><span class='ocrx_word' id='word_1_739' title='bbox 438 4956 620 5016; x_wconf 89' lang='lat' dir='ltr'><strong>veant,</strong></span> <span class='ocrx_word' id='word_1_740' title='bbox 647 4947 1028 5019; x_wconf 87' lang='lat' dir='ltr'><strong>Magnesianos</strong></span> <span class='ocrx_word' id='word_1_741' title='bbox 1057 4953 1245 5001; x_wconf 89' lang='lat' dir='ltr'><strong>monet</strong></span> <span class='ocrx_word' id='word_1_742' title='bbox 1283 4945 1562 5018; x_wconf 82' lang='lat' dir='ltr'><strong>lgnatius;</strong></span> <span class='ocrx_word' id='word_1_743' title='bbox 1593 4947 1797 5017; x_wconf 90' lang='lat' dir='ltr'><strong>quippe</strong></span> <span class='ocrx_word' id='word_1_744' title='bbox 1830 4943 2006 5001; x_wconf 89' lang='lat' dir='ltr'><strong>Ebion</strong></span> 
     </span>
    </p>
   </div>
   <div class='ocr_carea' id='block_1_96' title="bbox 441 5034 2007 5110">
    <p class='ocr_par' dir='ltr' id='par_1_96' title="bbox 441 5034 2007 5110">
     <span class='ocr_line' id='line_1_96' title="bbox 441 5034 2007 5110; baseline -0.001 -19"><span class='ocrx_word' id='word_1_745' title='bbox 441 5039 495 5092; x_wconf 92' lang='lat' dir='ltr'><strong>in</strong></span> <span class='ocrx_word' id='word_1_746' title='bbox 525 5038 654 5093; x_wconf 87' lang='lat' dir='ltr'><strong>Asia</strong></span> <span class='ocrx_word' id='word_1_747' title='bbox 682 5053 843 5095; x_wconf 88' lang='lat' dir='ltr'><strong>suum</strong></span> <span class='ocrx_word' id='word_1_748' title='bbox 873 5039 1069 5110; x_wconf 84' lang='lat' dir='ltr'><strong>dogma</strong></span> <span class='ocrx_word' id='word_1_749' title='bbox 1091 5038 1565 5102; x_wconf 88' lang='lat' dir='ltr'><strong>disseminaverat,</strong></span> <span class='ocrx_word' id='word_1_750' title='bbox 1603 5037 1848 5092; x_wconf 88' lang='lat' dir='ltr'><strong>tradente</strong></span> <span class='ocrx_word' id='word_1_751' title='bbox 1876 5034 2007 5108; x_wconf 89' lang='lat' dir='ltr'><strong>Epi-</strong></span> 
     </span>
    </p>
   </div>
   <div class='ocr_carea' id='block_1_97' title="bbox 438 5127 2011 5205">
    <p class='ocr_par' dir='ltr' id='par_1_97' title="bbox 438 5127 2011 5205">
     <span class='ocr_line' id='line_1_97' title="bbox 438 5127 2011 5205; baseline -0.001 -19"><span class='ocrx_word' id='word_1_752' title='bbox 438 5133 663 5203; x_wconf 82' lang='lat' dir='ltr'><strong>phanio,</strong></span> <span class='ocrx_word' id='word_1_753' title='bbox 692 5127 846 5198; x_wconf 70' lang='grc' dir='ltr'>οὗτος</span> <span class='ocrx_word' id='word_1_754' title='bbox 866 5133 963 5205; x_wconf 79' lang='grc' dir='ltr'><strong>μὲν</strong></span> <span class='ocrx_word' id='word_1_755' title='bbox 985 5127 1080 5187; x_wconf 73' lang='grc' dir='ltr'>οὖν</span> <span class='ocrx_word' id='word_1_756' title='bbox 1101 5133 1129 5185; x_wconf 87' lang='grc' dir='ltr'><em>ὀ</em></span> <span class='ocrx_word' id='word_1_757' title='bbox 1152 5130 1347 5185; x_wconf 79' lang='grc' dir='ltr'>Ἐϐίων</span> <span class='ocrx_word' id='word_1_758' title='bbox 1371 5130 1465 5185; x_wconf 77' lang='grc' dir='ltr'><strong>καὶ</strong></span> <span class='ocrx_word' id='word_1_759' title='bbox 1487 5129 1651 5194; x_wconf 80' lang='grc' dir='ltr'>αὐτὸς</span> <span class='ocrx_word' id='word_1_760' title='bbox 1678 5132 1737 5184; x_wconf 82' lang='grc' dir='ltr'><strong>ὲν</strong></span> <span class='ocrx_word' id='word_1_761' title='bbox 1757 5132 1824 5203; x_wconf 80' lang='grc' dir='ltr'><strong>τῇ</strong></span> <span class='ocrx_word' id='word_1_762' title='bbox 1853 5130 2011 5202; x_wconf 74' lang='grc' dir='ltr'>Ἀσίᾳ</span> 
     </span>
    </p>
   </div>
   <div class='ocr_carea' id='block_1_98' title="bbox 434 5218 2010 5299">
    <p class='ocr_par' dir='ltr' id='par_1_98' title="bbox 434 5218 2010 5299">
     <span class='ocr_line' id='line_1_98' title="bbox 434 5218 2010 5299; baseline -0.001 -20"><span class='ocrx_word' id='word_1_763' title='bbox 434 5218 549 5298; x_wconf 61' lang='grc' dir='ltr'><strong>εἶχε</strong></span> <span class='ocrx_word' id='word_1_764' title='bbox 574 5224 636 5280; x_wconf 75' lang='grc' dir='ltr'><strong>τὸ</strong></span> <span class='ocrx_word' id='word_1_765' title='bbox 665 5225 947 5299; x_wconf 83' lang='grc' dir='ltr'><strong>κήρυγμα.</strong></span> <span class='ocrx_word' id='word_1_766' title='bbox 983 5225 1184 5282; x_wconf 89' lang='lat' dir='ltr'><strong>Contra</strong></span> <span class='ocrx_word' id='word_1_767' title='bbox 1227 5224 1328 5281; x_wconf 92' lang='lat' dir='ltr'><strong>hos</strong></span> <span class='ocrx_word' id='word_1_768' title='bbox 1358 5223 1524 5295; x_wconf 86' lang='lat' dir='ltr'><strong>igitur</strong></span> <span class='ocrx_word' id='word_1_769' title='bbox 1571 5221 1915 5292; x_wconf 81' lang='lat' dir='ltr'><strong>judaizantes</strong></span> <span class='ocrx_word' id='word_1_770' title='bbox 1955 5232 2010 5278; x_wconf 85' lang='lat' dir='ltr'><strong>et</strong></span> 
     </span>
    </p>
   </div>
   <div class='ocr_carea' id='block_1_99' title="bbox 433 5312 2007 5389">
    <p class='ocr_par' dir='ltr' id='par_1_99' title="bbox 433 5312 2007 5389">
     <span class='ocr_line' id='line_1_99' title="bbox 433 5312 2007 5389; baseline 0.002 -20"><span class='ocrx_word' id='word_1_771' title='bbox 433 5312 654 5389; x_wconf 80' lang='lat' dir='ltr'><strong>proprie</strong></span> <span class='ocrx_word' id='word_1_772' title='bbox 695 5328 751 5374; x_wconf 88' lang='lat' dir='ltr'><strong>et</strong></span> <span class='ocrx_word' id='word_1_773' title='bbox 795 5317 916 5374; x_wconf 88' lang='lat' dir='ltr'><strong>fuse</strong></span> <span class='ocrx_word' id='word_1_774' title='bbox 954 5317 1218 5389; x_wconf 89' lang='lat' dir='ltr'><strong>disputat.</strong></span> <span class='ocrx_word' id='word_1_775' title='bbox 1259 5334 1278 5369; x_wconf 77' lang='grc' dir='ltr'><strong>ι</strong></span> <span class='ocrx_word' id='word_1_776' title='bbox 1311 5314 1646 5371; x_wconf 88' lang='lat' dir='ltr'><strong>Divinissimi</strong></span> <span class='ocrx_word' id='word_1_777' title='bbox 1695 5316 1841 5370; x_wconf 92' lang='lat' dir='ltr'><strong>enim</strong></span> <span class='ocrx_word' id='word_1_778' title='bbox 1877 5331 2007 5388; x_wconf 83' lang='lat' dir='ltr'><strong>pro-</strong></span> 
     </span>
    </p>
   </div>
   <div class='ocr_carea' id='block_1_100' title="bbox 435 5407 2005 5484">
    <p class='ocr_par' dir='ltr' id='par_1_100' title="bbox 435 5407 2005 5484">
     <span class='ocr_line' id='line_1_100' title="bbox 435 5407 2005 5484; baseline -0.001 -20"><span class='ocrx_word' id='word_1_779' title='bbox 435 5410 630 5481; x_wconf 87' lang='lat' dir='ltr'><strong>pheta,</strong></span> <span class='ocrx_word' id='word_1_780' title='bbox 651 5412 848 5484; x_wconf 86' lang='lat' dir='ltr'><strong>inquit,</strong></span> <span class='ocrx_word' id='word_1_781' title='bbox 870 5413 1171 5469; x_wconf 91' lang='lat' dir='ltr'><strong>secundum</strong></span> <span class='ocrx_word' id='word_1_782' title='bbox 1190 5409 1469 5467; x_wconf 86' lang='lat' dir='ltr'><strong>Christum</strong></span> <span class='ocrx_word' id='word_1_783' title='bbox 1494 5407 1681 5466; x_wconf 80' lang='lat' dir='ltr'><strong>Jcsum</strong></span> <span class='ocrx_word' id='word_1_784' title='bbox 1708 5410 1963 5465; x_wconf 82' lang='lat' dir='ltr'><strong>vixerunt</strong></span> <span class='ocrx_word' id='word_1_785' title='bbox 1989 5427 2005 5471; x_wconf 76' lang='grc' dir='ltr'><strong>ς</strong></span> 
     </span>
    </p>
   </div>
   <div class='ocr_carea' id='block_1_101' title="bbox 437 5501 2007 5579">
    <p class='ocr_par' dir='ltr' id='par_1_101' title="bbox 437 5501 2007 5579">
     <span class='ocr_line' id='line_1_101' title="bbox 437 5501 2007 5579; baseline 0.001 -23"><span class='ocrx_word' id='word_1_786' title='bbox 437 5513 658 5574; x_wconf 84' lang='lat' dir='ltr'><strong>propter</strong></span> <span class='ocrx_word' id='word_1_787' title='bbox 686 5504 792 5560; x_wconf 88' lang='lat' dir='ltr'><strong>hoc</strong></span> <span class='ocrx_word' id='word_1_788' title='bbox 813 5513 868 5561; x_wconf 92' lang='lat' dir='ltr'><strong>et</strong></span> <span class='ocrx_word' id='word_1_789' title='bbox 889 5503 1326 5579; x_wconf 89' lang='lat' dir='ltr'><strong>persecutionem</strong></span> <span class='ocrx_word' id='word_1_790' title='bbox 1368 5502 1515 5575; x_wconf 90' lang='lat' dir='ltr'><strong>passi</strong></span> <span class='ocrx_word' id='word_1_791' title='bbox 1541 5511 1671 5559; x_wconf 88' lang='lat' dir='ltr'><strong>sunt</strong></span> <span class='ocrx_word' id='word_1_792' title='bbox 1698 5501 1950 5573; x_wconf 86' lang='lat' dir='ltr'><strong>inspirati</strong></span> <span class='ocrx_word' id='word_1_793' title='bbox 1975 5516 2007 5557; x_wconf 93' lang='lat' dir='ltr'><strong>a</strong></span> 
     </span>
    </p>
   </div>
   <div class='ocr_carea' id='block_1_102' title="bbox 437 5595 888 5674">
    <p class='ocr_par' dir='ltr' id='par_1_102' title="bbox 437 5595 888 5674">
     <span class='ocr_line' id='line_1_102' title="bbox 437 5595 888 5674; baseline 0.004 -25"><span class='ocrx_word' id='word_1_794' title='bbox 437 5596 611 5674; x_wconf 74' lang='lat' dir='ltr'><strong>gratia</strong></span> <span class='ocrx_word' id='word_1_795' title='bbox 638 5595 831 5668; x_wconf 84' lang='lat' dir='ltr'><strong>ipsius.</strong></span> <span class='ocrx_word' id='word_1_796' title='bbox 867 5616 888 5651; x_wconf 76' lang='grc' dir='ltr'><strong>ι</strong></span> 
     </span>
    </p>
   </div>
   <div class='ocr_carea' id='block_1_103' title="bbox 480 5741 1929 5844">
    <p class='ocr_par' dir='ltr' id='par_1_103' title="bbox 480 5741 1929 5844">
     <span class='ocr_line' id='line_1_103' title="bbox 480 5741 1929 5844; baseline 0.001 -18"><span class='ocrx_word' id='word_1_797' title='bbox 480 5765 519 5805; x_wconf 69' lang='grc'><strong>³⁸</strong></span> <span class='ocrx_word' id='word_1_798' title='bbox 562 5766 742 5835; x_wconf 77' lang='grc' dir='ltr'>ΙΤὶιιι.</span> <span class='ocrx_word' id='word_1_799' title='bbox 768 5772 879 5840; x_wconf 62' lang='lat'><strong>1,4.</strong></span> <span class='ocrx_word' id='word_1_800' title='bbox 955 5777 997 5807; x_wconf 82' lang='grc'><strong>³¹</strong></span> <span class='ocrx_word' id='word_1_801' title='bbox 1023 5774 1062 5831; x_wconf 89' lang='lat' dir='ltr'><strong>ll</strong></span> <span class='ocrx_word' id='word_1_802' title='bbox 1087 5776 1212 5832; x_wconf 87' lang='lat' dir='ltr'><strong>Cor.</strong></span> <span class='ocrx_word' id='word_1_803' title='bbox 1241 5792 1292 5843; x_wconf 83' lang='lat' dir='ltr'><strong>v,</strong></span> <span class='ocrx_word' id='word_1_804' title='bbox 1324 5774 1406 5830; x_wconf 81' lang='grc' dir='ltr'><strong>Π.</strong></span> <span class='ocrx_word' id='word_1_805' title='bbox 1487 5741 1531 5806; x_wconf 43' lang='grc'><strong>⁵³</strong></span> <span class='ocrx_word' id='word_1_806' title='bbox 1564 5771 1695 5844; x_wconf 78' lang='lat' dir='ltr'><strong>Cap.</strong></span> <span class='ocrx_word' id='word_1_807' title='bbox 1733 5790 1771 5839; x_wconf 80' lang='grc' dir='ltr'><strong>ι,</strong></span> <span class='ocrx_word' id='word_1_808' title='bbox 1801 5772 1929 5831; x_wconf 65' lang='lat' dir='ltr'><strong>v.1.</strong></span> 
     </span>
    </p>
   </div>
   <div class='ocr_carea' id='block_1_104' title="bbox 2110 4575 3704 4647">
    <p class='ocr_par' dir='ltr' id='par_1_104' title="bbox 2110 4575 3704 4647">
     <span class='ocr_line' id='line_1_104' title="bbox 2110 4575 3704 4647; baseline 0.001 -16"><span class='ocrx_word' id='word_1_809' title='bbox 2110 4577 2224 4647; x_wconf 90' lang='lat' dir='ltr'><strong>spei</strong></span> <span class='ocrx_word' id='word_1_810' title='bbox 2262 4584 2558 4644; x_wconf 89' lang='lat' dir='ltr'><strong>venerunt,</strong></span> <span class='ocrx_word' id='word_1_811' title='bbox 2610 4591 2720 4631; x_wconf 88' lang='lat' dir='ltr'><strong>non</strong></span> <span class='ocrx_word' id='word_1_812' title='bbox 2776 4576 3215 4645; x_wconf 88' lang='lat' dir='ltr'><strong>sabbatizantes,</strong></span> <span class='ocrx_word' id='word_1_813' title='bbox 3251 4577 3347 4631; x_wconf 86' lang='lat' dir='ltr'><strong>sed</strong></span> <span class='ocrx_word' id='word_1_814' title='bbox 3380 4575 3704 4632; x_wconf 87' lang='lat' dir='ltr'><strong>secundum</strong></span> 
     </span>
    </p>
   </div>
   <div class='ocr_carea' id='block_1_105' title="bbox 2110 4668 3707 4740">
    <p class='ocr_par' dir='ltr' id='par_1_105' title="bbox 2110 4668 3707 4740">
     <span class='ocr_line' id='line_1_105' title="bbox 2110 4668 3707 4740; baseline 0.001 -18"><span class='ocrx_word' id='word_1_815' title='bbox 2110 4668 2453 4725; x_wconf 91' lang='lat' dir='ltr'><strong>Dominicam</strong></span> <span class='ocrx_word' id='word_1_816' title='bbox 2492 4672 2659 4727; x_wconf 88' lang='lat' dir='ltr'><strong>vitam</strong></span> <span class='ocrx_word' id='word_1_817' title='bbox 2693 4669 2959 4733; x_wconf 86' lang='lat' dir='ltr'><strong>viventes,</strong></span> <span class='ocrx_word' id='word_1_818' title='bbox 2988 4678 3119 4738; x_wconf 88' lang='lat' dir='ltr'><strong>etc.,</strong></span> <span class='ocrx_word' id='word_1_819' title='bbox 3153 4669 3430 4740; x_wconf 87' lang='lat' dir='ltr'><strong>quomodo</strong></span> <span class='ocrx_word' id='word_1_820' title='bbox 3460 4684 3564 4724; x_wconf 89' lang='lat' dir='ltr'><strong>nos</strong></span> <span class='ocrx_word' id='word_1_821' title='bbox 3595 4684 3707 4738; x_wconf 78' lang='lat' dir='ltr'><strong>po-</strong></span> 
     </span>
    </p>
   </div>
   <div class='ocr_carea' id='block_1_106' title="bbox 2110 4760 3704 4834">
    <p class='ocr_par' dir='ltr' id='par_1_106' title="bbox 2110 4760 3704 4834">
     <span class='ocr_line' id='line_1_106' title="bbox 2110 4760 3704 4834; baseline 0.002 -20"><span class='ocrx_word' id='word_1_822' title='bbox 2110 4761 2340 4817; x_wconf 87' lang='lat' dir='ltr'><strong>terimus</strong></span> <span class='ocrx_word' id='word_1_823' title='bbox 2375 4762 2558 4819; x_wconf 81' lang='lat' dir='ltr'><strong>vivere</strong></span> <span class='ocrx_word' id='word_1_824' title='bbox 2590 4762 2709 4818; x_wconf 90' lang='lat' dir='ltr'><strong>sine</strong></span> <span class='ocrx_word' id='word_1_825' title='bbox 2741 4762 2854 4830; x_wconf 92' lang='lat' dir='ltr'><strong>illo,</strong></span> <span class='ocrx_word' id='word_1_826' title='bbox 2888 4762 3052 4834; x_wconf 88' lang='lat' dir='ltr'><strong>cujus</strong></span> <span class='ocrx_word' id='word_1_827' title='bbox 3104 4768 3160 4816; x_wconf 89' lang='lat' dir='ltr'><strong>et</strong></span> <span class='ocrx_word' id='word_1_828' title='bbox 3200 4760 3478 4833; x_wconf 88' lang='lat' dir='ltr'><strong>propheta</strong></span> <span class='ocrx_word' id='word_1_829' title='bbox 3513 4760 3704 4817; x_wconf 83' lang='lat' dir='ltr'><strong>disci-</strong></span> 
     </span>
    </p>
   </div>
   <div class='ocr_carea' id='block_1_107' title="bbox 2108 4854 3705 4928">
    <p class='ocr_par' dir='ltr' id='par_1_107' title="bbox 2108 4854 3705 4928">
     <span class='ocr_line' id='line_1_107' title="bbox 2108 4854 3705 4928; baseline 0 -20"><span class='ocrx_word' id='word_1_830' title='bbox 2108 4854 2224 4925; x_wconf 91' lang='lat' dir='ltr'><strong>puli</strong></span> <span class='ocrx_word' id='word_1_831' title='bbox 2251 4855 2577 4912; x_wconf 81' lang='lat' dir='ltr'><strong>exsistentes</strong></span> <span class='ocrx_word' id='word_1_832' title='bbox 2610 4857 2808 4928; x_wconf 80' lang='lat' dir='ltr'><strong>Spiritu</strong></span> <span class='ocrx_word' id='word_1_833' title='bbox 2857 4857 3040 4928; x_wconf 91' lang='lat' dir='ltr'><strong>ipsum</strong></span> <span class='ocrx_word' id='word_1_834' title='bbox 3074 4863 3136 4911; x_wconf 91' lang='lat' dir='ltr'><strong>ut</strong></span> <span class='ocrx_word' id='word_1_835' title='bbox 3176 4855 3458 4911; x_wconf 89' lang='lat' dir='ltr'><strong>doctorem</strong></span> <span class='ocrx_word' id='word_1_836' title='bbox 3490 4869 3705 4923; x_wconf 79' lang='lat' dir='ltr'><strong>exspe-</strong></span> 
     </span>
    </p>
   </div>
   <div class='ocr_carea' id='block_1_108' title="bbox 2112 4946 3707 5021">
    <p class='ocr_par' dir='ltr' id='par_1_108' title="bbox 2112 4946 3707 5021">
     <span class='ocr_line' id='line_1_108' title="bbox 2112 4946 3707 5021; baseline 0 -20"><span class='ocrx_word' id='word_1_837' title='bbox 2112 4947 2371 5002; x_wconf 86' lang='lat' dir='ltr'><strong>ctabant?</strong></span> <span class='ocrx_word' id='word_1_838' title='bbox 2398 4966 2419 5000; x_wconf 75' lang='grc' dir='ltr'><strong>ι</strong></span> <span class='ocrx_word' id='word_1_839' title='bbox 2448 4946 2587 5004; x_wconf 92' lang='lat' dir='ltr'><strong>Cum</strong></span> <span class='ocrx_word' id='word_1_840' title='bbox 2620 4948 2786 5020; x_wconf 87' lang='lat' dir='ltr'><strong>igitur</strong></span> <span class='ocrx_word' id='word_1_841' title='bbox 2805 4949 2921 5004; x_wconf 88' lang='lat' dir='ltr'><strong>hac</strong></span> <span class='ocrx_word' id='word_1_842' title='bbox 2940 4948 3126 5003; x_wconf 89' lang='lat' dir='ltr'><strong>omnia</strong></span> <span class='ocrx_word' id='word_1_843' title='bbox 3150 4962 3273 5021; x_wconf 89' lang='lat' dir='ltr'><strong>qua</strong></span> <span class='ocrx_word' id='word_1_844' title='bbox 3301 4946 3358 5000; x_wconf 93' lang='lat' dir='ltr'><strong>in</strong></span> <span class='ocrx_word' id='word_1_845' title='bbox 3380 4946 3481 5000; x_wconf 88' lang='lat' dir='ltr'><strong>hac</strong></span> <span class='ocrx_word' id='word_1_846' title='bbox 3502 4947 3707 5016; x_wconf 89' lang='lat' dir='ltr'><strong>perio-</strong></span> 
     </span>
    </p>
   </div>
   <div class='ocr_carea' id='block_1_109' title="bbox 2109 5037 3704 5105">
    <p class='ocr_par' dir='ltr' id='par_1_109' title="bbox 2109 5037 3704 5105">
     <span class='ocr_line' id='line_1_109' title="bbox 2109 5037 3704 5105; baseline -0.001 -11"><span class='ocrx_word' id='word_1_847' title='bbox 2109 5038 2211 5094; x_wconf 91' lang='lat' dir='ltr'><strong>che</strong></span> <span class='ocrx_word' id='word_1_848' title='bbox 2243 5039 2595 5096; x_wconf 89' lang='lat' dir='ltr'><strong>continentur</strong></span> <span class='ocrx_word' id='word_1_849' title='bbox 2618 5049 2728 5096; x_wconf 91' lang='lat' dir='ltr'><strong>tam</strong></span> <span class='ocrx_word' id='word_1_850' title='bbox 2756 5041 2967 5096; x_wconf 89' lang='lat' dir='ltr'><strong>directe</strong></span> <span class='ocrx_word' id='word_1_851' title='bbox 2992 5038 3258 5095; x_wconf 87' lang='lat' dir='ltr'><strong>Ebionem</strong></span> <span class='ocrx_word' id='word_1_852' title='bbox 3289 5037 3524 5105; x_wconf 79' lang='lat' dir='ltr'><strong>feriant,</strong></span> <span class='ocrx_word' id='word_1_853' title='bbox 3559 5052 3704 5093; x_wconf 86' lang='lat' dir='ltr'><strong>cum</strong></span> 
     </span>
    </p>
   </div>
   <div class='ocr_carea' id='block_1_110' title="bbox 2109 5127 3706 5204">
    <p class='ocr_par' dir='ltr' id='par_1_110' title="bbox 2109 5127 3706 5204">
     <span class='ocr_line' id='line_1_110' title="bbox 2109 5127 3706 5204; baseline -0.002 -18"><span class='ocrx_word' id='word_1_854' title='bbox 2109 5146 2179 5186; x_wconf 89' lang='lat' dir='ltr'><strong>ne</strong></span> <span class='ocrx_word' id='word_1_855' title='bbox 2211 5131 2439 5187; x_wconf 89' lang='lat' dir='ltr'><strong>minima</strong></span> <span class='ocrx_word' id='word_1_856' title='bbox 2473 5132 2693 5204; x_wconf 90' lang='lat' dir='ltr'><strong>quidem</strong></span> <span class='ocrx_word' id='word_1_857' title='bbox 2727 5132 3054 5188; x_wconf 86' lang='lat' dir='ltr'><strong>sententiola</strong></span> <span class='ocrx_word' id='word_1_858' title='bbox 3100 5130 3279 5186; x_wconf 91' lang='lat' dir='ltr'><strong>otiosa</strong></span> <span class='ocrx_word' id='word_1_859' title='bbox 3327 5129 3400 5184; x_wconf 92' lang='lat' dir='ltr'><strong>sit</strong></span> <span class='ocrx_word' id='word_1_860' title='bbox 3441 5137 3538 5182; x_wconf 90' lang='lat' dir='ltr'><strong>aut</strong></span> <span class='ocrx_word' id='word_1_861' title='bbox 3578 5127 3706 5183; x_wconf 79' lang='lat' dir='ltr'><strong>alio</strong></span> 
     </span>
    </p>
   </div>
   <div class='ocr_carea' id='block_1_111' title="bbox 2110 5218 3706 5291">
    <p class='ocr_par' dir='ltr' id='par_1_111' title="bbox 2110 5218 3706 5291">
     <span class='ocr_line' id='line_1_111' title="bbox 2110 5218 3706 5291; baseline 0.001 -16"><span class='ocrx_word' id='word_1_862' title='bbox 2110 5231 2385 5291; x_wconf 87' lang='lat' dir='ltr'><strong>spectans,</strong></span> <span class='ocrx_word' id='word_1_863' title='bbox 2416 5223 2512 5278; x_wconf 88' lang='lat' dir='ltr'><strong>sed</strong></span> <span class='ocrx_word' id='word_1_864' title='bbox 2542 5232 2739 5278; x_wconf 89' lang='lat' dir='ltr'><strong>cuncta</strong></span> <span class='ocrx_word' id='word_1_865' title='bbox 2773 5221 3068 5278; x_wconf 88' lang='lat' dir='ltr'><strong>confertim</strong></span> <span class='ocrx_word' id='word_1_866' title='bbox 3093 5230 3148 5277; x_wconf 91' lang='lat' dir='ltr'><strong>et</strong></span> <span class='ocrx_word' id='word_1_867' title='bbox 3172 5218 3541 5291; x_wconf 86' lang='lat' dir='ltr'><strong>conglobatim</strong></span> <span class='ocrx_word' id='word_1_868' title='bbox 3580 5220 3706 5276; x_wconf 72' lang='lat' dir='ltr'><strong>ha:-</strong></span> 
     </span>
    </p>
   </div>
   <div class='ocr_carea' id='block_1_112' title="bbox 2109 5311 3706 5386">
    <p class='ocr_par' dir='ltr' id='par_1_112' title="bbox 2109 5311 3706 5386">
     <span class='ocr_line' id='line_1_112' title="bbox 2109 5311 3706 5386; baseline -0.001 -18"><span class='ocrx_word' id='word_1_869' title='bbox 2109 5314 2340 5369; x_wconf 87' lang='lat' dir='ltr'><strong>reticum</strong></span> <span class='ocrx_word' id='word_1_870' title='bbox 2387 5330 2512 5369; x_wconf 89' lang='lat' dir='ltr'><strong>eum</strong></span> <span class='ocrx_word' id='word_1_871' title='bbox 2559 5323 2744 5385; x_wconf 86' lang='lat' dir='ltr'><strong>petant</strong></span> <span class='ocrx_word' id='word_1_872' title='bbox 2788 5322 2844 5369; x_wconf 91' lang='lat' dir='ltr'><strong>et</strong></span> <span class='ocrx_word' id='word_1_873' title='bbox 2877 5312 3160 5386; x_wconf 88' lang='lat' dir='ltr'><strong>jugulent;</strong></span> <span class='ocrx_word' id='word_1_874' title='bbox 3206 5312 3393 5367; x_wconf 91' lang='lat' dir='ltr'><strong>nullus</strong></span> <span class='ocrx_word' id='word_1_875' title='bbox 3456 5311 3706 5366; x_wconf 85' lang='lat' dir='ltr'><strong>omnino</strong></span> 
     </span>
    </p>
   </div>
   <div class='ocr_carea' id='block_1_113' title="bbox 2110 5398 3703 5476">
    <p class='ocr_par' dir='ltr' id='par_1_113' title="bbox 2110 5398 3703 5476">
     <span class='ocr_line' id='line_1_113' title="bbox 2110 5398 3703 5476; baseline -0.001 -17"><span class='ocrx_word' id='word_1_876' title='bbox 2110 5404 2320 5461; x_wconf 89' lang='lat' dir='ltr'><strong>deliriis</strong></span> <span class='ocrx_word' id='word_1_877' title='bbox 2347 5406 2745 5462; x_wconf 83' lang='lat' dir='ltr'><strong>Valentinianis</strong></span> <span class='ocrx_word' id='word_1_878' title='bbox 2775 5407 2929 5462; x_wconf 91' lang='lat' dir='ltr'><strong>locus</strong></span> <span class='ocrx_word' id='word_1_879' title='bbox 2961 5421 3083 5462; x_wconf 91' lang='lat' dir='ltr'><strong>esse</strong></span> <span class='ocrx_word' id='word_1_880' title='bbox 3118 5412 3317 5476; x_wconf 90' lang='lat' dir='ltr'><strong>potest.</strong></span> <span class='ocrx_word' id='word_1_881' title='bbox 3352 5398 3508 5458; x_wconf 83' lang='lat' dir='ltr'><strong>Unde</strong></span> <span class='ocrx_word' id='word_1_882' title='bbox 3542 5401 3703 5457; x_wconf 81' lang='lat' dir='ltr'><strong>haud</strong></span> 
     </span>
    </p>
   </div>
   <div class='ocr_carea' id='block_1_114' title="bbox 2110 5494 3708 5574">
    <p class='ocr_par' dir='ltr' id='par_1_114' title="bbox 2110 5494 3708 5574">
     <span class='ocr_line' id='line_1_114' title="bbox 2110 5494 3708 5574; baseline -0.001 -19"><span class='ocrx_word' id='word_1_883' title='bbox 2110 5499 2312 5573; x_wconf 87' lang='lat' dir='ltr'><strong>injuria</strong></span> <span class='ocrx_word' id='word_1_884' title='bbox 2347 5503 2506 5559; x_wconf 88' lang='lat' dir='ltr'><strong>nobis</strong></span> <span class='ocrx_word' id='word_1_885' title='bbox 2546 5504 2725 5574; x_wconf 87' lang='lat' dir='ltr'><strong>posita</strong></span> <span class='ocrx_word' id='word_1_886' title='bbox 2757 5502 2974 5558; x_wconf 88' lang='lat' dir='ltr'><strong>videtur</strong></span> <span class='ocrx_word' id='word_1_887' title='bbox 3008 5500 3244 5557; x_wconf 89' lang='lat' dir='ltr'><strong>assertio</strong></span> <span class='ocrx_word' id='word_1_888' title='bbox 3280 5496 3561 5563; x_wconf 88' lang='lat' dir='ltr'><strong>secunda,</strong></span> <span class='ocrx_word' id='word_1_889' title='bbox 3586 5494 3708 5553; x_wconf 86' lang='lat' dir='ltr'><strong>Nec</strong></span> 
     </span>
    </p>
   </div>
   <div class='ocr_carea' id='block_1_115' title="bbox 2108 5587 3705 5668">
    <p class='ocr_par' dir='ltr' id='par_1_115' title="bbox 2108 5587 3705 5668">
     <span class='ocr_line' id='line_1_115' title="bbox 2108 5587 3705 5668; baseline -0.005 -18"><span class='ocrx_word' id='word_1_890' title='bbox 2108 5595 2275 5650; x_wconf 88' lang='lat' dir='ltr'><strong>verba</strong></span> <span class='ocrx_word' id='word_1_891' title='bbox 2328 5594 2441 5668; x_wconf 88' lang='lat' dir='ltr'><strong>ipsa</strong></span> <span class='ocrx_word' id='word_1_892' title='bbox 2492 5596 2594 5650; x_wconf 74' lang='grc' dir='ltr'><strong>οὐκ</strong></span> <span class='ocrx_word' id='word_1_893' title='bbox 2646 5595 2753 5650; x_wconf 79' lang='grc' dir='ltr'><strong>ἀπὸ</strong></span> <span class='ocrx_word' id='word_1_894' title='bbox 2768 5593 2944 5666; x_wconf 78' lang='grc' dir='ltr'>’σιγῆς</span> <span class='ocrx_word' id='word_1_895' title='bbox 2972 5588 3401 5664; x_wconf 76' lang='grc' dir='ltr'>προελθών,ιιθο</span> <span class='ocrx_word' id='word_1_896' title='bbox 3433 5588 3545 5641; x_wconf 66' lang='lat' dir='ltr'><strong>alia</strong></span> <span class='ocrx_word' id='word_1_897' title='bbox 3585 5587 3705 5642; x_wconf 69' lang='lat' dir='ltr'><strong>ulla</strong></span> 
     </span>
    </p>
   </div>
  </div>
