3848 6204
100 275 191 331 511

807 265 859 322 εἰ.
899 261 1270 322 PEARSONII
1311 257 1636 317 VINDICIE
1678 253 2102 314 IGNATIANE.
2144 283 2215 296 —
2252 250 2438 309 PARS
2475 249 2541 304 ll.

3259 245 3365 301 523

102 393 182 445 his
215 390 435 446 duabus
467 387 746 458 periochis
779 395 1058 450 contenta,
1083 385 1151 439 ad
1180 382 1528 437 Valentinum
1561 393 1682 434 om-
1711 384 1758 442 Α
1785 389 1855 429 ex
1880 373 1969 428 his
2005 371 2246 429 secunda
2279 367 2583 426 emissione
2613 362 2854 422 hominis
2878 372 2933 418 et
2966 362 3224 418 Ecclesiae
3262 361 3364 432 ipsi

99 483 229 536 nino
251 490 506 550 spectare
531 522 548 545 ,
578 478 828 548 adeoque
857 492 922 532 ea
956 477 1078 531 sine
1119 475 1357 529 violenta
1386 472 1680 529 verborum

98 574 414 628 detorsione
463 572 532 625 ad
569 570 718 624 illius
755 567 988 623 hzercsin
1034 566 1424 636 exponendam
1458 573 1553 620 aut
1589 579 1683 619 re-

99 663 382 719 futandam
419 660 684 733 applicari
730 674 836 713 non
867 674 1046 729 posse.

709 816 943 874 CAPUT
984 815 1069 870 VI.

99 941 332 995 Assertio
361 940 524 992 tertia
548 979 563 1001 ,
594 937 815 991 hwresin
844 935 977 986 hanc
1018 932 1299 986 Valentino
1341 931 1507 1000 fuisse
1544 929 1686 1001 9mi-

164 1013 429 1082 quiorem,
466 1019 516 1062 et
543 999 574 1061 ἁ
600 1006 859 1082 ueteribus
884 1004 1160 1082 Euosticis
1199 999 1486 1082 acceptant.
1534 999 1685 1082 .Idem

163 1072 429 1135 exseritur
481 1082 545 1132 ab
593 1077 834 1141 Iremro,
883 1074 1249 1134 Tertulliano,
1284 1072 1585 1140 Epiphanio
1634 1079 1684 1123 et

167 1153 517 1206 Theodoreto.
574 1148 887 1202 Ostenditur
937 1145 1170 1213 Bytlmm
1225 1152 1273 1196 et
1335 1143 1495 1211 Sigen
1546 1141 1686 1194 inter

165 1223 542 1276 Gnosticorum
568 1230 798 1272 veterum
838 1215 1248 1268 combinationes
1283 1213 1466 1281 fuisse,
1499 1221 1686 1264 contra

162 1292 532 1347 Blondellum.
564 1289 832 1342 Probatur
861 1287 1066 1339 eosdem
1101 1294 1149 1337 et
1179 1282 1302 1335 Nun
1333 1291 1380 1334 et
1410 1282 1685 1334 Aletheian

160 1380 226 1416 ea:
255 1363 438 1431 Bytho
469 1373 518 1414 et
551 1358 672 1429 Sige
701 1359 966 1431 eduxisse,
996 1371 1060 1408 ex
1087 1355 1188 1431 u_
1209 1370 1326 1431 vero
1354 1352 1432 1431 uel
1462 1352 1687 1431 {Intliro-

160 1451 227 1504 po
263 1422 484 1502 Logon,
529 1422 713 1504 conqu
759 1427 1041 1504 Dalfinum.
1097 1424 1231 1504 Trin.
1276 1422 1475 1476 Βιλιιωὶ
1525 1439 1686 1492 argu-

164 1494 367 1557 iuenta'
379 1505 439 1555 in
469 1494 797 1556 contrarium
821 1497 1054 1550 adducta
1082 1494 1362 1565 refelluntu
1374 1510 1415 1546 r.

159 1615 436 1682 Quamvis
465 1613 715 1683 exposita
751 1610 1220 1679 comprobataque
1251 1606 1561 1662 assertione
1597 1619 1685 1659 se-

91 1708 273 1764 cunda
323 1706 768 1762 adversariorum
800 1711 1128 1771 argumento
1177 1699 1515 1755 satisfecisse
1547 1699 1680 1752 mihi

90 1801 316 1864 videar,
368 1799 589 1853 tertiam
633 1806 818 1850 tamen
862 1792 1264 1863 adjungendam
1292 1790 1500 1860 putavi.
1530 1789 1683 1844 Licet

90 1895 235 1949 enim
278 1893 424 1946 mihi
464 1889 947 1960 persuasissimum
993 1887 1065 1942 sit
1110 1894 1391 1940 auctorem
1425 1883 1685 1954 epistola-

91 2005 209 2045 rum
239 1997 345 2042 aut
376 1985 730 2040 Valentinum
767 1982 969 2052 ipsum,
1003 1989 1097 2034 aut
1120 1978 1353 2033 limresin
1382 1977 1504 2046 ejus
1541 1994 1685 2032 nuu-

89 2094 256 2149 quam
302 2077 515 2131 diserte
553 2072 882 2142 respexisse,
933 2069 1097 2138 idque
1142 2076 1329 2136 putem
1378 2081 1410 2119 a
1443 2080 1532 2120 me
1562 2079 1685 2120 esse

91 2173 225 2228 satis
274 2176 470 2239 aperte
499 2166 943 2220 demonstratum
967 2203 980 2226 ,
1017 2170 1201 2214 tamen
1229 2173 1298 2212 ne
1325 2157 1451 2227 quis
1483 2157 1536 2210 in
1565 2155 1685 2210 ani-

93 2261 194 2315 mis
218 2273 448 2322 eorum,
477 2255 572 2326 qui
607 2252 889 2316 Salmasii,
925 2249 1193 2305 Blondelli
1218 2257 1274 2303 et
1298 2246 1483 2303 Dallzei
1511 2247 1684 2301 ratio-

91 2355 257 2407 nibus
298 2354 572 2405 hactenus
595 2345 803 2402 assueti
829 2353 986 2410 sunt,
1023 2341 1320 2412 scrupulus
1361 2341 1595 2404 haereat,
1631 2346 1686 2394 et

91 2466 160 2504 ne
182 2456 414 2503 nostros
441 2445 605 2500 etiam
643 2441 926 2496 Usserium
953 2479 968 2503 ,
993 2437 1250 2493 Vossium
1295 2444 1351 2490 et
1384 2433 1686 2489 Hammon-

90 2545 224 2596 dum
257 2540 516 2595 deserere
547 2534 756 2599 videar,
791 2547 1028 2603 quorum
1061 2528 1448 2598 responsiones
1482 2525 1686 2580 firmis-

92 2635 266 2690 simas
300 2644 429 2685 esse
469 2627 670 2691 credo,
702 2640 795 2680 eas
835 2637 1116 2678 resumere
1147 2629 1314 2690 atque
1355 2619 1684 2675 confirmare

93 2727 308 2780 statui:
344 2723 488 2780 adeo
522 2731 616 2790 ut,
652 2721 699 2777 si
751 2720 877 2790 quis
919 2720 1099 2774 adhuc
1149 2719 1220 2772 sit
1266 2716 1359 2786 qui
1407 2714 1687 2770 existimat

93 2831 382 2873 auctorem
421 2816 488 2870 ad
525 2814 757 2870 hazresin
782 2828 946 2883 quam
992 2810 1281 2880 amplexus
1319 2816 1403 2863 est
1445 2805 1684 2861 Valenti-

95 2927 219 2976 nus,
262 2909 621 2973 eollineasse,
659 2921 726 2960 ne
757 2905 863 2961 hoc
904 2903 1125 2974 quidem
1172 2900 1476 2970 quidquam
1507 2896 1687 2952 valeat

96 3006 156 3059 ad
183 3003 548 3058 vioiationem
576 3011 886 3070 temporum
921 2995 1340 3060 ostendendam,
1372 2991 1458 3047 vel
1493 3003 1686 3047 auCto-

1782 473 1968 536 patres
2000 477 2224 528 eorum,
2277 459 2419 515 falso
2467 456 2838 528 cognominati
2874 454 3140 519 Gnostici,
3187 453 3366 522 impu—

1783 562 1953 624 gnant
1980 551 2243 606 adversus
2271 549 2527 613 invicem,
2560 562 2659 601 sua
2686 545 2906 616 propria
2936 543 3242 598 indicantes
3262 583 3279 609 ,
3311 552 3367 596 et

1783 644 1959 699 malos
1993 641 2144 697 fures
2171 640 2498 708 semetipsos
2533 635 2947 692 convincentes.
2983 651 3002 686 ι
3043 632 3362 699 Quereban-

1782 745 1872 791 tur
1919 735 2087 806 igitur
2142 730 2388 787 Gnostici
2436 727 2846 782 Valentinianos
2902 735 3163 794 tanquam
3213 723 3366 777 fures

1784 843 1885 882 sua
1917 825 2280 896 subripuisse,
2311 830 2365 877 et
2391 820 2609 892 quidem
2656 818 2808 873 fures
2844 832 2912 872 eo
2944 817 3184 887 pejores,
3216 813 3362 885 quod

1785 916 1930 970 male
1973 915 2028 968 in
2072 912 2355 984 proprium
2401 911 2776 966 characterem
2810 922 2874 962 ea
2928 907 3363 962 transtulissent.

1783 1005 1919 1060 Post
1968 1004 2231 1058 Irenaeum
2277 1001 2465 1057 statim
2512 998 2884 1054 Tertullianus
2931 995 2999 1052 de
3033 994 3363 1049 Valentino:

1791 1117 1810 1149 ‹
1846 1095 2148 1166 Cujusdam
2179 1081 2380 1148 veteris
2407 1089 2686 1161 opinionis
2727 1102 2916 1143 semen
2947 1094 3142 1139 nactus
3175 1081 3368 1138 Colar-

1786 1187 1920 1240 baso
1961 1185 2107 1238 viam
2155 1181 2471 1237 deliueavit.
2516 1198 2536 1232 ι
2574 1179 2656 1233 Ad
2687 1194 2850 1249 quem
2897 1190 3120 1232 sensum
3160 1173 3366 1228 intelli-

1785 1276 1958 1347 genda
1995 1275 2249 1330 videntur
2302 1273 2393 1327 illa
2423 1285 2546 1342 quae
2592 1270 2688 1324 lib.
2732 1268 2812 1322 De
2864 1268 3065 1333 anima,
3115 1281 3238 1335 cap.
3274 1262 3365 1328 18,

1786 1368 1948 1422 habet
1977 1385 1989 1421 :
2027 1385 2045 1418 ι
2081 1365 2418 1421 Relucentne
2444 1364 2560 1433 jam
2592 1361 2848 1416 haeretica
2895 1359 3105 1414 semina
3139 1356 3368 1412 Gnosti-

1786 1473 1978 1514 corum
2025 1465 2080 1511 et
2123 1451 2684 1510 Valcntinianorum?
2723 1469 2742 1502 ι
2784 1449 3126 1520 Epiphanius
3177 1446 3369 1516 etiam,

1785 1565 1912 1604 cum
1942 1557 2182 1619 quatuor
2209 1547 2314 1603 sibi
2347 1547 2415 1602 de
2443 1545 2738 1601 Valentino
2769 1544 3001 1598 dicenda
3042 1542 3368 1612 proposuis-

1789 1651 1892 1708 set,
1917 1642 2061 1696 unde
2077 1641 2244 1707 venit,
2274 1639 2496 1711 quando
2518 1639 2676 1705 vixit,
2695 1654 2816 1708 quae
2833 1636 2956 1707 ejus
2976 1635 3247 1701 doctrina,
3271 1633 3371 1688 καὶ

1714 1739 1756 1793 Β
1785 1733 1893 1786 ἀπὸ
1925 1734 2096 1787 ποίων
2127 1733 2226 1796 τὰς
2260 1731 2570 1804 προφάσεις
2613 1730 2825 1800 εἴληφε,
2858 1747 2876 1780 ι
2907 1737 2960 1782 et
2987 1744 3018 1782 a
3046 1727 3246 1798 quibus
3279 1742 3371 1780 ar-

1784 1836 2044 1896 gumenta
2080 1825 2338 1894 sumpsit,
2375 1843 2394 1876 ι
2428 1840 2619 1879 eorum
2653 1823 2904 1878 ultimum
2939 1821 3024 1876 his
3057 1819 3240 1875 verbis
3270 1835 3372 1873 ex-

1783 1918 2012 1986 pressit:
2031 1917 2141 1970 Καὶ
2162 1917 2322 1980 αὐτὸς
2349 1916 2448 1987 τὴν
2471 1914 2762 1986 ὲθνόμυθον
2786 1915 3002 1986 ποίησιν
3028 1914 3108 1977 εἰς
3132 1913 3224 1966 τὸν
3239 1913 3372 1965 ἑαυ-

1782 2005 1876 2060 τοῦ
1903 2004 2029 2058 νοῦν
2049 2004 2252 2068 λαϐὼν,
2272 2006 2368 2059 καὶ
2397 2004 2505 2058 ἀπὸ
2529 2003 2640 2057 τῶν
2665 2003 2761 2056 σὺν
2785 2002 2934 2074 αὐτῷ
2957 2003 3051 2055 καὶ
3078 2002 3186 2072 πρὸ
3202 2000 3372 2056 αὐτοῦ

1783 2096 1880 2167 τῆς
1894 2096 2149 2166 ἀληθείας
2165 2095 2598 2150 ἐκπεπτωκότων
2613 2095 2713 2166 τὴν
2731 2093 2985 2147 ὑπόνοιαν
3008 2092 3368 2164 κτησάμενος.

1790 2207 1809 2240 ι
1851 2189 1973 2260 Ipse
2021 2189 2190 2244 etiam
2236 2188 2512 2243 etlmicam
2564 2186 2755 2257 poesin
2805 2185 2994 2240 animo
3052 2199 3156 2239 suo
3185 2185 3373 2239 conci-

1787 2281 1963 2350 piens,
1995 2289 2050 2335 et
2077 2281 2148 2335 ab
2178 2280 2246 2334 iis
2270 2279 2364 2349 qui
2397 2295 2520 2333 cum
2553 2279 2671 2346 ipso
2692 2284 2747 2330 et
2781 2285 2906 2330 ante
2948 2277 3129 2347 ipsum
3167 2291 3198 2329 a
3227 2274 3373 2328 veri-

1787 2381 1898 2427 tate
1949 2372 2088 2441 lapsi
2139 2382 2291 2438 sunt,
2327 2369 2655 2425 sententiam
2688 2377 3007 2434 mutuatus,
3055 2387 3073 2419 ι
3113 2376 3221 2422 etc.
3262 2364 3371 2433 Qui

1786 2472 1970 2516 autem
1989 2461 2064 2514 illi
2097 2461 2337 2515 haeretici
2372 2459 2596 2525 fuerint,
2621 2476 2651 2514 a
2681 2459 2883 2529 quibus
2915 2457 3107 2512 deliria
3135 2474 3234 2512 sua
3259 2456 3369 2510 Va-

1786 2554 2028 2608 lentinus
2055 2552 2280 2620 hausit,
2311 2552 2454 2606 idem
2489 2551 2729 2606 ostendit
2758 2568 2772 2604 :
2803 2550 2951 2620 Φημὶ
2988 2549 3044 2603 δὲ
3085 2549 3372 2604 Οὑαλεντῖ-

1785 2663 1875 2700 νον
1897 2646 1993 2700 καὶ
2023 2645 2124 2718 τὴν
2148 2645 2314 2700 αὑτοῦ
2335 2643 2713 2709 διδασκαλίαν,
2743 2643 2843 2716 τὴν
2871 2643 2978 2698 ἀπὸ
3005 2643 3106 2713 τῆς
3132 2642 3374 2714 μεγάλης

1784 2737 1990 2807 ταύτης
2021 2737 2332 2806 γνωπικῆς
2355 2734 2684 2804 ἐπαγγελίας
2715 2734 3089 2807 ὑπάρχουσαν.
3119 2757 3136 2788 α
3172 2735 3376 2791 Valen-

1787 2829 1964 2884 tinum
1993 2830 2238 2900 intelligo
2268 2837 2324 2884 et
2369 2829 2516 2883 illius
2540 2829 2872 2895 doctrinam,
2899 2844 3023 2899 qua:
3063 2844 3092 2882 a
3121 2829 3370 2899 speciosa

1789 2923 1883 2978 illa
1927 2921 2317 2978 Gnosticorum
2348 2921 2691 2992 professione
2726 2922 2948 2992 prodiit.
2986 2940 3006 2973 ι
3041 2919 3194 2976 Licet
3221 2923 3369 2976 enim

1789 3013 2130 3086 Epiphanius
2173 3015 2536 3090 αἰρεσιάρχην
2577 3013 2922 3069 Valentinum
2966 3016 3230 3086 appellet,
3265 3015 3369 3070 do-

93 3098 316 3151 ritatem
347 3093 712 3164 epistolarum
745 3091 858 3146 ullo
891 3089 1056 3144 modo
1101 3086 1446 3142 elevandam.
1481 3084 1683 3139 Assero

1789 3109 2022 3163 ctrinam
2057 3115 2241 3162 tamen
2267 3123 2422 3162 suam
2452 3122 2579 3161 eum
2615 3122 2646 3160 a
2675 3105 2952 3162 Gnosticis
2978 3106 3232 3163 hausisse
3261 3118 3372 3164 tra-

94 3191 235 3244 enim
286 3187 456 3242 tertio
519 3186 663 3240 hanc
703 3185 881 3256 ipsam
913 3181 1147 3238 haaresin
1178 3179 1472 3236 Valentino
1513 3177 1688 3234 fuisse

93 3279 505 3350 antiquiorem,
551 3286 606 3332 et
647 3291 678 3331 a
727 3274 1121 3330 vetustioribus
1153 3271 1430 3327 Gnosticis
1470 3270 1689 3325 deriva-

93 3378 228 3434 tam;
264 3381 512 3436 eamque
540 3380 652 3436 prae
678 3371 839 3419 aetate
860 3363 1134 3433 respicere
1154 3361 1402 3432 potuisse
1435 3360 1493 3415 S.
1524 3359 1686 3430 lgna-

95 3461 223 3514 tium
281 3467 627 3528 martyrem,
672 3465 948 3526 quatenus
998 3454 1105 3510 fuit
1159 3454 1230 3508 ab
1281 3452 1686 3523 antiquioribus

96 3553 377 3608 Gnosticis
390 3551 632 3622 prolata,
648 3559 701 3606 et
725 3558 1022 3620 antequam
1040 3550 1094 3604 in
1112 3547 1386 3604 Valentini
1403 3548 1686 3604 characte-

95 3661 201 3700 rem
248 3644 366 3700 I’uit
413 3644 836 3710 transformata,
874 3651 932 3696 ut
965 3657 1189 3697 necesse
1223 3657 1333 3696 non
1371 3641 1443 3696 sit
1475 3641 1542 3695 ad
1578 3638 1686 3694 Va-

95 3736 362 3790 lentinum
390 3735 484 3791 hic
509 3749 812 3790 recurrere.
847 3731 984 3786 Nam
1009 3741 1062 3787 et
1093 3733 1208 3802 ipse
1249 3731 1486 3787 Dallaaus
1513 3750 1525 3785 :
1570 3750 1589 3783 ι
1626 3729 1683 3785 Si

97 3830 236 3897 quis,
287 3829 498 3898 inquit,
553 3827 626 3883 sit
658 3824 944 3881 Valentino
993 3825 1282 3890 vetustior,
1329 3823 1426 3894 qui
1477 3823 1582 3878 hoc
1611 3823 1682 3878 ita

100 3923 361 3991 posuerit,
399 3919 617 3975 fatebor
644 3919 714 3974 ad
745 3919 872 3986 hoc,
902 3928 962 3973 ut
1000 3919 1199 3974 horum
1234 3933 1356 3988 quae
1396 3918 1685 3974 attulimus

99 4013 340 4088 epistola:
365 4011 666 4066 verborum
698 4019 881 4065 rectus
911 4010 1111 4081 aliquis
1153 4018 1207 4064 et
1248 4009 1524 4080 legitimus
1549 4024 1685 4064 con-

101 4107 360 4159 stituatur
397 4119 623 4169 sensus,
648 4103 800 4158 nulla
837 4117 940 4159 nos
971 4103 1303 4161 necessitate
1326 4103 1448 4176 cogi
1473 4102 1542 4158 ad
1575 4101 1685 4158 Va-

102 4193 284 4248 lentini
310 4192 553 4248 heresin
577 4209 882 4249 recurrere.
919 4213 940 4247 ι

164 4286 318 4341 llanc
346 4287 523 4357 igitur
550 4286 914 4341 assertionem
947 4285 1404 4342 Iuculeutissimis
1433 4295 1682 4342 veterum

103 4379 187 4448 qui
216 4379 286 4433 de
314 4379 429 4432 hac
457 4377 657 4433 heresi
686 4377 1070 4433 disseruerunt
1109 4378 1444 4434 testimoniis
1487 4379 1684 4449 proba-

104 4481 206 4526 tam
247 4471 435 4536 dabo;
489 4482 654 4524 nemo
681 4469 832 4525 enim
863 4483 1056 4524 eorum
1089 4470 1292 4541 estqui
1327 4467 1680 4525 Valentinum

103 4575 332 4620 veterem
357 4562 679 4634 opinionem
715 4563 1076 4618 resuscitasse
1100 4577 1214 4617 non
1241 4561 1447 4618 diserte
1481 4563 1682 4618 tradat.

104 4654 337 4711 lrenaaus
364 4655 465 4708 lib.
495 4669 537 4719 ι,
561 4669 684 4723 cap.
718 4654 791 4708 5:
826 4673 845 4705 ς
876 4653 981 4721 Qui
1020 4654 1166 4709 enim
1201 4663 1286 4710 est
1315 4653 1566 4723 primus,
1613 4653 1684 4710 ab

104 4763 162 4801 ea
185 4764 307 4818 quae
339 4747 550 4802 dicitur
588 4745 837 4817 gnostica
871 4746 1115 4811 haeresis,
1146 4745 1403 4816 antiquas
1429 4745 1482 4800 in
1518 4760 1680 4801 suum

106 4841 477 4895 characterem
505 4837 792 4894 doctrinas
825 4837 1183 4904 transferens,
1221 4837 1565 4906 Valentinus,
1601 4841 1684 4896 sic

107 4936 368 4990 dimuivit.
403 4953 424 4986 ι
471 4933 732 5002 Antiquae
765 4931 928 5001 igitur
949 4931 1216 4987 doctrina:
1243 4931 1507 4998 fuerunt,
1539 4948 1682 5002 quas

109 5028 160 5080 in
187 5027 571 5083 characterem
611 5039 774 5080 suum
813 5021 1135 5079 Valentinus
1177 5023 1478 5079 transtulit.
1531 5025 1679 5080 Idem

109 5119 195 5173 lib.
221 5135 280 5185 ιι,
300 5135 430 5189 cap.
467 5116 576 5172 l8:
613 5135 632 5169 ι
665 5115 790 5171 llaec
819 5125 1002 5171 autem
1039 5131 1162 5186 qua:
1185 5115 1426 5172 diximus
1447 5116 1515 5172 de
1542 5114 1684 5172 Sen-

109 5227 196 5267 sus
224 5212 299 5282 (id
330 5221 423 5266 est
450 5209 548 5263 τοῦ
569 5208 704 5278 Νοῦ)
729 5209 1044 5276 emissione,
1070 5211 1319 5266 similiter
1340 5219 1394 5266 et
1418 5211 1682 5267 adversus

109 5317 195 5357 eos
216 5302 309 5372 qui
343 5316 379 5355 a
419 5299 661 5355 Basilide
695 5309 854 5367 sunt,
901 5309 1084 5370 aptata
1115 5310 1246 5357 sunt
1279 5323 1291 5357 :
1330 5311 1383 5357 et
1411 5301 1678 5357 adversus

111 5393 337 5461 reliquos
389 5391 710 5457 Gnosticos,
746 5405 775 5444 a
805 5392 1008 5461 quibus
1054 5401 1106 5446 et
1151 5392 1205 5446 hi
1240 5393 1393 5447 initia
1426 5393 1679 5450 emissio-

113 5499 227 5540 num
257 5486 603 5555 accipientes
650 5483 883 5538 convicti
929 5492 1058 5539 sunt
1109 5485 1164 5539 in
1217 5485 1397 5555 primo
1453 5486 1614 5542 libro.
1653 5506 1674 5540 ι

111 5572 520 5633 Generationem
549 5573 714 5647 igitur
731 5573 826 5626 τοῦ
841 5573 975 5642 Νοῦ,
991 5585 1045 5630 et
1064 5575 1420 5631 emissionum
1443 5577 1673 5632 aliarum

112 5664 250 5719 initia
274 5682 306 5720 a
332 5663 579 5720 Basilide
607 5672 662 5718 et
688 5664 913 5734 reliquis
943 5665 1214 5722 Gnosticis
1236 5667 1446 5737 accepit
1475 5665 1677 5723 Valen-

115 5768 264 5813 uaas.
297 5758 448 5814 Idem
472 5755 664 5812 eodem
690 5754 866 5826 capite
895 5773 908 5811 :
951 5774 970 5809 ι
1009 5755 1084 5814 De
1110 5772 1173 5814 ca
1208 5767 1390 5816 autem
1439 5775 1560 5832 quae
1590 5769 1676 5818 est

1789 3201 1889 3268 dit,
1921 3200 2154 3270 ideoque
2191 3215 2383 3254 eorum
2426 3214 2625 3252 nomen
2665 3198 2771 3253 sibi
2807 3207 2860 3252 et
2892 3198 3008 3253 suis
3036 3197 3372 3268 imposuisse

1789 3293 1989 3361 sapius
2022 3293 2296 3347 observat.
2335 3291 2460 3344 Ἐπὶ
2491 3291 2591 3360 τὴν
2623 3291 2732 3344 τῶν
2759 3290 3128 3344 Οὐαλεντίνων
3160 3292 3372 3362 αἵρεσιν

1785 3383 2050 3453 διέξειμι,
2085 3382 2195 3436 τῶν
2228 3383 2292 3453 δὴ
2326 3382 2420 3436 καὶ
2457 3381 2778 3436 Γνωστικῶν
2825 3383 3039 3445 ἑαυτοῖς
3074 3382 3372 3437 ὲπιϐέντων

1785 3476 1976 3548 ὄνομα.
2017 3495 2036 3528 ‹
2067 3476 2148 3530 Ad
2180 3475 2415 3531 haeresin
2444 3473 2962 3530 Valcntinianorum
3001 3486 3244 3541 transeo,
3273 3475 3369 3546 qui

1787 3568 2174 3624 Gnosticorum
2208 3584 2407 3623 nomen
2452 3568 2557 3623 sibi
2600 3567 3005 3636 imposuerunt.
3045 3586 3062 3618 ι
3103 3565 3168 3620 Ει
3207 3567 3372 3636 paulo

1785 3671 1957 3730 post:
2003 3659 2113 3713 Kal.
2163 3659 2367 3723 πάντες
2413 3658 2754 3721 Γνωστικοὺς
2819 3657 3046 3720 ἑαυτοὺς
3103 3658 3370 3724 ἐκάλουν,

1785 3751 2136 3815 Οὐαλεντῐνός
2165 3767 2257 3815 τε,
2290 3750 2466 3822 φημὶ,
2500 3750 2593 3804 καὶ
2625 3751 2674 3803 οἱ
2716 3749 2825 3822 πρὸ
2865 3749 3028 3803 αὑτοῦ
3053 3750 3366 3804 Γνωστικοί.

1793 3861 1812 3897 ι
1842 3842 1908 3898 Ει
1931 3858 2125 3899 omnes
2145 3842 2436 3898 Gnosticos
2472 3851 2644 3897 semet
2671 3841 3050 3912 appellabant,
3079 3849 3134 3895 et
3171 3839 3370 3897 Valenv

1789 3935 1962 4001 tinus,
1987 3934 2238 4004 inquam,
2255 3942 2309 3988 et
2329 3932 2422 4003 qui
2447 3931 2599 3986 illum
2628 3939 3025 4001 praecesserunt
3058 3929 3366 3987 Gnosticia

1785 4024 1853 4080 Et
1875 4040 2070 4080 rursus
2102 4025 2170 4080 de
2207 4022 2400 4079 eodem
2434 4040 2448 4077 :
2496 4023 2591 4085 Εἰς
2626 4020 2855 4085 πολλοὺς
2910 4020 3019 4092 γὰρ
3073 4014 3226 4084 οὗτος
3269 4020 3368 4093 τὴν

1785 4117 1978 4173 ἑαυτοῦ
2011 4115 2381 4190 ὀνειροπολίαν
2409 4113 2738 4186 ὲπισπείρας
2762 4153 2778 4178 ,
2826 4114 2866 4166 Γ
2869 4114 3130 4170 νωστιχὸν
3175 4115 3368 4169 ἑαυτὸν

1784 4213 2041 4276 καλέσας.
2084 4229 2104 4262 ι
2142 4209 2242 4264 Hic
2269 4209 2416 4265 enim
2458 4207 2526 4262 ad
2576 4207 2782 4262 multos
2811 4221 2908 4261 sua
2945 4207 3160 4262 somnia
3208 4224 3367 4278 spar-

1785 4321 1954 4376 gens,
2005 4302 2329 4358 Gnosticum
2373 4299 2614 4370 seipsqu
2667 4298 2982 4367 appellans,
3029 4317 3048 4350 ι
3083 4307 3188 4353 etc.
3232 4297 3364 4354 Post

1788 4394 2154 4466 Epiphanium
2187 4391 2568 4448 Theodoretus
2616 4405 2743 4444 cum
2785 4389 3022 4446 haereses
3074 4387 3364 4456 Simonis,

1764 4480 2096 4548 .Ienandri,
2123 4478 2418 4544 Saturnili,
2447 4477 2735 4544 Basilidis,
2774 4477 3143 4548 Carpocratis,
3167 4477 3363 4534 Prodi-

1785 4571 1946 4640 eique
1976 4569 2276 4640 explicatas
2301 4567 2562 4636 dedisset,
2591 4567 2655 4620 ὲκ
2678 4566 2908 4633 τούτων,
2943 4568 3143 4638 inquit,
3172 4568 3365 4624 πασῶν

1781 4663 1893 4717 τῶν
1914 4664 2178 4736 αἱρέσεων
2207 4663 2236 4715 ὁ
2268 4660 2582 4725 Βαλεντῖνος
2611 4658 2790 4714 λαϐὼν
2815 4660 3068 4732 ἀφορμὰς
3087 4661 3212 4725 τοὺς
3234 4661 3365 4715 ἀπε-

1786 4753 2015 4825 ράντους
2049 4749 2316 4823 συνέθηκε
2347 4749 2572 4822 μύθους,
2615 4767 2633 4800 ε
2670 4763 2737 4803 ex
2780 4749 2867 4804 his
2901 4750 3156 4805 omnibus
3188 4751 3360 4806 luere-

1784 4845 1938 4902 sibus
1973 4841 2295 4898 Valentinus
2337 4841 2615 4913 accipiens
2647 4841 2932 4896 materiam
2981 4840 3364 4898 interminabi‘

1783 4938 1866 4994 les
1886 4935 2102 4991 fabulas
2132 4935 2467 5004 composuit.
2505 4952 2526 4986 ι

1853 5027 1992 5084 Cum
2021 5027 2202 5098 aliqua
2228 5044 2297 5082 ex
2328 5027 2415 5083 his
2445 5025 2757 5083 testimonia
2789 5027 2843 5080 in
2871 5026 3178 5096 Appendice
3204 5027 3362 5099 lgna-

1784 5121 1932 5174 tiana
1965 5119 2190 5174 citasset
2214 5116 2472 5174 Usserius
2498 5126 2706 5182 noster,
2730 5117 2959 5186 epistola
2987 5118 3054 5172 ad
3073 5134 3196 5172 eum
3222 5120 3361 5173 scri-

1783 5222 1874 5282 pta
1902 5211 1972 5267 ab
1997 5209 2341 5266 Hammondo
2371 5210 2516 5266 edita
2559 5211 2676 5264 haac
2713 5209 2958 5278 reposuit
2999 5207 3312 5264 Blondellus
3341 5227 3355 5264 :

1788 5322 1807 5356 ι
1845 5301 2033 5358 Irenazi
2063 5302 2259 5366 nostri,
2295 5317 2407 5373 quo
2438 5301 2712 5372 praecipue
2750 5300 2966 5364 niteris,
3007 5299 3181 5367 locus,
3210 5301 3358 5372 quod

1783 5410 2064 5466 nunquam
2105 5394 2318 5463 negavi,
2343 5395 2501 5449 docet
2530 5392 2877 5448 Valentinum
2905 5391 3138 5446 aliorum
3180 5408 3357 5446 exenia

1781 5482 1872 5552 plo
1913 5480 2172 5550 συζυγίας
2205 5496 2334 5535 suas
2359 5481 2657 5537 efﬁnxisse.
2697 5501 2717 5535 ι
2741 5481 3082 5536 Blondellum
3109 5482 3358 5549 sequitur

1783 5574 2017 5628 Dallzeus
2050 5591 2064 5628 :
2102 5593 2119 5622 ι
2148 5572 2288 5626 Illud
2316 5589 2417 5643 ego
2447 5573 2668 5643 quidem
2698 5589 2765 5629 ex
2797 5574 2902 5628 hoc
2931 5572 3118 5628 lreuwi
3144 5573 3263 5628 loco
3301 5584 3356 5630 et

1782 5667 1906 5722 aliis
1931 5664 2260 5720 Theodoreti
2285 5675 2340 5720 et
2366 5664 2657 5736 Epiphanii
2698 5666 2974 5722 similibus
3012 5666 3147 5721 locis
3173 5665 3354 5736 legiti-

1780 5775 1868 5817 me
1897 5757 2094 5817 confici
2125 5766 2180 5814 et
2211 5758 2391 5830 colligi
2421 5758 2692 5828 concedo,
2735 5759 2908 5831 ipsam
2943 5772 3126 5817 rerum
3158 5759 3350 5816 silvam
