3848 6204
434 235 542 292 5‘13

1532 229 1592 285 S.
1619 221 1972 285 IGNATIUS.
2010 255 2080 265 --

2119 223 2662 282 PROLEGOMENA.
3583 218 3692 273 εει

438 367 602 425 atque
629 349 941 414 materiam,
967 363 1037 404 ex
1061 363 1170 419 qua
1201 345 1525 403 Valentinus
1550 361 1651 402 sua
1681 341 2009 412 composuit,
2041 345 2087 402 Α
2116 337 2224 395 illae
2252 341 2507 412 syzygite,
2541 355 2683 410 quas
2713 341 2950 395 aliorum
2979 340 3230 410 exemplo
3261 353 3386 395 eum
3417 335 3695 392 efﬁnxisse

435 447 550 516 jam
581 441 726 513 apud
755 441 1087 496 vetustiores
1119 440 1318 510 partim
1359 439 1655 494 Gnosticos
1693 438 2012 503 haereticos,

439 535 640 606 partim
667 533 834 588 etiam
865 540 1056 602 poetas
1095 541 1189 586 aut
1215 531 1573 601 philosophos
1600 531 1849 586 ethnicos
1878 529 2017 584 fuis-

442 643 522 684 se.
562 645 582 679 ι
623 625 900 680 Habemus
931 624 1098 693 igitur
1137 623 1243 678 hoc
1279 625 1348 678 ab
1389 624 1498 678 illis
1527 637 1874 688 concessum,
1908 619 2017 675 Va-

444 722 713 776 lentinum
751 719 986 772 altorum
1027 717 1279 786 exemplo
1314 717 1562 788 syzygias
1592 715 1887 781 elﬁnxisse,
1937 715 2019 785 ip-

443 830 674 884 eamque
705 827 890 868 rerum
933 811 1127 866 silvam
1160 820 1328 879 atque
1363 809 1650 863 materiam
1693 823 1724 862 a
1755 809 2022 863 vetustio-

443 908 600 962 ribus
646 905 923 960 Gnosticis
966 905 1238 960 hausisse.
1298 902 1483 957 Potuit
1542 902 1726 972 itaque
1777 900 2021 972 lgnatius

444 1011 611 1050 verus
640 995 707 1050 ad
741 1010 860 1050 eam
897 995 1130 1048 liaeresin
1162 993 1404 1048 alludere
1426 1031 1441 1057 ,
1475 1007 1640 1061 quam
1685 1000 1872 1061 postea
1906 1007 2024 1044 am-

443 1086 642 1158 plexus
678 1100 801 1141 esse
837 1085 1041 1141 dicitur
1071 1083 1412 1148 Valentinus,
1462 1085 1507 1138 si
1533 1084 1724 1139 silvam
1763 1092 1814 1138 et
1852 1092 2024 1138 mate-

444 1178 587 1232 riam
618 1176 739 1247 ejus
765 1185 1013 1247 spectes;
1045 1191 1108 1232 ea
1137 1177 1286 1230 enim
1317 1176 1591 1232 haereseos
1613 1177 1842 1231 materia
1867 1184 2025 1232 aetate

444 1267 640 1339 lgnatii
668 1282 701 1322 a
726 1267 1124 1323 vetustioribus
1150 1266 1428 1323 Gnosticis
1460 1267 1800 1336 promulgata
1827 1267 2023 1322 fuerat.

443 1360 628 1429 Atque
669 1358 938 1414 hactenus
981 1357 1380 1413 consentimus.
1413 1356 1472 1411 In
1504 1357 1594 1412 illa
1636 1366 1818 1412 autem
1863 1359 2024 1425 silva,

447 1449 592 1504 inter
616 1449 982 1504 vetustiorum
1031 1449 1284 1519 syzygias
1313 1449 1542 1520 reperiri
1567 1458 1867 1520 potuerunt
1893 1443 2029 1504 Eo-

446 1555 546 1594 nes
577 1539 682 1606 illi,
709 1549 854 1609 ques
884 1541 1195 1611 respexisse
1220 1542 1414 1597 volunt
1444 1541 1688 1612 epistolae
1721 1551 2026 1610 auctorem,

448 1631 579 1702 Sige
612 1634 823 1689 scilicet
847 1643 903 1689 et
928 1633 1130 1704 Logos.

2121 431 2327 487 fatetur
2352 431 2702 487 Blondellus?
2728 433 2821 487 ubi
2846 433 2936 488 illa
2960 433 3097 489 silva
3125 442 3179 488 et
3205 431 3453 496 materia,
3484 445 3549 485 ex
3576 445 3688 498 qua

2118 535 2218 578 sua
2265 524 2357 578 ille
2397 524 2745 593 composuit,
2791 523 3022 581 docente
3063 524 3301 580 Dallzeo?
3356 533 3452 578 aut
3493 522 3627 593 quid
3663 537 3694 576 a

2119 612 2396 669 Gnosticis
2426 613 2629 680 hausit,
2660 615 2704 670 si
2737 616 2911 685 ipsius
2941 617 3223 672 character
3253 615 3698 671 combinationes

2120 717 2314 759 omnes
2343 711 2625 774 totamque
2653 705 3050 775 matzeologiam
3075 706 3344 776 protulit?

2192 793 2297 848 Sed
2349 795 2540 850 relicta
2592 798 2997 852 concertatione
3063 798 3390 854 sententiam
3447 807 3705 854 nostram

2122 885 2461 942 conﬁrmabo
2489 927 2504 953 ,
2539 887 2935 959 ostendamque
2969 889 3147 958 primo
3167 929 3186 956 ,
3234 889 3498 944 adversus
3525 889 3702 943 Blon-

2122 975 2324 1030 dellum
2351 1019 2366 1042 ,
2415 978 2650 1052 primam
2681 976 2952 1034 Valentini
2996 980 3451 1036 combinationem
3473 1023 3488 1047 ,
3535 980 3704 1052 Bythi

2125 1065 2336 1121 scilicet
2371 1074 2425 1121 et
2470 1048 2661 1136 Siges,
2717 1067 2888 1124 fuisse
2929 1085 2959 1123 a
3007 1071 3396 1126 vetustioribus
3422 1048 3706 1126 Gnosticis

2125 1156 2416 1222 haustam;
2450 1159 2710 1223 secundo,
2728 1160 2988 1215 adversus
3018 1159 3296 1226 Dallazum,
3323 1161 3506 1234 Logon
3530 1162 3704 1216 etiam

2125 1247 2298 1304 fuisse
2325 1263 2357 1303 a
2385 1248 2466 1303 Nu
2499 1251 2849 1319 productum,
2875 1252 2969 1322 qui
2996 1269 3026 1308 a
3055 1252 3184 1325 Sige
3205 1255 3445 1310 emissus
3471 1263 3575 1317 est,
3606 1271 3705 1310 se-

2125 1341 2364 1396 cundum
2409 1341 2700 1399 Gnosticos
2739 1347 3102 1401 vetustiores:
3132 1345 3368 1401 Irenzeus
3397 1347 3452 1401 in
3499 1346 3693 1418 praefa-
3777 1339 3783 1347 ⁷

2126 1432 2274 1487 tione
2311 1432 2436 1486 libri
2480 1435 2707 1490 secundi
2751 1446 3137 1507 argumentum
3170 1437 3291 1493 libri
3337 1437 3497 1508 primi
3541 1452 3709 1508 repe-

2126 1535 2249 1580 tens
2277 1525 2564 1594 proﬁtetur
2591 1541 2650 1582 se
2679 1525 3189 1584 Valentinianorum
3219 1543 3518 1599 eorumque
3539 1529 3640 1600 qui
3676 1545 3709 1583 a

2130 1615 2357 1672 Simone
2379 1627 2510 1674 sunt
2533 1618 2921 1676 Gnosticorum
2957 1621 3237 1678 doctrinas
3261 1623 3618 1693 exposuisse;
3647 1621 3708 1678 in

519 1689 626 1780 Sed
657 1727 864 1796 excipit
887 1689 1238 1782 Blonvdellus:
1276 1744 1296 1777 ι
1327 1726 1478 1782 Alios
1503 1725 1793 1781 Valentino
1815 1727 2028 1798 priores
2059 1689 2101 1746 Β
2129 1708 2235 1762 hoc
2272 1717 2458 1798 δυίθηῖ
2483 1711 2750 1780 Nomm“
2793 1726 2854 1767 se
2894 1726 3213 1768 ενθτευῐυω
3249 1689 3466 1769 oui—nem
3507 1689 3708 1769 00f"!!!

446 1815 714 1872 Profundi
755 1827 812 1872 et
859 1817 1078 1874 Silentii
1109 1818 1568 1874 combinationetn
1601 1819 1882 1875 induxisse
1920 1836 2026 1876 non

448 1906 614 1963 modo
639 1917 818 1963 tecum
851 1909 948 1979 (ita
972 1907 1258 1964 Usserium
1288 1909 1634 1980 alloquitur),
1665 1925 1772 1964 non
1801 1909 2031 1964 affirmat

447 1997 708 2064 lrenaaus,
749 1999 845 2055 sed
892 2015 1144 2068 mecum,
1176 2000 1222 2055 si
1272 2000 1404 2070 quid
1435 2004 1630 2071 capio,
1675 2017 1740 2055 ex
1781 2001 2030 2071 professo

451 2102 650 2160 negat,
689 2106 815 2146 cum
862 2091 1150 2162 proprium
1179 2090 1452 2146 Valentini
1479 2093 1848 2148 characterem
1881 2107 2031 2147 com-

449 2183 790 2240 binationem
821 2185 970 2240 illam
992 2184 1294 2256 protulisse
1322 2184 1509 2240 refert.
1551 2203 1569 2237 ι
1611 2184 1844 2239 Dallaeus
1865 2185 2030 2254 paulo

451 2279 611 2335 aliter
643 2282 786 2336 hanc
829 2295 946 2336 rem
1003 2288 1219 2347 tractat,
1263 2288 1319 2335 et
1366 2281 1421 2334 in
1465 2295 1532 2335 eo
1565 2281 1876 2350 argumenti
1921 2281 2030 2333 vim

451 2372 721 2434 collocat,
757 2371 906 2440 quod
951 2385 1114 2424 nemo
1162 2377 1288 2424 ante
1333 2367 1681 2422 Valentinum
1729 2365 1969 2421 Verbum
1999 2381 2031 2421 e

455 2461 584 2531 Sige
610 2462 884 2516 eduxerit.
927 2459 1033 2515 Sed
1065 2475 1398 2531 quocunque
1437 2459 1600 2514 modo
1643 2459 2032 2529 responsiones

453 2568 587 2607 suas
634 2551 944 2619 eliormant,
992 2551 1134 2607 elabi
1176 2566 1285 2606 non
1334 2559 1586 2620 possunt.
1645 2551 1784 2604 Cum
1835 2549 2032 2605 asserit

453 2644 769 2700 Blondellus
806 2643 1073 2699 Irenteum
1117 2663 1137 2696 ι
1185 2660 1254 2699 ex
1295 2643 1548 2714 professo
1579 2659 1808 2713 negare,
1841 2661 1860 2696 ι
1893 2642 2035 2697 Gno-

454 2739 624 2794 sticos
653 2747 864 2793 veteres
913 2735 1180 2792 Profundi
1209 2745 1264 2791 et
1311 2735 1525 2791 Silentii
1572 2737 2031 2790 combinationem

455 2828 780 2894 induxisse,
827 2843 955 2884 cum
1002 2828 1287 2898 proprium
1341 2825 1614 2883 Valentini
1659 2827 2032 2882 characterem

391 2972 396 2976 κ
455 2909 925 2977 combinationem
949 2923 1100 2976 illam
1134 2922 1432 2992 protulisse
1465 2921 1662 2990 refert;
1709 2921 1765 2978 id
1807 2922 2034 2977 omnino

2129 1798 2396 1868 regulam.
2430 1797 2585 1863 Quod
2611 1809 2670 1853 ut
2702 1802 2816 1868 fiat,
2849 1819 2869 1852 ι
2906 1811 3145 1872 Oportet,
3176 1803 3376 1874 inquit,
3410 1804 3712 1860 abscondi-

2129 1901 2215 1947 tas
2242 1891 2489 1962 ipsorum
2520 1893 2937 1964 conjugationes
2959 1911 3058 1966 per
3082 1896 3494 1952 manifestarum
3517 1896 3713 1966 conju-

2131 1983 2411 2051 gationum
2459 1983 2722 2040 indicium
2764 1993 2819 2041 et
2861 1987 3197 2041 eversionem
3235 1987 3468 2059 Bythum
3498 1987 3712 2044 dissol~

2129 2088 2275 2128 vere.
2314 2095 2333 2126 ι
2365 2072 2574 2145 Bythus
2600 2075 2766 2146 igitur
2793 2086 2904 2131 tam
2940 2078 3007 2131 ad
3037 2087 3279 2133 veterum
3311 2079 3708 2135 Gnosticorum

2131 2179 2295 2234 quam
2330 2167 2398 2220 ad
2433 2164 2936 2222 Valentinianorum
2977 2170 3220 2238 regulam
3255 2171 3582 2240 pertinebat.
3615 2171 3717 2226 Ti-

2135 2259 2280 2312 tulus
2301 2259 2371 2312 52
2401 2259 2596 2330 capitis
2624 2259 2719 2314 lib.
2746 2274 2764 2314 ι
2794 2261 2882 2317 hic
2912 2271 2996 2318 est
3023 2281 3036 2317 :
3069 2281 3088 2315 ι
3119 2261 3253 2329 Quae
3282 2263 3393 2318 sint
3417 2263 3716 2320 Gnostico—

2132 2366 2252 2406 rum
2270 2366 2489 2421 genera,
2509 2359 2562 2406 et
2588 2367 2710 2422 quae
2736 2354 3037 2408 secundum
3064 2370 3159 2410 eos
3183 2355 3491 2422 sententiae;
3516 2375 3535 2408 ι
3563 2367 3717 2412 certe

2133 2443 2201 2499 de
2246 2443 2585 2498 Simonianis
2631 2445 2706 2500 ibi
2744 2461 2907 2516 agere
2944 2444 3209 2502 Irenaeum
3243 2447 3378 2502 satis
3420 2462 3488 2502 ex
3526 2448 3718 2518 priore

2133 2536 2311 2606 capite
2342 2546 2509 2605 patet.
2553 2555 2573 2590 ι
2617 2537 2724 2591 Alii
2761 2547 2942 2592 autem
2970 2579 2985 2603 ,
3023 2537 3230 2607 inquit,
3260 2554 3451 2594 rursus
3485 2549 3717 2609 porten-

2134 2642 2255 2686 tosa
2295 2632 2595 2701 loquuntur
2639 2645 2654 2682 :
2701 2645 2823 2686 esse
2855 2631 3130 2700 quoddam
3173 2632 3409 2700 primum
3437 2631 3626 2686 lumen
3661 2633 3714 2685 in

2134 2727 2338 2782 virtute
2352 2725 2511 2798 Bythi
2533 2725 2776 2790 beatum,
2801 2734 2855 2779 et
2879 2725 3290 2794 incorruptibile
3318 2735 3371 2780 et
3392 2726 3719 2779 intermina-

2136 2827 2274 2872 tum.
2312 2836 2333 2870 ι
2369 2816 2482 2872 Hos
2521 2827 2702 2872 autem
2749 2814 3099 2872 Simonianos
3128 2814 3415 2871 Valentino
3447 2817 3720 2871 vetustio—

2137 2925 2226 2966 res
2267 2909 2438 2965 fuisse
2474 2909 2608 2964 satis
2653 2909 2898 2964 indicant
2937 2910 3101 2963 verba
3141 2909 3336 2979 capitis
3377 2909 3663 2980 sequentis
3696 2924 3715 2961 :

456 3011 692 3067 afﬁrma;
715 3054 731 3078 ,
771 3012 918 3082 quod
951 3027 1017 3067 ex
1063 3027 1131 3067 εο
1174 3011 1364 3068 [renati
1404 3012 1548 3079 ιοαο,
1579 3027 1742 3082 quem
1791 3012 2035 3077 adducit,
2063 3036 2108 3096 ο
2143 3020 2164 3054 ι
2273 3001 2472 3055 talibus
2503 3001 2792 3066 matribus,
2822 3010 2875 3054 et
2906 3001 3155 3070 patribus
3173 3013 3226 3055 et
3245 3001 3465 3071 proavis
3497 3016 3598 3056 eos
3622 3003 3718 3071 qui

456 3103 705 3174 exsculpi
755 3119 862 3159 non
905 3113 1106 3174 potest.
1146 3103 1231 3157 An
1258 3103 1353 3173 qui
1383 3103 1519 3159 dicit
1548 3121 1563 3158 :
1595 3122 1614 3156 ι
1645 3103 1749 3170 Qui
1781 3105 1926 3158 enim
1955 3112 2041 3159 est

458 3196 704 3264 primus,
743 3195 812 3249 ab
846 3211 910 3249 ea
934 3211 1057 3266 quae
1085 3195 1288 3251 dicitur
1314 3195 1578 3251 Guostica
1615 3195 1860 3261 hatresis,
1903 3195 2044 3249 anti-

458 3299 600 3354 quas
644 3285 700 3340 in
744 3301 906 3340 suum
952 3288 1326 3342 characterem
1377 3286 1657 3343 doctrinas
1699 3287 2040 3344 transferens

459 3378 784 3436 Valentinus
824 3381 904 3436 sic
940 3381 1224 3445 ditiinivit,
1269 3381 1584 3436 dualitatem
1617 3383 1910 3452 quamdam
1952 3384 2041 3438 in-

460 3473 880 3541 norninabilem,
920 3474 1080 3544 cujus
1110 3475 1331 3544 quidem
1363 3473 1568 3544 aliquid
1604 3476 1788 3529 vocari
1819 3476 2042 3530 inenar-

460 3563 658 3628 rabile,
691 3565 840 3619 aliud
865 3574 1049 3620 autem
1084 3565 1272 3636 Sigen,
1310 3585 1328 3618 ι
1367 3573 1530 3636 negat
1561 3563 1853 3622 Gnosticos
1887 3576 2040 3622 vete-

465 3672 552 3711 res
575 3655 841 3711 Profundi
875 3667 931 3712 et
970 3656 1183 3712 Silentii
1220 3658 1684 3713 combinationem
1725 3655 2045 3712 induxisse?

462 3758 560 3803 aut
587 3749 719 3804 illud
750 3749 1004 3815 allirmat,
1035 3751 1181 3804 unde
1209 3765 1273 3805 ea
1308 3751 1528 3820 negatio
1568 3757 1864 3819 sequatur,
1895 3749 2044 3803 scili-

462 3844 551 3890 cet
585 3837 882 3906 proprium
924 3836 1196 3892 Valentini
1254 3839 1620 3894 characterem
1679 3839 2046 3893 combinatio-J

465 3941 592 3980 nem
633 3927 779 3981 illam
807 3927 1072 3982 Profundi
1101 3938 1156 3982 et
1180 3926 1393 3984 Silentii
1425 3929 1756 3999 protulisse?
1798 3928 1912 4000 Ego
1943 3945 2042 3985 nec

463 4015 706 4085 priorem
747 4019 1118 4088 negationem,
1165 4034 1265 4073 nec
1322 4019 1681 4088 posteriorem
1727 4019 2044 4076 aliirmatio-

467 4121 590 4160 nem
627 4107 683 4160 in
713 4107 894 4161 verbis
924 4106 1110 4162 lrenaei
1140 4109 1393 4177 reperio;
1427 4109 1541 4163 imo
1577 4124 1644 4164 ne
1679 4125 1880 4164 nomen
1909 4108 2044 4164 Pro-

466 4195 644 4261 fundi,
673 4196 788 4252 sive
820 4197 980 4268 Bythi
1009 4199 1151 4253 inter
1177 4197 1418 4254 Eonum
1456 4200 1680 4254 nomina
1710 4216 1777 4255 eo
1807 4201 1913 4256 loci
1957 4202 2044 4256 in-

467 4287 650 4351 venio,
673 4287 781 4343 nisi
809 4299 1108 4358 postquam
1129 4290 1351 4360 triginta
1375 4289 1579 4345 .IEones
1602 4290 1714 4360 jam
1734 4292 2041 4348 enumerati

2140 3109 2172 3150 a
2198 3091 2486 3148 Valentino
2533 3102 2693 3160 sunt,
2737 3093 2881 3148 sicut
2926 3095 3056 3164 ipsae
3097 3093 3382 3148 sententias
3428 3101 3481 3148 et
3513 3093 3724 3164 regula

2139 3185 2438 3241 ostendunt
2481 3199 2579 3240 eos
2603 3225 2617 3250 ,
2655 3198 2881 3239 necesse
2929 3184 3035 3238 fuit
3072 3183 3361 3239 manifeste
3402 3198 3657 3253 arguere.
3695 3202 3715 3234 ι

2141 3273 2256 3332 Hoc
2294 3284 2475 3330 autem
2517 3281 2572 3330 et
2615 3275 2724 3330 alio
2769 3273 2957 3330 lrenaei
2993 3276 3115 3330 loco
3144 3275 3239 3330 lib.
3275 3289 3326 3341 ι,
3355 3291 3404 3332 c.
3448 3275 3540 3341 l9,
3571 3275 3725 3330 clare

2146 3367 2539 3438 comprobatur
2566 3385 2580 3422 :
2609 3387 2629 3420 ι
2649 3367 2786 3422 Cum
2807 3370 2877 3424 sit
2905 3368 3072 3438 igitur
3085 3368 3346 3422 adversus
3377 3382 3570 3422 omnes
3602 3366 3722 3421 hae-

2140 3474 2292 3515 reses
2318 3459 2551 3514 deiectio
2598 3470 2762 3531 atque
2807 3460 3078 3515 convictio
3106 3459 3255 3513 varia
3291 3467 3346 3514 et
3383 3456 3722 3524 multifaria,

2141 3562 2195 3607 et
2217 3553 2378 3607 nobis
2406 3553 2748 3622 propositum
2779 3561 2884 3620 est,
2917 3552 3172 3607 omnibus
3197 3551 3265 3605 iis
3293 3551 3597 3606 secundum
3632 3553 3727 3621 ip-

2142 3659 2328 3700 sorum
2355 3645 2726 3700 characterem
2771 3645 3148 3699 contradicere
3169 3684 3183 3710 ,
3229 3645 3606 3698 necessarium
3637 3660 3732 3698 ar-

2140 3733 2324 3788 bitrati
2341 3749 2533 3790 sumus
2546 3737 2698 3805 prius
2721 3734 2930 3790 referre
2943 3734 3148 3789 fontem
3165 3743 3218 3788 et
3237 3735 3473 3789 radicem
3501 3749 3730 3799 eorum,

2146 3833 2208 3878 ut
2232 3825 2687 3881 sublimissimum
2720 3841 2909 3880 eorum
2942 3825 3173 3896 Bythum
3210 3826 3737 3896 cognoscensintel—

2143 3915 2283 3983 ligas
2299 3917 2548 3970 arborem
2571 3917 2638 3972 de
2657 3933 2765 3987 qua
2787 3917 3131 3972 deﬂuxerunt
3152 3919 3288 3973 tales
3307 3919 3542 3973 fructus.
3558 3937 3577 3970 ι
3601 3917 3740 3973 Fuit

2143 4005 2310 4076 igitur
2333 4006 2388 4060 in
2422 4005 2572 4062 fonte
2603 4018 2658 4063 et
2678 4010 2861 4064 radice
2888 4009 3153 4064 doctrina:
3180 4009 3451 4064 Gnosticis
3488 4008 3736 4082 Bythus.

2143 4096 2270 4153 Fuit
2299 4109 2482 4156 autem
2517 4099 2646 4173 Sige
2691 4111 2786 4156 aut
2817 4101 2991 4172 Bytho
3024 4117 3227 4166 coseva,
3261 4111 3354 4155 aut
3371 4101 3609 4156 fortasse
3644 4120 3744 4158 no-

2143 4206 2265 4246 men
2283 4192 2402 4262 ejus
2422 4193 2514 4247 illo
2527 4192 2681 4264 Bythi
2699 4194 3003 4264 antiquius;
3026 4193 3127 4264 ipsi
3145 4203 3288 4248 certe
3305 4191 3515 4247 Simoni
3539 4195 3745 4252 aderat

2142 4280 2371 4350 Ennaea,
2394 4300 2515 4354 qua:
2532 4293 2587 4339 et
2607 4283 2752 4355 Sige,
2773 4297 2827 4339 et
2845 4287 3064 4356 quidem
3084 4287 3152 4340 ab
3168 4286 3323 4340 initio
3346 4286 3469 4356 Sige
3491 4288 3747 4356 appella-

466 4387 680 4445 esseut;
719 4379 869 4448 quod
916 4395 1198 4450 nunquam
1237 4390 1383 4436 certe
1425 4381 1648 4437 fecisset
1681 4383 1919 4438 lrenzcus
1937 4423 1952 4446 ,
1993 4383 2039 4438 si
2068 4386 2119 4446 υ
2143 4384 2220 4440 ta,
2239 4385 2298 4430 ut
2316 4377 2552 4432 ostendit
2581 4376 2850 4433 Eusebius
2869 4378 2943 4433 De
2971 4379 3096 4432 eccl.
3122 4377 3400 4448 theologia,
3423 4378 3458 4432 Ι.
3483 4394 3547 4444 ιι,
3575 4395 3634 4434 c.
3663 4381 3701 4436 9
3726 4401 3743 4436 :

468 4485 667 4525 nomen
685 4469 842 4542 Bythi
869 4487 898 4526 a
919 4469 1209 4526 Valentino
1227 4472 1486 4542 primitus
1514 4474 1794 4529 inventum
1816 4484 1870 4530 et
1893 4475 2042 4530 illius
2087 4459 2096 4474 ’

469 4562 774 4617 charaetcri
823 4563 1101 4632 peculiare
1135 4563 1350 4620 fuisset.
1380 4564 1552 4620 Miror
1583 4565 1836 4637 equidem
1879 4567 2042 4621 talem

468 4654 671 4720 virum,
694 4654 909 4723 qualem
933 4654 1105 4711 fuisse
1128 4655 1469 4711 Blondellum
1501 4657 1724 4724 volunt,
1751 4667 1860 4712 tam
1890 4673 2046 4714 secu-

469 4761 532 4800 re
574 4755 797 4815 tamque
835 4747 1032 4817 supine
1077 4747 1342 4802 adversus
1400 4747 1811 4802 Armachanum
1857 4749 2046 4819 dispu-

471 4846 642 4892 tasse.
685 4838 900 4892 Asserit
940 4837 1178 4894 lrenacus
1207 4837 1559 4894 Valentinum
1608 4841 1864 4910 antiquas
1894 4841 2046 4896 Gno—

473 4933 740 4986 sticorum
783 4931 1063 4988 doctrinas
1106 4932 1161 4986 in
1199 4946 1360 4987 suum
1399 4933 1773 4988 characterem
1807 4942 2047 4988 transtu-

472 5025 633 5090 lisse;
659 5039 768 5078 non
789 5034 971 5078 autem
990 5041 1110 5080 eam
1137 5025 1332 5089 solam,
1359 5027 1452 5080 sed
1475 5036 1527 5079 et
1551 5025 1787 5095 reliquas
1813 5027 2048 5082 breviter

473 5115 780 5186 percurrit,
828 5124 1108 5188 totamque
1135 5116 1409 5171 Valentini
1465 5119 1863 5188 mataaologiam
1904 5134 2052 5174 sum-

475 5207 664 5263 matim
703 5207 1043 5279 perstringit.
1093 5207 1154 5263 Si
1201 5209 1366 5280 igitur
1394 5224 1460 5264 eo
1488 5210 1593 5265 loci
1623 5208 1860 5267 lrenteus
1889 5223 2052 5282 negat

475 5309 686 5354 veteres
705 5297 1000 5356 Gnosticos
1013 5301 1244 5372 primam
1260 5303 1726 5358 combinationem
1745 5303 2048 5371 induxisse,

477 5388 620 5442 idem
651 5389 858 5459 pariter
879 5390 949 5446 de
970 5393 1228 5449 omnibus
1251 5393 1541 5450 dicendum
1571 5395 1695 5450 erit.
1731 5395 1802 5450 At
1829 5395 1875 5450 si
1901 5396 2049 5450 nulla

477 5491 544 5532 ex
569 5479 678 5546 illis
700 5481 1206 5539 combinationibus
1229 5499 1261 5538 a
1292 5483 1572 5540 veteribus
1599 5493 1820 5555 accepta
1846 5485 1938 5549 sit,
1957 5483 2050 5539 ubi

479 5580 641 5625 erunt
669 5571 775 5627 illa:
797 5573 1037 5644 antiqua:
1061 5574 1323 5631 doctrinae
1346 5617 1361 5642 ,
1395 5592 1531 5646 quas
1577 5577 1633 5631 in
1665 5591 1827 5632 suum
1858 5575 2052 5632 chara-

479 5667 682 5716 cterem
721 5663 1062 5721 transtulisse
1093 5663 1435 5721 Valentinum
1462 5668 1627 5722 tradit
1659 5665 1933 5721 lrenzeus?
1959 5666 2048 5722 ubi

2143 4467 2279 4520 Κατ’
2309 4468 2471 4521 αὐτὸν
2499 4470 2702 4522 ἐκεῖνον
2731 4470 2822 4523 τὸν
2849 4469 2956 4524 τῶν
2986 4469 3159 4523 ἀθέων
3187 4469 3524 4542 αἰρεσιωτῶν
3547 4470 3745 4543 ἀρχη-

2143 4558 2258 4628 γὸν,
2276 4559 2334 4622 ὃς
2345 4559 2414 4613 τὰ
2425 4561 2559 4614 ἄθεα
2570 4561 2910 4633 δογματίζων
2928 4563 3256 4632 ἀπεφαίνετο
3270 4557 3578 4629 λέγων,Ἦν
3594 4563 3749 4628 Θεὸς

2146 4651 2238 4704 καὶ
2256 4652 2409 4723 Σιγή.
2441 4670 2460 4702 ι
2490 4652 2800 4708 Secundum
2824 4655 2976 4708 illum
3001 4654 3292 4723 impiorum
3342 4651 3746 4709 haereticorum

2144 4743 2469 4813 principem,
2499 4745 2593 4814 qui
2631 4745 2797 4815 impia
2830 4746 3209 4816 dogmatizans
3238 4745 3618 4815 pronuntiavit
3662 4747 3748 4801 di-

2146 4852 2313 4893 cens:
2346 4837 2478 4892 Erat
2507 4838 2650 4894 Deus
2673 4851 2726 4894 et
2757 4837 2904 4910 Sige.
2936 4857 2954 4890 ι
2989 4837 3054 4894 Et
3084 4840 3151 4894 de
3187 4839 3361 4908 prima
3383 4838 3606 4910 syzygia
3636 4837 3751 4910 By-

2147 4928 2226 4983 thi
2261 4938 2316 4984 et
2357 4928 2531 5000 Siges,
2573 4939 2832 5000 tanquam
2877 4930 2946 4984 ab
2973 4930 3230 4985 omnibus
3267 4930 3545 4984 veteribus
3577 4929 3750 4984 Gno-

2148 5021 2320 5088 sticis,
2363 5037 2468 5075 non
2497 5020 2896 5077 Valentinianis
2943 5031 3192 5086 tantum,
3243 5021 3427 5090 agnita
3475 5020 3748 5089 laquitur

2148 5113 2384 5168 lrenaaus
2414 5113 2511 5168 lib.
2540 5128 2578 5179 ι,
2620 5129 2741 5184 cap.
2784 5115 2838 5169 5.
2869 5111 3005 5168 Nam
3038 5129 3163 5168 cum
3195 5127 3394 5166 novam
3424 5111 3747 5180 quamdam

2149 5203 2497 5274 archegonon
2547 5205 2953 5258 octonationem
3012 5203 3081 5258 ab
3145 5202 3420 5272 aliquibus
3447 5199 3748 5257 Valentini

2149 5294 2435 5365 discipulis
2469 5295 2831 5366 excogitatam
2876 5303 3136 5361 notasset,
3186 5313 3205 5346 ι
3237 5295 3337 5350 has
3365 5293 3562 5347 volunt
3585 5337 3604 5359 ,
3654 5295 3752 5348 in-

2151 5387 2300 5456 quit,
2327 5385 2558 5440 virtutes
2592 5383 2764 5440 fuisse
2805 5392 2932 5439 ante
2965 5382 3202 5456 Bythum
3237 5392 3293 5438 et
3342 5380 3545 5452 Sigen,
3586 5400 3606 5434 ι
3653 5383 3754 5436 ἴνα

2150 5479 2368 5535 τελείων
2410 5477 2732 5548 τελειότεροι
2776 5475 3016 5545 φανῶσιν
3049 5475 3203 5539 ὄντες
3223 5514 3238 5540 ,
3273 5473 3365 5527 καὶ
3409 5475 3755 5542 γνωπικῶν

2151 5568 2617 5641 γνωστικώτεροι,
2648 5578 2804 5624 vetus
2835 5567 3104 5638 interpres
3145 5581 3247 5637 pro
3277 5581 3379 5622 sua
3427 5565 3482 5618 in
3525 5564 3754 5620 Grauis

2156 5664 2444 5735 imperitia,
2482 5681 2500 5714 ι
2537 5672 2590 5718 ιιι
2626 5660 2991 5733 perfectorum
3025 5658 3380 5730 perfectiores
3404 5667 3750 5727 appareant,
