3848 6204
119 211 225 278 εει-

823 216 874 274 J.
915 209 1288 272 PEARSONII
1321 210 1647 270 VINDICIE
1690 209 2110 267 lGNATlANIE.
2155 243 2221 254 --
2260 207 2440 266 PARS
2479 206 2542 264 ll.

3274 204 3381 264 316

118 346 169 393 et
218 337 613 393 Guosticorum
661 337 838 410 magis
870 339 1116 396 Gnostici
1153 338 1280 393 viri.
1325 359 1344 391 ι
1395 336 1460 392 Ει
1509 336 1696 393 statim
1725 337 1773 393 Δ
1796 333 1913 390 dito
1943 334 2227 390 continere
2252 349 2348 404 per
2378 333 2678 390 silentium.
2718 351 2738 386 ι
2771 329 2933 391 Certe
2955 328 3089 386 illud
3123 348 3143 381 ι
3181 343 3278 400 per
3299 331 3380 386 si-

118 428 384 484 exclamat
408 448 420 482 :
443 423 516 482 Ὦ
543 428 827 502 ληρολὸγω
861 429 1148 498 σοφισταί,
1184 429 1290 494 vel,
1318 437 1379 483 ut
1403 429 1457 482 in
1486 427 1697 482 Latinis

117 521 344 592 legimus
376 537 390 573 :
432 539 451 572 ε
489 519 535 576 0
562 536 804 592 pepones
826 562 841 585 ,
875 523 1137 592 SOphistae
1177 519 1566 590 vituperabiles
1587 559 1602 583 ,
1641 526 1698 572 et

117 629 225 668 non
252 614 380 668 viri.
421 632 440 665 ι
481 612 797 684 Respondet
821 614 887 668 ad
926 615 1072 668 hunc
1095 616 1275 668 locum
1309 613 1379 667 ab
1407 609 1699 665 Hammon-

118 703 184 761 do
216 705 349 760 olim
397 705 694 760 adductum
744 704 1013 768 Dallteus,
1049 715 1104 760 et
1136 705 1434 760 Gnosticos
1477 701 1567 756 hic
1608 715 1699 755 re-

117 796 332 867 stringit
354 795 424 850 ad
460 813 479 847 ι
513 793 863 849 Valentinum
895 804 948 849 et
974 795 1184 850 similes
1213 792 1481 848 Axionico
1525 791 1695 846 disci-

115 887 288 955 pulos,
331 887 380 941 si
406 885 624 957 regulas
669 885 917 953 magistri
963 885 1206 954 integras
1235 883 1404 938 nullis
1436 881 1698 937 auctariis

115 979 471 1048 interpolatas
515 977 938 1033 custodiebant:
979 995 1000 1028 ›
1034 990 1206 1045 quare
1251 983 1434 1030 autem
1479 972 1546 1028 ad
1593 973 1698 1028 hos

116 1072 433 1142 restringat,
458 1071 727 1126 rationem
759 1071 967 1125 nullam
992 1070 1168 1125 affert.

182 1161 386 1216 Fateor
415 1163 672 1233 equidem
699 1161 1052 1217 Valentinum
1085 1169 1140 1216 et
1183 1159 1396 1216 similes
1423 1152 1696 1214 Axionico

112 1252 420 1323 discipulos
449 1254 662 1324 seipsos
697 1253 1005 1324 appellasse
1029 1251 1360 1319 Gnosticos;
1402 1251 1495 1306 sed
1523 1266 1697 1322 quare

117 1349 166 1402 hi
195 1348 301 1402 soli
341 1348 452 1402 hoc
493 1349 616 1404 loco
657 1348 762 1402 sub
807 1346 1030 1403 nomine
1059 1345 1297 1416 generali
1328 1343 1694 1416 perfectorum

109 1449 159 1493 et
188 1440 589 1496 Gnosticorum
614 1439 841 1510 intelligi
874 1438 1140 1506 debeant,
1173 1447 1266 1493 aut
1306 1437 1586 1508 quomodo
1607 1454 1698 1493 re-

107 1539 188 1586 cte
215 1531 472 1601 possint,
508 1545 619 1585 non
651 1530 830 1585 video.
864 1527 1187 1584 Valentinus
1229 1529 1426 1584 unicus
1471 1528 1610 1595 fuit,
1641 1537 1698 1584 et

109 1623 428 1690 huiusmodi
451 1621 705 1691 discipuli
735 1621 827 1692 qui
867 1637 994 1676 eum
1027 1636 1122 1690 per
1165 1621 1351 1674 omnia
1396 1635 1695 1689 sequeren-

1800 426 2028 481 lentium
2070 444 2090 478 ι
2134 426 2414 482 transtulit
2438 426 2614 481 ﬁdelis
2643 425 2738 482 sed
2770 425 3060 494 imperitus
3083 423 3378 493 interpres,

1798 534 1863 574 ac
1903 519 1948 574 si
1975 519 2241 589 scriptum
2275 518 2472 574 fuisset
2503 518 2690 573 Graece
2709 517 2796 572 διὰ
2825 517 3011 588 Σιγῆς.
3036 531 3160 572 cum
3195 516 3385 571 verisi-

1796 611 2085 665 millimum
2131 612 2204 667 sit
2246 611 2510 680 scriptum
2545 609 2716 666 fuisse
2740 610 2810 664 ab
2833 609 3039 664 lrentro
3065 607 3156 661 διὰ
3183 607 3283 678 τὴν
3301 606 3386 660 Σι-

1795 704 1919 773 γὴν,
1947 702 1999 758 id
2028 713 2111 759 est
2139 712 2352 773 propter
2382 701 2572 774 Sigen;
2603 713 2657 758 ut
2685 703 2932 772 loquitur
2972 701 3380 756 Tertulliauus:

1803 813 1823 848 t
1857 794 1963 851 Sed
1995 796 2305 851 intercessit
2333 807 2508 851 mater
2559 795 2720 866 Sigc,
2764 794 2856 849 illa
2899 794 3145 861 scilicet,
3179 807 3303 864 quat
3329 803 3384 846 et

1798 889 1934 958 ipsis
1968 887 2240 943 haereticis
2266 887 2382 943 suis
2405 895 2588 942 tacere
2613 885 2936 957 praescribit.
2973 904 2994 939 ι

1869 977 2396 1034 Luculentissimum
2439 977 2676 1048 denique
2706 977 3086 1033 testimonium
3109 983 3196 1032 est
3234 974 3385 1044 quod

1797 1069 1957 1126 nobis
1998 1069 2200 1140 praebet
2237 1068 2534 1138 Gregorius
2562 1067 2944 1124 Nazianzenus
2985 1067 3234 1122 oratione
3266 1066 3381 1121 23:

1807 1161 2002 1218 Ἦνίκα
2022 1161 2265 1234 Σιμωνες
2297 1160 2398 1232 μὲν
2427 1161 2520 1215 καὶ
2551 1160 2878 1233 Μαρκίωνες
2896 1200 2911 1224 ,
2953 1159 3294 1215 Οὑαλεντῖνοί
3320 1158 3384 1214 τὲ

1793 1272 1939 1319 τινες
1962 1255 2054 1309 καὶ
2085 1253 2388 1308 Βασιλεϊδαι
2423 1253 2520 1307 καὶ
2556 1252 2859 1324 Κέρδωνες,
2892 1251 3156 1324 Κήρινθοί
3182 1268 3243 1304 τε
3286 1251 3383 1306 καὶ

1796 1348 2218 1420 Καρποκράτεις
2253 1347 2347 1400 καὶ
2375 1345 2582 1415 πᾶσαή
2613 1343 2742 1415 περὶ
2774 1344 3018 1408 ἐκείνους
3046 1343 3286 1416 φλυαρία
3318 1360 3381 1397 τε

1796 1441 1891 1496 καὶ
1924 1439 2176 1512 τερατεία
2211 1438 2303 1492 ἐπὶ
2329 1438 2578 1492 πλεῖστον
2600 1437 2692 1492 τὸν
2717 1437 2826 1491 τῶν
2851 1437 2987 1491 ὅλων
3015 1436 3150 1490 Θεὸν
3183 1438 3380 1508 τεμόν-

1794 1549 1908 1595 τες,
1941 1530 2037 1584 καὶ
2067 1530 2208 1602 ὑπὲρ
2227 1528 2320 1582 τοῦ
2337 1528 2568 1597 Ἀγαθοῦ
2592 1527 2671 1599 τῷ
2689 1527 3006 1599 δημιουργῷ
3036 1527 3384 1599 πολεμήσαν-

1795 1641 1886 1688 τες
1910 1622 2098 1676 ἔπειτα
2119 1620 2500 1691 κατεπόθησαν
2519 1619 2596 1690 τῷ
2620 1618 2828 1672 ὲαυτῶν
2841 1617 2996 1689 Βυθῷ
3026 1619 3120 1671 καὶ
3145 1620 3212 1689 τῇ
3245 1618 3380 1690 Σιγῇ

105 1723 213 1778 tur,
247 1728 353 1768 nec
383 1712 594 1782 aliquid
621 1710 859 1766 inventis
886 1711 1008 1780 ejus
1039 1709 1325 1774 adderent,
1349 1707 1538 1763 lrenaai
1560 1716 1696 1762 aeta-

1805 1713 2195 1786 παραδοθέντες
2210 1711 2402 1783 ὥσπερ
2420 1706 2488 1781 ἦν
2502 1709 2669 1774 ἄξιον.
2696 1728 2714 1762 t
2731 1709 2867 1764 Cum
2894 1708 3146 1765 Simones
3165 1721 3221 1764 et
3241 1709 3386 1764 Mar-

106 1816 173 1869 te,
205 1805 514 1860 admodum
548 1804 711 1874 pauci
737 1803 998 1858 fuerunt:
1033 1801 1358 1857 Tertulliani
1399 1809 1546 1857 certe
1579 1815 1697 1855 aevo

105 1897 256 1953 solus
277 1912 349 1952 ex
374 1896 448 1952 iis
466 1897 768 1952 Axionicus
789 1895 1072 1949 remansit.
1101 1892 1277 1959 Quam
1305 1893 1501 1964 ignava
1531 1891 1699 1963 igitur

105 1998 248 2043 esset
277 1990 401 2044 haec
431 1988 816 2058 exprobratio,
860 1987 1008 2056 quod
1043 1985 1232 2056 paucis
1277 1985 1606 2056 quibusdam
1643 1992 1699 2040 et

106 2080 551 2150 particular-ibus
582 2079 865 2140 Gnosticis
891 2079 1066 2134 videri
1099 2078 1299 2133 vellent
1342 2076 1698 2148 perfectiores

107 2183 158 2228 et
184 2174 370 2243 magis
397 2171 688 2227 Guostici!
722 2171 1031 2227 Praesertim
1069 2185 1192 2224 cum
1236 2169 1470 2240 objectio
1499 2170 1553 2224 in
1599 2169 1699 2225 Se-

109 2263 442 2325 cundianos,
469 2271 525 2316 et
545 2260 935 2325 Ptolemaicos,
963 2269 1018 2316 et
1049 2259 1348 2316 Marcosios
1371 2275 1436 2315 ac
1456 2261 1699 2330 reliquos

111 2369 335 2421 omnes,
368 2364 643 2424 quotquot
685 2354 890 2424 aliquid
918 2353 1188 2408 Valentini
1234 2352 1496 2408 doctrina:
1545 2352 1701 2406 addi-

114 2447 258 2512 dere,
295 2447 631 2518 quadraret;
666 2446 747 2500 illi
783 2446 928 2501 enim
962 2461 1154 2501 omnes
1201 2445 1467 2514 magistro
1505 2459 1606 2500 suo
1645 2451 1701 2498 et

113 2539 316 2594 talibus
347 2538 640 2607 discipulis
667 2537 1026 2607 sapientiores
1055 2545 1109 2592 et
1144 2535 1578 2607 γνωστικὼτεροι
1617 2535 1702 2588 vi-

115 2628 232 2682 deri
262 2629 582 2682 voluerunt.
605 2627 788 2695 Quare
816 2627 984 2698 igitur
1011 2628 1251 2682 [renatus
1280 2627 1366 2681 his
1396 2625 1489 2696 qui
1535 2624 1696 2679 aliam

116 2721 527 2775 octonationem
552 2720 953 2791 excogitarunt,
986 2720 1118 2774 illud
1150 2718 1483 2789 exprobrat?
1521 2716 1701 2784 Quare

117 2813 302 2866 statim
333 2813 391 2866 in
436 2813 893 2867 exclamationem
937 2813 1086 2866 illam
1130 2811 1388 2880 erumpit,
1437 2811 1481 2866 si
1511 2811 1700 2880 paucis

117 2914 330 2959 tantum
352 2906 688 2976 quibusdam
719 2905 1077 2975 sapientiores
1101 2920 1161 2959 se
1187 2905 1562 2961 venditarent?
1583 2905 1700 2958 lmo

116 3011 243 3051 vero
271 2997 393 3052 haec
429 2998 770 3067 archegonos
814 2997 1095 3051 octonatio
1133 3011 1240 3051 non
1273 3004 1484 3050 tantum
1518 3011 1547 3049 a
1585 2994 1698 3050 Va-

118 3089 325 3144 lentino
359 3098 417 3144 et
456 3089 728 3144 Axionico
759 3089 1032 3144 similibus
1060 3088 1344 3158 discipulis
1369 3130 1385 3154 ,
1435 3088 1527 3143 sed
1571 3097 1626 3142 et
1668 3103 1699 3144 a

116 3176 628 3231 combinationibus
660 3177 1022 3247 reliquorum,
1050 3176 1145 3246 qui
1181 3193 1248 3232 ex
1283 3177 1470 3233 schola
1501 3175 1704 3232 Valen-

114 3268 209 3322 tini
254 3267 604 3337 prodeuntes
640 3269 710 3324 ab
745 3283 812 3324 eo
846 3270 900 3324 in
952 3271 1141 3325 multis
1178 3276 1554 3333 recesserunt,
1586 3276 1642 3324 et
1669 3283 1701 3324 a

112 3359 386 3414 doctrinis
413 3360 663 3414 omnium
695 3363 1058 3417 vetustiorum
1075 3361 1465 3417 Guosticorum
1491 3361 1702 3417 discre-

114 3453 298 3521 pabat,
330 3461 389 3506 et
420 3467 490 3506 eo
515 3467 716 3522 genere
751 3453 990 3509 lictionis
1017 3454 1303 3509 universas
1333 3454 1495 3524 longe
1540 3469 1704 3524 supe-

113 3546 289 3599 rabat.
328 3543 634 3600 Voluerunt
677 3546 843 3616 igitur
881 3547 956 3600 illi
987 3547 1080 3616 qui
1125 3547 1240 3602 haec
1281 3548 1700 3618 excogitaruut,

114 3636 374 3690 omnibus
402 3635 634 3690 omnino
665 3647 789 3690 ante
817 3653 876 3692 se
906 3637 1180 3693 Gnosticis
1227 3639 1585 3707 sapientiores
1622 3639 1705 3692 vi-

115 3727 225 3780 deri
255 3745 272 3779 :
311 3726 487 3796 idque
514 3741 642 3781 cum
672 3726 1050 3796 indignatione
1088 3728 1325 3797 quadam
1353 3737 1406 3784 et
1448 3729 1705 3784 irrisione

116 3820 432 3887 exprimere
477 3817 652 3872 voluit
695 3817 950 3872 tremens.
995 3817 1054 3871 In
1090 3819 1337 3873 eamdem
1377 3821 1703 3874 sententiam

119 3911 458 3980 interpretor
506 3925 631 3980 quae
681 3908 1022 3979 Epiphanius
1073 3909 1141 3964 de
1176 3909 1468 3966 Ptolemaeo
1517 3911 1702 3978 tradit,

119 4004 207 4072 qui
233 4004 342 4073 τῆς
370 4003 475 4073 μὲν
502 4002 683 4075 αὐτῶν
708 4001 1058 4074 καλουμένων
1086 4003 1406 4057 Γνωστικῶν
1423 4043 1439 4070 ,
1472 4005 1568 4058 καὶ
1597 4003 1705 4058 τῶν

122 4099 234 4150 κατ’
265 4097 630 4150 Οὐαλεντῖνον
666 4095 928 4168 ὑπάρχων
957 4096 1220 4168 αἱρέσεως
1238 4135 1254 4160 ,
1298 4113 1422 4152 cum
1465 4105 1520 4152 et
1557 4097 1707 4154 Gno-

131 4191 394 4245 stieorum
441 4199 501 4244 et
522 4187 1028 4244 Valentinianorum
1081 4189 1310 4245 haeresin
1352 4189 1708 4259 amplectere-

128 4289 226 4344 tur,
255 4282 430 4352 ἔτερα
465 4280 621 4352 παρὰ
650 4280 774 4344 τοὺς
806 4280 970 4334 αὐτοῦ
1003 4279 1352 4343 διδασκάλους
1384 4279 1708 4352 ὑποτιθέμε-

1797 1804 2007 1869 ciones,
2040 1809 2095 1857 et
2122 1801 2400 1856 Valentini
2425 1809 2480 1855 et
2504 1798 2757 1855 Basilides
2778 1809 2833 1854 et
2861 1799 3162 1867 Cerdones,
3186 1799 3350 1855 Cerin
3367 1830 3386 1850 ..

1799 1894 1878 1949 tbi
1916 1894 2084 1948 etiam
2115 1903 2169 1948 et
2193 1892 2576 1962 Carpocrates,
2604 1903 2658 1946 et
2678 1907 2869 1947 omnes
2899 1905 3091 1946 eorum
3121 1907 3279 1962 nugae
3325 1903 3384 1946 et

1799 1987 2116 2058 praestigiae,
2159 1995 2518 2056 posteaquam
2565 1999 2748 2038 rerum
2784 1984 3030 2038 omnium
3059 1983 3226 2038 Deum
3257 1998 3383 2053 per-

1799 2080 2062 2135 diuturno
2097 2087 2344 2147 tempore
2375 2078 2715 2139 secuisseut,
2750 2077 3065 2146 bellumque
3099 2091 3200 2146 pro
3225 2075 3378 2131 Bono

1800 2173 2062 2227 adversus
2083 2171 2396 2225 Creatorem
2427 2169 2747 2238 gessissent,
2795 2177 3031 2234 suomet,
3069 2177 3133 2223 ut
3161 2183 3380 2239 aequum

1802 2273 1950 2330 erat,
1983 2263 2268 2318 Profunda
2315 2262 2586 2332 absorpta:
2629 2277 2693 2316 ac
2739 2261 2970 2317 Silentio
3017 2262 3232 2317 traditae
3262 2261 3382 2317 fue-

1802 2364 1950 2410 runt.
1987 2373 2006 2408 ι
2052 2354 2133 2408 Ad
2163 2369 2327 2425 quem
2358 2353 2537 2409 locum
2568 2352 2717 2409 Elias
2747 2353 3028 2408 Cretensis
3065 2353 3182 2408 haec
3209 2353 3382 2409 adno-

1803 2459 1913 2506 tat:
1955 2469 1973 2500 r
1994 2450 2073 2504 Ac
2107 2447 2413 2503 Simoniani
2440 2447 2658 2517 quidem
2691 2447 3032 2501 octonarium
3065 2461 3381 2512 numerum,

1801 2541 1874 2594 ob
1898 2538 2105 2594 Eones
2139 2553 2235 2594 eos
2260 2552 2401 2608 quos
2426 2537 2698 2601 colebant,
2731 2538 2939 2592 honore
2967 2538 3385 2607 prosequeban-

1801 2642 1909 2687 tur.
1941 2631 2298 2704 Nugabantur
2331 2631 2478 2686 enim
2520 2630 2754 2702 Bytbum
2781 2645 2908 2684 cum
2940 2644 3039 2684 sua
3089 2628 3214 2700 Sigc
3249 2644 3387 2685 con-

1801 2739 2053 2790 gressum
2084 2723 2317 2778 Mentem
2353 2730 2406 2778 et
2444 2720 2740 2777 Veritatem
2787 2720 3063 2790 genuisse,
3108 2730 3218 2778 etc.
3258 2739 3278 2772 ι
3317 2719 3385 2776 Et

1800 2815 2016 2872 Nicetas
2047 2817 2114 2872 ad
2130 2816 2434 2872 orationem
2458 2815 2529 2869 44
2556 2833 2568 2868 :
2603 2833 2623 2867 ι
2653 2812 2958 2869 Simouiani
2983 2811 3204 2882 quidem
3227 2823 3384 2868 octo-

1802 2909 2041 2973 narium,
2077 2914 2299 2977 propter
2321 2915 2448 2962 octo
2477 2906 2602 2962 illos
2623 2905 2873 2976 magistri
2910 2904 2995 2959 sui
3025 2901 3256 2970 Eones,
3282 2903 3386 2959 ho-

1805 2999 1922 3052 nori
1955 2997 2244 3052 habebant.
2271 2997 2484 3052 Etenim
2507 3013 2574 3052 ex
2596 2996 2752 3068 Bylhi
2782 3012 2906 3052 eum
2933 2995 3059 3066 Sige
3079 3011 3383 3066 congressu

1805 3089 2036 3143 Mentem
2057 3103 2122 3142 ac
2148 3087 2444 3144 Veritatem
2476 3096 2796 3158 procreatas
2826 3103 2947 3143 esse
2973 3086 3255 3142 fabulatus
3274 3096 3382 3153 est,

1802 3191 1973 3251 atque
2016 3181 2088 3235 ita
2130 3180 2336 3250 primos
2361 3188 2640 3250 parentes,
2672 3189 2735 3234 ut
2761 3179 2874 3248 jam
2905 3179 3110 3234 dictum
3142 3190 3248 3244 est,
3277 3179 3384 3251 By-

1803 3275 1957 3330 tbum
1985 3283 2038 3327 et
2063 3273 2225 3344 Sigea
2265 3272 2553 3327 conﬁnxit.
2595 3291 2615 3324 ι
2662 3270 2895 3344 Bytbum
2927 3271 3094 3342 igitur
3127 3281 3182 3326 et
3213 3270 3379 3342 Sigen

1805 3365 1945 3420 inter
1969 3363 2177 3420 Eones
2199 3377 2330 3419 suos
2353 3362 2612 3419 habuisse
2644 3372 2853 3418 veteres
2882 3362 3001 3418 illos
3023 3371 3149 3418 ante
3180 3361 3383 3419 Valen-

1803 3457 1979 3512 tinum
2027 3456 2350 3520 Gnosticos,
2415 3454 2603 3510 dixere
2646 3453 3076 3524 quamplurimi;
3126 3468 3236 3510 non
3284 3454 3386 3510 ha-

1803 3548 2010 3612 buissc,
2049 3557 2175 3603 ante
2215 3547 2577 3612 Blondellum,
2632 3547 2850 3616 opinor,
2898 3560 3061 3601 nemo
3107 3546 3264 3602 dixit.
3313 3545 3384 3601 Et

1805 3641 2024 3711 quidem
2068 3657 2178 3696 non
2213 3648 2425 3694 tantum
2467 3639 2675 3709 primas
2718 3639 2970 3709 syzygias
3018 3653 3050 3692 a
3105 3638 3380 3693 vetustio—

1805 3733 1962 3788 ribus
1988 3733 2258 3787 hzereticis
2300 3732 2578 3800 accepisse
2626 3729 2995 3794 Valentinum,
3045 3729 3142 3784 sed
3182 3738 3238 3785 et
3283 3745 3379 3784 ea-

1807 3841 1928 3880 rum
1967 3825 2131 3879 etiam
2183 3824 2406 3878 nomina
2453 3823 2807 3878 continuasse
2855 3822 2937 3876 vel
2981 3822 3112 3876 illud
3159 3821 3377 3887 suadet,

1805 3916 1954 3986 quod
1998 3931 2127 3971 cum
2185 3930 2356 3970 novas
2417 3915 2526 3970 illis
2584 3914 3035 3970 nomenclaturasl
3081 3912 3382 3970 addidisset

1806 4008 2117 4080 Epiphanes
2147 4050 2163 4072 ,
2223 4007 2501 4063 Monoteta
2559 4015 2614 4062 et
2675 4005 2980 4069 Henoteta,
3042 4003 3276 4060 Monada
3327 4013 3382 4059 et

1807 4097 1953 4166 Heu,
1981 4098 2168 4153 statim
2221 4098 2489 4154 exclamet
2536 4097 2807 4158 Irenaeus,
2855 4097 2954 4150 Ἰοὺ
2987 4096 3090 4159 ἰοὺ,
3122 4095 3226 4166 φεῦ
3256 4095 3380 4166 φεῦ,

1807 4193 2077 4249 rationem
2113 4192 2366 4258 reddens,
2405 4211 2424 4243 ι
2467 4191 2729 4262 quoniam
2761 4191 2879 4261 ipse
2923 4190 3146 4246 nomina
3196 4189 3380 4260 posuit

1808 4285 2100 4356 ﬁgmento,
2133 4299 2256 4354 quae
2297 4299 2328 4339 a
2375 4283 2593 4338 nemine
2634 4282 2804 4338 altero
2843 4282 3022 4352 posita
3075 4278 3384 4337 suntulloc

127 4392 228 4438 νος,
260 4376 373 4429 alia
405 4383 608 4444 praeter
631 4388 696 4428 ea
717 4388 841 4442 qua:
867 4388 899 4426 a
926 4373 1228 4442 magistris,
1259 4373 1375 4428 sive
1401 4373 1701 4440 Gnosticis,
1733 4383 1785 4445 υ
1806 4377 1954 4431 enim
1983 4383 2131 4432 tanta
2168 4375 2530 4430 admiratione
2557 4373 2783 4444 dignum
2813 4387 2922 4427 non
2951 4371 3166 4438 fuisset,
3191 4372 3238 4426 si
3267 4368 3380 4425 Va-

130 4467 238 4520 sive
272 4463 707 4526 Valentinianis,
738 4471 1024 4533 acceperat
1053 4463 1284 4532 fingens,
1315 4462 1409 4516 δύο
1440 4462 1706 4532 συζύγους

129 4559 200 4628 τῷ
227 4558 352 4629 Θεῷ
383 4557 469 4628 τῷ
499 4559 632 4628 παρ’
666 4557 850 4618 αὐτοῖς
894 4553 1052 4624 Βυθῷ
1083 4554 1402 4625 καλουμένῳ
1444 4555 1705 4625 ἐπενόησε

131 4651 217 4702 καὶ
246 4649 568 4722 ἐχαρίσατο,
602 4665 622 4699 t
657 4647 796 4701 duas
821 4645 1080 4716 eonjuges
1104 4645 1238 4709 Deo,
1277 4659 1439 4715 quem
1465 4645 1564 4712 illi,
1589 4654 1705 4699 tum

134 4741 371 4796 Gnostici
401 4751 522 4795 tum
550 4738 933 4802 Valentiniani,
963 4737 1198 4809 Bytbum
1227 4737 1516 4803 vocabant,
1550 4737 1710 4792 attri-

134 4834 342 4889 luebat.
381 4853 402 4886 ι
449 4831 567 4887 Hoc
595 4834 798 4902 quippe
843 4832 1105 4886 doctrina:
1133 4831 1520 4886 Guosticorum
1561 4839 1709 4885 vete-

137 4941 248 4980 rum
282 4936 339 4981 et
387 4924 901 4980 Valentiniaunrum
933 4923 1134 4993 adjecit
1173 4922 1531 4989 Ptolemaeus;
1559 4921 1710 4991 quod

138 5030 252 5072 eum
286 5020 378 5074 isti
427 5031 600 5071 unam
635 5025 847 5071 tantum
887 5015 1180 5086 conjugem
1209 5015 1385 5087 Bytbo
1411 5029 1515 5070 suo
1536 5053 1552 5078 ,
1593 5013 1708 5068 En-

141 5123 305 5164 παίω
370 5109 592 5164 scilicet
638 5117 734 5163 aut
781 5107 970 5178 Sigen,
996 5107 1378 5174 atlinxisseut,
1410 5107 1502 5162 ille
1540 5107 1708 5162 etiam

142 5199 388 5258 Thelema
433 5217 538 5258 seu
580 5201 931 5258 Voluntatem
963 5201 1141 5258 eidem
1187 5201 1464 5256 connubio
1498 5199 1706 5270 iunxit.

140 5291 314 5366 Neque
354 5311 496 5351 vero
531 5309 637 5366 ego
692 5295 884 5350 dubito
933 5294 1068 5364 quin
1109 5292 1378 5348 Basilides
1408 5291 1708 5348 Gnosticus

144 5401 255 5447 ante
289 5389 652 5446 Valentinum
679 5389 736 5444 in
767 5389 945 5459 prima
967 5403 1068 5444 sua
1099 5385 1508 5442 combinatione
1543 5385 1708 5456 Sigen

147 5482 382 5540 inbuerit
397 5523 416 5549 ,
461 5491 518 5539 et
564 5482 811 5537 Ἕννοιαν
851 5497 1006 5538 suam
1059 5481 1224 5554 Σιγήν
1266 5479 1564 5535 vocaverit.
1616 5479 1710 5536 Ille

149 5576 274 5632 enim
302 5577 523 5642 docuit,
547 5585 688 5632 teste
719 5574 925 5632 Irenaeo
947 5575 1042 5631 lib.
1076 5590 1116 5641 ι,
1144 5589 1196 5629 c.
1228 5574 1322 5641 25,
1350 5591 1370 5625 ι
1403 5585 1514 5628 non
1547 5587 1710 5642 opor-

153 5681 246 5728 Iue
261 5673 494 5730 omnino
517 5671 769 5743 ipsorum
798 5669 1055 5741 mysteria
1077 5668 1253 5737 etfari,
1286 5668 1381 5724 sed
1403 5667 1459 5723 in
1481 5665 1707 5724 abscon-

1807 4467 2048 4522 lentinus
2115 4465 2281 4536 paulo
2348 4473 2476 4520 ante
2537 4464 2876 4535 Epiphanem
2928 4464 3105 4518 eidem
3159 4460 3382 4518 Tetradi

1808 4575 1950 4615 nova
1975 4573 2214 4629 prorsus
2250 4557 2474 4612 nomina
2526 4565 2581 4612 et
2609 4564 2737 4611 ante
2790 4553 3038 4610 inaudita
3082 4553 3385 4624 imposuis-

1807 4657 1909 4704 set.

1881 4737 2137 4794 Secundo
2162 4777 2178 4801 ,
2219 4737 2407 4807 Logon
2440 4737 2605 4792 etiam
2645 4734 2818 4792 fuisse
2843 4735 2988 4789 inter
3017 4734 3208 4790 lictitia
3234 4743 3384 4789 vete-

1806 4847 1932 4887 rum
1973 4831 2363 4886 Gnosticorum
2407 4829 2656 4895 numina,
2685 4837 2740 4884 et
2769 4844 2866 4898 per
2891 4827 3138 4898 syzygias
3173 4827 3385 4897 aliquas

1809 4937 1842 4977 a
1869 4921 1995 4993 Sige
2017 4921 2085 4976 ad
2116 4936 2242 4975 eum
2275 4920 2596 4990 perventum
2627 4933 2772 4985 esse,
2804 4926 2866 4973 ut
2888 4920 2944 4972 in
2968 4919 3156 4974 schola
3183 4917 3384 4973 Valen-

1809 5016 1932 5082 tini,
1967 5015 2171 5086 pariter
2199 5014 2557 5084 probabimus
2582 5030 2597 5067 :
2629 5013 2774 5081 quod
2806 5012 2941 5067 satis
2963 5020 3046 5067 est
3067 5011 3132 5066 ad
3162 5021 3384 5066 senten-

1809 5108 1941 5163 tiam
1979 5115 2222 5162 nostram
2262 5106 2526 5161 adversus
2565 5103 2750 5158 Dallaei
2794 5103 3132 5173 obiectiones
3174 5102 3378 5157 eontir-v

1810 5199 2087 5255 mandam.
2116 5196 2304 5268 Neque
2327 5198 2474 5252 enim
2515 5195 2763 5252 Gnostici
2803 5194 2904 5262 illi,
2929 5209 3108 5264 neque
3150 5192 3386 5248 Valenti-

1810 5307 1916 5347 nus
1946 5291 2063 5361 ipse
2099 5289 2304 5346 diserte
2331 5305 2574 5360 unquam
2605 5288 2748 5343 dixit
2782 5285 2970 5357 Logon
2999 5302 3031 5341 e
3059 5285 3186 5354 Sige
3214 5285 3384 5340 eruis-

1811 5398 1934 5440 suru
1967 5395 2113 5436 esse.
2158 5378 2426 5448 Basilides
2469 5379 2615 5438 inter
2639 5377 2927 5432 Gnosticos
2965 5373 3068 5430 fuit
3097 5373 3384 5429 Valentino

1809 5473 2112 5533 vetustior,
2147 5480 2204 5526 at
2270 5467 2362 5526 ille
2403 5470 2471 5525 de
2502 5467 2654 5538 Ltth
2693 5470 2898 5539 pariter
2950 5482 3015 5522 ac
3058 5466 3383 5523 Valentinus

1811 5569 2002 5626 sensit.
2033 5561 2410 5626 Theudoretus
2441 5560 2638 5616 Haeret.
2674 5560 2785 5628 fab.
2831 5558 2925 5615 lib.
2962 5574 3017 5623 ν,
3051 5573 3102 5614 c.
3133 5557 3222 5621 ll,
3252 5573 3381 5613 cum

1811 5662 2083 5722 Valentini
2121 5661 2189 5718 de
2213 5650 2394 5714 Verbo
2435 5655 2765 5714 sententiam
2791 5653 3100 5718 recitasset,
3141 5653 3256 5708 hac
3284 5651 3384 5708 ad-
