  <div class='ocr_page' id='page_1' title='image "/cluster/home/n/w/nwhite01/storage/ocr_20150623/5/nnc1.0046978607/171.png"; bbox 0 0 3834 6206; ppageno 0'>
   <div class='ocr_carea' id='block_1_1' title="bbox 441 229 543 288">
    <p class='ocr_par' dir='ltr' id='par_1_1' title="bbox 441 229 543 288">
     <span class='ocr_line' id='line_1_1' title="bbox 441 229 543 288; baseline -0.039 -1"><span class='ocrx_word' id='word_1_1' title='bbox 441 229 543 288; x_wconf 73' lang='lat'><strong>527</strong></span> 
     </span>
    </p>
   </div>
   <div class='ocr_carea' id='block_1_2' title="bbox 1532 187 2652 263">
    <p class='ocr_par' dir='ltr' id='par_1_2' title="bbox 1532 187 2652 263">
     <span class='ocr_line' id='line_1_2' title="bbox 1532 187 2652 263; baseline -0.021 0"><span class='ocrx_word' id='word_1_2' title='bbox 1532 207 1588 263; x_wconf 85' lang='lat' dir='ltr'><strong>S.</strong></span> <span class='ocrx_word' id='word_1_3' title='bbox 1625 201 1970 261; x_wconf 70' lang='lat' dir='ltr'><strong>IGNATIUS.</strong></span> <span class='ocrx_word' id='word_1_4' title='bbox 2005 228 2074 240; x_wconf 78' lang='lat'><strong>~—</strong></span> <span class='ocrx_word' id='word_1_5' title='bbox 2115 187 2652 252; x_wconf 80' lang='lat' dir='ltr'><strong>PBOLEGOMENA.</strong></span> 
     </span>
    </p>
   </div>
   <div class='ocr_carea' id='block_1_3' title="bbox 3598 176 3712 236">
    <p class='ocr_par' dir='ltr' id='par_1_3' title="bbox 3598 176 3712 236">
     <span class='ocr_line' id='line_1_3' title="bbox 3598 176 3712 236; baseline 0 0"><span class='ocrx_word' id='word_1_6' title='bbox 3598 176 3712 236; x_wconf 65' lang='lat'><strong>393</strong></span> 
     </span>
    </p>
   </div>
   <div class='ocr_carea' id='block_1_4' title="bbox 439 298 2047 408">
    <p class='ocr_par' dir='ltr' id='par_1_4' title="bbox 439 321 2026 408">
     <span class='ocr_line' id='line_1_4' title="bbox 439 321 2026 408; baseline -0.018 -6"><span class='ocrx_word' id='word_1_7' title='bbox 439 351 522 402; x_wconf 83' lang='lat' dir='ltr'><strong>dit</strong></span> <span class='ocrx_word' id='word_1_8' title='bbox 555 365 568 401; x_wconf 90' lang='lat'><strong>:</strong></span> <span class='ocrx_word' id='word_1_9' title='bbox 596 339 910 408; x_wconf 73' lang='grc' dir='ltr'><strong>Βασιλείδης</strong></span> <span class='ocrx_word' id='word_1_10' title='bbox 938 337 994 390; x_wconf 78' lang='grc' dir='ltr'><strong>δὲ</strong></span> <span class='ocrx_word' id='word_1_11' title='bbox 1021 332 1283 395; x_wconf 75' lang='grc' dir='ltr'><strong>ὡσαύτως</strong></span> <span class='ocrx_word' id='word_1_12' title='bbox 1310 330 1466 385; x_wconf 68' lang='grc' dir='ltr'><strong>ἀλλον</strong></span> <span class='ocrx_word' id='word_1_13' title='bbox 1491 327 1581 380; x_wconf 82' lang='grc' dir='ltr'><strong>τὸν</strong></span> <span class='ocrx_word' id='word_1_14' title='bbox 1604 323 1904 393; x_wconf 78' lang='grc' dir='ltr'><strong>Μονογενῆ,</strong></span> <span class='ocrx_word' id='word_1_15' title='bbox 1931 321 2026 375; x_wconf 74' lang='grc' dir='ltr'><strong>καὶ</strong></span> 
     </span>
    </p>
   </div>
   <div class='ocr_carea' id='block_1_5' title="bbox 2150 298 3720 408">
    <p class='ocr_par' dir='ltr' id='par_1_5' title="bbox 2199 298 3720 370">
     <span class='ocr_line' id='line_1_5' title="bbox 2199 298 3720 370; baseline -0.01 -1"><span class='ocrx_word' id='word_1_16' title='bbox 2199 314 2324 368; x_wconf 70' lang='lat' dir='ltr'><strong>Hzec</strong></span> <span class='ocrx_word' id='word_1_17' title='bbox 2349 328 2473 368; x_wconf 92' lang='lat' dir='ltr'><strong>cum</strong></span> <span class='ocrx_word' id='word_1_18' title='bbox 2509 327 2540 364; x_wconf 91' lang='lat' dir='ltr'><strong>a</strong></span> <span class='ocrx_word' id='word_1_19' title='bbox 2581 307 2742 363; x_wconf 89' lang='lat' dir='ltr'><strong>nobis</strong></span> <span class='ocrx_word' id='word_1_20' title='bbox 2776 305 2912 359; x_wconf 89' lang='lat' dir='ltr'><strong>adeo</strong></span> <span class='ocrx_word' id='word_1_21' title='bbox 2947 302 3101 357; x_wconf 84' lang='lat' dir='ltr'><strong>firme</strong></span> <span class='ocrx_word' id='word_1_22' title='bbox 3149 298 3378 370; x_wconf 85' lang='lat' dir='ltr'><strong>probata</strong></span> <span class='ocrx_word' id='word_1_23' title='bbox 3408 299 3542 362; x_wconf 88' lang='lat' dir='ltr'><strong>sint,</strong></span> <span class='ocrx_word' id='word_1_24' title='bbox 3573 298 3720 354; x_wconf 81' lang='lat' dir='ltr'><strong>nihil</strong></span> 
     </span>
    </p>
   </div>
   <div class='ocr_carea' id='block_1_6' title="bbox 442 411 2028 499">
    <p class='ocr_par' dir='ltr' id='par_1_6' title="bbox 442 411 2028 499">
     <span class='ocr_line' id='line_1_6' title="bbox 442 411 2028 499; baseline -0.018 -7"><span class='ocrx_word' id='word_1_25' title='bbox 442 438 602 493; x_wconf 81' lang='grc' dir='ltr'>ἄλλον</span> <span class='ocrx_word' id='word_1_26' title='bbox 621 435 712 488; x_wconf 82' lang='grc' dir='ltr'><strong>τὸν</strong></span> <span class='ocrx_word' id='word_1_27' title='bbox 743 431 938 499; x_wconf 82' lang='grc' dir='ltr'><strong>Λόγον,</strong></span> <span class='ocrx_word' id='word_1_28' title='bbox 957 427 1050 481; x_wconf 80' lang='grc' dir='ltr'><strong>καὶ</strong></span> <span class='ocrx_word' id='word_1_29' title='bbox 1078 424 1272 496; x_wconf 72' lang='grc' dir='ltr'><strong>ἑτέραν</strong></span> <span class='ocrx_word' id='word_1_30' title='bbox 1299 420 1487 491; x_wconf 71' lang='grc' dir='ltr'>εἴρηκε</span> <span class='ocrx_word' id='word_1_31' title='bbox 1515 417 1613 488; x_wconf 85' lang='grc' dir='ltr'><strong>τὴν</strong></span> <span class='ocrx_word' id='word_1_32' title='bbox 1637 414 1856 482; x_wconf 78' lang='grc' dir='ltr'><strong>Σοφίαν.</strong></span> <span class='ocrx_word' id='word_1_33' title='bbox 1893 431 1911 464; x_wconf 80' lang='grc' dir='ltr'><strong>ι</strong></span> <span class='ocrx_word' id='word_1_34' title='bbox 1932 411 2028 465; x_wconf 85' lang='lat' dir='ltr'><strong>Ba-</strong></span> 
     </span>
    </p>
   </div>
   <div class='ocr_carea' id='block_1_7' title="bbox 444 503 2028 596">
    <p class='ocr_par' dir='ltr' id='par_1_7' title="bbox 444 503 2028 596">
     <span class='ocr_line' id='line_1_7' title="bbox 444 503 2028 596; baseline -0.019 -10"><span class='ocrx_word' id='word_1_35' title='bbox 444 531 634 588; x_wconf 86' lang='lat' dir='ltr'><strong>silides</strong></span> <span class='ocrx_word' id='word_1_36' title='bbox 676 538 896 596; x_wconf 91' lang='lat' dir='ltr'><strong>quoque</strong></span> <span class='ocrx_word' id='word_1_37' title='bbox 937 518 1190 576; x_wconf 91' lang='lat' dir='ltr'><strong>similiter</strong></span> <span class='ocrx_word' id='word_1_38' title='bbox 1239 513 1407 570; x_wconf 88' lang='lat' dir='ltr'><strong>alium</strong></span> <span class='ocrx_word' id='word_1_39' title='bbox 1461 509 1849 579; x_wconf 86' lang='lat' dir='ltr'><strong>Unigenitum,</strong></span> <span class='ocrx_word' id='word_1_40' title='bbox 1880 503 2028 558; x_wconf 82' lang='lat' dir='ltr'><strong>aliud</strong></span> 
     </span>
    </p>
   </div>
   <div class='ocr_carea' id='block_1_8' title="bbox 444 599 2032 683">
    <p class='ocr_par' dir='ltr' id='par_1_8' title="bbox 444 599 2032 683">
     <span class='ocr_line' id='line_1_8' title="bbox 444 599 2032 683; baseline -0.019 -4"><span class='ocrx_word' id='word_1_41' title='bbox 444 613 712 683; x_wconf 88' lang='lat' dir='ltr'><strong>Verbum,</strong></span> <span class='ocrx_word' id='word_1_42' title='bbox 745 625 800 673; x_wconf 88' lang='lat' dir='ltr'><strong>et</strong></span> <span class='ocrx_word' id='word_1_43' title='bbox 819 615 983 669; x_wconf 89' lang='lat' dir='ltr'><strong>aliam</strong></span> <span class='ocrx_word' id='word_1_44' title='bbox 1011 610 1148 666; x_wconf 81' lang='lat' dir='ltr'><strong>dixit</strong></span> <span class='ocrx_word' id='word_1_45' title='bbox 1179 622 1300 662; x_wconf 89' lang='lat' dir='ltr'><strong>esse</strong></span> <span class='ocrx_word' id='word_1_46' title='bbox 1343 602 1702 673; x_wconf 78' lang='lat' dir='ltr'><strong>Sapientiam.</strong></span> <span class='ocrx_word' id='word_1_47' title='bbox 1742 617 1760 651; x_wconf 81' lang='grc' dir='ltr'><strong>ι</strong></span> <span class='ocrx_word' id='word_1_48' title='bbox 1792 599 1918 653; x_wconf 86' lang='lat' dir='ltr'><strong>Ideo</strong></span> <span class='ocrx_word' id='word_1_49' title='bbox 1939 612 2032 650; x_wconf 90' lang='lat' dir='ltr'><strong>au-</strong></span> 
     </span>
    </p>
   </div>
   <div class='ocr_carea' id='block_1_9' title="bbox 446 688 2026 778">
    <p class='ocr_par' dir='ltr' id='par_1_9' title="bbox 446 688 2026 778">
     <span class='ocr_line' id='line_1_9' title="bbox 446 688 2026 778; baseline -0.018 -12"><span class='ocrx_word' id='word_1_50' title='bbox 446 723 557 768; x_wconf 89' lang='lat' dir='ltr'><strong>tem</strong></span> <span class='ocrx_word' id='word_1_51' title='bbox 582 709 936 778; x_wconf 86' lang='lat' dir='ltr'><strong>Monogenem</strong></span> <span class='ocrx_word' id='word_1_52' title='bbox 969 710 1024 755; x_wconf 86' lang='lat' dir='ltr'><strong>et</strong></span> <span class='ocrx_word' id='word_1_53' title='bbox 1057 697 1292 752; x_wconf 94' lang='lat' dir='ltr'><strong>Verbum</strong></span> <span class='ocrx_word' id='word_1_54' title='bbox 1319 692 1570 749; x_wconf 83' lang='lat' dir='ltr'><strong>similiter</strong></span> <span class='ocrx_word' id='word_1_55' title='bbox 1591 689 1868 754; x_wconf 82' lang='lat' dir='ltr'><strong>distinxit,</strong></span> <span class='ocrx_word' id='word_1_56' title='bbox 1899 688 2026 757; x_wconf 85' lang='lat' dir='ltr'><strong>quia</strong></span> 
     </span>
    </p>
   </div>
   <div class='ocr_carea' id='block_1_10' title="bbox 451 779 2030 860">
    <p class='ocr_par' dir='ltr' id='par_1_10' title="bbox 451 779 2030 860">
     <span class='ocr_line' id='line_1_10' title="bbox 451 779 2030 860; baseline -0.015 -5"><span class='ocrx_word' id='word_1_57' title='bbox 451 800 691 855; x_wconf 82' lang='lat' dir='ltr'><strong>Verbum</strong></span> <span class='ocrx_word' id='word_1_58' title='bbox 723 811 791 850; x_wconf 80' lang='lat' dir='ltr'><strong>ex</strong></span> <span class='ocrx_word' id='word_1_59' title='bbox 822 792 1124 860; x_wconf 84' lang='lat' dir='ltr'><strong>Monogene</strong></span> <span class='ocrx_word' id='word_1_60' title='bbox 1168 785 1422 841; x_wconf 75' lang='lat' dir='ltr'><strong>similiter</strong></span> <span class='ocrx_word' id='word_1_61' title='bbox 1445 780 1652 836; x_wconf 80' lang='lat' dir='ltr'><strong>eduxit.</strong></span> <span class='ocrx_word' id='word_1_62' title='bbox 1687 779 1766 833; x_wconf 88' lang='lat' dir='ltr'><strong>Ita</strong></span> <span class='ocrx_word' id='word_1_63' title='bbox 1792 780 2030 832; x_wconf 71' lang='lat' dir='ltr'><strong>lrenmus</strong></span> 
     </span>
    </p>
   </div>
   <div class='ocr_carea' id='block_1_11' title="bbox 455 869 2031 946">
    <p class='ocr_par' dir='ltr' id='par_1_11' title="bbox 455 869 2031 946">
     <span class='ocr_line' id='line_1_11' title="bbox 455 869 2031 946; baseline -0.015 0"><span class='ocrx_word' id='word_1_64' title='bbox 455 892 524 946; x_wconf 89' lang='lat' dir='ltr'><strong>de</strong></span> <span class='ocrx_word' id='word_1_65' title='bbox 557 885 794 942; x_wconf 84' lang='lat' dir='ltr'><strong>Basilide</strong></span> <span class='ocrx_word' id='word_1_66' title='bbox 820 885 916 938; x_wconf 88' lang='lat' dir='ltr'><strong>lib.</strong></span> <span class='ocrx_word' id='word_1_67' title='bbox 954 899 994 946; x_wconf 87' lang='grc' dir='ltr'><strong>ι,</strong></span> <span class='ocrx_word' id='word_1_68' title='bbox 1019 895 1069 934; x_wconf 93' lang='lat' dir='ltr'><strong>c.</strong></span> <span class='ocrx_word' id='word_1_69' title='bbox 1105 879 1178 932; x_wconf 77' lang='lat'><strong>9.3</strong></span> <span class='ocrx_word' id='word_1_70' title='bbox 1214 893 1227 928; x_wconf 88' lang='lat'>:</span> <span class='ocrx_word' id='word_1_71' title='bbox 1275 895 1294 928; x_wconf 72' lang='grc' dir='ltr'><strong>ι</strong></span> <span class='ocrx_word' id='word_1_72' title='bbox 1327 874 1574 930; x_wconf 84' lang='lat' dir='ltr'><strong>Ostendit</strong></span> <span class='ocrx_word' id='word_1_73' title='bbox 1599 869 1720 926; x_wconf 85' lang='lat' dir='ltr'><strong>Nun</strong></span> <span class='ocrx_word' id='word_1_74' title='bbox 1753 871 1930 941; x_wconf 77' lang='lat' dir='ltr'><strong>primo</strong></span> <span class='ocrx_word' id='word_1_75' title='bbox 1962 869 2031 923; x_wconf 89' lang='lat' dir='ltr'><strong>ab</strong></span> 
     </span>
    </p>
   </div>
   <div class='ocr_carea' id='block_1_12' title="bbox 449 964 2024 1041">
    <p class='ocr_par' dir='ltr' id='par_1_12' title="bbox 449 964 2024 1041">
     <span class='ocr_line' id='line_1_12' title="bbox 449 964 2024 1041; baseline -0.017 0"><span class='ocrx_word' id='word_1_76' title='bbox 449 987 645 1041; x_wconf 85' lang='lat' dir='ltr'><strong>innato</strong></span> <span class='ocrx_word' id='word_1_77' title='bbox 668 987 858 1034; x_wconf 91' lang='lat' dir='ltr'><strong>natum</strong></span> <span class='ocrx_word' id='word_1_78' title='bbox 894 975 1075 1038; x_wconf 84' lang='lat' dir='ltr'><strong>Patre,</strong></span> <span class='ocrx_word' id='word_1_79' title='bbox 1104 974 1170 1027; x_wconf 91' lang='lat' dir='ltr'><strong>ab</strong></span> <span class='ocrx_word' id='word_1_80' title='bbox 1203 971 1306 1024; x_wconf 89' lang='lat' dir='ltr'><strong>hoc</strong></span> <span class='ocrx_word' id='word_1_81' title='bbox 1333 976 1517 1022; x_wconf 85' lang='lat' dir='ltr'><strong>autem</strong></span> <span class='ocrx_word' id='word_1_82' title='bbox 1541 973 1729 1020; x_wconf 91' lang='lat' dir='ltr'><strong>natum</strong></span> <span class='ocrx_word' id='word_1_83' title='bbox 1765 964 1975 1032; x_wconf 83' lang='lat' dir='ltr'><strong>Logon.</strong></span> <span class='ocrx_word' id='word_1_84' title='bbox 2006 980 2024 1012; x_wconf 82' lang='grc' dir='ltr'><strong>ι</strong></span> 
     </span>
    </p>
   </div>
   <div class='ocr_carea' id='block_1_13' title="bbox 443 1049 2031 1136">
    <p class='ocr_par' dir='ltr' id='par_1_13' title="bbox 443 1049 2031 1136">
     <span class='ocr_line' id='line_1_13' title="bbox 443 1049 2031 1136; baseline -0.014 -7"><span class='ocrx_word' id='word_1_85' title='bbox 443 1049 516 1128; x_wconf 63' lang='grc' dir='ltr'>Ἰιι</span> <span class='ocrx_word' id='word_1_86' title='bbox 539 1070 727 1128; x_wconf 89' lang='lat' dir='ltr'><strong>schola</strong></span> <span class='ocrx_word' id='word_1_87' title='bbox 752 1067 916 1136; x_wconf 83' lang='lat' dir='ltr'><strong>igitur</strong></span> <span class='ocrx_word' id='word_1_88' title='bbox 945 1062 1332 1118; x_wconf 88' lang='lat' dir='ltr'><strong>Gnosticorum</strong></span> <span class='ocrx_word' id='word_1_89' title='bbox 1364 1067 1607 1112; x_wconf 78' lang='lat' dir='ltr'><strong>veterum</strong></span> <span class='ocrx_word' id='word_1_90' title='bbox 1635 1055 1814 1126; x_wconf 77' lang='lat' dir='ltr'><strong>Logus</strong></span> <span class='ocrx_word' id='word_1_91' title='bbox 1837 1070 1902 1108; x_wconf 78' lang='lat' dir='ltr'><strong>ex</strong></span> <span class='ocrx_word' id='word_1_92' title='bbox 1925 1051 2031 1121; x_wconf 85' lang='lat' dir='ltr'><strong>Nu,</strong></span> 
     </span>
    </p>
   </div>
   <div class='ocr_carea' id='block_1_14' title="bbox 447 1147 2037 1233">
    <p class='ocr_par' dir='ltr' id='par_1_14' title="bbox 447 1147 2037 1233">
     <span class='ocr_line' id='line_1_14' title="bbox 447 1147 2037 1233; baseline -0.013 -11"><span class='ocrx_word' id='word_1_93' title='bbox 447 1165 566 1222; x_wconf 89' lang='lat' dir='ltr'><strong>Nus</strong></span> <span class='ocrx_word' id='word_1_94' title='bbox 598 1179 628 1218; x_wconf 91' lang='lat' dir='ltr'><strong>a</strong></span> <span class='ocrx_word' id='word_1_95' title='bbox 653 1161 860 1233; x_wconf 85' lang='lat' dir='ltr'><strong>Bytbo,</strong></span> <span class='ocrx_word' id='word_1_96' title='bbox 889 1158 1049 1228; x_wconf 82' lang='lat' dir='ltr'><strong>plane</strong></span> <span class='ocrx_word' id='word_1_97' title='bbox 1086 1164 1145 1208; x_wconf 91' lang='lat' dir='ltr'><strong>ut</strong></span> <span class='ocrx_word' id='word_1_98' title='bbox 1175 1155 1232 1207; x_wconf 91' lang='lat' dir='ltr'><strong>in</strong></span> <span class='ocrx_word' id='word_1_99' title='bbox 1267 1152 1454 1208; x_wconf 84' lang='lat' dir='ltr'><strong>schola</strong></span> <span class='ocrx_word' id='word_1_100' title='bbox 1489 1149 1784 1205; x_wconf 80' lang='lat' dir='ltr'><strong>Valentini.</strong></span> <span class='ocrx_word' id='word_1_101' title='bbox 1825 1148 1895 1203; x_wconf 84' lang='lat' dir='ltr'><strong>At</strong></span> <span class='ocrx_word' id='word_1_102' title='bbox 1932 1147 2037 1203; x_wconf 89' lang='lat' dir='ltr'><strong>Ba-</strong></span> 
     </span>
    </p>
   </div>
   <div class='ocr_carea' id='block_1_15' title="bbox 451 1240 2036 1324">
    <p class='ocr_par' dir='ltr' id='par_1_15' title="bbox 451 1240 2036 1324">
     <span class='ocr_line' id='line_1_15' title="bbox 451 1240 2036 1324; baseline -0.01 -14"><span class='ocrx_word' id='word_1_103' title='bbox 451 1255 641 1310; x_wconf 89' lang='lat' dir='ltr'><strong>silides</strong></span> <span class='ocrx_word' id='word_1_104' title='bbox 682 1261 736 1308; x_wconf 89' lang='lat' dir='ltr'><strong>et</strong></span> <span class='ocrx_word' id='word_1_105' title='bbox 775 1252 853 1324; x_wconf 85' lang='lat' dir='ltr'><strong>illi</strong></span> <span class='ocrx_word' id='word_1_106' title='bbox 906 1248 1153 1304; x_wconf 88' lang='lat' dir='ltr'><strong>Gnostici</strong></span> <span class='ocrx_word' id='word_1_107' title='bbox 1188 1247 1330 1300; x_wconf 90' lang='lat' dir='ltr'><strong>inter</strong></span> <span class='ocrx_word' id='word_1_108' title='bbox 1361 1257 1502 1313; x_wconf 90' lang='lat' dir='ltr'><strong>quos</strong></span> <span class='ocrx_word' id='word_1_109' title='bbox 1548 1243 1664 1312; x_wconf 88' lang='lat' dir='ltr'><strong>ipse</strong></span> <span class='ocrx_word' id='word_1_110' title='bbox 1693 1240 1828 1306; x_wconf 91' lang='lat' dir='ltr'><strong>fuit,</strong></span> <span class='ocrx_word' id='word_1_111' title='bbox 1857 1255 2036 1310; x_wconf 88' lang='lat' dir='ltr'><strong>neque</strong></span> 
     </span>
    </p>
   </div>
   <div class='ocr_carea' id='block_1_16' title="bbox 451 1333 2040 1420">
    <p class='ocr_par' dir='ltr' id='par_1_16' title="bbox 451 1333 2040 1420">
     <span class='ocr_line' id='line_1_16' title="bbox 451 1333 2040 1420; baseline -0.011 -18"><span class='ocrx_word' id='word_1_112' title='bbox 451 1347 666 1420; x_wconf 80' lang='lat' dir='ltr'><strong>Bython</strong></span> <span class='ocrx_word' id='word_1_113' title='bbox 689 1361 870 1416; x_wconf 87' lang='lat' dir='ltr'><strong>neque</strong></span> <span class='ocrx_word' id='word_1_114' title='bbox 902 1341 1025 1396; x_wconf 81' lang='lat' dir='ltr'><strong>Non</strong></span> <span class='ocrx_word' id='word_1_115' title='bbox 1063 1343 1182 1396; x_wconf 86' lang='lat' dir='ltr'><strong>sine</strong></span> <span class='ocrx_word' id='word_1_116' title='bbox 1231 1336 1486 1405; x_wconf 74' lang='grc' dir='ltr'><strong>συζύγοις</strong></span> <span class='ocrx_word' id='word_1_117' title='bbox 1531 1335 1648 1391; x_wconf 89' lang='lat' dir='ltr'><strong>suis</strong></span> <span class='ocrx_word' id='word_1_118' title='bbox 1691 1333 1924 1390; x_wconf 64' lang='lat' dir='ltr'><strong>Eonem</strong></span> <span class='ocrx_word' id='word_1_119' title='bbox 1964 1333 2040 1387; x_wconf 86' lang='lat' dir='ltr'><strong>ul-</strong></span> 
     </span>
    </p>
   </div>
   <div class='ocr_carea' id='block_1_17' title="bbox 451 1427 2040 1515">
    <p class='ocr_par' dir='ltr' id='par_1_17' title="bbox 451 1427 2040 1515">
     <span class='ocr_line' id='line_1_17' title="bbox 451 1427 2040 1515; baseline -0.014 -13"><span class='ocrx_word' id='word_1_120' title='bbox 451 1448 566 1502; x_wconf 91' lang='lat' dir='ltr'><strong>lum</strong></span> <span class='ocrx_word' id='word_1_121' title='bbox 598 1456 918 1515; x_wconf 81' lang='lat' dir='ltr'><strong>procreasse</strong></span> <span class='ocrx_word' id='word_1_122' title='bbox 957 1440 1284 1494; x_wconf 89' lang='lat' dir='ltr'><strong>docuerunt.</strong></span> <span class='ocrx_word' id='word_1_123' title='bbox 1331 1433 1596 1488; x_wconf 86' lang='lat' dir='ltr'><strong>Basilides</strong></span> <span class='ocrx_word' id='word_1_124' title='bbox 1625 1429 1770 1484; x_wconf 90' lang='lat' dir='ltr'><strong>enim</strong></span> <span class='ocrx_word' id='word_1_125' title='bbox 1814 1427 2040 1483; x_wconf 85' lang='lat' dir='ltr'><strong>Menan-</strong></span> 
     </span>
    </p>
   </div>
   <div class='ocr_carea' id='block_1_18' title="bbox 453 1517 2040 1604">
    <p class='ocr_par' dir='ltr' id='par_1_18' title="bbox 453 1517 2040 1604">
     <span class='ocr_line' id='line_1_18' title="bbox 453 1517 2040 1604; baseline -0.013 -11"><span class='ocrx_word' id='word_1_126' title='bbox 453 1539 537 1593; x_wconf 90' lang='lat' dir='ltr'><strong>dri</strong></span> <span class='ocrx_word' id='word_1_127' title='bbox 576 1533 881 1604; x_wconf 86' lang='lat' dir='ltr'><strong>discipulus</strong></span> <span class='ocrx_word' id='word_1_128' title='bbox 929 1531 1066 1594; x_wconf 87' lang='lat' dir='ltr'><strong>fult,</strong></span> <span class='ocrx_word' id='word_1_129' title='bbox 1097 1529 1190 1598; x_wconf 87' lang='lat' dir='ltr'><strong>qui</strong></span> <span class='ocrx_word' id='word_1_130' title='bbox 1231 1525 1504 1598; x_wconf 79' lang='lat' dir='ltr'><strong>syzygiam</strong></span> <span class='ocrx_word' id='word_1_131' title='bbox 1552 1521 1732 1576; x_wconf 85' lang='lat' dir='ltr'><strong>Patris</strong></span> <span class='ocrx_word' id='word_1_132' title='bbox 1778 1517 2040 1589; x_wconf 88' lang='lat' dir='ltr'><strong>incogniti</strong></span> 
     </span>
    </p>
   </div>
   <div class='ocr_carea' id='block_1_19' title="bbox 455 1610 2038 1688">
    <p class='ocr_par' dir='ltr' id='par_1_19' title="bbox 455 1610 2038 1688">
     <span class='ocr_line' id='line_1_19' title="bbox 455 1610 2038 1688; baseline -0.013 -3"><span class='ocrx_word' id='word_1_133' title='bbox 455 1636 511 1685; x_wconf 88' lang='lat' dir='ltr'><strong>et</strong></span> <span class='ocrx_word' id='word_1_134' title='bbox 547 1627 770 1682; x_wconf 65' lang='lat' dir='ltr'><strong>Ennaeas</strong></span> <span class='ocrx_word' id='word_1_135' title='bbox 822 1622 1080 1687; x_wconf 86' lang='lat' dir='ltr'><strong>tradidit;</strong></span> <span class='ocrx_word' id='word_1_136' title='bbox 1129 1618 1361 1688; x_wconf 85' lang='lat' dir='ltr'><strong>ejusque</strong></span> <span class='ocrx_word' id='word_1_137' title='bbox 1406 1613 1734 1670; x_wconf 88' lang='lat' dir='ltr'><strong>sententiam</strong></span> <span class='ocrx_word' id='word_1_138' title='bbox 1770 1610 2038 1665; x_wconf 82' lang='lat' dir='ltr'><strong>Basilides</strong></span> 
     </span>
    </p>
   </div>
   <div class='ocr_carea' id='block_1_20' title="bbox 2131 391 3718 469">
    <p class='ocr_par' dir='ltr' id='par_1_20' title="bbox 2131 391 3718 469">
     <span class='ocr_line' id='line_1_20' title="bbox 2131 391 3718 469; baseline -0.011 -6"><span class='ocrx_word' id='word_1_139' title='bbox 2131 409 2276 463; x_wconf 89' lang='lat' dir='ltr'><strong>aliud</strong></span> <span class='ocrx_word' id='word_1_140' title='bbox 2307 414 2498 469; x_wconf 84' lang='lat' dir='ltr'><strong>restat,</strong></span> <span class='ocrx_word' id='word_1_141' title='bbox 2533 403 2636 457; x_wconf 91' lang='lat' dir='ltr'><strong>nisi</strong></span> <span class='ocrx_word' id='word_1_142' title='bbox 2667 409 2726 454; x_wconf 92' lang='lat' dir='ltr'><strong>ut</strong></span> <span class='ocrx_word' id='word_1_143' title='bbox 2747 395 3083 468; x_wconf 79' lang='lat' dir='ltr'><strong>argumentis</strong></span> <span class='ocrx_word' id='word_1_144' title='bbox 3107 393 3211 447; x_wconf 86' lang='lat' dir='ltr'><strong>viri</strong></span> <span class='ocrx_word' id='word_1_145' title='bbox 3234 391 3565 455; x_wconf 86' lang='lat' dir='ltr'><strong>doctissimi,</strong></span> <span class='ocrx_word' id='word_1_146' title='bbox 3589 392 3718 460; x_wconf 84' lang='lat' dir='ltr'><strong>qni-</strong></span> 
     </span>
    </p>
   </div>
   <div class='ocr_carea' id='block_1_21' title="bbox 2128 485 3722 564">
    <p class='ocr_par' dir='ltr' id='par_1_21' title="bbox 2128 485 3722 564">
     <span class='ocr_line' id='line_1_21' title="bbox 2128 485 3722 564; baseline -0.013 -6"><span class='ocrx_word' id='word_1_147' title='bbox 2128 503 2235 558; x_wconf 87' lang='lat' dir='ltr'><strong>hus</strong></span> <span class='ocrx_word' id='word_1_148' title='bbox 2259 498 2596 555; x_wconf 87' lang='lat' dir='ltr'><strong>contrarium</strong></span> <span class='ocrx_word' id='word_1_149' title='bbox 2618 492 2852 564; x_wconf 91' lang='lat' dir='ltr'><strong>probare</strong></span> <span class='ocrx_word' id='word_1_150' title='bbox 2881 488 3096 554; x_wconf 86' lang='lat' dir='ltr'><strong>nititur,</strong></span> <span class='ocrx_word' id='word_1_151' title='bbox 3122 485 3577 556; x_wconf 81' lang='lat' dir='ltr'><strong>respondeamus.</strong></span> <span class='ocrx_word' id='word_1_152' title='bbox 3597 485 3722 539; x_wconf 81' lang='lat' dir='ltr'><strong>Pri-</strong></span> 
     </span>
    </p>
   </div>
   <div class='ocr_carea' id='block_1_22' title="bbox 2132 577 3718 646">
    <p class='ocr_par' dir='ltr' id='par_1_22' title="bbox 2132 577 3718 646">
     <span class='ocr_line' id='line_1_22' title="bbox 2132 577 3718 646; baseline -0.011 0"><span class='ocrx_word' id='word_1_153' title='bbox 2132 607 2282 646; x_wconf 91' lang='lat' dir='ltr'><strong>mum</strong></span> <span class='ocrx_word' id='word_1_154' title='bbox 2307 598 2491 644; x_wconf 89' lang='lat' dir='ltr'><strong>autem</strong></span> <span class='ocrx_word' id='word_1_155' title='bbox 2517 587 2572 641; x_wconf 92' lang='lat' dir='ltr'><strong>in</strong></span> <span class='ocrx_word' id='word_1_156' title='bbox 2607 586 2748 640; x_wconf 90' lang='lat' dir='ltr'><strong>hanc</strong></span> <span class='ocrx_word' id='word_1_157' title='bbox 2765 581 2999 637; x_wconf 85' lang='lat' dir='ltr'><strong>formam</strong></span> <span class='ocrx_word' id='word_1_158' title='bbox 3025 580 3159 636; x_wconf 87' lang='lat' dir='ltr'><strong>satis</strong></span> <span class='ocrx_word' id='word_1_159' title='bbox 3180 577 3533 634; x_wconf 87' lang='lat' dir='ltr'><strong>commodam</strong></span> <span class='ocrx_word' id='word_1_160' title='bbox 3557 591 3718 631; x_wconf 66' lang='lat' dir='ltr'><strong>como</strong></span> 
     </span>
    </p>
   </div>
   <div class='ocr_carea' id='block_1_23' title="bbox 2133 670 3724 754">
    <p class='ocr_par' dir='ltr' id='par_1_23' title="bbox 2133 670 3724 754">
     <span class='ocr_line' id='line_1_23' title="bbox 2133 670 3724 754; baseline -0.012 -15"><span class='ocrx_word' id='word_1_161' title='bbox 2133 683 2282 754; x_wconf 83' lang='lat' dir='ltr'><strong>pegit</strong></span> <span class='ocrx_word' id='word_1_162' title='bbox 2316 679 2531 737; x_wconf 86' lang='lat' dir='ltr'><strong>:Nemo</strong></span> <span class='ocrx_word' id='word_1_163' title='bbox 2565 686 2691 734; x_wconf 90' lang='lat' dir='ltr'><strong>ante</strong></span> <span class='ocrx_word' id='word_1_164' title='bbox 2723 674 3078 730; x_wconf 79' lang='lat' dir='ltr'><strong>Valentinum</strong></span> <span class='ocrx_word' id='word_1_165' title='bbox 3129 671 3317 730; x_wconf 87' lang='lat' dir='ltr'><strong>docuit</strong></span> <span class='ocrx_word' id='word_1_166' title='bbox 3369 670 3542 724; x_wconf 90' lang='lat' dir='ltr'><strong>alium</strong></span> <span class='ocrx_word' id='word_1_167' title='bbox 3595 682 3724 723; x_wconf 78' lang='lat' dir='ltr'><strong>esse</strong></span> 
     </span>
    </p>
   </div>
   <div class='ocr_carea' id='block_1_24' title="bbox 2133 758 3723 842">
    <p class='ocr_par' dir='ltr' id='par_1_24' title="bbox 2133 758 3723 842">
     <span class='ocr_line' id='line_1_24' title="bbox 2133 758 3723 842; baseline -0.011 -13"><span class='ocrx_word' id='word_1_168' title='bbox 2133 774 2304 828; x_wconf 87' lang='lat' dir='ltr'><strong>Deum</strong></span> <span class='ocrx_word' id='word_1_169' title='bbox 2335 779 2530 842; x_wconf 77' lang='lat' dir='ltr'><strong>praeter</strong></span> <span class='ocrx_word' id='word_1_170' title='bbox 2562 769 2900 832; x_wconf 77' lang='lat' dir='ltr'><strong>Creatorem;</strong></span> <span class='ocrx_word' id='word_1_171' title='bbox 2938 779 3130 819; x_wconf 91' lang='lat' dir='ltr'><strong>omnes</strong></span> <span class='ocrx_word' id='word_1_172' title='bbox 3159 762 3254 834; x_wconf 92' lang='lat' dir='ltr'><strong>qui</strong></span> <span class='ocrx_word' id='word_1_173' title='bbox 3287 761 3521 832; x_wconf 82' lang='lat' dir='ltr'><strong>Bytltum</strong></span> <span class='ocrx_word' id='word_1_174' title='bbox 3546 770 3601 813; x_wconf 85' lang='lat' dir='ltr'><strong>et</strong></span> <span class='ocrx_word' id='word_1_175' title='bbox 3633 758 3723 812; x_wconf 88' lang='lat' dir='ltr'><strong>Si-</strong></span> 
     </span>
    </p>
   </div>
   <div class='ocr_carea' id='block_1_25' title="bbox 2134 854 3725 937">
    <p class='ocr_par' dir='ltr' id='par_1_25' title="bbox 2134 854 3725 937">
     <span class='ocr_line' id='line_1_25' title="bbox 2134 854 3725 937; baseline -0.009 -16"><span class='ocrx_word' id='word_1_176' title='bbox 2134 884 2236 937; x_wconf 87' lang='lat' dir='ltr'><strong>gcn</strong></span> <span class='ocrx_word' id='word_1_177' title='bbox 2265 865 2620 925; x_wconf 81' lang='lat' dir='ltr'><strong>induxerunt,</strong></span> <span class='ocrx_word' id='word_1_178' title='bbox 2644 861 2948 916; x_wconf 90' lang='lat' dir='ltr'><strong>docuerunt</strong></span> <span class='ocrx_word' id='word_1_179' title='bbox 2977 857 3142 912; x_wconf 90' lang='lat' dir='ltr'><strong>alium</strong></span> <span class='ocrx_word' id='word_1_180' title='bbox 3169 871 3294 910; x_wconf 89' lang='lat' dir='ltr'><strong>esse</strong></span> <span class='ocrx_word' id='word_1_181' title='bbox 3319 854 3490 908; x_wconf 83' lang='lat' dir='ltr'><strong>Deum</strong></span> <span class='ocrx_word' id='word_1_182' title='bbox 3527 863 3725 922; x_wconf 73' lang='lat' dir='ltr'><strong>praeter</strong></span> 
     </span>
    </p>
   </div>
   <div class='ocr_carea' id='block_1_26' title="bbox 2133 947 3729 1025">
    <p class='ocr_par' dir='ltr' id='par_1_26' title="bbox 2133 947 3729 1025">
     <span class='ocr_line' id='line_1_26' title="bbox 2133 947 3729 1025; baseline -0.01 -10"><span class='ocrx_word' id='word_1_183' title='bbox 2133 959 2447 1015; x_wconf 87' lang='lat' dir='ltr'><strong>Creatorem</strong></span> <span class='ocrx_word' id='word_1_184' title='bbox 2493 971 2688 1025; x_wconf 89' lang='lat' dir='ltr'><strong>:ergo,</strong></span> <span class='ocrx_word' id='word_1_185' title='bbox 2719 954 2814 1024; x_wconf 92' lang='lat' dir='ltr'><strong>qui</strong></span> <span class='ocrx_word' id='word_1_186' title='bbox 2848 952 3060 1023; x_wconf 88' lang='lat' dir='ltr'><strong>Bython</strong></span> <span class='ocrx_word' id='word_1_187' title='bbox 3089 958 3145 1003; x_wconf 91' lang='lat' dir='ltr'><strong>et</strong></span> <span class='ocrx_word' id='word_1_188' title='bbox 3183 947 3346 1018; x_wconf 89' lang='lat' dir='ltr'><strong>Sigen</strong></span> <span class='ocrx_word' id='word_1_189' title='bbox 3395 948 3729 1001; x_wconf 86' lang='lat' dir='ltr'><strong>inducerent</strong></span> 
     </span>
    </p>
   </div>
   <div class='ocr_carea' id='block_1_27' title="bbox 2136 1041 3728 1113">
    <p class='ocr_par' dir='ltr' id='par_1_27' title="bbox 2136 1041 3728 1113">
     <span class='ocr_line' id='line_1_27' title="bbox 2136 1041 3728 1113; baseline -0.008 -7"><span class='ocrx_word' id='word_1_190' title='bbox 2136 1059 2262 1106; x_wconf 90' lang='lat' dir='ltr'><strong>ante</strong></span> <span class='ocrx_word' id='word_1_191' title='bbox 2288 1049 2631 1104; x_wconf 84' lang='lat' dir='ltr'><strong>Valentinum</strong></span> <span class='ocrx_word' id='word_1_192' title='bbox 2655 1047 2788 1100; x_wconf 91' lang='lat' dir='ltr'><strong>nulli</strong></span> <span class='ocrx_word' id='word_1_193' title='bbox 2811 1045 3053 1100; x_wconf 88' lang='lat' dir='ltr'><strong>fuerunt.</strong></span> <span class='ocrx_word' id='word_1_194' title='bbox 3079 1041 3258 1112; x_wconf 91' lang='lat' dir='ltr'><strong>Hujus</strong></span> <span class='ocrx_word' id='word_1_195' title='bbox 3281 1041 3584 1113; x_wconf 74' lang='lat' dir='ltr'><strong>syllogismi</strong></span> <span class='ocrx_word' id='word_1_196' title='bbox 3614 1041 3728 1095; x_wconf 89' lang='lat' dir='ltr'><strong>mi-</strong></span> 
     </span>
    </p>
   </div>
   <div class='ocr_carea' id='block_1_28' title="bbox 2135 1133 3728 1207">
    <p class='ocr_par' dir='ltr' id='par_1_28' title="bbox 2135 1133 3728 1207">
     <span class='ocr_line' id='line_1_28' title="bbox 2135 1133 3728 1207; baseline -0.007 -10"><span class='ocrx_word' id='word_1_197' title='bbox 2135 1158 2326 1197; x_wconf 88' lang='lat' dir='ltr'><strong>norem</strong></span> <span class='ocrx_word' id='word_1_198' title='bbox 2349 1140 2606 1207; x_wconf 87' lang='lat' dir='ltr'><strong>admitto;</strong></span> <span class='ocrx_word' id='word_1_199' title='bbox 2635 1137 2873 1194; x_wconf 89' lang='lat' dir='ltr'><strong>concedo</strong></span> <span class='ocrx_word' id='word_1_200' title='bbox 2891 1151 3084 1192; x_wconf 89' lang='lat' dir='ltr'><strong>omnes</strong></span> <span class='ocrx_word' id='word_1_201' title='bbox 3099 1137 3193 1206; x_wconf 88' lang='lat' dir='ltr'><strong>qui</strong></span> <span class='ocrx_word' id='word_1_202' title='bbox 3217 1135 3318 1190; x_wconf 92' lang='lat' dir='ltr'><strong>bos</strong></span> <span class='ocrx_word' id='word_1_203' title='bbox 3340 1133 3548 1188; x_wconf 69' lang='lat' dir='ltr'><strong>IEones</strong></span> <span class='ocrx_word' id='word_1_204' title='bbox 3578 1147 3728 1203; x_wconf 60' lang='lat' dir='ltr'><strong>prato</strong></span> 
     </span>
    </p>
   </div>
   <div class='ocr_carea' id='block_1_29' title="bbox 2138 1227 3728 1302">
    <p class='ocr_par' dir='ltr' id='par_1_29' title="bbox 2138 1227 3728 1302">
     <span class='ocr_line' id='line_1_29' title="bbox 2138 1227 3728 1302; baseline -0.008 -11"><span class='ocrx_word' id='word_1_205' title='bbox 2138 1236 2414 1300; x_wconf 82' lang='lat' dir='ltr'><strong>dicabant,</strong></span> <span class='ocrx_word' id='word_1_206' title='bbox 2434 1232 2790 1302; x_wconf 88' lang='lat' dir='ltr'><strong>Demiurgum</strong></span> <span class='ocrx_word' id='word_1_207' title='bbox 2822 1229 2940 1285; x_wconf 84' lang='lat' dir='ltr'><strong>sive</strong></span> <span class='ocrx_word' id='word_1_208' title='bbox 2967 1227 3285 1283; x_wconf 85' lang='lat' dir='ltr'><strong>Creatorem</strong></span> <span class='ocrx_word' id='word_1_209' title='bbox 3319 1227 3485 1281; x_wconf 88' lang='lat' dir='ltr'><strong>alium</strong></span> <span class='ocrx_word' id='word_1_210' title='bbox 3522 1235 3728 1295; x_wconf 61' lang='lat' dir='ltr'><strong>preter</strong></span> 
     </span>
    </p>
   </div>
   <div class='ocr_carea' id='block_1_30' title="bbox 2139 1318 3730 1390">
    <p class='ocr_par' dir='ltr' id='par_1_30' title="bbox 2139 1318 3730 1390">
     <span class='ocr_line' id='line_1_30' title="bbox 2139 1318 3730 1390; baseline -0.005 -9"><span class='ocrx_word' id='word_1_211' title='bbox 2139 1341 2416 1382; x_wconf 90' lang='lat' dir='ltr'><strong>summum</strong></span> <span class='ocrx_word' id='word_1_212' title='bbox 2455 1332 2509 1380; x_wconf 91' lang='lat' dir='ltr'><strong>et</strong></span> <span class='ocrx_word' id='word_1_213' title='bbox 2552 1334 2816 1378; x_wconf 61' lang='lat' dir='ltr'><strong>aeternum</strong></span> <span class='ocrx_word' id='word_1_214' title='bbox 2874 1319 3046 1375; x_wconf 89' lang='lat' dir='ltr'><strong>Deum</strong></span> <span class='ocrx_word' id='word_1_215' title='bbox 3103 1319 3422 1390; x_wconf 78' lang='lat' dir='ltr'><strong>agnovisse,</strong></span> <span class='ocrx_word' id='word_1_216' title='bbox 3469 1318 3730 1387; x_wconf 84' lang='lat' dir='ltr'><strong>adeoque</strong></span> 
     </span>
    </p>
   </div>
   <div class='ocr_carea' id='block_1_31' title="bbox 2139 1411 3728 1484">
    <p class='ocr_par' dir='ltr' id='par_1_31' title="bbox 2139 1411 3728 1484">
     <span class='ocr_line' id='line_1_31' title="bbox 2139 1411 3728 1484; baseline -0.005 -9"><span class='ocrx_word' id='word_1_217' title='bbox 2139 1419 2309 1475; x_wconf 88' lang='lat' dir='ltr'><strong>alium</strong></span> <span class='ocrx_word' id='word_1_218' title='bbox 2339 1416 2510 1471; x_wconf 90' lang='lat' dir='ltr'><strong>Deum</strong></span> <span class='ocrx_word' id='word_1_219' title='bbox 2551 1424 2749 1484; x_wconf 60' lang='lat' dir='ltr'><strong>pratter</strong></span> <span class='ocrx_word' id='word_1_220' title='bbox 2779 1412 3092 1467; x_wconf 87' lang='lat' dir='ltr'><strong>Creatorem</strong></span> <span class='ocrx_word' id='word_1_221' title='bbox 3124 1412 3404 1468; x_wconf 88' lang='lat' dir='ltr'><strong>docuisse.</strong></span> <span class='ocrx_word' id='word_1_222' title='bbox 3451 1411 3728 1481; x_wconf 79' lang='lat' dir='ltr'><strong>Majorem</strong></span> 
     </span>
    </p>
   </div>
   <div class='ocr_carea' id='block_1_32' title="bbox 2141 1503 3730 1576">
    <p class='ocr_par' dir='ltr' id='par_1_32' title="bbox 2141 1503 3730 1576">
     <span class='ocr_line' id='line_1_32' title="bbox 2141 1503 3730 1576; baseline -0.004 -11"><span class='ocrx_word' id='word_1_223' title='bbox 2141 1519 2321 1565; x_wconf 88' lang='lat' dir='ltr'><strong>autem</strong></span> <span class='ocrx_word' id='word_1_224' title='bbox 2368 1521 2506 1576; x_wconf 88' lang='lat' dir='ltr'><strong>nego</strong></span> <span class='ocrx_word' id='word_1_225' title='bbox 2548 1514 2602 1560; x_wconf 91' lang='lat' dir='ltr'><strong>et</strong></span> <span class='ocrx_word' id='word_1_226' title='bbox 2628 1514 2813 1575; x_wconf 86' lang='lat' dir='ltr'><strong>aperte</strong></span> <span class='ocrx_word' id='word_1_227' title='bbox 2849 1503 3043 1558; x_wconf 80' lang='lat' dir='ltr'><strong>falsam</strong></span> <span class='ocrx_word' id='word_1_228' title='bbox 3070 1519 3193 1558; x_wconf 88' lang='lat' dir='ltr'><strong>esse</strong></span> <span class='ocrx_word' id='word_1_229' title='bbox 3224 1503 3545 1573; x_wconf 90' lang='lat' dir='ltr'><strong>pronuntio.</strong></span> <span class='ocrx_word' id='word_1_230' title='bbox 3578 1503 3730 1558; x_wconf 86' lang='lat' dir='ltr'><strong>Ante</strong></span> 
     </span>
    </p>
   </div>
   <div class='ocr_carea' id='block_1_33' title="bbox 2141 1595 3728 1667">
    <p class='ocr_par' dir='ltr' id='par_1_33' title="bbox 2141 1595 3728 1667">
     <span class='ocr_line' id='line_1_33' title="bbox 2141 1595 3728 1667; baseline -0.004 -11"><span class='ocrx_word' id='word_1_231' title='bbox 2141 1603 2288 1657; x_wconf 89' lang='lat' dir='ltr'><strong>enim</strong></span> <span class='ocrx_word' id='word_1_232' title='bbox 2325 1599 2671 1655; x_wconf 84' lang='lat' dir='ltr'><strong>Valentinum</strong></span> <span class='ocrx_word' id='word_1_233' title='bbox 2715 1597 2874 1652; x_wconf 91' lang='lat' dir='ltr'><strong>multi</strong></span> <span class='ocrx_word' id='word_1_234' title='bbox 2916 1597 3188 1667; x_wconf 81' lang='lat' dir='ltr'><strong>negabant</strong></span> <span class='ocrx_word' id='word_1_235' title='bbox 3232 1595 3404 1651; x_wconf 89' lang='lat' dir='ltr'><strong>Deum</strong></span> <span class='ocrx_word' id='word_1_236' title='bbox 3437 1612 3728 1651; x_wconf 87' lang='lat' dir='ltr'><strong>summum</strong></span> 
     </span>
    </p>
   </div>
   <div class='ocr_carea' id='block_1_34' title="bbox 456 1670 3729 1783">
    <p class='ocr_par' dir='ltr' id='par_1_34' title="bbox 456 1670 3729 1783">
     <span class='ocr_line' id='line_1_34' title="bbox 456 1670 3729 1783; baseline -0.011 -7"><span class='ocrx_word' id='word_1_237' title='bbox 456 1735 569 1776; x_wconf 86' lang='lat' dir='ltr'><strong>non</strong></span> <span class='ocrx_word' id='word_1_238' title='bbox 606 1717 882 1783; x_wconf 90' lang='lat' dir='ltr'><strong>concidit,</strong></span> <span class='ocrx_word' id='word_1_239' title='bbox 928 1713 1022 1769; x_wconf 88' lang='lat' dir='ltr'><strong>sed</strong></span> <span class='ocrx_word' id='word_1_240' title='bbox 1067 1712 1122 1766; x_wconf 91' lang='lat' dir='ltr'><strong>in</strong></span> <span class='ocrx_word' id='word_1_241' title='bbox 1164 1711 1496 1764; x_wconf 89' lang='lat' dir='ltr'><strong>immensum</strong></span> <span class='ocrx_word' id='word_1_242' title='bbox 1543 1706 1810 1761; x_wconf 79' lang='lat' dir='ltr'><strong>extendit.</strong></span> <span class='ocrx_word' id='word_1_243' title='bbox 1855 1703 2037 1770; x_wconf 84' lang='lat' dir='ltr'><strong>Quare</strong></span> <span class='ocrx_word' id='word_1_244' title='bbox 2071 1670 2112 1726; x_wconf 75' lang='grc' dir='ltr'><strong>Β</strong></span> <span class='ocrx_word' id='word_1_245' title='bbox 2144 1706 2362 1748; x_wconf 86' lang='lat' dir='ltr'><strong>creasse</strong></span> <span class='ocrx_word' id='word_1_246' title='bbox 2392 1689 2680 1756; x_wconf 89' lang='lat' dir='ltr'><strong>mundum,</strong></span> <span class='ocrx_word' id='word_1_247' title='bbox 2705 1688 2951 1756; x_wconf 90' lang='lat' dir='ltr'><strong>adeoque</strong></span> <span class='ocrx_word' id='word_1_248' title='bbox 2976 1699 3171 1756; x_wconf 66' lang='lat' dir='ltr'><strong>praeter</strong></span> <span class='ocrx_word' id='word_1_249' title='bbox 3199 1685 3514 1741; x_wconf 87' lang='lat' dir='ltr'><strong>Creatorem</strong></span> <span class='ocrx_word' id='word_1_250' title='bbox 3548 1687 3729 1741; x_wconf 87' lang='lat' dir='ltr'><strong>alium</strong></span> 
     </span>
    </p>
   </div>
   <div class='ocr_carea' id='block_1_35' title="bbox 456 1797 2038 1870">
    <p class='ocr_par' dir='ltr' id='par_1_35' title="bbox 456 1797 2038 1870">
     <span class='ocr_line' id='line_1_35' title="bbox 456 1797 2038 1870; baseline -0.013 0"><span class='ocrx_word' id='word_1_251' title='bbox 456 1828 582 1870; x_wconf 90' lang='lat' dir='ltr'><strong>cum</strong></span> <span class='ocrx_word' id='word_1_252' title='bbox 630 1812 868 1866; x_wconf 66' lang='lat' dir='ltr'><strong>Irenaeus</strong></span> <span class='ocrx_word' id='word_1_253' title='bbox 901 1807 1163 1860; x_wconf 89' lang='lat' dir='ltr'><strong>adversus</strong></span> <span class='ocrx_word' id='word_1_254' title='bbox 1194 1799 1705 1858; x_wconf 89' lang='lat' dir='ltr'><strong>Valentinianorum</strong></span> <span class='ocrx_word' id='word_1_255' title='bbox 1745 1817 1764 1849; x_wconf 87' lang='grc'><strong><em>‹</em></strong></span> <span class='ocrx_word' id='word_1_256' title='bbox 1799 1797 2038 1866; x_wconf 91' lang='lat' dir='ltr'><strong>primum</strong></span> 
     </span>
    </p>
   </div>
   <div class='ocr_carea' id='block_1_36' title="bbox 457 1889 2040 1966">
    <p class='ocr_par' dir='ltr' id='par_1_36' title="bbox 457 1889 2040 1966">
     <span class='ocr_line' id='line_1_36' title="bbox 457 1889 2040 1966; baseline -0.012 -4"><span class='ocrx_word' id='word_1_257' title='bbox 457 1905 708 1963; x_wconf 87' lang='lat' dir='ltr'><strong>ordinem</strong></span> <span class='ocrx_word' id='word_1_258' title='bbox 737 1899 1075 1966; x_wconf 84' lang='lat' dir='ltr'><strong>omissionis,</strong></span> <span class='ocrx_word' id='word_1_259' title='bbox 1107 1910 1218 1966; x_wconf 91' lang='lat' dir='ltr'><strong>quo</strong></span> <span class='ocrx_word' id='word_1_260' title='bbox 1243 1894 1505 1950; x_wconf 87' lang='lat' dir='ltr'><strong>emissum</strong></span> <span class='ocrx_word' id='word_1_261' title='bbox 1531 1893 1686 1948; x_wconf 91' lang='lat' dir='ltr'><strong>aiunt</strong></span> <span class='ocrx_word' id='word_1_262' title='bbox 1704 1891 1772 1946; x_wconf 89' lang='lat' dir='ltr'><strong>de</strong></span> <span class='ocrx_word' id='word_1_263' title='bbox 1791 1889 1966 1962; x_wconf 82' lang='lat' dir='ltr'><strong>Bytho</strong></span> <span class='ocrx_word' id='word_1_264' title='bbox 1986 1898 2040 1944; x_wconf 92' lang='lat' dir='ltr'><strong>et</strong></span> 
     </span>
    </p>
   </div>
   <div class='ocr_carea' id='block_1_37' title="bbox 457 1984 2042 2070">
    <p class='ocr_par' dir='ltr' id='par_1_37' title="bbox 457 1984 2042 2070">
     <span class='ocr_line' id='line_1_37' title="bbox 457 1984 2042 2070; baseline -0.01 -16"><span class='ocrx_word' id='word_1_265' title='bbox 457 1999 627 2070; x_wconf 87' lang='lat' dir='ltr'><strong>hujus</strong></span> <span class='ocrx_word' id='word_1_266' title='bbox 657 1997 877 2051; x_wconf 70' lang='lat' dir='ltr'><strong>Ennaea</strong></span> <span class='ocrx_word' id='word_1_267' title='bbox 906 1991 1031 2047; x_wconf 82' lang='lat' dir='ltr'><strong>Non</strong></span> <span class='ocrx_word' id='word_1_268' title='bbox 1071 1998 1127 2047; x_wconf 87' lang='lat' dir='ltr'><strong>et</strong></span> <span class='ocrx_word' id='word_1_269' title='bbox 1160 1989 1434 2055; x_wconf 83' lang='lat' dir='ltr'><strong>Alethian,</strong></span> <span class='ocrx_word' id='word_1_270' title='bbox 1468 2007 1488 2040; x_wconf 75' lang='grc' dir='ltr'><strong>ι</strong></span> <span class='ocrx_word' id='word_1_271' title='bbox 1521 1987 1615 2042; x_wconf 90' lang='lat' dir='ltr'><strong>lib.</strong></span> <span class='ocrx_word' id='word_1_272' title='bbox 1649 2003 1712 2051; x_wconf 88' lang='grc' dir='ltr'><strong>ιι,</strong></span> <span class='ocrx_word' id='word_1_273' title='bbox 1746 2001 1796 2041; x_wconf 90' lang='lat' dir='ltr'><strong>e.</strong></span> <span class='ocrx_word' id='word_1_274' title='bbox 1823 1984 2042 2052; x_wconf 77' lang='lat' dir='ltr'><strong>16,dis-</strong></span> 
     </span>
    </p>
   </div>
   <div class='ocr_carea' id='block_1_38' title="bbox 457 2077 2038 2163">
    <p class='ocr_par' dir='ltr' id='par_1_38' title="bbox 457 2077 2038 2163">
     <span class='ocr_line' id='line_1_38' title="bbox 457 2077 2038 2163; baseline -0.01 -17"><span class='ocrx_word' id='word_1_275' title='bbox 457 2100 653 2163; x_wconf 87' lang='lat' dir='ltr'><strong>putare</strong></span> <span class='ocrx_word' id='word_1_276' title='bbox 702 2101 994 2158; x_wconf 78' lang='lat' dir='ltr'><strong>aggressus</strong></span> <span class='ocrx_word' id='word_1_277' title='bbox 1041 2092 1222 2148; x_wconf 88' lang='lat' dir='ltr'><strong>esset,</strong></span> <span class='ocrx_word' id='word_1_278' title='bbox 1266 2081 1446 2152; x_wconf 89' lang='lat' dir='ltr'><strong>capite</strong></span> <span class='ocrx_word' id='word_1_279' title='bbox 1492 2079 1561 2135; x_wconf 77' lang='lat' dir='ltr'><strong>l8</strong></span> <span class='ocrx_word' id='word_1_280' title='bbox 1601 2080 1676 2134; x_wconf 91' lang='lat' dir='ltr'><strong>ita</strong></span> <span class='ocrx_word' id='word_1_281' title='bbox 1719 2077 2038 2134; x_wconf 89' lang='lat' dir='ltr'><strong>concludit:</strong></span> 
     </span>
    </p>
   </div>
   <div class='ocr_carea' id='block_1_39' title="bbox 465 2169 2043 2249">
    <p class='ocr_par' dir='ltr' id='par_1_39' title="bbox 465 2169 2043 2249">
     <span class='ocr_line' id='line_1_39' title="bbox 465 2169 2043 2249; baseline -0.01 -12"><span class='ocrx_word' id='word_1_282' title='bbox 465 2202 486 2237; x_wconf 67' lang='grc' dir='ltr'><strong>ι</strong></span> <span class='ocrx_word' id='word_1_283' title='bbox 526 2181 652 2238; x_wconf 80' lang='lat' dir='ltr'><strong>Haec</strong></span> <span class='ocrx_word' id='word_1_284' title='bbox 677 2189 858 2236; x_wconf 86' lang='lat' dir='ltr'><strong>autem</strong></span> <span class='ocrx_word' id='word_1_285' title='bbox 888 2193 1012 2249; x_wconf 85' lang='lat' dir='ltr'><strong>quae</strong></span> <span class='ocrx_word' id='word_1_286' title='bbox 1039 2178 1186 2232; x_wconf 87' lang='lat' dir='ltr'><strong>dicta</strong></span> <span class='ocrx_word' id='word_1_287' title='bbox 1217 2183 1344 2230; x_wconf 89' lang='lat' dir='ltr'><strong>sunt</strong></span> <span class='ocrx_word' id='word_1_288' title='bbox 1368 2176 1436 2230; x_wconf 91' lang='lat' dir='ltr'><strong>de</strong></span> <span class='ocrx_word' id='word_1_289' title='bbox 1462 2172 1674 2228; x_wconf 90' lang='lat' dir='ltr'><strong>Sensus</strong></span> <span class='ocrx_word' id='word_1_290' title='bbox 1712 2172 1789 2242; x_wconf 90' lang='lat' dir='ltr'><strong>(id</strong></span> <span class='ocrx_word' id='word_1_291' title='bbox 1812 2181 1918 2236; x_wconf 89' lang='lat' dir='ltr'><strong>est,</strong></span> <span class='ocrx_word' id='word_1_292' title='bbox 1949 2169 2043 2223; x_wconf 81' lang='grc' dir='ltr'><strong>τοῦ</strong></span> 
     </span>
    </p>
   </div>
   <div class='ocr_carea' id='block_1_40' title="bbox 463 2260 2047 2348">
    <p class='ocr_par' dir='ltr' id='par_1_40' title="bbox 463 2260 2047 2348">
     <span class='ocr_line' id='line_1_40' title="bbox 463 2260 2047 2348; baseline -0.011 -17"><span class='ocrx_word' id='word_1_293' title='bbox 463 2276 601 2348; x_wconf 81' lang='grc' dir='ltr'><strong>Νοῦ)</strong></span> <span class='ocrx_word' id='word_1_294' title='bbox 626 2273 946 2336; x_wconf 87' lang='lat' dir='ltr'><strong>emissione,</strong></span> <span class='ocrx_word' id='word_1_295' title='bbox 980 2270 1233 2328; x_wconf 81' lang='lat' dir='ltr'><strong>similiter</strong></span> <span class='ocrx_word' id='word_1_296' title='bbox 1259 2277 1315 2326; x_wconf 91' lang='lat' dir='ltr'><strong>et</strong></span> <span class='ocrx_word' id='word_1_297' title='bbox 1337 2267 1604 2324; x_wconf 88' lang='lat' dir='ltr'><strong>adversus</strong></span> <span class='ocrx_word' id='word_1_298' title='bbox 1628 2279 1724 2320; x_wconf 80' lang='lat' dir='ltr'><strong>eos</strong></span> <span class='ocrx_word' id='word_1_299' title='bbox 1753 2264 1850 2334; x_wconf 89' lang='lat' dir='ltr'><strong>qui</strong></span> <span class='ocrx_word' id='word_1_300' title='bbox 1878 2278 1906 2316; x_wconf 93' lang='lat' dir='ltr'><strong>a</strong></span> <span class='ocrx_word' id='word_1_301' title='bbox 1941 2260 2047 2316; x_wconf 89' lang='lat' dir='ltr'><strong>Ba-</strong></span> 
     </span>
    </p>
   </div>
   <div class='ocr_carea' id='block_1_41' title="bbox 463 2353 2046 2434">
    <p class='ocr_par' dir='ltr' id='par_1_41' title="bbox 463 2353 2046 2434">
     <span class='ocr_line' id='line_1_41' title="bbox 463 2353 2046 2434; baseline -0.01 -10"><span class='ocrx_word' id='word_1_302' title='bbox 463 2368 622 2424; x_wconf 82' lang='lat' dir='ltr'><strong>silide</strong></span> <span class='ocrx_word' id='word_1_303' title='bbox 651 2374 802 2430; x_wconf 85' lang='lat' dir='ltr'><strong>sunt,</strong></span> <span class='ocrx_word' id='word_1_304' title='bbox 829 2371 1014 2434; x_wconf 88' lang='lat' dir='ltr'><strong>aptata</strong></span> <span class='ocrx_word' id='word_1_305' title='bbox 1045 2371 1196 2428; x_wconf 89' lang='lat' dir='ltr'><strong>sunt,</strong></span> <span class='ocrx_word' id='word_1_306' title='bbox 1225 2372 1278 2417; x_wconf 90' lang='lat' dir='ltr'><strong>et</strong></span> <span class='ocrx_word' id='word_1_307' title='bbox 1309 2361 1574 2416; x_wconf 87' lang='lat' dir='ltr'><strong>adversus</strong></span> <span class='ocrx_word' id='word_1_308' title='bbox 1615 2357 1857 2426; x_wconf 88' lang='lat' dir='ltr'><strong>reliquos</strong></span> <span class='ocrx_word' id='word_1_309' title='bbox 1892 2353 2046 2409; x_wconf 84' lang='lat' dir='ltr'><strong>Cno-</strong></span> 
     </span>
    </p>
   </div>
   <div class='ocr_carea' id='block_1_42' title="bbox 461 2440 2048 2529">
    <p class='ocr_par' dir='ltr' id='par_1_42' title="bbox 461 2440 2048 2529">
     <span class='ocr_line' id='line_1_42' title="bbox 461 2440 2048 2529; baseline -0.009 -12"><span class='ocrx_word' id='word_1_310' title='bbox 461 2462 655 2528; x_wconf 84' lang='lat' dir='ltr'><strong>sticos,</strong></span> <span class='ocrx_word' id='word_1_311' title='bbox 680 2475 712 2515; x_wconf 89' lang='lat' dir='ltr'><strong>a</strong></span> <span class='ocrx_word' id='word_1_312' title='bbox 749 2459 951 2529; x_wconf 89' lang='lat' dir='ltr'><strong>quibus</strong></span> <span class='ocrx_word' id='word_1_313' title='bbox 983 2465 1038 2512; x_wconf 93' lang='lat' dir='ltr'><strong>et</strong></span> <span class='ocrx_word' id='word_1_314' title='bbox 1069 2456 1124 2510; x_wconf 92' lang='lat' dir='ltr'><strong>hi</strong></span> <span class='ocrx_word' id='word_1_315' title='bbox 1149 2456 1308 2513; x_wconf 89' lang='lat' dir='ltr'><strong>initia</strong></span> <span class='ocrx_word' id='word_1_316' title='bbox 1328 2453 1688 2510; x_wconf 89' lang='lat' dir='ltr'><strong>emissionum</strong></span> <span class='ocrx_word' id='word_1_317' title='bbox 1717 2440 2048 2518; x_wconf 84' lang='lat' dir='ltr'><strong>accipientes</strong></span> 
     </span>
    </p>
   </div>
   <div class='ocr_carea' id='block_1_43' title="bbox 467 2538 2050 2622">
    <p class='ocr_par' dir='ltr' id='par_1_43' title="bbox 467 2538 2050 2622">
     <span class='ocr_line' id='line_1_43' title="bbox 467 2538 2050 2622; baseline -0.01 -12"><span class='ocrx_word' id='word_1_318' title='bbox 467 2553 706 2610; x_wconf 81' lang='lat' dir='ltr'><strong>convicti</strong></span> <span class='ocrx_word' id='word_1_319' title='bbox 731 2559 860 2607; x_wconf 91' lang='lat' dir='ltr'><strong>sunt</strong></span> <span class='ocrx_word' id='word_1_320' title='bbox 882 2551 936 2605; x_wconf 90' lang='lat' dir='ltr'><strong>in</strong></span> <span class='ocrx_word' id='word_1_321' title='bbox 951 2550 1129 2622; x_wconf 90' lang='lat' dir='ltr'><strong>primo</strong></span> <span class='ocrx_word' id='word_1_322' title='bbox 1145 2549 1304 2604; x_wconf 89' lang='lat' dir='ltr'><strong>libro.</strong></span> <span class='ocrx_word' id='word_1_323' title='bbox 1320 2567 1339 2599; x_wconf 74' lang='grc' dir='ltr'><strong>ι</strong></span> <span class='ocrx_word' id='word_1_324' title='bbox 1362 2548 1456 2600; x_wconf 86' lang='lat' dir='ltr'><strong>Illa</strong></span> <span class='ocrx_word' id='word_1_325' title='bbox 1473 2553 1655 2600; x_wconf 90' lang='lat' dir='ltr'><strong>autem</strong></span> <span class='ocrx_word' id='word_1_326' title='bbox 1676 2561 1695 2594; x_wconf 76' lang='grc' dir='ltr'><strong>ι</strong></span> <span class='ocrx_word' id='word_1_327' title='bbox 1719 2541 1870 2596; x_wconf 89' lang='lat' dir='ltr'><strong>initia</strong></span> <span class='ocrx_word' id='word_1_328' title='bbox 1883 2538 2050 2595; x_wconf 79' lang='lat' dir='ltr'><strong>emis—</strong></span> 
     </span>
    </p>
   </div>
   <div class='ocr_carea' id='block_1_44' title="bbox 464 2629 2050 2712">
    <p class='ocr_par' dir='ltr' id='par_1_44' title="bbox 464 2629 2050 2712">
     <span class='ocr_line' id='line_1_44' title="bbox 464 2629 2050 2712; baseline -0.011 -12"><span class='ocrx_word' id='word_1_329' title='bbox 464 2645 704 2708; x_wconf 89' lang='lat' dir='ltr'><strong>sionum,</strong></span> <span class='ocrx_word' id='word_1_330' title='bbox 729 2661 748 2695; x_wconf 74' lang='grc' dir='ltr'><strong>ι</strong></span> <span class='ocrx_word' id='word_1_331' title='bbox 782 2657 904 2712; x_wconf 82' lang='lat' dir='ltr'><strong>quae</strong></span> <span class='ocrx_word' id='word_1_332' title='bbox 941 2657 971 2696; x_wconf 93' lang='lat' dir='ltr'><strong>a</strong></span> <span class='ocrx_word' id='word_1_333' title='bbox 1000 2639 1279 2711; x_wconf 87' lang='lat' dir='ltr'><strong>prioribus</strong></span> <span class='ocrx_word' id='word_1_334' title='bbox 1305 2636 1582 2693; x_wconf 87' lang='lat' dir='ltr'><strong>Gnosticis</strong></span> <span class='ocrx_word' id='word_1_335' title='bbox 1610 2629 2050 2690; x_wconf 86' lang='lat' dir='ltr'><strong>derivaruntVa—</strong></span> 
     </span>
    </p>
   </div>
   <div class='ocr_carea' id='block_1_45' title="bbox 464 2722 2050 2804">
    <p class='ocr_par' dir='ltr' id='par_1_45' title="bbox 464 2722 2050 2804">
     <span class='ocr_line' id='line_1_45' title="bbox 464 2722 2050 2804; baseline -0.007 -14"><span class='ocrx_word' id='word_1_336' title='bbox 464 2733 778 2803; x_wconf 84' lang='lat' dir='ltr'><strong>lentiniani,</strong></span> <span class='ocrx_word' id='word_1_337' title='bbox 801 2748 924 2804; x_wconf 82' lang='lat' dir='ltr'><strong>quae</strong></span> <span class='ocrx_word' id='word_1_338' title='bbox 946 2731 1151 2787; x_wconf 82' lang='lat' dir='ltr'><strong>fuerint</strong></span> <span class='ocrx_word' id='word_1_339' title='bbox 1195 2745 1359 2799; x_wconf 88' lang='lat' dir='ltr'><strong>porro</strong></span> <span class='ocrx_word' id='word_1_340' title='bbox 1389 2727 1742 2798; x_wconf 68' lang='lat' dir='ltr'><strong>quaerendum</strong></span> <span class='ocrx_word' id='word_1_341' title='bbox 1766 2732 1868 2780; x_wconf 90' lang='lat' dir='ltr'><strong>est.</strong></span> <span class='ocrx_word' id='word_1_342' title='bbox 1901 2722 2050 2779; x_wconf 67' lang='lat' dir='ltr'><strong>Elia:</strong></span> 
     </span>
    </p>
   </div>
   <div class='ocr_carea' id='block_1_46' title="bbox 465 2813 2048 2895">
    <p class='ocr_par' dir='ltr' id='par_1_46' title="bbox 465 2813 2048 2895">
     <span class='ocr_line' id='line_1_46' title="bbox 465 2813 2048 2895; baseline -0.008 -14"><span class='ocrx_word' id='word_1_343' title='bbox 465 2825 750 2881; x_wconf 86' lang='lat' dir='ltr'><strong>Cretensis</strong></span> <span class='ocrx_word' id='word_1_344' title='bbox 803 2824 1040 2895; x_wconf 86' lang='lat' dir='ltr'><strong>primam</strong></span> <span class='ocrx_word' id='word_1_345' title='bbox 1083 2819 1353 2875; x_wconf 85' lang='lat' dir='ltr'><strong>Valentini</strong></span> <span class='ocrx_word' id='word_1_346' title='bbox 1395 2819 1804 2874; x_wconf 87' lang='lat' dir='ltr'><strong>octonationem</strong></span> <span class='ocrx_word' id='word_1_347' title='bbox 1857 2815 1926 2870; x_wconf 90' lang='lat' dir='ltr'><strong>ab</strong></span> <span class='ocrx_word' id='word_1_348' title='bbox 1977 2813 2048 2868; x_wconf 83' lang='lat' dir='ltr'><strong>iis</strong></span> 
     </span>
    </p>
   </div>
   <div class='ocr_carea' id='block_1_47' title="bbox 467 2907 2050 2982">
    <p class='ocr_par' dir='ltr' id='par_1_47' title="bbox 467 2907 2050 2982">
     <span class='ocr_line' id='line_1_47' title="bbox 467 2907 2050 2982; baseline -0.009 -8"><span class='ocrx_word' id='word_1_349' title='bbox 467 2918 756 2974; x_wconf 87' lang='lat' dir='ltr'><strong>deductam</strong></span> <span class='ocrx_word' id='word_1_350' title='bbox 797 2916 1029 2982; x_wconf 85' lang='lat' dir='ltr'><strong>asserit;</strong></span> <span class='ocrx_word' id='word_1_351' title='bbox 1069 2916 1138 2970; x_wconf 89' lang='lat' dir='ltr'><strong>de</strong></span> <span class='ocrx_word' id='word_1_352' title='bbox 1175 2911 1514 2967; x_wconf 90' lang='lat' dir='ltr'><strong>Simonianis</strong></span> <span class='ocrx_word' id='word_1_353' title='bbox 1545 2910 1692 2965; x_wconf 90' lang='lat' dir='ltr'><strong>enim</strong></span> <span class='ocrx_word' id='word_1_354' title='bbox 1724 2924 1928 2980; x_wconf 85' lang='lat' dir='ltr'><strong>agens,</strong></span> <span class='ocrx_word' id='word_1_355' title='bbox 1962 2907 2050 2962; x_wconf 88' lang='lat' dir='ltr'><strong>in-</strong></span> 
     </span>
    </p>
   </div>
   <div class='ocr_carea' id='block_1_48' title="bbox 468 2995 2118 3080">
    <p class='ocr_par' dir='ltr' id='par_1_48' title="bbox 468 2995 2118 3080">
     <span class='ocr_line' id='line_1_48' title="bbox 468 2995 2118 3080; baseline -0.008 -17"><span class='ocrx_word' id='word_1_356' title='bbox 468 3010 593 3079; x_wconf 87' lang='lat' dir='ltr'><strong>quit</strong></span> <span class='ocrx_word' id='word_1_357' title='bbox 622 3028 638 3064; x_wconf 88' lang='lat'><strong>:</strong></span> <span class='ocrx_word' id='word_1_358' title='bbox 675 3027 694 3061; x_wconf 75' lang='grc' dir='ltr'><strong>ι</strong></span> <span class='ocrx_word' id='word_1_359' title='bbox 715 3008 794 3063; x_wconf 89' lang='lat' dir='ltr'><strong>Ac</strong></span> <span class='ocrx_word' id='word_1_360' title='bbox 821 3005 1040 3077; x_wconf 85' lang='lat' dir='ltr'><strong>generis</strong></span> <span class='ocrx_word' id='word_1_361' title='bbox 1068 3004 1344 3076; x_wconf 89' lang='lat' dir='ltr'><strong>principes</strong></span> <span class='ocrx_word' id='word_1_362' title='bbox 1367 3001 1593 3066; x_wconf 54' lang='lat' dir='ltr'><strong>mones,</strong></span> <span class='ocrx_word' id='word_1_363' title='bbox 1620 2999 1854 3070; x_wconf 86' lang='lat' dir='ltr'><strong>Bythum</strong></span> <span class='ocrx_word' id='word_1_364' title='bbox 1886 3006 1940 3052; x_wconf 91' lang='lat' dir='ltr'><strong>et</strong></span> <span class='ocrx_word' id='word_1_365' title='bbox 1963 2995 2050 3051; x_wconf 93' lang='lat' dir='ltr'><strong>Si-</strong></span> <span class='ocrx_word' id='word_1_366' title='bbox 2075 3023 2118 3080; x_wconf 70' lang='grc' dir='ltr'>ο</span> 
     </span>
    </p>
   </div>
   <div class='ocr_carea' id='block_1_49' title="bbox 468 3091 2050 3172">
    <p class='ocr_par' dir='ltr' id='par_1_49' title="bbox 468 3091 2050 3172">
     <span class='ocr_line' id='line_1_49' title="bbox 468 3091 2050 3172; baseline -0.007 -15"><span class='ocrx_word' id='word_1_367' title='bbox 468 3117 573 3172; x_wconf 86' lang='lat' dir='ltr'><strong>gen</strong></span> <span class='ocrx_word' id='word_1_368' title='bbox 621 3101 930 3170; x_wconf 82' lang='lat' dir='ltr'><strong>fingebant,</strong></span> <span class='ocrx_word' id='word_1_369' title='bbox 965 3098 1034 3152; x_wconf 88' lang='lat' dir='ltr'><strong>ab</strong></span> <span class='ocrx_word' id='word_1_370' title='bbox 1077 3097 1164 3151; x_wconf 87' lang='lat' dir='ltr'><strong>bis</strong></span> <span class='ocrx_word' id='word_1_371' title='bbox 1205 3101 1386 3149; x_wconf 90' lang='lat' dir='ltr'><strong>autem</strong></span> <span class='ocrx_word' id='word_1_372' title='bbox 1423 3094 1693 3149; x_wconf 88' lang='lat' dir='ltr'><strong>secundos</strong></span> <span class='ocrx_word' id='word_1_373' title='bbox 1732 3091 1966 3146; x_wconf 82' lang='lat' dir='ltr'><strong>Mentem</strong></span> <span class='ocrx_word' id='word_1_374' title='bbox 1995 3099 2050 3146; x_wconf 92' lang='lat' dir='ltr'><strong>et</strong></span> 
     </span>
    </p>
   </div>
   <div class='ocr_carea' id='block_1_50' title="bbox 470 3183 2052 3260">
    <p class='ocr_par' dir='ltr' id='par_1_50' title="bbox 470 3183 2052 3260">
     <span class='ocr_line' id='line_1_50' title="bbox 470 3183 2052 3260; baseline -0.007 -10"><span class='ocrx_word' id='word_1_375' title='bbox 470 3194 805 3260; x_wconf 84' lang='lat' dir='ltr'><strong>Veritatem,</strong></span> <span class='ocrx_word' id='word_1_376' title='bbox 843 3192 913 3247; x_wconf 89' lang='lat' dir='ltr'><strong>ab</strong></span> <span class='ocrx_word' id='word_1_377' title='bbox 955 3191 1044 3246; x_wconf 92' lang='lat' dir='ltr'><strong>his</strong></span> <span class='ocrx_word' id='word_1_378' title='bbox 1081 3189 1274 3244; x_wconf 90' lang='lat' dir='ltr'><strong>tertios</strong></span> <span class='ocrx_word' id='word_1_379' title='bbox 1309 3186 1629 3242; x_wconf 89' lang='lat' dir='ltr'><strong>Sermonem</strong></span> <span class='ocrx_word' id='word_1_380' title='bbox 1657 3192 1712 3240; x_wconf 90' lang='lat' dir='ltr'><strong>et</strong></span> <span class='ocrx_word' id='word_1_381' title='bbox 1737 3183 1942 3252; x_wconf 88' lang='lat' dir='ltr'><strong>Vitam,</strong></span> <span class='ocrx_word' id='word_1_382' title='bbox 1982 3185 2052 3240; x_wconf 89' lang='lat' dir='ltr'><strong>ab</strong></span> 
     </span>
    </p>
   </div>
   <div class='ocr_carea' id='block_1_51' title="bbox 470 3276 2054 3356">
    <p class='ocr_par' dir='ltr' id='par_1_51' title="bbox 470 3276 2054 3356">
     <span class='ocr_line' id='line_1_51' title="bbox 470 3276 2054 3356; baseline -0.009 -12"><span class='ocrx_word' id='word_1_383' title='bbox 470 3289 556 3344; x_wconf 90' lang='lat' dir='ltr'><strong>his</strong></span> <span class='ocrx_word' id='word_1_384' title='bbox 582 3287 820 3356; x_wconf 90' lang='lat' dir='ltr'><strong>denique</strong></span> <span class='ocrx_word' id='word_1_385' title='bbox 849 3295 1076 3356; x_wconf 89' lang='lat' dir='ltr'><strong>quartos</strong></span> <span class='ocrx_word' id='word_1_386' title='bbox 1109 3281 1401 3338; x_wconf 84' lang='lat' dir='ltr'><strong>Hominem</strong></span> <span class='ocrx_word' id='word_1_387' title='bbox 1431 3287 1487 3333; x_wconf 90' lang='lat' dir='ltr'><strong>et</strong></span> <span class='ocrx_word' id='word_1_388' title='bbox 1525 3277 1846 3334; x_wconf 88' lang='lat' dir='ltr'><strong>Ecclesiam.</strong></span> <span class='ocrx_word' id='word_1_389' title='bbox 1883 3295 1902 3329; x_wconf 75' lang='grc' dir='ltr'><strong>ι</strong></span> <span class='ocrx_word' id='word_1_390' title='bbox 1949 3276 2054 3330; x_wconf 85' lang='lat' dir='ltr'><strong>Ea-</strong></span> 
     </span>
    </p>
   </div>
   <div class='ocr_carea' id='block_1_52' title="bbox 470 3365 2056 3439">
    <p class='ocr_par' dir='ltr' id='par_1_52' title="bbox 470 3365 2056 3439">
     <span class='ocr_line' id='line_1_52' title="bbox 470 3365 2056 3439; baseline -0.006 -8"><span class='ocrx_word' id='word_1_391' title='bbox 470 3377 592 3432; x_wconf 91' lang='lat' dir='ltr'><strong>dem</strong></span> <span class='ocrx_word' id='word_1_392' title='bbox 623 3374 791 3430; x_wconf 89' lang='lat' dir='ltr'><strong>tradit</strong></span> <span class='ocrx_word' id='word_1_393' title='bbox 819 3383 874 3428; x_wconf 91' lang='lat' dir='ltr'><strong>et</strong></span> <span class='ocrx_word' id='word_1_394' title='bbox 901 3371 1148 3438; x_wconf 84' lang='lat' dir='ltr'><strong>Nicetas;</strong></span> <span class='ocrx_word' id='word_1_395' title='bbox 1184 3377 1416 3439; x_wconf 88' lang='lat' dir='ltr'><strong>uterque</strong></span> <span class='ocrx_word' id='word_1_396' title='bbox 1450 3383 1584 3424; x_wconf 86' lang='lat' dir='ltr'><strong>sane</strong></span> <span class='ocrx_word' id='word_1_397' title='bbox 1638 3367 1830 3423; x_wconf 85' lang='lat' dir='ltr'><strong>asserit</strong></span> <span class='ocrx_word' id='word_1_398' title='bbox 1863 3365 2056 3422; x_wconf 86' lang='lat' dir='ltr'><strong>Valen-</strong></span> 
     </span>
    </p>
   </div>
   <div class='ocr_carea' id='block_1_53' title="bbox 471 3458 2056 3539">
    <p class='ocr_par' dir='ltr' id='par_1_53' title="bbox 471 3458 2056 3539">
     <span class='ocr_line' id='line_1_53' title="bbox 471 3458 2056 3539; baseline -0.008 -15"><span class='ocrx_word' id='word_1_399' title='bbox 471 3470 650 3524; x_wconf 88' lang='lat' dir='ltr'><strong>tinum</strong></span> <span class='ocrx_word' id='word_1_400' title='bbox 680 3467 920 3539; x_wconf 88' lang='lat' dir='ltr'><strong>primam</strong></span> <span class='ocrx_word' id='word_1_401' title='bbox 939 3463 1197 3535; x_wconf 87' lang='lat' dir='ltr'><strong>Ogdoada</strong></span> <span class='ocrx_word' id='word_1_402' title='bbox 1220 3477 1252 3517; x_wconf 92' lang='lat' dir='ltr'><strong>a</strong></span> <span class='ocrx_word' id='word_1_403' title='bbox 1281 3460 1620 3516; x_wconf 88' lang='lat' dir='ltr'><strong>Simonianis</strong></span> <span class='ocrx_word' id='word_1_404' title='bbox 1644 3458 1940 3528; x_wconf 81' lang='lat' dir='ltr'><strong>accepisse,</strong></span> <span class='ocrx_word' id='word_1_405' title='bbox 1968 3458 2056 3512; x_wconf 88' lang='lat' dir='ltr'><strong>de-</strong></span> 
     </span>
    </p>
   </div>
   <div class='ocr_carea' id='block_1_54' title="bbox 471 3551 2050 3621">
    <p class='ocr_par' dir='ltr' id='par_1_54' title="bbox 471 3551 2050 3621">
     <span class='ocr_line' id='line_1_54' title="bbox 471 3551 2050 3621; baseline -0.007 -4"><span class='ocrx_word' id='word_1_406' title='bbox 471 3561 604 3618; x_wconf 88' lang='lat' dir='ltr'><strong>cada</strong></span> <span class='ocrx_word' id='word_1_407' title='bbox 660 3568 847 3615; x_wconf 89' lang='lat' dir='ltr'><strong>autem</strong></span> <span class='ocrx_word' id='word_1_408' title='bbox 885 3567 942 3614; x_wconf 90' lang='lat' dir='ltr'><strong>et</strong></span> <span class='ocrx_word' id='word_1_409' title='bbox 975 3555 1292 3612; x_wconf 89' lang='lat' dir='ltr'><strong>duodccada</strong></span> <span class='ocrx_word' id='word_1_410' title='bbox 1324 3554 1394 3609; x_wconf 89' lang='lat' dir='ltr'><strong>de</strong></span> <span class='ocrx_word' id='word_1_411' title='bbox 1433 3569 1534 3608; x_wconf 91' lang='lat' dir='ltr'><strong>suo</strong></span> <span class='ocrx_word' id='word_1_412' title='bbox 1565 3551 1866 3618; x_wconf 88' lang='lat' dir='ltr'><strong>addidisse;</strong></span> <span class='ocrx_word' id='word_1_413' title='bbox 1906 3551 2050 3621; x_wconf 90' lang='lat' dir='ltr'><strong>quod</strong></span> 
     </span>
    </p>
   </div>
   <div class='ocr_carea' id='block_1_55' title="bbox 471 3645 2055 3708">
    <p class='ocr_par' dir='ltr' id='par_1_55' title="bbox 471 3645 2055 3708">
     <span class='ocr_line' id='line_1_55' title="bbox 471 3645 2055 3708; baseline -0.006 0"><span class='ocrx_word' id='word_1_414' title='bbox 471 3654 639 3708; x_wconf 89' lang='lat' dir='ltr'><strong>etiam</strong></span> <span class='ocrx_word' id='word_1_415' title='bbox 670 3669 739 3708; x_wconf 79' lang='lat' dir='ltr'><strong>ex</strong></span> <span class='ocrx_word' id='word_1_416' title='bbox 766 3653 972 3708; x_wconf 64' lang='lat' dir='ltr'><strong>lrenazo</strong></span> <span class='ocrx_word' id='word_1_417' title='bbox 1001 3648 1380 3705; x_wconf 89' lang='lat' dir='ltr'><strong>confirmatur.</strong></span> <span class='ocrx_word' id='word_1_418' title='bbox 1427 3647 1524 3700; x_wconf 86' lang='lat' dir='ltr'><strong>Ille</strong></span> <span class='ocrx_word' id='word_1_419' title='bbox 1552 3646 1697 3701; x_wconf 89' lang='lat' dir='ltr'><strong>enim</strong></span> <span class='ocrx_word' id='word_1_420' title='bbox 1733 3661 1858 3699; x_wconf 91' lang='lat' dir='ltr'><strong>cum</strong></span> <span class='ocrx_word' id='word_1_421' title='bbox 1889 3645 2055 3699; x_wconf 90' lang='lat' dir='ltr'><strong>emis-</strong></span> 
     </span>
    </p>
   </div>
   <div class='ocr_carea' id='block_1_56' title="bbox 473 3737 2056 3811">
    <p class='ocr_par' dir='ltr' id='par_1_56' title="bbox 473 3737 2056 3811">
     <span class='ocr_line' id='line_1_56' title="bbox 473 3737 2056 3811; baseline -0.006 -11"><span class='ocrx_word' id='word_1_422' title='bbox 473 3746 682 3800; x_wconf 86' lang='lat' dir='ltr'><strong>sionem</strong></span> <span class='ocrx_word' id='word_1_423' title='bbox 707 3743 803 3798; x_wconf 83' lang='grc' dir='ltr'><strong>τοῦ</strong></span> <span class='ocrx_word' id='word_1_424' title='bbox 835 3743 1010 3811; x_wconf 84' lang='grc' dir='ltr'><strong>Λόγου</strong></span> <span class='ocrx_word' id='word_1_425' title='bbox 1035 3741 1228 3795; x_wconf 91' lang='lat' dir='ltr'><strong>ordine</strong></span> <span class='ocrx_word' id='word_1_426' title='bbox 1270 3738 1585 3802; x_wconf 86' lang='lat' dir='ltr'><strong>refutasset,</strong></span> <span class='ocrx_word' id='word_1_427' title='bbox 1619 3745 1673 3791; x_wconf 89' lang='lat' dir='ltr'><strong>et</strong></span> <span class='ocrx_word' id='word_1_428' title='bbox 1709 3737 1776 3791; x_wconf 92' lang='lat' dir='ltr'><strong>ad</strong></span> <span class='ocrx_word' id='word_1_429' title='bbox 1803 3737 2056 3792; x_wconf 89' lang='lat' dir='ltr'><strong>emissio-</strong></span> 
     </span>
    </p>
   </div>
   <div class='ocr_carea' id='block_1_57' title="bbox 473 3831 2054 3902">
    <p class='ocr_par' dir='ltr' id='par_1_57' title="bbox 473 3831 2054 3902">
     <span class='ocr_line' id='line_1_57' title="bbox 473 3831 2054 3902; baseline -0.004 -10"><span class='ocrx_word' id='word_1_430' title='bbox 473 3854 600 3892; x_wconf 89' lang='lat' dir='ltr'><strong>nem</strong></span> <span class='ocrx_word' id='word_1_431' title='bbox 639 3836 890 3891; x_wconf 80' lang='lat' dir='ltr'><strong>Hominis</strong></span> <span class='ocrx_word' id='word_1_432' title='bbox 917 3843 972 3890; x_wconf 90' lang='lat' dir='ltr'><strong>et</strong></span> <span class='ocrx_word' id='word_1_433' title='bbox 1001 3833 1282 3900; x_wconf 66' lang='lat' dir='ltr'><strong>Ecclesiae,</strong></span> <span class='ocrx_word' id='word_1_434' title='bbox 1314 3832 1408 3902; x_wconf 90' lang='lat' dir='ltr'><strong>qui</strong></span> <span class='ocrx_word' id='word_1_435' title='bbox 1432 3832 1624 3900; x_wconf 78' lang='lat' dir='ltr'><strong>prima:</strong></span> <span class='ocrx_word' id='word_1_436' title='bbox 1649 3831 1923 3901; x_wconf 82' lang='lat' dir='ltr'><strong>Ogdoadis</strong></span> <span class='ocrx_word' id='word_1_437' title='bbox 1955 3845 2054 3900; x_wconf 86' lang='lat' dir='ltr'><strong>po-</strong></span> 
     </span>
    </p>
   </div>
   <div class='ocr_carea' id='block_1_58' title="bbox 475 3922 2058 3995">
    <p class='ocr_par' dir='ltr' id='par_1_58' title="bbox 475 3922 2058 3995">
     <span class='ocr_line' id='line_1_58' title="bbox 475 3922 2058 3995; baseline -0.006 -9"><span class='ocrx_word' id='word_1_438' title='bbox 475 3928 664 3986; x_wconf 88' lang='lat' dir='ltr'><strong>stremi</strong></span> <span class='ocrx_word' id='word_1_439' title='bbox 691 3926 898 3982; x_wconf 63' lang='lat' dir='ltr'><strong>IEones</strong></span> <span class='ocrx_word' id='word_1_440' title='bbox 922 3925 1094 3990; x_wconf 90' lang='lat' dir='ltr'><strong>fuere,</strong></span> <span class='ocrx_word' id='word_1_441' title='bbox 1127 3924 1486 3995; x_wconf 86' lang='lat' dir='ltr'><strong>pervenisset,</strong></span> <span class='ocrx_word' id='word_1_442' title='bbox 1525 3923 1620 3978; x_wconf 90' lang='lat' dir='ltr'><strong>lib.</strong></span> <span class='ocrx_word' id='word_1_443' title='bbox 1648 3939 1710 3989; x_wconf 90' lang='grc' dir='ltr'><strong>ιι,</strong></span> <span class='ocrx_word' id='word_1_444' title='bbox 1742 3938 1792 3977; x_wconf 92' lang='lat' dir='ltr'><strong>c.</strong></span> <span class='ocrx_word' id='word_1_445' title='bbox 1827 3922 1921 3985; x_wconf 75' lang='lat'><strong>18,</strong></span> <span class='ocrx_word' id='word_1_446' title='bbox 1959 3939 2058 3977; x_wconf 91' lang='lat' dir='ltr'><strong>no-</strong></span> 
     </span>
    </p>
   </div>
   <div class='ocr_carea' id='block_1_59' title="bbox 474 4011 2056 4084">
    <p class='ocr_par' dir='ltr' id='par_1_59' title="bbox 474 4011 2056 4084">
     <span class='ocr_line' id='line_1_59' title="bbox 474 4011 2056 4084; baseline -0.004 -10"><span class='ocrx_word' id='word_1_447' title='bbox 474 4027 555 4074; x_wconf 85' lang='lat' dir='ltr'><strong>tat</strong></span> <span class='ocrx_word' id='word_1_448' title='bbox 583 4015 1090 4072; x_wconf 87' lang='lat' dir='ltr'><strong>Valentinianorum</strong></span> <span class='ocrx_word' id='word_1_449' title='bbox 1117 4023 1394 4084; x_wconf 89' lang='lat' dir='ltr'><strong>parentes,</strong></span> <span class='ocrx_word' id='word_1_450' title='bbox 1411 4014 1741 4068; x_wconf 81' lang='lat' dir='ltr'><strong>vetustiores</strong></span> <span class='ocrx_word' id='word_1_451' title='bbox 1764 4011 2056 4067; x_wconf 86' lang='lat' dir='ltr'><strong>Cnosticos</strong></span> 
     </span>
    </p>
   </div>
   <div class='ocr_carea' id='block_1_60' title="bbox 477 4103 2057 4172">
    <p class='ocr_par' dir='ltr' id='par_1_60' title="bbox 477 4103 2057 4172">
     <span class='ocr_line' id='line_1_60' title="bbox 477 4103 2057 4172; baseline -0.006 -7"><span class='ocrx_word' id='word_1_452' title='bbox 477 4109 606 4166; x_wconf 85' lang='lat' dir='ltr'><strong>furti</strong></span> <span class='ocrx_word' id='word_1_453' title='bbox 643 4109 787 4164; x_wconf 90' lang='lat' dir='ltr'><strong>male</strong></span> <span class='ocrx_word' id='word_1_454' title='bbox 819 4107 951 4161; x_wconf 88' lang='lat' dir='ltr'><strong>facti</strong></span> <span class='ocrx_word' id='word_1_455' title='bbox 977 4122 1074 4161; x_wconf 94' lang='lat' dir='ltr'><strong>eos</strong></span> <span class='ocrx_word' id='word_1_456' title='bbox 1101 4119 1414 4160; x_wconf 86' lang='lat' dir='ltr'><strong>accusasse.</strong></span> <span class='ocrx_word' id='word_1_457' title='bbox 1452 4123 1472 4156; x_wconf 74' lang='lat' dir='ltr'><strong>t</strong></span> <span class='ocrx_word' id='word_1_458' title='bbox 1529 4103 1605 4159; x_wconf 91' lang='lat' dir='ltr'><strong>De</strong></span> <span class='ocrx_word' id='word_1_459' title='bbox 1633 4120 1694 4158; x_wconf 91' lang='lat' dir='ltr'><strong>ea</strong></span> <span class='ocrx_word' id='word_1_460' title='bbox 1721 4112 1902 4158; x_wconf 89' lang='lat' dir='ltr'><strong>autem</strong></span> <span class='ocrx_word' id='word_1_461' title='bbox 1934 4117 2057 4172; x_wconf 69' lang='lat' dir='ltr'><strong>qua:</strong></span> 
     </span>
    </p>
   </div>
   <div class='ocr_carea' id='block_1_61' title="bbox 477 4189 2057 4254">
    <p class='ocr_par' dir='ltr' id='par_1_61' title="bbox 477 4189 2057 4254">
     <span class='ocr_line' id='line_1_61' title="bbox 477 4189 2057 4254; baseline -0.004 0"><span class='ocrx_word' id='word_1_462' title='bbox 477 4208 556 4254; x_wconf 89' lang='lat' dir='ltr'><strong>est</strong></span> <span class='ocrx_word' id='word_1_463' title='bbox 584 4215 650 4254; x_wconf 80' lang='lat' dir='ltr'><strong>ex</strong></span> <span class='ocrx_word' id='word_1_464' title='bbox 693 4189 780 4252; x_wconf 73' lang='lat' dir='ltr'><strong>his</strong></span> <span class='ocrx_word' id='word_1_465' title='bbox 811 4195 1052 4251; x_wconf 89' lang='lat' dir='ltr'><strong>secunda</strong></span> <span class='ocrx_word' id='word_1_466' title='bbox 1082 4194 1382 4249; x_wconf 89' lang='lat' dir='ltr'><strong>emissione</strong></span> <span class='ocrx_word' id='word_1_467' title='bbox 1429 4193 1677 4247; x_wconf 88' lang='lat' dir='ltr'><strong>Hominis</strong></span> <span class='ocrx_word' id='word_1_468' title='bbox 1707 4202 1761 4247; x_wconf 91' lang='lat' dir='ltr'><strong>et</strong></span> <span class='ocrx_word' id='word_1_469' title='bbox 1799 4191 2057 4248; x_wconf 73' lang='lat' dir='ltr'><strong>Ecclesia:</strong></span> 
     </span>
    </p>
   </div>
   <div class='ocr_carea' id='block_1_62' title="bbox 479 4285 2054 4362">
    <p class='ocr_par' dir='ltr' id='par_1_62' title="bbox 479 4285 2054 4362">
     <span class='ocr_line' id='line_1_62' title="bbox 479 4285 2054 4362; baseline -0.004 -15"><span class='ocrx_word' id='word_1_470' title='bbox 479 4291 583 4362; x_wconf 91' lang='lat' dir='ltr'><strong>ipsi</strong></span> <span class='ocrx_word' id='word_1_471' title='bbox 607 4299 790 4361; x_wconf 85' lang='lat' dir='ltr'><strong>patres</strong></span> <span class='ocrx_word' id='word_1_472' title='bbox 817 4303 1033 4352; x_wconf 89' lang='lat' dir='ltr'><strong>eorum,</strong></span> <span class='ocrx_word' id='word_1_473' title='bbox 1061 4285 1204 4341; x_wconf 86' lang='lat' dir='ltr'><strong>falso</strong></span> <span class='ocrx_word' id='word_1_474' title='bbox 1239 4287 1613 4356; x_wconf 86' lang='lat' dir='ltr'><strong>cognominati</strong></span> <span class='ocrx_word' id='word_1_475' title='bbox 1642 4285 1914 4350; x_wconf 86' lang='lat' dir='ltr'><strong>Gnostici,</strong></span> <span class='ocrx_word' id='word_1_476' title='bbox 1954 4287 2054 4340; x_wconf 93' lang='lat' dir='ltr'><strong>im-</strong></span> 
     </span>
    </p>
   </div>
   <div class='ocr_carea' id='block_1_63' title="bbox 2139 1777 3730 1845">
    <p class='ocr_par' dir='ltr' id='par_1_63' title="bbox 2139 1777 3730 1845">
     <span class='ocr_line' id='line_1_63' title="bbox 2139 1777 3730 1845; baseline -0.002 -8"><span class='ocrx_word' id='word_1_477' title='bbox 2139 1783 2311 1839; x_wconf 89' lang='lat' dir='ltr'><strong>Deum</strong></span> <span class='ocrx_word' id='word_1_478' title='bbox 2343 1798 2466 1838; x_wconf 89' lang='lat' dir='ltr'><strong>esse</strong></span> <span class='ocrx_word' id='word_1_479' title='bbox 2487 1782 2818 1836; x_wconf 87' lang='lat' dir='ltr'><strong>docuerunt.</strong></span> <span class='ocrx_word' id='word_1_480' title='bbox 2852 1779 2994 1834; x_wconf 86' lang='lat' dir='ltr'><strong>Ante</strong></span> <span class='ocrx_word' id='word_1_481' title='bbox 3029 1777 3378 1834; x_wconf 85' lang='lat' dir='ltr'><strong>Valentinum</strong></span> <span class='ocrx_word' id='word_1_482' title='bbox 3417 1777 3692 1834; x_wconf 85' lang='lat' dir='ltr'><strong>Basilides</strong></span> <span class='ocrx_word' id='word_1_483' title='bbox 3712 1818 3730 1845; x_wconf 93' lang='lat'><strong>,</strong></span> 
     </span>
    </p>
   </div>
   <div class='ocr_carea' id='block_1_64' title="bbox 2140 1871 3731 1948">
    <p class='ocr_par' dir='ltr' id='par_1_64' title="bbox 2140 1871 3731 1948">
     <span class='ocr_line' id='line_1_64' title="bbox 2140 1871 3731 1948; baseline -0.004 -15"><span class='ocrx_word' id='word_1_484' title='bbox 2140 1878 2207 1933; x_wconf 91' lang='lat' dir='ltr'><strong>de</strong></span> <span class='ocrx_word' id='word_1_485' title='bbox 2232 1891 2343 1948; x_wconf 89' lang='lat' dir='ltr'><strong>quo</strong></span> <span class='ocrx_word' id='word_1_486' title='bbox 2372 1875 2447 1930; x_wconf 91' lang='lat' dir='ltr'><strong>ita</strong></span> <span class='ocrx_word' id='word_1_487' title='bbox 2478 1872 2848 1930; x_wconf 88' lang='lat' dir='ltr'><strong>Tertullianus</strong></span> <span class='ocrx_word' id='word_1_488' title='bbox 2876 1889 2890 1924; x_wconf 92' lang='lat'><strong>:</strong></span> <span class='ocrx_word' id='word_1_489' title='bbox 2925 1891 2944 1924; x_wconf 71' lang='grc' dir='ltr'><strong>ι</strong></span> <span class='ocrx_word' id='word_1_490' title='bbox 2977 1871 3036 1926; x_wconf 87' lang='lat' dir='ltr'><strong>In</strong></span> <span class='ocrx_word' id='word_1_491' title='bbox 3060 1871 3268 1927; x_wconf 90' lang='lat' dir='ltr'><strong>ultimis</strong></span> <span class='ocrx_word' id='word_1_492' title='bbox 3294 1872 3519 1941; x_wconf 91' lang='lat' dir='ltr'><strong>quidem</strong></span> <span class='ocrx_word' id='word_1_493' title='bbox 3550 1888 3731 1944; x_wconf 83' lang='lat' dir='ltr'><strong>ange-</strong></span> 
     </span>
    </p>
   </div>
   <div class='ocr_carea' id='block_1_65' title="bbox 2141 1963 3734 2037">
    <p class='ocr_par' dir='ltr' id='par_1_65' title="bbox 2141 1963 3734 2037">
     <span class='ocr_line' id='line_1_65' title="bbox 2141 1963 3734 2037; baseline -0.005 -13"><span class='ocrx_word' id='word_1_494' title='bbox 2141 1969 2211 2024; x_wconf 90' lang='lat' dir='ltr'><strong>lis</strong></span> <span class='ocrx_word' id='word_1_495' title='bbox 2238 1977 2294 2024; x_wconf 90' lang='lat' dir='ltr'><strong>et</strong></span> <span class='ocrx_word' id='word_1_496' title='bbox 2339 1967 2436 2037; x_wconf 91' lang='lat' dir='ltr'><strong>qui</strong></span> <span class='ocrx_word' id='word_1_497' title='bbox 2466 1966 2616 2022; x_wconf 90' lang='lat' dir='ltr'><strong>hunc</strong></span> <span class='ocrx_word' id='word_1_498' title='bbox 2655 1967 2907 2022; x_wconf 87' lang='lat' dir='ltr'><strong>fecerunt</strong></span> <span class='ocrx_word' id='word_1_499' title='bbox 2935 1963 3198 2018; x_wconf 89' lang='lat' dir='ltr'><strong>mundum</strong></span> <span class='ocrx_word' id='word_1_500' title='bbox 3231 1963 3597 2019; x_wconf 86' lang='lat' dir='ltr'><strong>novissimum</strong></span> <span class='ocrx_word' id='word_1_501' title='bbox 3631 1978 3734 2034; x_wconf 85' lang='lat' dir='ltr'><strong>po-</strong></span> 
     </span>
    </p>
   </div>
   <div class='ocr_carea' id='block_1_66' title="bbox 2141 2055 3732 2129">
    <p class='ocr_par' dir='ltr' id='par_1_66' title="bbox 2141 2055 3732 2129">
     <span class='ocr_line' id='line_1_66' title="bbox 2141 2055 3732 2129; baseline -0.002 -13"><span class='ocrx_word' id='word_1_502' title='bbox 2141 2061 2223 2116; x_wconf 89' lang='lat' dir='ltr'><strong>nit</strong></span> <span class='ocrx_word' id='word_1_503' title='bbox 2247 2059 2560 2116; x_wconf 72' lang='lat' dir='ltr'><strong>Judaeorum</strong></span> <span class='ocrx_word' id='word_1_504' title='bbox 2593 2058 2786 2125; x_wconf 90' lang='lat' dir='ltr'><strong>Deum,</strong></span> <span class='ocrx_word' id='word_1_505' title='bbox 2817 2057 2868 2112; x_wconf 91' lang='lat' dir='ltr'><strong>id</strong></span> <span class='ocrx_word' id='word_1_506' title='bbox 2903 2065 2988 2112; x_wconf 90' lang='lat' dir='ltr'><strong>est</strong></span> <span class='ocrx_word' id='word_1_507' title='bbox 3030 2055 3202 2112; x_wconf 87' lang='lat' dir='ltr'><strong>Deum</strong></span> <span class='ocrx_word' id='word_1_508' title='bbox 3231 2058 3366 2126; x_wconf 87' lang='lat' dir='ltr'><strong>legis</strong></span> <span class='ocrx_word' id='word_1_509' title='bbox 3407 2067 3460 2112; x_wconf 92' lang='lat' dir='ltr'><strong>et</strong></span> <span class='ocrx_word' id='word_1_510' title='bbox 3487 2059 3732 2129; x_wconf 82' lang='lat' dir='ltr'><strong>prophe-</strong></span> 
     </span>
    </p>
   </div>
   <div class='ocr_carea' id='block_1_67' title="bbox 2143 2149 3734 2224">
    <p class='ocr_par' dir='ltr' id='par_1_67' title="bbox 2143 2149 3734 2224">
     <span class='ocr_line' id='line_1_67' title="bbox 2143 2149 3734 2224; baseline 0 -16"><span class='ocrx_word' id='word_1_511' title='bbox 2143 2165 2529 2224; x_wconf 90' lang='lat' dir='ltr'><strong>tarum,quem</strong></span> <span class='ocrx_word' id='word_1_512' title='bbox 2555 2151 2724 2206; x_wconf 89' lang='lat' dir='ltr'><strong>Deum</strong></span> <span class='ocrx_word' id='word_1_513' title='bbox 2752 2158 2934 2221; x_wconf 90' lang='lat' dir='ltr'><strong>negat,</strong></span> <span class='ocrx_word' id='word_1_514' title='bbox 2967 2149 3061 2205; x_wconf 91' lang='lat' dir='ltr'><strong>sed</strong></span> <span class='ocrx_word' id='word_1_515' title='bbox 3087 2151 3340 2219; x_wconf 84' lang='lat' dir='ltr'><strong>angelum</strong></span> <span class='ocrx_word' id='word_1_516' title='bbox 3371 2151 3559 2206; x_wconf 65' lang='lat' dir='ltr'><strong>dicit.»</strong></span> <span class='ocrx_word' id='word_1_517' title='bbox 3587 2154 3734 2208; x_wconf 77' lang='lat' dir='ltr'><strong>Ante</strong></span> 
     </span>
    </p>
   </div>
   <div class='ocr_carea' id='block_1_68' title="bbox 2144 2242 3736 2314">
    <p class='ocr_par' dir='ltr' id='par_1_68' title="bbox 2144 2242 3736 2314">
     <span class='ocr_line' id='line_1_68' title="bbox 2144 2242 3736 2314; baseline 0.001 -15"><span class='ocrx_word' id='word_1_518' title='bbox 2144 2245 2436 2302; x_wconf 87' lang='lat' dir='ltr'><strong>Basilidem</strong></span> <span class='ocrx_word' id='word_1_519' title='bbox 2470 2244 2822 2310; x_wconf 80' lang='lat' dir='ltr'><strong>Saturninus,</strong></span> <span class='ocrx_word' id='word_1_520' title='bbox 2872 2244 3095 2314; x_wconf 88' lang='lat' dir='ltr'><strong>angelos</strong></span> <span class='ocrx_word' id='word_1_521' title='bbox 3121 2242 3320 2299; x_wconf 80' lang='lat' dir='ltr'><strong>fecisse</strong></span> <span class='ocrx_word' id='word_1_522' title='bbox 3368 2245 3641 2299; x_wconf 87' lang='lat' dir='ltr'><strong>mundum</strong></span> <span class='ocrx_word' id='word_1_523' title='bbox 3678 2256 3736 2302; x_wconf 90' lang='lat' dir='ltr'><strong>et</strong></span> 
     </span>
    </p>
   </div>
   <div class='ocr_carea' id='block_1_69' title="bbox 2144 2335 3731 2409">
    <p class='ocr_par' dir='ltr' id='par_1_69' title="bbox 2144 2335 3731 2409">
     <span class='ocr_line' id='line_1_69' title="bbox 2144 2335 3731 2409; baseline -0.002 -15"><span class='ocrx_word' id='word_1_524' title='bbox 2144 2337 2458 2394; x_wconf 73' lang='lat' dir='ltr'><strong>Judaaorum</strong></span> <span class='ocrx_word' id='word_1_525' title='bbox 2485 2335 2654 2392; x_wconf 91' lang='lat' dir='ltr'><strong>Deum</strong></span> <span class='ocrx_word' id='word_1_526' title='bbox 2676 2352 2845 2391; x_wconf 90' lang='lat' dir='ltr'><strong>unum</strong></span> <span class='ocrx_word' id='word_1_527' title='bbox 2874 2351 2941 2390; x_wconf 76' lang='lat' dir='ltr'><strong>ex</strong></span> <span class='ocrx_word' id='word_1_528' title='bbox 2963 2335 3172 2404; x_wconf 79' lang='lat' dir='ltr'><strong>angelis</strong></span> <span class='ocrx_word' id='word_1_529' title='bbox 3199 2351 3320 2391; x_wconf 89' lang='lat' dir='ltr'><strong>esse</strong></span> <span class='ocrx_word' id='word_1_530' title='bbox 3342 2335 3500 2391; x_wconf 72' lang='lat' dir='ltr'><strong>dixit.</strong></span> <span class='ocrx_word' id='word_1_531' title='bbox 3533 2337 3604 2391; x_wconf 88' lang='lat' dir='ltr'><strong>Hi</strong></span> <span class='ocrx_word' id='word_1_532' title='bbox 3623 2339 3731 2409; x_wconf 84' lang='lat' dir='ltr'><strong>igi-</strong></span> 
     </span>
    </p>
   </div>
   <div class='ocr_carea' id='block_1_70' title="bbox 2146 2427 3730 2500">
    <p class='ocr_par' dir='ltr' id='par_1_70' title="bbox 2146 2427 3730 2500">
     <span class='ocr_line' id='line_1_70' title="bbox 2146 2427 3730 2500; baseline -0.001 -13"><span class='ocrx_word' id='word_1_533' title='bbox 2146 2440 2237 2487; x_wconf 88' lang='lat' dir='ltr'><strong>tur</strong></span> <span class='ocrx_word' id='word_1_534' title='bbox 2264 2431 2375 2486; x_wconf 92' lang='lat' dir='ltr'><strong>duo</strong></span> <span class='ocrx_word' id='word_1_535' title='bbox 2400 2429 2654 2500; x_wconf 90' lang='lat' dir='ltr'><strong>discipuli</strong></span> <span class='ocrx_word' id='word_1_536' title='bbox 2683 2427 2965 2483; x_wconf 89' lang='lat' dir='ltr'><strong>Menandri</strong></span> <span class='ocrx_word' id='word_1_537' title='bbox 3010 2428 3180 2483; x_wconf 88' lang='lat' dir='ltr'><strong>alium</strong></span> <span class='ocrx_word' id='word_1_538' title='bbox 3209 2428 3516 2484; x_wconf 88' lang='lat' dir='ltr'><strong>docuerunt</strong></span> <span class='ocrx_word' id='word_1_539' title='bbox 3552 2429 3730 2486; x_wconf 84' lang='lat' dir='ltr'><strong>Deum</strong></span> 
     </span>
    </p>
   </div>
   <div class='ocr_carea' id='block_1_71' title="bbox 2147 2519 3730 2593">
    <p class='ocr_par' dir='ltr' id='par_1_71' title="bbox 2147 2519 3730 2593">
     <span class='ocr_line' id='line_1_71' title="bbox 2147 2519 3730 2593; baseline 0.003 -19"><span class='ocrx_word' id='word_1_540' title='bbox 2147 2531 2343 2593; x_wconf 57' lang='lat' dir='ltr'><strong>praeter</strong></span> <span class='ocrx_word' id='word_1_541' title='bbox 2365 2519 2700 2576; x_wconf 87' lang='lat' dir='ltr'><strong>Creatorem.</strong></span> <span class='ocrx_word' id='word_1_542' title='bbox 2732 2521 2873 2574; x_wconf 84' lang='lat' dir='ltr'><strong>Ante</strong></span> <span class='ocrx_word' id='word_1_543' title='bbox 2901 2519 3258 2575; x_wconf 87' lang='lat' dir='ltr'><strong>Saturninum</strong></span> <span class='ocrx_word' id='word_1_544' title='bbox 3290 2519 3590 2577; x_wconf 89' lang='lat' dir='ltr'><strong>Cerintbus</strong></span> <span class='ocrx_word' id='word_1_545' title='bbox 3616 2539 3730 2578; x_wconf 89' lang='lat' dir='ltr'><strong>non</strong></span> 
     </span>
    </p>
   </div>
   <div class='ocr_carea' id='block_1_72' title="bbox 2147 2611 3726 2683">
    <p class='ocr_par' dir='ltr' id='par_1_72' title="bbox 2147 2611 3726 2683">
     <span class='ocr_line' id='line_1_72' title="bbox 2147 2611 3726 2683; baseline 0 -15"><span class='ocrx_word' id='word_1_546' title='bbox 2147 2628 2178 2668; x_wconf 85' lang='lat' dir='ltr'><strong>a</strong></span> <span class='ocrx_word' id='word_1_547' title='bbox 2211 2614 2387 2683; x_wconf 90' lang='lat' dir='ltr'><strong>primo</strong></span> <span class='ocrx_word' id='word_1_548' title='bbox 2433 2612 2544 2666; x_wconf 89' lang='lat' dir='ltr'><strong>Deo</strong></span> <span class='ocrx_word' id='word_1_549' title='bbox 2594 2612 2797 2667; x_wconf 90' lang='lat' dir='ltr'><strong>factum</strong></span> <span class='ocrx_word' id='word_1_550' title='bbox 2844 2627 2968 2666; x_wconf 88' lang='lat' dir='ltr'><strong>esse</strong></span> <span class='ocrx_word' id='word_1_551' title='bbox 3005 2611 3269 2666; x_wconf 86' lang='lat' dir='ltr'><strong>mundum</strong></span> <span class='ocrx_word' id='word_1_552' title='bbox 3315 2613 3535 2680; x_wconf 88' lang='lat' dir='ltr'><strong>docuit,</strong></span> <span class='ocrx_word' id='word_1_553' title='bbox 3563 2616 3668 2670; x_wconf 86' lang='lat' dir='ltr'><strong>sed</strong></span> <span class='ocrx_word' id='word_1_554' title='bbox 3695 2630 3726 2668; x_wconf 85' lang='lat' dir='ltr'><strong>a</strong></span> 
     </span>
    </p>
   </div>
   <div class='ocr_carea' id='block_1_73' title="bbox 2147 2705 3732 2774">
    <p class='ocr_par' dir='ltr' id='par_1_73' title="bbox 2147 2705 3732 2774">
     <span class='ocr_line' id='line_1_73' title="bbox 2147 2705 3732 2774; baseline 0.001 -15"><span class='ocrx_word' id='word_1_555' title='bbox 2147 2706 2350 2760; x_wconf 87' lang='lat' dir='ltr'><strong>virtute</strong></span> <span class='ocrx_word' id='word_1_556' title='bbox 2379 2705 2615 2774; x_wconf 88' lang='lat' dir='ltr'><strong>quadam</strong></span> <span class='ocrx_word' id='word_1_557' title='bbox 2661 2705 2820 2759; x_wconf 87' lang='lat' dir='ltr'><strong>valde</strong></span> <span class='ocrx_word' id='word_1_558' title='bbox 2861 2714 3113 2774; x_wconf 86' lang='lat' dir='ltr'><strong>separata</strong></span> <span class='ocrx_word' id='word_1_559' title='bbox 3155 2714 3210 2759; x_wconf 91' lang='lat' dir='ltr'><strong>et</strong></span> <span class='ocrx_word' id='word_1_560' title='bbox 3253 2705 3494 2761; x_wconf 90' lang='lat' dir='ltr'><strong>distante</strong></span> <span class='ocrx_word' id='word_1_561' title='bbox 3545 2707 3622 2760; x_wconf 88' lang='lat' dir='ltr'><strong>ab</strong></span> <span class='ocrx_word' id='word_1_562' title='bbox 3666 2722 3732 2761; x_wconf 86' lang='lat' dir='ltr'><strong>ea</strong></span> 
     </span>
    </p>
   </div>
   <div class='ocr_carea' id='block_1_74' title="bbox 2149 2797 3733 2870">
    <p class='ocr_par' dir='ltr' id='par_1_74' title="bbox 2149 2797 3733 2870">
     <span class='ocr_line' id='line_1_74' title="bbox 2149 2797 3733 2870; baseline 0.001 -19"><span class='ocrx_word' id='word_1_563' title='bbox 2149 2797 2550 2870; x_wconf 88' lang='lat' dir='ltr'><strong>principalitate</strong></span> <span class='ocrx_word' id='word_1_564' title='bbox 2579 2812 2700 2866; x_wconf 66' lang='lat' dir='ltr'><strong>qua:</strong></span> <span class='ocrx_word' id='word_1_565' title='bbox 2725 2805 2810 2852; x_wconf 90' lang='lat' dir='ltr'><strong>est</strong></span> <span class='ocrx_word' id='word_1_566' title='bbox 2841 2812 3004 2866; x_wconf 87' lang='lat' dir='ltr'><strong>super</strong></span> <span class='ocrx_word' id='word_1_567' title='bbox 3044 2797 3322 2862; x_wconf 85' lang='lat' dir='ltr'><strong>universa,</strong></span> <span class='ocrx_word' id='word_1_568' title='bbox 3356 2807 3412 2852; x_wconf 83' lang='lat' dir='ltr'><strong>et</strong></span> <span class='ocrx_word' id='word_1_569' title='bbox 3435 2797 3733 2867; x_wconf 84' lang='lat' dir='ltr'><strong>ignorante</strong></span> 
     </span>
    </p>
   </div>
   <div class='ocr_carea' id='block_1_75' title="bbox 2149 2887 3732 2958">
    <p class='ocr_par' dir='ltr' id='par_1_75' title="bbox 2149 2887 3732 2958">
     <span class='ocr_line' id='line_1_75' title="bbox 2149 2887 3732 2958; baseline 0.001 -14"><span class='ocrx_word' id='word_1_570' title='bbox 2149 2903 2276 2944; x_wconf 89' lang='lat' dir='ltr'><strong>eum</strong></span> <span class='ocrx_word' id='word_1_571' title='bbox 2309 2888 2402 2958; x_wconf 88' lang='lat' dir='ltr'><strong>qui</strong></span> <span class='ocrx_word' id='word_1_572' title='bbox 2444 2897 2529 2943; x_wconf 94' lang='lat' dir='ltr'><strong>est</strong></span> <span class='ocrx_word' id='word_1_573' title='bbox 2570 2903 2733 2958; x_wconf 85' lang='lat' dir='ltr'><strong>super</strong></span> <span class='ocrx_word' id='word_1_574' title='bbox 2774 2889 2961 2942; x_wconf 88' lang='lat' dir='ltr'><strong>omnia</strong></span> <span class='ocrx_word' id='word_1_575' title='bbox 2997 2887 3190 2943; x_wconf 89' lang='lat' dir='ltr'><strong>Deum.</strong></span> <span class='ocrx_word' id='word_1_576' title='bbox 3225 2887 3353 2944; x_wconf 81' lang='lat' dir='ltr'><strong>Haec</strong></span> <span class='ocrx_word' id='word_1_577' title='bbox 3402 2899 3591 2946; x_wconf 87' lang='lat' dir='ltr'><strong>autem</strong></span> <span class='ocrx_word' id='word_1_578' title='bbox 3629 2891 3732 2946; x_wconf 82' lang='lat' dir='ltr'><strong>fuit</strong></span> 
     </span>
    </p>
   </div>
   <div class='ocr_carea' id='block_1_76' title="bbox 2151 2979 3733 3052">
    <p class='ocr_par' dir='ltr' id='par_1_76' title="bbox 2151 2979 3733 3052">
     <span class='ocr_line' id='line_1_76' title="bbox 2151 2979 3733 3052; baseline 0.003 -17"><span class='ocrx_word' id='word_1_579' title='bbox 2151 2981 2428 3052; x_wconf 87' lang='lat' dir='ltr'><strong>ipsissima</strong></span> <span class='ocrx_word' id='word_1_580' title='bbox 2451 2980 2634 3050; x_wconf 86' lang='lat' dir='ltr'><strong>opinio</strong></span> <span class='ocrx_word' id='word_1_581' title='bbox 2660 2979 3189 3047; x_wconf 82' lang='lat' dir='ltr'><strong>Valentinianorum,</strong></span> <span class='ocrx_word' id='word_1_582' title='bbox 3225 2982 3319 3051; x_wconf 88' lang='lat' dir='ltr'><strong>qui</strong></span> <span class='ocrx_word' id='word_1_583' title='bbox 3349 2982 3494 3037; x_wconf 88' lang='lat' dir='ltr'><strong>idem</strong></span> <span class='ocrx_word' id='word_1_584' title='bbox 3520 2982 3596 3039; x_wconf 90' lang='lat' dir='ltr'><strong>de</strong></span> <span class='ocrx_word' id='word_1_585' title='bbox 3633 2982 3733 3039; x_wconf 80' lang='lat' dir='ltr'><strong>De-</strong></span> 
     </span>
    </p>
   </div>
   <div class='ocr_carea' id='block_1_77' title="bbox 2156 3073 3734 3145">
    <p class='ocr_par' dir='ltr' id='par_1_77' title="bbox 2156 3073 3734 3145">
     <span class='ocr_line' id='line_1_77' title="bbox 2156 3073 3734 3145; baseline 0.002 -15"><span class='ocrx_word' id='word_1_586' title='bbox 2156 3075 2370 3144; x_wconf 86' lang='lat' dir='ltr'><strong>miurgo</strong></span> <span class='ocrx_word' id='word_1_587' title='bbox 2397 3090 2497 3130; x_wconf 92' lang='lat' dir='ltr'><strong>suo</strong></span> <span class='ocrx_word' id='word_1_588' title='bbox 2519 3074 2899 3144; x_wconf 90' lang='lat' dir='ltr'><strong>prodiderunt.</strong></span> <span class='ocrx_word' id='word_1_589' title='bbox 2944 3073 3048 3128; x_wconf 87' lang='lat' dir='ltr'><strong>Sed</strong></span> <span class='ocrx_word' id='word_1_590' title='bbox 3079 3074 3210 3144; x_wconf 89' lang='lat' dir='ltr'><strong>quid</strong></span> <span class='ocrx_word' id='word_1_591' title='bbox 3239 3075 3486 3145; x_wconf 84' lang='lat' dir='ltr'><strong>singulos</strong></span> <span class='ocrx_word' id='word_1_592' title='bbox 3510 3077 3734 3133; x_wconf 69' lang='lat' dir='ltr'><strong>haereti-</strong></span> 
     </span>
    </p>
   </div>
   <div class='ocr_carea' id='block_1_78' title="bbox 2155 3165 3732 3239">
    <p class='ocr_par' dir='ltr' id='par_1_78' title="bbox 2155 3165 3732 3239">
     <span class='ocr_line' id='line_1_78' title="bbox 2155 3165 3732 3239; baseline 0.002 -15"><span class='ocrx_word' id='word_1_593' title='bbox 2155 3184 2251 3224; x_wconf 90' lang='lat' dir='ltr'><strong>cos</strong></span> <span class='ocrx_word' id='word_1_594' title='bbox 2277 3168 2536 3223; x_wconf 82' lang='lat' dir='ltr'><strong>nomino?</strong></span> <span class='ocrx_word' id='word_1_595' title='bbox 2560 3165 2764 3221; x_wconf 89' lang='lat' dir='ltr'><strong>Omnes</strong></span> <span class='ocrx_word' id='word_1_596' title='bbox 2797 3166 3047 3222; x_wconf 89' lang='lat' dir='ltr'><strong>Gnostici</strong></span> <span class='ocrx_word' id='word_1_597' title='bbox 3089 3169 3230 3222; x_wconf 90' lang='lat' dir='ltr'><strong>idem</strong></span> <span class='ocrx_word' id='word_1_598' title='bbox 3263 3171 3591 3239; x_wconf 87' lang='lat' dir='ltr'><strong>docuerunt,</strong></span> <span class='ocrx_word' id='word_1_599' title='bbox 3623 3188 3732 3228; x_wconf 88' lang='lat' dir='ltr'><strong>non</strong></span> 
     </span>
    </p>
   </div>
   <div class='ocr_carea' id='block_1_79' title="bbox 2156 3257 3735 3332">
    <p class='ocr_par' dir='ltr' id='par_1_79' title="bbox 2156 3257 3735 3332">
     <span class='ocr_line' id='line_1_79' title="bbox 2156 3257 3735 3332; baseline 0.003 -17"><span class='ocrx_word' id='word_1_600' title='bbox 2156 3261 2340 3315; x_wconf 91' lang='lat' dir='ltr'><strong>minus</strong></span> <span class='ocrx_word' id='word_1_601' title='bbox 2369 3275 2532 3329; x_wconf 90' lang='lat' dir='ltr'><strong>quam</strong></span> <span class='ocrx_word' id='word_1_602' title='bbox 2556 3257 2898 3315; x_wconf 78' lang='lat' dir='ltr'><strong>Valentinus.</strong></span> <span class='ocrx_word' id='word_1_603' title='bbox 2919 3259 3154 3314; x_wconf 68' lang='lat' dir='ltr'><strong>lrenaeus</strong></span> <span class='ocrx_word' id='word_1_604' title='bbox 3180 3261 3275 3315; x_wconf 88' lang='lat' dir='ltr'><strong>lib.</strong></span> <span class='ocrx_word' id='word_1_605' title='bbox 3303 3278 3356 3325; x_wconf 87' lang='lat' dir='ltr'><strong>v,</strong></span> <span class='ocrx_word' id='word_1_606' title='bbox 3381 3278 3432 3317; x_wconf 91' lang='lat' dir='ltr'><strong>c.</strong></span> <span class='ocrx_word' id='word_1_607' title='bbox 3457 3263 3558 3318; x_wconf 77' lang='lat'><strong>26:</strong></span> <span class='ocrx_word' id='word_1_608' title='bbox 3579 3283 3604 3317; x_wconf 67' lang='grc' dir='ltr'><em>ς</em></span> <span class='ocrx_word' id='word_1_609' title='bbox 3632 3265 3735 3332; x_wconf 86' lang='lat' dir='ltr'><strong>Qui</strong></span> 
     </span>
    </p>
   </div>
   <div class='ocr_carea' id='block_1_80' title="bbox 2151 3351 3735 3425">
    <p class='ocr_par' dir='ltr' id='par_1_80' title="bbox 2151 3351 3735 3425">
     <span class='ocr_line' id='line_1_80' title="bbox 2151 3351 3735 3425; baseline 0.006 -18"><span class='ocrx_word' id='word_1_610' title='bbox 2151 3368 2284 3422; x_wconf 87' lang='lat' dir='ltr'><strong>ergo</strong></span> <span class='ocrx_word' id='word_1_611' title='bbox 2323 3351 2706 3421; x_wconf 86' lang='lat' dir='ltr'><strong>blasphemant</strong></span> <span class='ocrx_word' id='word_1_612' title='bbox 2740 3351 3094 3422; x_wconf 84' lang='lat' dir='ltr'><strong>Demiurgum</strong></span> <span class='ocrx_word' id='word_1_613' title='bbox 3118 3395 3134 3419; x_wconf 92' lang='lat'><strong>,</strong></span> <span class='ocrx_word' id='word_1_614' title='bbox 3169 3358 3254 3408; x_wconf 86' lang='lat' dir='ltr'><strong>vel</strong></span> <span class='ocrx_word' id='word_1_615' title='bbox 3284 3356 3420 3425; x_wconf 88' lang='lat' dir='ltr'><strong>ipsis</strong></span> <span class='ocrx_word' id='word_1_616' title='bbox 3463 3358 3652 3415; x_wconf 70' lang='lat' dir='ltr'><strong>Verbis</strong></span> <span class='ocrx_word' id='word_1_617' title='bbox 3680 3368 3735 3416; x_wconf 85' lang='lat' dir='ltr'><strong>et</strong></span> 
     </span>
    </p>
   </div>
   <div class='ocr_carea' id='block_1_81' title="bbox 2156 3445 3736 3520">
    <p class='ocr_par' dir='ltr' id='par_1_81' title="bbox 2156 3445 3736 3520">
     <span class='ocr_line' id='line_1_81' title="bbox 2156 3445 3736 3520; baseline 0.006 -20"><span class='ocrx_word' id='word_1_618' title='bbox 2156 3445 2468 3514; x_wconf 83' lang='lat' dir='ltr'><strong>manifeste,</strong></span> <span class='ocrx_word' id='word_1_619' title='bbox 2499 3446 2961 3515; x_wconf 87' lang='lat' dir='ltr'><strong>quemadmodum</strong></span> <span class='ocrx_word' id='word_1_620' title='bbox 2987 3448 3081 3518; x_wconf 90' lang='lat' dir='ltr'><strong>qui</strong></span> <span class='ocrx_word' id='word_1_621' title='bbox 3106 3465 3136 3502; x_wconf 94' lang='lat' dir='ltr'><strong>a</strong></span> <span class='ocrx_word' id='word_1_622' title='bbox 3166 3448 3443 3506; x_wconf 85' lang='lat' dir='ltr'><strong>Marcione</strong></span> <span class='ocrx_word' id='word_1_623' title='bbox 3467 3464 3625 3520; x_wconf 85' lang='lat' dir='ltr'><strong>sunt,</strong></span> <span class='ocrx_word' id='word_1_624' title='bbox 3653 3455 3736 3509; x_wconf 89' lang='lat' dir='ltr'><strong>vel</strong></span> 
     </span>
    </p>
   </div>
   <div class='ocr_carea' id='block_1_82' title="bbox 2155 3539 3736 3612">
    <p class='ocr_par' dir='ltr' id='par_1_82' title="bbox 2155 3539 3736 3612">
     <span class='ocr_line' id='line_1_82' title="bbox 2155 3539 3736 3612; baseline 0.006 -19"><span class='ocrx_word' id='word_1_625' title='bbox 2155 3539 2452 3599; x_wconf 89' lang='lat' dir='ltr'><strong>secundum</strong></span> <span class='ocrx_word' id='word_1_626' title='bbox 2497 3539 2836 3594; x_wconf 87' lang='lat' dir='ltr'><strong>eversionem</strong></span> <span class='ocrx_word' id='word_1_627' title='bbox 2883 3541 3166 3598; x_wconf 66' lang='lat' dir='ltr'><strong>sententia:</strong></span> <span class='ocrx_word' id='word_1_628' title='bbox 3199 3583 3214 3610; x_wconf 91' lang='lat'><strong>,</strong></span> <span class='ocrx_word' id='word_1_629' title='bbox 3266 3545 3736 3612; x_wconf 87' lang='lat' dir='ltr'><strong>quemadmodum</strong></span> 
     </span>
    </p>
   </div>
   <div class='ocr_carea' id='block_1_83' title="bbox 2155 3629 3739 3704">
    <p class='ocr_par' dir='ltr' id='par_1_83' title="bbox 2155 3629 3739 3704">
     <span class='ocr_line' id='line_1_83' title="bbox 2155 3629 3739 3704; baseline 0.007 -22"><span class='ocrx_word' id='word_1_630' title='bbox 2155 3629 2247 3698; x_wconf 90' lang='lat' dir='ltr'><strong>qui</strong></span> <span class='ocrx_word' id='word_1_631' title='bbox 2291 3644 2322 3684; x_wconf 87' lang='lat' dir='ltr'><strong>a</strong></span> <span class='ocrx_word' id='word_1_632' title='bbox 2365 3629 2654 3685; x_wconf 88' lang='lat' dir='ltr'><strong>Valentino</strong></span> <span class='ocrx_word' id='word_1_633' title='bbox 2697 3639 2827 3686; x_wconf 91' lang='lat' dir='ltr'><strong>sunt</strong></span> <span class='ocrx_word' id='word_1_634' title='bbox 2861 3640 2915 3686; x_wconf 90' lang='lat' dir='ltr'><strong>et</strong></span> <span class='ocrx_word' id='word_1_635' title='bbox 2948 3646 3142 3688; x_wconf 89' lang='lat' dir='ltr'><strong>omnes</strong></span> <span class='ocrx_word' id='word_1_636' title='bbox 3180 3635 3276 3704; x_wconf 92' lang='lat' dir='ltr'><strong>qui</strong></span> <span class='ocrx_word' id='word_1_637' title='bbox 3311 3634 3451 3690; x_wconf 88' lang='lat' dir='ltr'><strong>falso</strong></span> <span class='ocrx_word' id='word_1_638' title='bbox 3473 3636 3739 3693; x_wconf 85' lang='lat' dir='ltr'><strong>dicuntur</strong></span> 
     </span>
    </p>
   </div>
   <div class='ocr_carea' id='block_1_84' title="bbox 2155 3720 3738 3790">
    <p class='ocr_par' dir='ltr' id='par_1_84' title="bbox 2155 3720 3738 3790">
     <span class='ocr_line' id='line_1_84' title="bbox 2155 3720 3738 3790; baseline 0.007 -16"><span class='ocrx_word' id='word_1_639' title='bbox 2155 3735 2280 3776; x_wconf 89' lang='lat' dir='ltr'><strong>esse</strong></span> <span class='ocrx_word' id='word_1_640' title='bbox 2309 3720 2579 3776; x_wconf 88' lang='lat' dir='ltr'><strong>Gnostici.</strong></span> <span class='ocrx_word' id='word_1_641' title='bbox 2605 3741 2626 3774; x_wconf 84' lang='grc'><strong><em>›</em></strong></span> <span class='ocrx_word' id='word_1_642' title='bbox 2684 3722 2824 3777; x_wconf 89' lang='lat' dir='ltr'><strong>Idem</strong></span> <span class='ocrx_word' id='word_1_643' title='bbox 2867 3724 2960 3778; x_wconf 89' lang='lat' dir='ltr'><strong>lib.</strong></span> <span class='ocrx_word' id='word_1_644' title='bbox 3011 3740 3075 3790; x_wconf 89' lang='grc' dir='ltr'><strong>ιι,</strong></span> <span class='ocrx_word' id='word_1_645' title='bbox 3123 3740 3173 3781; x_wconf 91' lang='lat' dir='ltr'><strong>c.</strong></span> <span class='ocrx_word' id='word_1_646' title='bbox 3210 3725 3321 3781; x_wconf 83' lang='lat'><strong>56:</strong></span> <span class='ocrx_word' id='word_1_647' title='bbox 3376 3745 3395 3779; x_wconf 80' lang='grc' dir='ltr'><strong>ι</strong></span> <span class='ocrx_word' id='word_1_648' title='bbox 3425 3727 3494 3782; x_wconf 90' lang='lat' dir='ltr'><strong>Et</strong></span> <span class='ocrx_word' id='word_1_649' title='bbox 3521 3731 3738 3785; x_wconf 84' lang='lat' dir='ltr'><strong>nullum</strong></span> 
     </span>
    </p>
   </div>
   <div class='ocr_carea' id='block_1_85' title="bbox 2155 3811 3738 3892">
    <p class='ocr_par' dir='ltr' id='par_1_85' title="bbox 2155 3811 3738 3892">
     <span class='ocr_line' id='line_1_85' title="bbox 2155 3811 3738 3892; baseline 0.006 -24"><span class='ocrx_word' id='word_1_650' title='bbox 2155 3811 2324 3868; x_wconf 85' lang='lat' dir='ltr'><strong>alium</strong></span> <span class='ocrx_word' id='word_1_651' title='bbox 2356 3814 2603 3868; x_wconf 91' lang='lat' dir='ltr'><strong>omnium</strong></span> <span class='ocrx_word' id='word_1_652' title='bbox 2626 3830 2746 3871; x_wconf 88' lang='lat' dir='ltr'><strong>esse</strong></span> <span class='ocrx_word' id='word_1_653' title='bbox 2776 3815 2966 3880; x_wconf 89' lang='lat' dir='ltr'><strong>Deum,</strong></span> <span class='ocrx_word' id='word_1_654' title='bbox 3000 3818 3094 3872; x_wconf 90' lang='lat' dir='ltr'><strong>sed</strong></span> <span class='ocrx_word' id='word_1_655' title='bbox 3126 3818 3302 3873; x_wconf 87' lang='lat' dir='ltr'><strong>solam</strong></span> <span class='ocrx_word' id='word_1_656' title='bbox 3329 3834 3454 3875; x_wconf 90' lang='lat' dir='ltr'><strong>esse</strong></span> <span class='ocrx_word' id='word_1_657' title='bbox 3472 3823 3738 3892; x_wconf 85' lang='lat' dir='ltr'><strong>omnipo-</strong></span> 
     </span>
    </p>
   </div>
   <div class='ocr_carea' id='block_1_86' title="bbox 2155 3905 3742 3982">
    <p class='ocr_par' dir='ltr' id='par_1_86' title="bbox 2155 3905 3742 3982">
     <span class='ocr_line' id='line_1_86' title="bbox 2155 3905 3742 3982; baseline 0.006 -21"><span class='ocrx_word' id='word_1_658' title='bbox 2155 3905 2320 3961; x_wconf 90' lang='lat' dir='ltr'><strong>tentis</strong></span> <span class='ocrx_word' id='word_1_659' title='bbox 2351 3905 2804 3975; x_wconf 85' lang='lat' dir='ltr'><strong>appellationem,</strong></span> <span class='ocrx_word' id='word_1_660' title='bbox 2853 3916 2908 3962; x_wconf 90' lang='lat' dir='ltr'><strong>et</strong></span> <span class='ocrx_word' id='word_1_661' title='bbox 2953 3909 3220 3966; x_wconf 86' lang='lat' dir='ltr'><strong>adversus</strong></span> <span class='ocrx_word' id='word_1_662' title='bbox 3261 3926 3356 3966; x_wconf 89' lang='lat' dir='ltr'><strong>eos</strong></span> <span class='ocrx_word' id='word_1_663' title='bbox 3397 3914 3495 3982; x_wconf 90' lang='lat' dir='ltr'><strong>qui</strong></span> <span class='ocrx_word' id='word_1_664' title='bbox 3529 3924 3671 3970; x_wconf 86' lang='lat' dir='ltr'><strong>sunt</strong></span> <span class='ocrx_word' id='word_1_665' title='bbox 3709 3931 3742 3970; x_wconf 83' lang='lat' dir='ltr'><strong>a</strong></span> 
     </span>
    </p>
   </div>
   <div class='ocr_carea' id='block_1_87' title="bbox 2154 3996 3741 4077">
    <p class='ocr_par' dir='ltr' id='par_1_87' title="bbox 2154 3996 3741 4077">
     <span class='ocr_line' id='line_1_87' title="bbox 2154 3996 3741 4077; baseline 0.007 -25"><span class='ocrx_word' id='word_1_666' title='bbox 2154 3996 2452 4063; x_wconf 80' lang='lat' dir='ltr'><strong>Marciane,</strong></span> <span class='ocrx_word' id='word_1_667' title='bbox 2478 4009 2533 4053; x_wconf 91' lang='lat' dir='ltr'><strong>et</strong></span> <span class='ocrx_word' id='word_1_668' title='bbox 2556 3997 2781 4054; x_wconf 88' lang='lat' dir='ltr'><strong>Simone</strong></span> <span class='ocrx_word' id='word_1_669' title='bbox 2805 4009 2860 4055; x_wconf 91' lang='lat' dir='ltr'><strong>et</strong></span> <span class='ocrx_word' id='word_1_670' title='bbox 2878 3999 3197 4070; x_wconf 86' lang='lat' dir='ltr'><strong>Menandro,</strong></span> <span class='ocrx_word' id='word_1_671' title='bbox 3225 4015 3280 4059; x_wconf 92' lang='lat' dir='ltr'><strong>et</strong></span> <span class='ocrx_word' id='word_1_672' title='bbox 3303 4005 3630 4077; x_wconf 77' lang='lat' dir='ltr'><strong>quicunque</strong></span> <span class='ocrx_word' id='word_1_673' title='bbox 3648 4008 3741 4063; x_wconf 85' lang='lat' dir='ltr'><strong>alii</strong></span> 
     </span>
    </p>
   </div>
   <div class='ocr_carea' id='block_1_88' title="bbox 2156 4090 3749 4164">
    <p class='ocr_par' dir='ltr' id='par_1_88' title="bbox 2156 4090 3749 4164">
     <span class='ocr_line' id='line_1_88' title="bbox 2156 4090 3749 4164; baseline 0.009 -22"><span class='ocrx_word' id='word_1_674' title='bbox 2156 4090 2252 4159; x_wconf 92' lang='lat' dir='ltr'><strong>qui</strong></span> <span class='ocrx_word' id='word_1_675' title='bbox 2284 4090 2534 4145; x_wconf 84' lang='lat' dir='ltr'><strong>similiter</strong></span> <span class='ocrx_word' id='word_1_676' title='bbox 2563 4090 2809 4146; x_wconf 82' lang='lat' dir='ltr'><strong>dividant</strong></span> <span class='ocrx_word' id='word_1_677' title='bbox 2845 4107 2966 4148; x_wconf 89' lang='lat' dir='ltr'><strong>eam</strong></span> <span class='ocrx_word' id='word_1_678' title='bbox 3004 4110 3127 4164; x_wconf 70' lang='lat' dir='ltr'><strong>quae</strong></span> <span class='ocrx_word' id='word_1_679' title='bbox 3173 4097 3473 4152; x_wconf 86' lang='lat' dir='ltr'><strong>secundum</strong></span> <span class='ocrx_word' id='word_1_680' title='bbox 3519 4115 3633 4156; x_wconf 90' lang='lat' dir='ltr'><strong>nos</strong></span> <span class='ocrx_word' id='word_1_681' title='bbox 3661 4111 3749 4158; x_wconf 88' lang='lat' dir='ltr'><strong>est</strong></span> 
     </span>
    </p>
   </div>
   <div class='ocr_carea' id='block_1_89' title="bbox 2157 4181 3748 4264">
    <p class='ocr_par' dir='ltr' id='par_1_89' title="bbox 2157 4181 3748 4264">
     <span class='ocr_line' id='line_1_89' title="bbox 2157 4181 3748 4264; baseline 0.008 -27"><span class='ocrx_word' id='word_1_682' title='bbox 2157 4181 2525 4237; x_wconf 88' lang='lat' dir='ltr'><strong>conditionem</strong></span> <span class='ocrx_word' id='word_1_683' title='bbox 2556 4198 2589 4237; x_wconf 90' lang='lat' dir='ltr'><strong>a</strong></span> <span class='ocrx_word' id='word_1_684' title='bbox 2618 4183 2798 4251; x_wconf 85' lang='lat' dir='ltr'><strong>Patre,</strong></span> <span class='ocrx_word' id='word_1_685' title='bbox 2829 4186 3080 4241; x_wconf 89' lang='lat' dir='ltr'><strong>similiter</strong></span> <span class='ocrx_word' id='word_1_686' title='bbox 3107 4188 3212 4242; x_wconf 88' lang='lat' dir='ltr'><strong>erit</strong></span> <span class='ocrx_word' id='word_1_687' title='bbox 3257 4190 3323 4244; x_wconf 88' lang='lat' dir='ltr'><strong>ad</strong></span> <span class='ocrx_word' id='word_1_688' title='bbox 3367 4205 3465 4246; x_wconf 92' lang='lat' dir='ltr'><strong>eos</strong></span> <span class='ocrx_word' id='word_1_689' title='bbox 3504 4193 3748 4264; x_wconf 50' lang='lat' dir='ltr'><strong>adapta‘</strong></span> 
     </span>
    </p>
   </div>
   <div class='ocr_carea' id='block_1_90' title="bbox 2160 4277 3749 4348">
    <p class='ocr_par' dir='ltr' id='par_1_90' title="bbox 2160 4277 3749 4348">
     <span class='ocr_line' id='line_1_90' title="bbox 2160 4277 3749 4348; baseline 0.008 -14"><span class='ocrx_word' id='word_1_690' title='bbox 2160 4288 2297 4334; x_wconf 89' lang='lat' dir='ltr'><strong>tum.</strong></span> <span class='ocrx_word' id='word_1_691' title='bbox 2332 4298 2351 4331; x_wconf 73' lang='grc' dir='ltr'><strong>ι</strong></span> <span class='ocrx_word' id='word_1_692' title='bbox 2381 4277 2526 4334; x_wconf 89' lang='lat' dir='ltr'><strong>ldem</strong></span> <span class='ocrx_word' id='word_1_693' title='bbox 2558 4280 2654 4335; x_wconf 91' lang='lat' dir='ltr'><strong>lib.</strong></span> <span class='ocrx_word' id='word_1_694' title='bbox 2683 4296 2756 4348; x_wconf 79' lang='grc' dir='ltr'>ιν,</span> <span class='ocrx_word' id='word_1_695' title='bbox 2789 4295 2839 4335; x_wconf 91' lang='lat' dir='ltr'><strong>c.</strong></span> <span class='ocrx_word' id='word_1_696' title='bbox 2874 4281 2940 4336; x_wconf 72' lang='grc'><strong>14</strong></span> <span class='ocrx_word' id='word_1_697' title='bbox 2969 4299 2984 4335; x_wconf 86' lang='lat'><strong>;</strong></span> <span class='ocrx_word' id='word_1_698' title='bbox 3019 4302 3038 4334; x_wconf 77' lang='grc' dir='ltr'><strong>ι</strong></span> <span class='ocrx_word' id='word_1_699' title='bbox 3061 4281 3159 4338; x_wconf 87' lang='lat' dir='ltr'><strong>Hic</strong></span> <span class='ocrx_word' id='word_1_700' title='bbox 3187 4294 3369 4339; x_wconf 89' lang='lat' dir='ltr'><strong>autem</strong></span> <span class='ocrx_word' id='word_1_701' title='bbox 3391 4296 3476 4340; x_wconf 89' lang='lat' dir='ltr'><strong>est</strong></span> <span class='ocrx_word' id='word_1_702' title='bbox 3506 4287 3749 4346; x_wconf 82' lang='lat' dir='ltr'><strong>fabrica-</strong></span> 
     </span>
    </p>
   </div>
   <div class='ocr_carea' id='block_1_91' title="bbox 477 4373 3748 4454">
    <p class='ocr_par' dir='ltr' id='par_1_91' title="bbox 477 4373 3748 4454">
     <span class='ocr_line' id='line_1_91' title="bbox 477 4373 3748 4454; baseline 0.001 -17"><span class='ocrx_word' id='word_1_703' title='bbox 477 4389 722 4454; x_wconf 85' lang='lat' dir='ltr'><strong>pugnant</strong></span> <span class='ocrx_word' id='word_1_704' title='bbox 750 4380 1014 4434; x_wconf 82' lang='lat' dir='ltr'><strong>adversus</strong></span> <span class='ocrx_word' id='word_1_705' title='bbox 1046 4379 1281 4433; x_wconf 88' lang='lat' dir='ltr'><strong>invicem</strong></span> <span class='ocrx_word' id='word_1_706' title='bbox 1319 4393 1418 4432; x_wconf 90' lang='lat' dir='ltr'><strong>sua</strong></span> <span class='ocrx_word' id='word_1_707' title='bbox 1453 4378 1675 4447; x_wconf 86' lang='lat' dir='ltr'><strong>propria</strong></span> <span class='ocrx_word' id='word_1_708' title='bbox 1722 4379 2051 4443; x_wconf 73' lang='lat' dir='ltr'><strong>indicantes,</strong></span> <span class='ocrx_word' id='word_1_709' title='bbox 2085 4382 2132 4442; x_wconf 82' lang='grc' dir='ltr'>ο</span> <span class='ocrx_word' id='word_1_710' title='bbox 2158 4381 2242 4428; x_wconf 91' lang='lat' dir='ltr'><strong>tor</strong></span> <span class='ocrx_word' id='word_1_711' title='bbox 2271 4373 2394 4429; x_wconf 71' lang='lat' dir='ltr'><strong>coeli</strong></span> <span class='ocrx_word' id='word_1_712' title='bbox 2443 4382 2498 4427; x_wconf 93' lang='lat' dir='ltr'><strong>et</strong></span> <span class='ocrx_word' id='word_1_713' title='bbox 2528 4382 2707 4438; x_wconf 62' lang='lat' dir='ltr'><strong>terrae,</strong></span> <span class='ocrx_word' id='word_1_714' title='bbox 2754 4375 3216 4444; x_wconf 87' lang='lat' dir='ltr'><strong>quemadmodum</strong></span> <span class='ocrx_word' id='word_1_715' title='bbox 3263 4392 3330 4431; x_wconf 77' lang='lat' dir='ltr'><strong>ex</strong></span> <span class='ocrx_word' id='word_1_716' title='bbox 3380 4384 3748 4441; x_wconf 79' lang='lat' dir='ltr'><strong>sermonibus</strong></span> 
     </span>
    </p>
   </div>
   <div class='ocr_carea' id='block_1_92' title="bbox 474 4471 2054 4541">
    <p class='ocr_par' dir='ltr' id='par_1_92' title="bbox 474 4471 2054 4541">
     <span class='ocr_line' id='line_1_92' title="bbox 474 4471 2054 4541; baseline -0.003 -9"><span class='ocrx_word' id='word_1_717' title='bbox 474 4485 531 4534; x_wconf 90' lang='lat' dir='ltr'><strong>et</strong></span> <span class='ocrx_word' id='word_1_718' title='bbox 561 4475 734 4529; x_wconf 89' lang='lat' dir='ltr'><strong>malos</strong></span> <span class='ocrx_word' id='word_1_719' title='bbox 766 4471 917 4527; x_wconf 90' lang='lat' dir='ltr'><strong>fures</strong></span> <span class='ocrx_word' id='word_1_720' title='bbox 959 4473 1287 4541; x_wconf 89' lang='lat' dir='ltr'><strong>semetipsos</strong></span> <span class='ocrx_word' id='word_1_721' title='bbox 1321 4471 1712 4526; x_wconf 85' lang='lat' dir='ltr'><strong>eonvincenles</strong></span> <span class='ocrx_word' id='word_1_722' title='bbox 1740 4487 1754 4522; x_wconf 90' lang='lat'><strong>:</strong></span> <span class='ocrx_word' id='word_1_723' title='bbox 1787 4472 2054 4540; x_wconf 87' lang='lat' dir='ltr'><strong>aptabiles</strong></span> 
     </span>
    </p>
   </div>
   <div class='ocr_carea' id='block_1_93' title="bbox 471 4561 2055 4634">
    <p class='ocr_par' dir='ltr' id='par_1_93' title="bbox 471 4561 2055 4634">
     <span class='ocr_line' id='line_1_93' title="bbox 471 4561 2055 4634; baseline -0.001 -14"><span class='ocrx_word' id='word_1_724' title='bbox 471 4580 597 4620; x_wconf 89' lang='lat' dir='ltr'><strong>esse</strong></span> <span class='ocrx_word' id='word_1_725' title='bbox 641 4563 820 4634; x_wconf 87' lang='lat' dir='ltr'><strong>magis</strong></span> <span class='ocrx_word' id='word_1_726' title='bbox 856 4561 1189 4618; x_wconf 88' lang='lat' dir='ltr'><strong>emissiones</strong></span> <span class='ocrx_word' id='word_1_727' title='bbox 1226 4561 1474 4617; x_wconf 86' lang='lat' dir='ltr'><strong>dicentes</strong></span> <span class='ocrx_word' id='word_1_728' title='bbox 1516 4563 1594 4615; x_wconf 89' lang='lat' dir='ltr'><strong>uti</strong></span> <span class='ocrx_word' id='word_1_729' title='bbox 1643 4562 1941 4618; x_wconf 83' lang='lat' dir='ltr'><strong>verisimile</strong></span> <span class='ocrx_word' id='word_1_730' title='bbox 1985 4578 2055 4618; x_wconf 82' lang='lat' dir='ltr'><strong>ex</strong></span> 
     </span>
    </p>
   </div>
   <div class='ocr_carea' id='block_1_94' title="bbox 476 4652 2059 4720">
    <p class='ocr_par' dir='ltr' id='par_1_94' title="bbox 476 4652 2059 4720">
     <span class='ocr_line' id='line_1_94' title="bbox 476 4652 2059 4720; baseline 0.001 -9"><span class='ocrx_word' id='word_1_731' title='bbox 476 4655 710 4712; x_wconf 86' lang='lat' dir='ltr'><strong>Homine</strong></span> <span class='ocrx_word' id='word_1_732' title='bbox 738 4655 1000 4720; x_wconf 88' lang='lat' dir='ltr'><strong>Verbum,</strong></span> <span class='ocrx_word' id='word_1_733' title='bbox 1025 4655 1117 4709; x_wconf 87' lang='lat' dir='ltr'><strong>sed</strong></span> <span class='ocrx_word' id='word_1_734' title='bbox 1143 4669 1252 4708; x_wconf 90' lang='lat' dir='ltr'><strong>non</strong></span> <span class='ocrx_word' id='word_1_735' title='bbox 1281 4669 1346 4708; x_wconf 79' lang='lat' dir='ltr'><strong>ex</strong></span> <span class='ocrx_word' id='word_1_736' title='bbox 1377 4652 1556 4708; x_wconf 88' lang='lat' dir='ltr'><strong>Verbo</strong></span> <span class='ocrx_word' id='word_1_737' title='bbox 1579 4652 1868 4710; x_wconf 88' lang='lat' dir='ltr'><strong>Hominem</strong></span> <span class='ocrx_word' id='word_1_738' title='bbox 1891 4655 2059 4712; x_wconf 87' lang='lat' dir='ltr'><strong>emis-</strong></span> 
     </span>
    </p>
   </div>
   <div class='ocr_carea' id='block_1_95' title="bbox 477 4745 2059 4814">
    <p class='ocr_par' dir='ltr' id='par_1_95' title="bbox 477 4745 2059 4814">
     <span class='ocr_line' id='line_1_95' title="bbox 477 4745 2059 4814; baseline -0.001 -9"><span class='ocrx_word' id='word_1_739' title='bbox 477 4766 623 4814; x_wconf 80' lang='lat' dir='ltr'><strong>sum,</strong></span> <span class='ocrx_word' id='word_1_740' title='bbox 655 4757 710 4804; x_wconf 93' lang='lat' dir='ltr'><strong>et</strong></span> <span class='ocrx_word' id='word_1_741' title='bbox 741 4763 866 4804; x_wconf 91' lang='lat' dir='ltr'><strong>esse</strong></span> <span class='ocrx_word' id='word_1_742' title='bbox 900 4746 1187 4802; x_wconf 87' lang='lat' dir='ltr'><strong>Hominem</strong></span> <span class='ocrx_word' id='word_1_743' title='bbox 1227 4745 1407 4800; x_wconf 91' lang='lat' dir='ltr'><strong>Verbo</strong></span> <span class='ocrx_word' id='word_1_744' title='bbox 1436 4748 1790 4814; x_wconf 90' lang='lat' dir='ltr'><strong>anteriorem,</strong></span> <span class='ocrx_word' id='word_1_745' title='bbox 1824 4755 1879 4803; x_wconf 92' lang='lat' dir='ltr'><strong>et</strong></span> <span class='ocrx_word' id='word_1_746' title='bbox 1910 4748 2059 4804; x_wconf 91' lang='lat' dir='ltr'><strong>hunc</strong></span> 
     </span>
    </p>
   </div>
   <div class='ocr_carea' id='block_1_96' title="bbox 476 4837 2059 4910">
    <p class='ocr_par' dir='ltr' id='par_1_96' title="bbox 476 4837 2059 4910">
     <span class='ocr_line' id='line_1_96' title="bbox 476 4837 2059 4910; baseline -0.001 -13"><span class='ocrx_word' id='word_1_747' title='bbox 476 4857 600 4898; x_wconf 88' lang='lat' dir='ltr'><strong>esse</strong></span> <span class='ocrx_word' id='word_1_748' title='bbox 635 4839 732 4910; x_wconf 86' lang='lat' dir='ltr'><strong>qui</strong></span> <span class='ocrx_word' id='word_1_749' title='bbox 771 4849 857 4894; x_wconf 89' lang='lat' dir='ltr'><strong>est</strong></span> <span class='ocrx_word' id='word_1_750' title='bbox 897 4854 1063 4908; x_wconf 88' lang='lat' dir='ltr'><strong>super</strong></span> <span class='ocrx_word' id='word_1_751' title='bbox 1109 4837 1294 4894; x_wconf 87' lang='lat' dir='ltr'><strong>omnia</strong></span> <span class='ocrx_word' id='word_1_752' title='bbox 1341 4837 1506 4893; x_wconf 90' lang='lat' dir='ltr'><strong>Deus.</strong></span> <span class='ocrx_word' id='word_1_753' title='bbox 1547 4857 1568 4890; x_wconf 77' lang='grc' dir='ltr'><strong>ι</strong></span> <span class='ocrx_word' id='word_1_754' title='bbox 1605 4837 1851 4894; x_wconf 88' lang='lat' dir='ltr'><strong>Gnostici</strong></span> <span class='ocrx_word' id='word_1_755' title='bbox 1894 4840 2059 4909; x_wconf 86' lang='lat' dir='ltr'><strong>igitur</strong></span> 
     </span>
    </p>
   </div>
   <div class='ocr_carea' id='block_1_97' title="bbox 479 4930 2059 5002">
    <p class='ocr_par' dir='ltr' id='par_1_97' title="bbox 479 4930 2059 5002">
     <span class='ocr_line' id='line_1_97' title="bbox 479 4930 2059 5002; baseline 0.001 -15"><span class='ocrx_word' id='word_1_756' title='bbox 479 4933 701 4987; x_wconf 85' lang='lat' dir='ltr'><strong>fuerunt</strong></span> <span class='ocrx_word' id='word_1_757' title='bbox 726 4930 1238 4986; x_wconf 81' lang='lat' dir='ltr'><strong>Valentinianorum</strong></span> <span class='ocrx_word' id='word_1_758' title='bbox 1269 4937 1557 5000; x_wconf 89' lang='lat' dir='ltr'><strong>parentes;</strong></span> <span class='ocrx_word' id='word_1_759' title='bbox 1601 4931 1670 4985; x_wconf 89' lang='lat' dir='ltr'><strong>ab</strong></span> <span class='ocrx_word' id='word_1_760' title='bbox 1709 4931 1815 4987; x_wconf 90' lang='lat' dir='ltr'><strong>illis</strong></span> <span class='ocrx_word' id='word_1_761' title='bbox 1859 4932 1912 4985; x_wconf 90' lang='lat' dir='ltr'><strong>hi</strong></span> <span class='ocrx_word' id='word_1_762' title='bbox 1950 4933 2059 5002; x_wconf 88' lang='lat' dir='ltr'><strong>pri-</strong></span> 
     </span>
    </p>
   </div>
   <div class='ocr_carea' id='block_1_98' title="bbox 479 5022 2055 5094">
    <p class='ocr_par' dir='ltr' id='par_1_98' title="bbox 479 5022 2055 5094">
     <span class='ocr_line' id='line_1_98' title="bbox 479 5022 2055 5094; baseline -0.001 -14"><span class='ocrx_word' id='word_1_763' title='bbox 479 5039 600 5080; x_wconf 88' lang='lat' dir='ltr'><strong>mas</strong></span> <span class='ocrx_word' id='word_1_764' title='bbox 641 5034 754 5078; x_wconf 87' lang='lat' dir='ltr'><strong>tres</strong></span> <span class='ocrx_word' id='word_1_765' title='bbox 794 5023 1044 5094; x_wconf 72' lang='lat' dir='ltr'><strong>syzygias</strong></span> <span class='ocrx_word' id='word_1_766' title='bbox 1089 5030 1277 5092; x_wconf 86' lang='lat' dir='ltr'><strong>aperte</strong></span> <span class='ocrx_word' id='word_1_767' title='bbox 1307 5029 1679 5091; x_wconf 88' lang='lat' dir='ltr'><strong>sumpserunt,</strong></span> <span class='ocrx_word' id='word_1_768' title='bbox 1726 5023 1842 5078; x_wconf 89' lang='lat' dir='ltr'><strong>sive</strong></span> <span class='ocrx_word' id='word_1_769' title='bbox 1889 5022 2055 5078; x_wconf 86' lang='lat' dir='ltr'><strong>furati</strong></span> 
     </span>
    </p>
   </div>
   <div class='ocr_carea' id='block_1_99' title="bbox 478 5108 2057 5184">
    <p class='ocr_par' dir='ltr' id='par_1_99' title="bbox 478 5108 2057 5184">
     <span class='ocr_line' id='line_1_99' title="bbox 478 5108 2057 5184; baseline -0.003 -12"><span class='ocrx_word' id='word_1_770' title='bbox 478 5122 642 5180; x_wconf 87' lang='lat' dir='ltr'><strong>sunt;</strong></span> <span class='ocrx_word' id='word_1_771' title='bbox 672 5129 849 5184; x_wconf 87' lang='lat' dir='ltr'><strong>neque</strong></span> <span class='ocrx_word' id='word_1_772' title='bbox 878 5114 991 5168; x_wconf 63' lang='lat' dir='ltr'><strong>haec</strong></span> <span class='ocrx_word' id='word_1_773' title='bbox 1018 5113 1161 5168; x_wconf 91' lang='lat' dir='ltr'><strong>male</strong></span> <span class='ocrx_word' id='word_1_774' title='bbox 1187 5108 1437 5168; x_wconf 87' lang='lat' dir='ltr'><strong>ferebant</strong></span> <span class='ocrx_word' id='word_1_775' title='bbox 1466 5111 1744 5180; x_wconf 86' lang='lat' dir='ltr'><strong>Gnostici;</strong></span> <span class='ocrx_word' id='word_1_776' title='bbox 1789 5115 1885 5168; x_wconf 93' lang='lat' dir='ltr'><strong>sed</strong></span> <span class='ocrx_word' id='word_1_777' title='bbox 1929 5114 2057 5168; x_wconf 87' lang='lat' dir='ltr'><strong>mali</strong></span> 
     </span>
    </p>
   </div>
   <div class='ocr_carea' id='block_1_100' title="bbox 479 5204 2059 5276">
    <p class='ocr_par' dir='ltr' id='par_1_100' title="bbox 479 5204 2059 5276">
     <span class='ocr_line' id='line_1_100' title="bbox 479 5204 2059 5276; baseline -0.002 -13"><span class='ocrx_word' id='word_1_778' title='bbox 479 5208 612 5263; x_wconf 89' lang='lat' dir='ltr'><strong>furti</strong></span> <span class='ocrx_word' id='word_1_779' title='bbox 651 5220 750 5262; x_wconf 91' lang='lat' dir='ltr'><strong>eos</strong></span> <span class='ocrx_word' id='word_1_780' title='bbox 795 5206 1166 5270; x_wconf 81' lang='lat' dir='ltr'><strong>accusabant,</strong></span> <span class='ocrx_word' id='word_1_781' title='bbox 1201 5206 1347 5275; x_wconf 91' lang='lat' dir='ltr'><strong>quod</strong></span> <span class='ocrx_word' id='word_1_782' title='bbox 1388 5205 1666 5276; x_wconf 81' lang='lat' dir='ltr'><strong>syzygiam</strong></span> <span class='ocrx_word' id='word_1_783' title='bbox 1707 5204 1960 5262; x_wconf 83' lang='lat' dir='ltr'><strong>Hominis</strong></span> <span class='ocrx_word' id='word_1_784' title='bbox 2004 5212 2059 5260; x_wconf 87' lang='lat' dir='ltr'><strong>ct</strong></span> 
     </span>
    </p>
   </div>
   <div class='ocr_carea' id='block_1_101' title="bbox 478 5296 2059 5370">
    <p class='ocr_par' dir='ltr' id='par_1_101' title="bbox 478 5296 2059 5370">
     <span class='ocr_line' id='line_1_101' title="bbox 478 5296 2059 5370; baseline -0.001 -15"><span class='ocrx_word' id='word_1_785' title='bbox 478 5299 738 5356; x_wconf 66' lang='lat' dir='ltr'><strong>Ecclesiae</strong></span> <span class='ocrx_word' id='word_1_786' title='bbox 766 5306 890 5368; x_wconf 89' lang='lat' dir='ltr'><strong>post</strong></span> <span class='ocrx_word' id='word_1_787' title='bbox 918 5297 1067 5352; x_wconf 90' lang='lat' dir='ltr'><strong>illam</strong></span> <span class='ocrx_word' id='word_1_788' title='bbox 1101 5296 1266 5353; x_wconf 87' lang='lat' dir='ltr'><strong>Verbi</strong></span> <span class='ocrx_word' id='word_1_789' title='bbox 1297 5302 1352 5353; x_wconf 87' lang='lat' dir='ltr'><strong>et</strong></span> <span class='ocrx_word' id='word_1_790' title='bbox 1389 5296 1528 5353; x_wconf 65' lang='lat' dir='ltr'><strong>Vita;</strong></span> <span class='ocrx_word' id='word_1_791' title='bbox 1554 5300 1875 5370; x_wconf 85' lang='lat' dir='ltr'><strong>posuerint;</strong></span> <span class='ocrx_word' id='word_1_792' title='bbox 1913 5297 2059 5354; x_wconf 90' lang='lat' dir='ltr'><strong>unde</strong></span> 
     </span>
    </p>
   </div>
   <div class='ocr_carea' id='block_1_102' title="bbox 478 5387 2060 5460">
    <p class='ocr_par' dir='ltr' id='par_1_102' title="bbox 478 5387 2060 5460">
     <span class='ocr_line' id='line_1_102' title="bbox 478 5387 2060 5460; baseline 0.001 -15"><span class='ocrx_word' id='word_1_793' title='bbox 478 5387 969 5460; x_wconf 88' lang='lat' dir='ltr'><strong>postValentinum</strong></span> <span class='ocrx_word' id='word_1_794' title='bbox 993 5388 1150 5443; x_wconf 89' lang='lat' dir='ltr'><strong>multi</strong></span> <span class='ocrx_word' id='word_1_795' title='bbox 1173 5388 1294 5459; x_wconf 88' lang='lat' dir='ltr'><strong>ejus</strong></span> <span class='ocrx_word' id='word_1_796' title='bbox 1314 5389 1567 5458; x_wconf 91' lang='lat' dir='ltr'><strong>discipuli</strong></span> <span class='ocrx_word' id='word_1_797' title='bbox 1600 5405 1632 5444; x_wconf 93' lang='lat' dir='ltr'><strong>a</strong></span> <span class='ocrx_word' id='word_1_798' title='bbox 1667 5389 1942 5447; x_wconf 87' lang='lat' dir='ltr'><strong>Cnosticis</strong></span> <span class='ocrx_word' id='word_1_799' title='bbox 1963 5391 2060 5447; x_wconf 88' lang='lat' dir='ltr'><strong>ad-</strong></span> 
     </span>
    </p>
   </div>
   <div class='ocr_carea' id='block_1_103' title="bbox 479 5480 2060 5550">
    <p class='ocr_par' dir='ltr' id='par_1_103' title="bbox 479 5480 2060 5550">
     <span class='ocr_line' id='line_1_103' title="bbox 479 5480 2060 5550; baseline 0.001 -14"><span class='ocrx_word' id='word_1_800' title='bbox 479 5480 674 5536; x_wconf 81' lang='lat' dir='ltr'><strong>moniti</strong></span> <span class='ocrx_word' id='word_1_801' title='bbox 702 5480 949 5550; x_wconf 83' lang='lat' dir='ltr'><strong>magistri</strong></span> <span class='ocrx_word' id='word_1_802' title='bbox 979 5481 1065 5536; x_wconf 87' lang='lat' dir='ltr'><strong>sui</strong></span> <span class='ocrx_word' id='word_1_803' title='bbox 1095 5480 1343 5537; x_wconf 84' lang='lat' dir='ltr'><strong>ordinem</strong></span> <span class='ocrx_word' id='word_1_804' title='bbox 1379 5482 1759 5550; x_wconf 90' lang='lat' dir='ltr'><strong>immutarunt,</strong></span> <span class='ocrx_word' id='word_1_805' title='bbox 1785 5493 1840 5539; x_wconf 90' lang='lat' dir='ltr'><strong>et</strong></span> <span class='ocrx_word' id='word_1_806' title='bbox 1871 5483 2060 5540; x_wconf 86' lang='lat' dir='ltr'><strong>Homi—</strong></span> 
     </span>
    </p>
   </div>
   <div class='ocr_carea' id='block_1_104' title="bbox 481 5569 2057 5645">
    <p class='ocr_par' dir='ltr' id='par_1_104' title="bbox 481 5569 2057 5645">
     <span class='ocr_line' id='line_1_104' title="bbox 481 5569 2057 5645; baseline 0.004 -19"><span class='ocrx_word' id='word_1_807' title='bbox 481 5584 606 5626; x_wconf 87' lang='lat' dir='ltr'><strong>nem</strong></span> <span class='ocrx_word' id='word_1_808' title='bbox 633 5579 687 5624; x_wconf 89' lang='lat' dir='ltr'><strong>et</strong></span> <span class='ocrx_word' id='word_1_809' title='bbox 708 5569 1008 5626; x_wconf 89' lang='lat' dir='ltr'><strong>Ecclesiam</strong></span> <span class='ocrx_word' id='word_1_810' title='bbox 1036 5581 1163 5626; x_wconf 92' lang='lat' dir='ltr'><strong>ante</strong></span> <span class='ocrx_word' id='word_1_811' title='bbox 1185 5570 1422 5627; x_wconf 82' lang='lat' dir='ltr'><strong>Verbum</strong></span> <span class='ocrx_word' id='word_1_812' title='bbox 1449 5583 1504 5628; x_wconf 90' lang='lat' dir='ltr'><strong>et</strong></span> <span class='ocrx_word' id='word_1_813' title='bbox 1525 5572 1703 5628; x_wconf 84' lang='lat' dir='ltr'><strong>Vitam</strong></span> <span class='ocrx_word' id='word_1_814' title='bbox 1736 5587 2057 5645; x_wconf 90' lang='lat' dir='ltr'><strong>posuerunt,</strong></span> 
     </span>
    </p>
   </div>
   <div class='ocr_carea' id='block_1_105' title="bbox 480 5655 1824 5733">
    <p class='ocr_par' dir='ltr' id='par_1_105' title="bbox 480 5655 1824 5733">
     <span class='ocr_line' id='line_1_105' title="bbox 480 5655 1824 5733; baseline 0.004 -20"><span class='ocrx_word' id='word_1_815' title='bbox 480 5666 643 5723; x_wconf 77' lang='lat' dir='ltr'><strong>atque</strong></span> <span class='ocrx_word' id='word_1_816' title='bbox 672 5659 745 5712; x_wconf 89' lang='lat' dir='ltr'><strong>ita</strong></span> <span class='ocrx_word' id='word_1_817' title='bbox 773 5655 960 5730; x_wconf 83' lang='lat' dir='ltr'><strong>Logon</strong></span> <span class='ocrx_word' id='word_1_818' title='bbox 991 5675 1021 5714; x_wconf 74' lang='grc' dir='ltr'>ει</span> <span class='ocrx_word' id='word_1_819' title='bbox 1051 5657 1176 5732; x_wconf 85' lang='lat' dir='ltr'><strong>Sige</strong></span> <span class='ocrx_word' id='word_1_820' title='bbox 1210 5661 1425 5733; x_wconf 89' lang='lat' dir='ltr'><strong>longius</strong></span> <span class='ocrx_word' id='word_1_821' title='bbox 1454 5676 1824 5726; x_wconf 79' lang='lat' dir='ltr'><strong>seniovcrunt.</strong></span> 
     </span>
    </p>
   </div>
   <div class='ocr_carea' id='block_1_106' title="bbox 2156 4465 3750 4537">
    <p class='ocr_par' dir='ltr' id='par_1_106' title="bbox 2156 4465 3750 4537">
     <span class='ocr_line' id='line_1_106' title="bbox 2156 4465 3750 4537; baseline 0.006 -17"><span class='ocrx_word' id='word_1_822' title='bbox 2156 4465 2276 4535; x_wconf 89' lang='lat' dir='ltr'><strong>ejus</strong></span> <span class='ocrx_word' id='word_1_823' title='bbox 2301 4466 2629 4530; x_wconf 88' lang='lat' dir='ltr'><strong>ostenditur,</strong></span> <span class='ocrx_word' id='word_1_824' title='bbox 2661 4476 2717 4520; x_wconf 90' lang='lat' dir='ltr'><strong>et</strong></span> <span class='ocrx_word' id='word_1_825' title='bbox 2744 4483 2852 4521; x_wconf 90' lang='lat' dir='ltr'><strong>non</strong></span> <span class='ocrx_word' id='word_1_826' title='bbox 2877 4467 2924 4523; x_wconf 88' lang='lat' dir='ltr'><strong>is</strong></span> <span class='ocrx_word' id='word_1_827' title='bbox 2947 4468 3040 4537; x_wconf 92' lang='lat' dir='ltr'><strong>qui</strong></span> <span class='ocrx_word' id='word_1_828' title='bbox 3071 4484 3102 4522; x_wconf 89' lang='lat' dir='ltr'><strong>a</strong></span> <span class='ocrx_word' id='word_1_829' title='bbox 3122 4467 3418 4535; x_wconf 82' lang='lat' dir='ltr'><strong>Marcione,</strong></span> <span class='ocrx_word' id='word_1_830' title='bbox 3449 4473 3534 4526; x_wconf 88' lang='lat' dir='ltr'><strong>vel</strong></span> <span class='ocrx_word' id='word_1_831' title='bbox 3567 4489 3601 4528; x_wconf 91' lang='lat' dir='ltr'><strong>a</strong></span> <span class='ocrx_word' id='word_1_832' title='bbox 3636 4474 3750 4529; x_wconf 85' lang='lat' dir='ltr'><strong>Va-</strong></span> 
     </span>
    </p>
   </div>
   <div class='ocr_carea' id='block_1_107' title="bbox 2156 4557 3737 4632">
    <p class='ocr_par' dir='ltr' id='par_1_107' title="bbox 2156 4557 3737 4632">
     <span class='ocr_line' id='line_1_107' title="bbox 2156 4557 3737 4632; baseline 0.007 -20"><span class='ocrx_word' id='word_1_833' title='bbox 2156 4557 2388 4623; x_wconf 87' lang='lat' dir='ltr'><strong>lentino,</strong></span> <span class='ocrx_word' id='word_1_834' title='bbox 2427 4567 2522 4612; x_wconf 88' lang='lat' dir='ltr'><strong>aut</strong></span> <span class='ocrx_word' id='word_1_835' title='bbox 2553 4573 2584 4612; x_wconf 92' lang='lat' dir='ltr'><strong>a</strong></span> <span class='ocrx_word' id='word_1_836' title='bbox 2625 4557 2882 4625; x_wconf 85' lang='lat' dir='ltr'><strong>Basilide,</strong></span> <span class='ocrx_word' id='word_1_837' title='bbox 2915 4569 3010 4615; x_wconf 90' lang='lat' dir='ltr'><strong>aut</strong></span> <span class='ocrx_word' id='word_1_838' title='bbox 3043 4577 3075 4615; x_wconf 91' lang='lat' dir='ltr'><strong>a</strong></span> <span class='ocrx_word' id='word_1_839' title='bbox 3105 4561 3458 4632; x_wconf 87' lang='lat' dir='ltr'><strong>Carpocrate,</strong></span> <span class='ocrx_word' id='word_1_840' title='bbox 3499 4575 3602 4620; x_wconf 86' lang='lat' dir='ltr'><strong>aut</strong></span> <span class='ocrx_word' id='word_1_841' title='bbox 3650 4567 3737 4623; x_wconf 79' lang='lat' dir='ltr'><strong>Si-</strong></span> 
     </span>
    </p>
   </div>
   <div class='ocr_carea' id='block_1_108' title="bbox 2157 4651 3744 4724">
    <p class='ocr_par' dir='ltr' id='par_1_108' title="bbox 2157 4651 3744 4724">
     <span class='ocr_line' id='line_1_108' title="bbox 2157 4651 3744 4724; baseline 0.007 -19"><span class='ocrx_word' id='word_1_842' title='bbox 2157 4666 2341 4714; x_wconf 90' lang='lat' dir='ltr'><strong>mone,</strong></span> <span class='ocrx_word' id='word_1_843' title='bbox 2373 4659 2469 4705; x_wconf 89' lang='lat' dir='ltr'><strong>aut</strong></span> <span class='ocrx_word' id='word_1_844' title='bbox 2488 4651 2715 4721; x_wconf 89' lang='lat' dir='ltr'><strong>reliquis</strong></span> <span class='ocrx_word' id='word_1_845' title='bbox 2741 4651 2882 4708; x_wconf 90' lang='lat' dir='ltr'><strong>falso</strong></span> <span class='ocrx_word' id='word_1_846' title='bbox 2911 4655 3239 4724; x_wconf 88' lang='lat' dir='ltr'><strong>cognomine</strong></span> <span class='ocrx_word' id='word_1_847' title='bbox 3269 4656 3548 4714; x_wconf 81' lang='lat' dir='ltr'><strong>Gnosticis</strong></span> <span class='ocrx_word' id='word_1_848' title='bbox 3573 4662 3744 4715; x_wconf 88' lang='lat' dir='ltr'><strong>adin-</strong></span> 
     </span>
    </p>
   </div>
   <div class='ocr_carea' id='block_1_109' title="bbox 2155 4742 3750 4812">
    <p class='ocr_par' dir='ltr' id='par_1_109' title="bbox 2155 4742 3750 4812">
     <span class='ocr_line' id='line_1_109' title="bbox 2155 4742 3750 4812; baseline 0.006 -15"><span class='ocrx_word' id='word_1_849' title='bbox 2155 4754 2349 4798; x_wconf 86' lang='lat' dir='ltr'><strong>ventus</strong></span> <span class='ocrx_word' id='word_1_850' title='bbox 2377 4751 2464 4799; x_wconf 87' lang='lat' dir='ltr'><strong>est</strong></span> <span class='ocrx_word' id='word_1_851' title='bbox 2495 4742 2668 4798; x_wconf 86' lang='lat' dir='ltr'><strong>falsus</strong></span> <span class='ocrx_word' id='word_1_852' title='bbox 2695 4743 2876 4800; x_wconf 87' lang='lat' dir='ltr'><strong>Pater.</strong></span> <span class='ocrx_word' id='word_1_853' title='bbox 2914 4765 2934 4797; x_wconf 75' lang='grc' dir='ltr'><strong>ι</strong></span> <span class='ocrx_word' id='word_1_854' title='bbox 2967 4745 3072 4812; x_wconf 79' lang='lat' dir='ltr'><strong>Qui</strong></span> <span class='ocrx_word' id='word_1_855' title='bbox 3102 4748 3257 4803; x_wconf 91' lang='lat' dir='ltr'><strong>locus</strong></span> <span class='ocrx_word' id='word_1_856' title='bbox 3291 4750 3481 4805; x_wconf 67' lang='lat' dir='ltr'><strong>Irenaei</strong></span> <span class='ocrx_word' id='word_1_857' title='bbox 3513 4750 3750 4809; x_wconf 85' lang='lat' dir='ltr'><strong>Gnosti—</strong></span> 
     </span>
    </p>
   </div>
   <div class='ocr_carea' id='block_1_110' title="bbox 2157 4833 3747 4908">
    <p class='ocr_par' dir='ltr' id='par_1_110' title="bbox 2157 4833 3747 4908">
     <span class='ocr_line' id='line_1_110' title="bbox 2157 4833 3747 4908; baseline 0.007 -19"><span class='ocrx_word' id='word_1_858' title='bbox 2157 4848 2254 4889; x_wconf 91' lang='lat' dir='ltr'><strong>cos</strong></span> <span class='ocrx_word' id='word_1_859' title='bbox 2281 4849 2404 4888; x_wconf 90' lang='lat' dir='ltr'><strong>cum</strong></span> <span class='ocrx_word' id='word_1_860' title='bbox 2438 4833 2660 4889; x_wconf 90' lang='lat' dir='ltr'><strong>Simone</strong></span> <span class='ocrx_word' id='word_1_861' title='bbox 2680 4836 3020 4905; x_wconf 82' lang='lat' dir='ltr'><strong>conjungens</strong></span> <span class='ocrx_word' id='word_1_862' title='bbox 3048 4840 3210 4908; x_wconf 89' lang='lat' dir='ltr'><strong>(quos</strong></span> <span class='ocrx_word' id='word_1_863' title='bbox 3231 4840 3361 4895; x_wconf 87' lang='lat' dir='ltr'><strong>alibi</strong></span> <span class='ocrx_word' id='word_1_864' title='bbox 3387 4858 3534 4897; x_wconf 89' lang='lat' dir='ltr'><strong>nunc</strong></span> <span class='ocrx_word' id='word_1_865' title='bbox 3554 4844 3747 4900; x_wconf 80' lang='lat' dir='ltr'><strong>Simo-</strong></span> 
     </span>
    </p>
   </div>
   <div class='ocr_carea' id='block_1_111' title="bbox 2157 4923 3745 4999">
    <p class='ocr_par' dir='ltr' id='par_1_111' title="bbox 2157 4923 3745 4999">
     <span class='ocr_line' id='line_1_111' title="bbox 2157 4923 3745 4999; baseline 0.008 -18"><span class='ocrx_word' id='word_1_866' title='bbox 2157 4925 2245 4982; x_wconf 88' lang='lat' dir='ltr'><strong>nis</strong></span> <span class='ocrx_word' id='word_1_867' title='bbox 2275 4940 2423 4979; x_wconf 89' lang='lat' dir='ltr'><strong>nunc</strong></span> <span class='ocrx_word' id='word_1_868' title='bbox 2448 4923 2726 4980; x_wconf 82' lang='lat' dir='ltr'><strong>Menandri</strong></span> <span class='ocrx_word' id='word_1_869' title='bbox 2761 4927 3061 4998; x_wconf 91' lang='lat' dir='ltr'><strong>discipulos</strong></span> <span class='ocrx_word' id='word_1_870' title='bbox 3084 4933 3259 4999; x_wconf 86' lang='lat' dir='ltr'><strong>vocat)</strong></span> <span class='ocrx_word' id='word_1_871' title='bbox 3287 4948 3396 4986; x_wconf 91' lang='lat' dir='ltr'><strong>non</strong></span> <span class='ocrx_word' id='word_1_872' title='bbox 3432 4943 3654 4990; x_wconf 88' lang='lat' dir='ltr'><strong>tantum</strong></span> <span class='ocrx_word' id='word_1_873' title='bbox 3691 4938 3745 4992; x_wconf 90' lang='lat' dir='ltr'><strong>id</strong></span> 
     </span>
    </p>
   </div>
   <div class='ocr_carea' id='block_1_112' title="bbox 2157 5017 3744 5099">
    <p class='ocr_par' dir='ltr' id='par_1_112' title="bbox 2157 5017 3744 5099">
     <span class='ocr_line' id='line_1_112' title="bbox 2157 5017 3744 5099; baseline 0.009 -30"><span class='ocrx_word' id='word_1_874' title='bbox 2157 5017 2302 5087; x_wconf 86' lang='lat' dir='ltr'><strong>quod</strong></span> <span class='ocrx_word' id='word_1_875' title='bbox 2334 5017 2590 5072; x_wconf 75' lang='lat' dir='ltr'><strong>volumus</strong></span> <span class='ocrx_word' id='word_1_876' title='bbox 2625 5020 2838 5087; x_wconf 90' lang='lat' dir='ltr'><strong>probat,</strong></span> <span class='ocrx_word' id='word_1_877' title='bbox 2874 5021 2970 5075; x_wconf 87' lang='lat' dir='ltr'><strong>sed</strong></span> <span class='ocrx_word' id='word_1_878' title='bbox 2991 5033 3047 5076; x_wconf 92' lang='lat' dir='ltr'><strong>et</strong></span> <span class='ocrx_word' id='word_1_879' title='bbox 3075 5024 3310 5077; x_wconf 86' lang='lat' dir='ltr'><strong>ostendit</strong></span> <span class='ocrx_word' id='word_1_880' title='bbox 3333 5039 3431 5080; x_wconf 87' lang='lat' dir='ltr'><strong>eos</strong></span> <span class='ocrx_word' id='word_1_881' title='bbox 3469 5027 3566 5096; x_wconf 88' lang='lat' dir='ltr'><strong>qui</strong></span> <span class='ocrx_word' id='word_1_882' title='bbox 3597 5044 3744 5099; x_wconf 82' lang='lat' dir='ltr'><strong>gno-</strong></span> 
     </span>
    </p>
   </div>
   <div class='ocr_carea' id='block_1_113' title="bbox 2159 5113 3742 5184">
    <p class='ocr_par' dir='ltr' id='par_1_113' title="bbox 2159 5113 3742 5184">
     <span class='ocr_line' id='line_1_113' title="bbox 2159 5113 3742 5184; baseline 0.006 -16"><span class='ocrx_word' id='word_1_883' title='bbox 2159 5113 2294 5168; x_wconf 86' lang='lat' dir='ltr'><strong>stica</strong></span> <span class='ocrx_word' id='word_1_884' title='bbox 2329 5125 2479 5182; x_wconf 88' lang='lat' dir='ltr'><strong>peste</strong></span> <span class='ocrx_word' id='word_1_885' title='bbox 2510 5113 2810 5183; x_wconf 87' lang='lat' dir='ltr'><strong>apostolica</strong></span> <span class='ocrx_word' id='word_1_886' title='bbox 2836 5121 3083 5184; x_wconf 88' lang='lat' dir='ltr'><strong>tempora</strong></span> <span class='ocrx_word' id='word_1_887' title='bbox 3129 5117 3398 5170; x_wconf 87' lang='lat' dir='ltr'><strong>maculata</strong></span> <span class='ocrx_word' id='word_1_888' title='bbox 3429 5116 3610 5176; x_wconf 89' lang='lat' dir='ltr'><strong>fuisse</strong></span> <span class='ocrx_word' id='word_1_889' title='bbox 3635 5123 3742 5178; x_wconf 79' lang='lat' dir='ltr'><strong>do-</strong></span> 
     </span>
    </p>
   </div>
   <div class='ocr_carea' id='block_1_114' title="bbox 2157 5205 3743 5275">
    <p class='ocr_par' dir='ltr' id='par_1_114' title="bbox 2157 5205 3743 5275">
     <span class='ocr_line' id='line_1_114' title="bbox 2157 5205 3743 5275; baseline 0.004 -15"><span class='ocrx_word' id='word_1_890' title='bbox 2157 5214 2409 5269; x_wconf 84' lang='lat' dir='ltr'><strong>cuerunt,</strong></span> <span class='ocrx_word' id='word_1_891' title='bbox 2445 5219 2555 5261; x_wconf 89' lang='lat' dir='ltr'><strong>non</strong></span> <span class='ocrx_word' id='word_1_892' title='bbox 2579 5205 2695 5261; x_wconf 90' lang='lat' dir='ltr'><strong>suis</strong></span> <span class='ocrx_word' id='word_1_893' title='bbox 2723 5206 3082 5275; x_wconf 87' lang='lat' dir='ltr'><strong>conjecturis,</strong></span> <span class='ocrx_word' id='word_1_894' title='bbox 3122 5207 3215 5262; x_wconf 88' lang='lat' dir='ltr'><strong>sed</strong></span> <span class='ocrx_word' id='word_1_895' title='bbox 3246 5220 3494 5264; x_wconf 88' lang='lat' dir='ltr'><strong>veterum</strong></span> <span class='ocrx_word' id='word_1_896' title='bbox 3535 5223 3743 5269; x_wconf 86' lang='lat' dir='ltr'><strong>aucto-</strong></span> 
     </span>
    </p>
   </div>
   <div class='ocr_carea' id='block_1_115' title="bbox 2155 5297 3745 5368">
    <p class='ocr_par' dir='ltr' id='par_1_115' title="bbox 2155 5297 3745 5368">
     <span class='ocr_line' id='line_1_115' title="bbox 2155 5297 3745 5368; baseline 0.007 -17"><span class='ocrx_word' id='word_1_897' title='bbox 2155 5297 2315 5352; x_wconf 88' lang='lat' dir='ltr'><strong>ritate</strong></span> <span class='ocrx_word' id='word_1_898' title='bbox 2348 5297 2467 5352; x_wconf 90' lang='lat' dir='ltr'><strong>niti.</strong></span> <span class='ocrx_word' id='word_1_899' title='bbox 2496 5297 2562 5354; x_wconf 87' lang='lat' dir='ltr'><strong>Et</strong></span> <span class='ocrx_word' id='word_1_900' title='bbox 2594 5307 2888 5368; x_wconf 91' lang='lat' dir='ltr'><strong>utrumque</strong></span> <span class='ocrx_word' id='word_1_901' title='bbox 2911 5300 3271 5354; x_wconf 80' lang='lat' dir='ltr'><strong>confirmatur</strong></span> <span class='ocrx_word' id='word_1_902' title='bbox 3292 5302 3364 5356; x_wconf 90' lang='lat' dir='ltr'><strong>ab</strong></span> <span class='ocrx_word' id='word_1_903' title='bbox 3397 5303 3592 5359; x_wconf 86' lang='lat' dir='ltr'><strong>eodem</strong></span> <span class='ocrx_word' id='word_1_904' title='bbox 3625 5307 3745 5362; x_wconf 85' lang='lat' dir='ltr'><strong>Ire-</strong></span> 
     </span>
    </p>
   </div>
   <div class='ocr_carea' id='block_1_116' title="bbox 2156 5389 3742 5457">
    <p class='ocr_par' dir='ltr' id='par_1_116' title="bbox 2156 5389 3742 5457">
     <span class='ocr_line' id='line_1_116' title="bbox 2156 5389 3742 5457; baseline 0.005 -13"><span class='ocrx_word' id='word_1_905' title='bbox 2156 5404 2275 5444; x_wconf 69' lang='grc' dir='ltr'>ιικο</span> <span class='ocrx_word' id='word_1_906' title='bbox 2304 5389 2399 5444; x_wconf 88' lang='lat' dir='ltr'><strong>lib.</strong></span> <span class='ocrx_word' id='word_1_907' title='bbox 2437 5405 2519 5457; x_wconf 88' lang='grc' dir='ltr'>ιιι,</span> <span class='ocrx_word' id='word_1_908' title='bbox 2551 5405 2600 5444; x_wconf 91' lang='lat' dir='ltr'><strong>c.</strong></span> <span class='ocrx_word' id='word_1_909' title='bbox 2631 5390 2692 5444; x_wconf 78' lang='grc'><strong>11</strong></span> <span class='ocrx_word' id='word_1_910' title='bbox 2722 5405 2735 5440; x_wconf 92' lang='lat'>:</span> <span class='ocrx_word' id='word_1_911' title='bbox 2782 5408 2800 5441; x_wconf 76' lang='grc' dir='ltr'><strong>ι</strong></span> <span class='ocrx_word' id='word_1_912' title='bbox 2825 5389 2978 5445; x_wconf 82' lang='lat' dir='ltr'><strong>Hane</strong></span> <span class='ocrx_word' id='word_1_913' title='bbox 3007 5390 3168 5446; x_wconf 87' lang='lat' dir='ltr'><strong>fidem</strong></span> <span class='ocrx_word' id='word_1_914' title='bbox 3202 5393 3540 5451; x_wconf 89' lang='lat' dir='ltr'><strong>annuntians</strong></span> <span class='ocrx_word' id='word_1_915' title='bbox 3565 5393 3742 5452; x_wconf 67' lang='lat' dir='ltr'><strong>Joano</strong></span> 
     </span>
    </p>
   </div>
   <div class='ocr_carea' id='block_1_117' title="bbox 2157 5481 3745 5558">
    <p class='ocr_par' dir='ltr' id='par_1_117' title="bbox 2157 5481 3745 5558">
     <span class='ocr_line' id='line_1_117' title="bbox 2157 5481 3745 5558; baseline 0.006 -22"><span class='ocrx_word' id='word_1_916' title='bbox 2157 5497 2253 5537; x_wconf 90' lang='lat' dir='ltr'><strong>nes</strong></span> <span class='ocrx_word' id='word_1_917' title='bbox 2281 5481 2491 5538; x_wconf 89' lang='lat' dir='ltr'><strong>Domini</strong></span> <span class='ocrx_word' id='word_1_918' title='bbox 2519 5483 2843 5552; x_wconf 87' lang='lat' dir='ltr'><strong>discipulus.</strong></span> <span class='ocrx_word' id='word_1_919' title='bbox 2876 5485 3064 5538; x_wconf 85' lang='lat' dir='ltr'><strong>volens</strong></span> <span class='ocrx_word' id='word_1_920' title='bbox 3094 5501 3192 5554; x_wconf 91' lang='lat' dir='ltr'><strong>per</strong></span> <span class='ocrx_word' id='word_1_921' title='bbox 3217 5485 3492 5558; x_wconf 81' lang='lat' dir='ltr'><strong>Evangelii</strong></span> <span class='ocrx_word' id='word_1_922' title='bbox 3514 5504 3745 5545; x_wconf 75' lang='lat' dir='ltr'><strong>annth</strong></span> 
     </span>
    </p>
   </div>
   <div class='ocr_carea' id='block_1_118' title="bbox 2157 5574 3745 5646">
    <p class='ocr_par' dir='ltr' id='par_1_118' title="bbox 2157 5574 3745 5646">
     <span class='ocr_line' id='line_1_118' title="bbox 2157 5574 3745 5646; baseline 0.006 -18"><span class='ocrx_word' id='word_1_923' title='bbox 2157 5575 2440 5628; x_wconf 86' lang='lat' dir='ltr'><strong>tiationem</strong></span> <span class='ocrx_word' id='word_1_924' title='bbox 2471 5574 2688 5630; x_wconf 89' lang='lat' dir='ltr'><strong>auferre</strong></span> <span class='ocrx_word' id='word_1_925' title='bbox 2714 5591 2840 5629; x_wconf 89' lang='lat' dir='ltr'><strong>eum</strong></span> <span class='ocrx_word' id='word_1_926' title='bbox 2873 5575 2969 5646; x_wconf 92' lang='lat' dir='ltr'><strong>qui</strong></span> <span class='ocrx_word' id='word_1_927' title='bbox 2999 5592 3030 5631; x_wconf 90' lang='lat' dir='ltr'><strong>a</strong></span> <span class='ocrx_word' id='word_1_928' title='bbox 3074 5577 3333 5634; x_wconf 82' lang='lat' dir='ltr'><strong>Cerintho</strong></span> <span class='ocrx_word' id='word_1_929' title='bbox 3373 5581 3745 5638; x_wconf 84' lang='lat' dir='ltr'><strong>inseminatus</strong></span> 
     </span>
    </p>
   </div>
   <div class='ocr_carea' id='block_1_119' title="bbox 2159 5669 3742 5749">
    <p class='ocr_par' dir='ltr' id='par_1_119' title="bbox 2159 5669 3742 5749">
     <span class='ocr_line' id='line_1_119' title="bbox 2159 5669 3742 5749; baseline 0.005 -23"><span class='ocrx_word' id='word_1_930' title='bbox 2159 5678 2276 5726; x_wconf 77' lang='lat' dir='ltr'><strong>erat</strong></span> <span class='ocrx_word' id='word_1_931' title='bbox 2310 5669 2626 5726; x_wconf 67' lang='lat' dir='ltr'><strong>ho-ninibus</strong></span> <span class='ocrx_word' id='word_1_932' title='bbox 2650 5683 2918 5742; x_wconf 87' lang='lat' dir='ltr'><strong>errorem,</strong></span> <span class='ocrx_word' id='word_1_933' title='bbox 2950 5679 3005 5726; x_wconf 89' lang='lat' dir='ltr'><strong>et</strong></span> <span class='ocrx_word' id='word_1_934' title='bbox 3048 5670 3220 5726; x_wconf 87' lang='lat' dir='ltr'><strong>multo</strong></span> <span class='ocrx_word' id='word_1_935' title='bbox 3249 5672 3404 5744; x_wconf 87' lang='lat' dir='ltr'><strong>prius</strong></span> <span class='ocrx_word' id='word_1_936' title='bbox 3428 5673 3501 5732; x_wconf 81' lang='lat' dir='ltr'><strong>ab</strong></span> <span class='ocrx_word' id='word_1_937' title='bbox 3527 5674 3621 5733; x_wconf 85' lang='lat' dir='ltr'><strong>bis</strong></span> <span class='ocrx_word' id='word_1_938' title='bbox 3645 5679 3742 5749; x_wconf 84' lang='lat' dir='ltr'><strong>qui</strong></span> 
     </span>
    </p>
   </div>
  </div>
