3848 6204
161 308 241 364 529

894 296 945 351 ι.
978 295 1346 351 PEARSONII
1377 292 1697 350 VlNDlCI/E
1739 288 2166 347 IGNATIANIE.
2211 321 2277 329 —-
2307 287 2487 342 PARS
2510 287 2575 341 Π.

3243 289 3347 342 350

159 425 368 479 dicuntur
395 414 672 478 Nicolaitae,
718 413 813 485 qui
853 422 985 471 sunt
1011 415 1190 470 vulsio
1218 415 1338 485 ejus
1369 429 1491 484 qua:
1524 413 1664 468 falso
1695 423 1738 476 Α
1772 428 1843 466 no
1866 411 1998 466 dicit
2033 411 2182 480 quod
2210 424 2370 464 nemo
2399 418 2526 462 ante
2552 423 2680 462 eum
2713 405 3026 471 afﬁrmavit,
3077 407 3349 476 cujusque

155 511 512 582 cognominatur
540 507 794 572 scientia;
827 513 888 560 ut
931 505 1292 562 confunderet
1319 521 1416 562 eos
1453 514 1509 561 et
1541 521 1664 561 sua-

157 606 271 659 deret
293 617 394 665 eos,
424 600 672 670 quoniam
707 614 851 654 unus
883 597 1028 653 Deus
1057 598 1154 668 qui
1183 599 1368 654 omnia
1411 597 1540 653 fecit
1565 614 1662 668 per

157 697 347 752 Verbum
369 709 537 758 suum,
563 701 615 748 et
634 707 739 747 non
767 693 1228 762 quemadmodum
1253 692 1330 746 illi
1351 693 1560 757 dicunt,
1584 692 1663 746 al-

157 801 294 844 terum
317 787 516 859 quidem
553 786 972 853 fabricatorem,
1011 785 1180 840 alium
1219 795 1403 841 autem
1443 785 1660 840 Patrem

157 880 378 933 Domini.)
408 877 462 932 Si
501 879 640 932 enim
675 877 974 933 Cerinthus
1004 885 1298 948 antequam
1339 875 1398 933 S.
1423 877 1663 933 Joannes

155 970 450 1040 Evangelium
491 971 801 1040 scripserit,
840 969 1277 1036 Fabricatorem,
1310 971 1364 1025 id
1400 981 1509 1038 est,
1559 969 1662 1026 De-

152 1065 374 1134 miurgum
424 1063 580 1117 alium
631 1079 663 1117 a
711 1061 872 1118 Patre
917 1062 1167 1128 Domini;
1203 1062 1251 1118 si
1307 1063 1478 1117 multo
1509 1063 1663 1133 prius

151 1156 260 1209 idem
281 1155 540 1210 docuerint
561 1152 876 1220 Nicolaitaa;
900 1155 945 1209 si
967 1152 1252 1210 Nicolaita:
1273 1151 1660 1209 Gnosticorum

149 1246 287 1302 vulsio
313 1245 498 1302 fuerint
521 1247 649 1317 (hoc
674 1255 758 1301 est
797 1247 1186 1318 Ἀπόσπασμα,
1217 1255 1279 1301 ut
1308 1257 1469 1316 puto;
1505 1244 1655 1300 Glos.

149 1337 195 1390 γ.
234 1339 586 1403 Ἀποσπασθὲν,
618 1338 896 1394 avulsum.
936 1339 1297 1403 Ἀπόσπασις,
1324 1339 1576 1405 avulsus;
1605 1351 1664 1394 ut

146 1444 255 1500 saepe
281 1430 497 1500 loquitur
529 1429 870 1500 Epiphanius
890 1473 904 1497 ,
948 1429 1168 1502 ’Δνέστη
1202 1431 1365 1484 πάλιν
1406 1430 1662 1494 Θεόδοτος

145 1537 206 1582 τις
233 1521 533 1592 ἀπόσπασμα
570 1522 832 1594 ὑπάρχων
866 1522 931 1575 ὲκ
961 1523 1060 1593 τῆς
1090 1522 1497 1594 προειρημένης
1538 1523 1663 1576 ἀλό-

143 1630 216 1679 γω
236 1612 488 1683 αἱρέσεως,
510 1624 563 1669 et
591 1631 607 1667 :
655 1613 752 1668 Ἐκ
786 1614 976 1668 τούτου
1005 1615 1054 1668 οἱ
1083 1615 1374 1686 Non-atavo).
1405 1617 1661 1669 ἀπόσπα-

146 1721 228 1774 stu
260 1703 395 1768 ὄντες
427 1705 634 1774 αὑτοῦ),
667 1718 966 1775 utrumque
1001 1707 1280 1776 sequitur,
1313 1715 1368 1760 et
1397 1715 1524 1762 ante
1558 1705 1661 1760 Va-

144 1794 354 1851 lentinum
375 1796 580 1868 aliquos
606 1799 867 1854 docuisse
901 1799 1072 1852 alium
1103 1813 1226 1854 esse
1263 1797 1434 1853 Deum
1465 1811 1661 1868 praeter
1695 1777 1733 1830 Β

143 1889 420 1957 Creatorem,
449 1900 501 1946 et
523 1892 821 1948 Gnosticos
857 1891 1160 1962 apostolica
1197 1900 1442 1962 tempora
1479 1902 1664 1946 conta-

145 1986 347 2041 minasse.
371 1985 562 2053 Quales
585 1996 748 2042 erant
779 1987 971 2042 Simon
1010 1996 1066 2042 et
1105 1987 1403 2043 Cerinthus
1431 1985 1664 2042 Nazian-

145 2091 260 2145 zeno,
276 2077 356 2132 τὸν
380 2079 482 2131 τῶν
511 2079 651 2132 ὅλων
680 2078 812 2133 Θεὸν
831 2080 1109 2150 τεμόντες,
1127 2080 1222 2134 καὶ
1250 2080 1390 2150 ὑπὲρ
1415 2079 1511 2132 τοῦ
1535 2080 1664 2148 ἀγα-

145 2167 209 2220 θοῧ
244 2168 310 2239 τῷ
353 2168 663 2241 δημιουργῷ
703 2169 1143 2242 πολεμήσαντες,
1184 2181 1245 2225 ut
1278 2172 1659 2237 ostendimus;

143 2261 284 2328 quales
312 2259 624 2332 Hymenaeus
647 2271 702 2318 et
723 2261 968 2317 Philetus
998 2262 1324 2333 Epiphanio,
1351 2263 1509 2319 ἄλλον
1531 2263 1662 2316 Θεὸν

143 2352 556 2421 καταγγέλλοντες,
593 2371 614 2406 ι
647 2353 820 2409 alium
852 2353 1022 2409 Deum
1063 2355 1479 2421 annuntiantes,
1511 2373 1529 2406 ι
1566 2355 1662 2411 καὶ

141 2444 333 2510 λέγοντες
374 2449 443 2518 μὴ
485 2449 548 2500 ὲκ
577 2446 717 2501 Θεοῦ
754 2445 1080 2518 γεγενῆσθαι
1121 2447 1213 2501 τὸν
1247 2447 1480 2518 κόσμον,
1525 2447 1664 2500 ἀλλὰ

142 2537 218 2588 ὑπὸ
241 2539 399 2609 ἀρχῶν
422 2541 511 2594 καὶ
535 2541 820 2608 ἐξουσιῶν,
857 2559 876 2592 ‹
901 2550 956 2596 et
985 2540 1230 2596 dicentes
1260 2541 1522 2596 mundum
1552 2556 1660 2596 non

140 2645 161 2682 ι
184 2629 272 2686 Deo
299 2647 408 2687 esse
436 2633 666 2697 factum,
691 2634 785 2688 sed
809 2649 841 2687 a
870 2633 1261 2704 principatibus
1303 2650 1369 2689 ac
1416 2644 1663 2704 potesta—

141 2720 267 2776 tibus.
298 2740 314 2773 ι
353 2721 594 2778 Posthaec
624 2724 765 2779 adeo
796 2732 982 2794 aperta
1027 2726 1344 2781 testimonia
1387 2726 1512 2796 quis
1540 2742 1660 2782 creo

140 2815 204 2868 det
225 2816 466 2871 neminem
496 2827 625 2873 ante
653 2816 1006 2873 Valentinum
1043 2819 1298 2874 docuisse
1327 2819 1496 2874 alium
1540 2835 1664 2876 esse

142 2902 267 2960 Deum
291 2918 472 2977 praeter
517 2908 872 2965 Creatorem?
919 2911 1224 2981 praesertim
1261 2927 1386 2967 cum
1427 2913 1495 2968 ad
1537 2928 1659 2968 eam

141 3000 503 3068 propositionem
525 3001 966 3059 conﬁrmandam
984 3004 1122 3058 nihil
1145 3005 1293 3059 aliud
1320 3005 1662 3061 attuleritvir

142 3090 453 3160 doctissimus,
477 3096 584 3152 nisi
616 3097 709 3152 illa
726 3099 914 3166 verba,
943 3117 963 3150 ι
987 3097 1044 3153 Si
1071 3091 1469 3154 Tertullianum
1499 3100 1661 3156 audi-
1689 3125 1731 3182 ο

140 3196 245 3238 mus.
282 3204 298 3237 ι
334 3187 399 3242 At
439 3185 764 3244 Tertulliani
813 3190 978 3246 verba
1013 3201 1203 3246 contra
1236 3201 1479 3247 veterum
1525 3207 1661 3248 con-

139 3289 310 3332 sensum
333 3281 626 3349 premenda
653 3297 765 3337 non
797 3293 954 3349 sunt;
994 3299 1170 3355 neque
1195 3285 1510 3352 dicendum,
1547 3285 1660 3340 Va-

139 3364 349 3426 lentinum
387 3383 440 3428 et
487 3373 826 3430 Marcionem
881 3377 1029 3432 solos
1061 3388 1115 3431 et
1143 3377 1353 3447 primos
1398 3379 1514 3434 haec
1563 3378 1662 3433 do-

141 3462 292 3530 cuisse,
317 3478 376 3518 ex
409 3466 582 3522 solius
629 3465 951 3522 Tertulliani
991 3470 1349 3536 auctoritate,
1385 3469 1480 3540 qui
1531 3471 1662 3525 alibi

142 3554 325 3620 primum
347 3556 681 3614 Marcionem
718 3559 833 3614 haec
857 3561 1164 3617 asseruisse
1192 3563 1289 3629 ait,
1321 3578 1447 3618 cum
1476 3571 1660 3617 tamen

141 3644 224 3711 ipse
269 3647 559 3706 Cerdonem
623 3649 924 3709 Marcionis
983 3655 1307 3727 magistrum
1373 3664 1659 3727 agnoscat.

145 3735 362 3806 «Habuit,
398 3742 607 3814 inquit,
640 3753 698 3799 et
737 3744 1040 3800 Cerdonem
1072 3749 1366 3817 quemdam
1398 3747 1663 3804 informa-

143 3834 269 3884 lorem
295 3835 526 3890 scandali
569 3835 760 3906 hujus.
787 3855 806 3888 ι
838 3835 976 3893 Cum
1005 3840 1153 3894 enim
1200 3838 1564 3897 Valentiniani
1608 3852 1666 3898 et

142 3915 417 3982 larcionitm
441 3927 769 3984 Tertulliani
799 3945 917 3984 aevo
942 3931 1182 3986 maxime
1207 3933 1449 3988 celebres
1492 3933 1662 3988 haere-

142 4015 207 4068 tici
228 4017 425 4088 fuerint,
453 4023 677 4092 quoties
705 4022 774 4078 de
817 4023 1116 4080 haaresihus
1157 4025 1429 4095 disputat,
1461 4027 1530 4081 ad
1566 4042 1661 4082 eos

141 4103 224 4162 fere
247 4111 508 4180 collineat,
543 4125 602 4170 et
643 4113 996 4171 Valentinum
1035 4131 1102 4172 ac
1139 4117 1473 4176 Marcionem
1503 4121 1658 4192 quasi

142 4200 529 4274 Dfincipesferit;
553 4208 808 4278 quamvis
826 4217 880 4264 et
899 4209 1016 4280 ipse
1035 4225 1356 4281 praecoques
1376 4223 1429 4268 et
1451 4214 1628 4268 aborti
1641 4244 1660 4256 -

143 4305 212 4348 vos
246 4295 576 4357 llarcionitas
629 4302 736 4356 sub
781 4302 1041 4372 apostolis
1071 4314 1355 4374 agnoscat,
1405 4303 1636 4362 Docetas

143 4387 325 4457 scilicet;
347 4403 555 4461 poterat
587 4403 772 4448 autem
790 4405 844 4448 et
871 4395 1008 4451 alios
1036 4410 1162 4450 cum
1190 4397 1466 4452 veteribus
1490 4413 1661 4468 agno-

1765 505 2107 559 contrarium
2169 503 2326 556 multi
2375 511 2755 556 asseruerunt.
2800 498 3098 552 Attulimus
3155 513 3348 553 eorum

1764 597 2098 660 testimonia,
2129 597 2222 666 qui
2251 595 2454 650 diserte
2483 595 2789 649 docuerunt
2821 592 3056 662 primam
3094 591 3342 662 ogdoada

1763 704 1794 744 a
1837 690 2113 745 veteribus
2162 687 2440 743 Gnosticis
2497 687 2768 757 proditam
2819 684 3010 750 fuisse,
3046 684 3251 738 decada
3292 692 3349 739 et

1761 783 2076 837 duodecada
2101 798 2132 836 a
2157 781 2444 836 Valentino
2475 780 2711 835 additas.
2742 779 3097 834 Ostendimus
3128 793 3195 832 ex
3228 776 3342 832 Ire-

1763 890 1882 929 naeo
1906 873 2027 928 Nun
2057 884 2112 928 et
2135 875 2389 929 Alethian
2428 889 2492 929 ex
2526 873 2701 944 Bytho
2725 879 2780 926 et
2813 871 2938 942 Sige
2974 871 3244 941 prodiisse
3268 885 3350 924 se-

1762 968 2003 1022 cundum
2051 976 2267 1022 veteres
2324 965 2656 1032 Gnosticos;
2709 964 3124 1019 Valentinianos
3176 962 3350 1017 fuisse

1762 1059 1941 1126 fures,
1989 1069 2044 1114 et
2087 1059 2306 1130 quidem
2353 1059 2474 1113 ideo
2507 1059 2681 1113 malos
2707 1100 2720 1122 ,
2763 1074 2872 1112 non
2907 1057 3232 1127 quod'hanc
3265 1064 3348 1109 te-

1761 1155 1916 1208 trada
1965 1153 2180 1211 abillis
2224 1151 2568 1222 acceperint,
2610 1152 2705 1207 sed
2743 1151 2890 1221 quod
2933 1151 3230 1206 secundam
3277 1158 3350 1204 te-

1765 1245 1916 1299 trada
1949 1245 2088 1300 male
2109 1244 2457 1308 tradiderint,
2487 1244 2633 1314 quod
2658 1259 2725 1298 ex
2759 1243 2908 1314 Logo
2931 1253 2986 1298 et
3017 1243 3126 1298 Zoe
3156 1241 3348 1297 llomi-

1764 1355 1887 1394 nem
1928 1347 1985 1394 et
2022 1338 2324 1394 Ecclesium
2361 1339 2670 1396 eduxerint.
2713 1339 2795 1394 Ad
2835 1355 2936 1395 sua
2967 1339 3346 1394 conﬁrmanda

1762 1433 1900 1488 nihil
1927 1433 2080 1487 aliud
2123 1431 2347 1488 adducit
2382 1433 2466 1486 vir
2492 1433 2875 1498 doctissimus,
2903 1447 3065 1502 quam
3097 1432 3244 1501 quod
3289 1431 3346 1486 in

1761 1526 2020 1582 omnibus
2050 1527 2119 1582 ab
2145 1526 2346 1582 Irenaeo
2374 1527 2618 1581 recitatis
2648 1527 3028 1581 haereticorum
3054 1523 3346 1580 Valentino

1763 1621 2122 1676 vetustiorum
2164 1619 2496 1692 Theogoniis
2533 1635 2642 1674 non
2683 1629 2943 1689 appareat
2973 1618 3106 1690 Logi
3148 1635 3178 1674 e
3220 1617 3347 1688 Sige

1763 1713 2021 1777 emissio;
2050 1713 2126 1768 ita
2163 1714 2232 1768 ad
2266 1714 2319 1768 id
2350 1712 2497 1783 quod
2529 1711 2765 1768 afﬁrmat
2789 1711 3177 1768 stabiliendum
3207 1713 3346 1766 nihil

1762 1807 1988 1860 omnino
2014 1807 2260 1869 adducit,
2294 1806 2363 1860 ad
2394 1805 2446 1860 id
2475 1805 2624 1875 quod
2649 1811 2811 1875 negat
2840 1805 2977 1860 nihil
3013 1805 3162 1862 aliud
3187 1805 3347 1861 aﬁ‘ert

1763 1913 1928 1966 quam
1959 1899 2144 1954 lrenaei
2176 1899 2230 1953 in
2267 1897 2628 1954 contexendis
2667 1897 3000 1969 genealogiis
3039 1898 3340 1954 silentium.

1763 1986 1828 2043 Et
1863 1991 2084 2059 quidem
2121 1990 2167 2046 si
2210 1989 2450 2046 lrenaaus
2501 1990 2696 2044 nullibi
2734 1989 2785 2044 id
2825 1989 3156 2058 indicasset,
3195 1993 3344 2062 quod

1763 2097 1866 2138 nos
1895 2082 2268 2150 alﬁrmamus,
2310 2085 2356 2138 si
2397 2083 2746 2153 genealogias
2779 2084 3027 2138 omnium
3069 2085 3348 2140 haeretico-

1761 2187 1885 2230 rum
1915 2177 2124 2246 integre
2149 2191 2274 2230 cum
2303 2175 2562 2230 omnibus
2588 2173 2862 2230 Eonibus
2892 2190 3196 2247 eorumque
3223 2193 3345 2233 om-

1762 2268 1926 2324 nibus
1978 2266 2296 2323 nominibus
2340 2276 2816 2337 reprmsentasset,
2871 2269 3079 2339 aliquid
3127 2271 3346 2329 roboris

1764 2360 1891 2415 huic
1918 2369 2244 2431 argumento
2285 2361 2522 2426 inesset,
2555 2360 2624 2414 ad
2666 2360 2828 2415 ﬁdem
2867 2361 3101 2423 aliorum
3138 2364 3346 2421 Irenaeo

1763 2452 2129 2522 posteriorum
2171 2453 2225 2507 in
2251 2453 2357 2508 hac
2386 2467 2444 2507 re
2472 2452 2814 2508 elevandam.
2845 2452 2986 2508 Cum
3015 2465 3197 2511 autem
3233 2474 3345 2513 non

1761 2550 1976 2598 tantum
2002 2545 2259 2610 .lrenaaus
2304 2545 2422 2615 ipse
2472 2545 2646 2600 multa
2686 2546 2866 2610 dicat,
2893 2563 3016 2618 qua:
3046 2548 3115 2602 ad
3150 2564 3345 2606 eorum

1763 2636 2087 2691 sententiam
2111 2676 2126 2704 ,
2157 2637 2253 2706 qui
2286 2637 2518 2707 primam
2546 2635 2962 2694 Oetonationem
3011 2640 3284 2698 Valentini
3312 2658 3346 2698 a

1762 2726 2041 2783 Gnosticis
2080 2739 2357 2799 sumptam
2398 2729 2705 2797 tradidere,
2748 2731 3182 2789 conﬁrmandam
3221 2751 3347 2806 spe-

1762 2829 1936 2887 ctant,
1968 2830 2028 2874 ut
2057 2821 2400 2877 ostendimus
2419 2838 2435 2889 ;
2454 2836 2581 2877 cum
2613 2822 2856 2894 integras
2877 2826 3125 2881 omnium
3147 2843 3348 2897 genea-

1763 2910 1935 2981 logias
1971 2913 2211 2968 lrenaaus
2246 2926 2358 2966 non
2391 2914 2896 2982 representaverit,
2929 2925 2988 2971 ut
3011 2917 3126 2986 jam
3155 2927 3344 2973 osten-

1763 3003 1988 3068 demus,
2038 3004 2250 3059 nullum
2303 3019 2533 3074 prorsus
2572 3005 2702 3061 huic
2741 3018 3065 3078 argumento
3108 3011 3219 3065 vim
3260 3014 3346 3066 in-

1763 3100 1886 3150 esse
1915 3095 2147 3165 quilibet
2167 3095 2448 3152 fatebitur.
2487 3095 2544 3151 Si
2569 3097 2716 3152 enim
2749 3087 2971 3170 integrzé
3000 3116 3109 3156 non
3140 3101 3347 3159 fuerint

1765 3187 2096 3257 genealogiae
2154 3187 2516 3257 singularium
2575 3189 2958 3246 haereticorum
3016 3194 3086 3248 ab
3139 3196 3346 3251 Irenaeo

1763 3282 2080 3349 propositae,
2116 3281 2163 3337 si
2188 3281 2319 3336 alibi
2351 3283 2468 3352 ipse
2499 3282 2770 3338 haereticis
2811 3285 3075 3341 attribuat
3117 3303 3242 3358 quae
3287 3289 3345 3346 in

1762 3375 2097 3446 genealogiis
2136 3389 2330 3432 eorum
2380 3391 2490 3431 non
2522 3376 2899 3444 inveniuntur,
2927 3380 2974 3435 si
3000 3381 3254 3437 similiter
3287 3385 3345 3446 in

1763 3465 1832 3521 iis
1857 3466 2025 3520 etiam
2049 3465 2144 3535 qui
2184 3463 2533 3522 Valentinum
2562 3467 2737 3522 secuti
2771 3478 2901 3523 sunt
2932 3473 3219 3529 sententiis
3249 3476 3347 3530 de-

1764 3557 2067 3614 scribendis
2089 3557 2264 3611 multa
2285 3557 2631 3624 omittantur,
2650 3574 2773 3628 qua:
2792 3559 2900 3616 illis
2918 3562 3206 3618 tribuenda
3221 3581 3347 3622 esse

1764 3665 1925 3705 nemo
1949 3649 2290 3717 difﬁtebitur,
2316 3649 2365 3705 si
2407 3650 2524 3705 haec
2554 3651 2742 3706 omnia
2786 3657 3100 3711 necessario
3128 3673 3194 3712 ex
3227 3659 3344 3729 ipsa

1765 3744 1975 3798 ratione
2000 3743 2296 3808 scribendi,
2335 3759 2500 3814 quam
2531 3745 2619 3800 ille
2642 3747 2928 3817 amplexus
2967 3759 3072 3816 est,
3106 3767 3346 3822 sequan-

1765 3846 1880 3902 tur;
1925 3837 2074 3892 nulla
2122 3852 2247 3892 cum
2278 3839 2491 3893 ratione
2519 3853 2580 3893 ea
2623 3839 2808 3895 omnia
2851 3843 3074 3898 nomina
3105 3846 3344 3916 cuipiam
3420 3851 3430 3860 ’

1764 3927 2082 4000 deneganda
2108 3938 2292 3993 erunt,
2321 3943 2446 4000 qua:
2475 3929 2530 3983 in
2563 3929 2684 4000 ejus
2706 3932 3037 4005 geneaIOgiis
3058 3937 3200 4006 apud
3233 3937 3339 3994 Ire.

1764 4035 1943 4074 natum
1993 4035 2102 4074 non
2133 4028 2418 4090 apparent.
2453 4018 2522 4074 Ut
2567 4031 2750 4076 autem
2800 4025 2944 4078 ratio
2972 4027 3244 4084 scribendi
3277 4030 3340 4086 ali

1764 4111 1971 4167 Irenaeo
1998 4113 2311 4180 observata,
2338 4128 2366 4167 a
2400 4112 2601 4168 Dallaao
2627 4114 2854 4173 minime
2893 4134 3161 4189 perpensa
3194 4132 3346 4192 pate-

1763 4206 1887 4270 fiat;
1918 4206 2152 4261 observo
2181 4206 2286 4260 viri
2314 4207 2621 4264 doctissimi
2652 4210 2817 4265 verba
2848 4226 2862 4262 :
2913 4230 2932 4263 σ
2959 4212 3208 4269 Primum
3247 4231 3346 4269 ca-

1765 4297 1864 4367 put
1907 4283 2372 4354 aid-Valentinum
2425 4303 2696 4371 pertinere
2720 4304 2962 4360 ostendit
2985 4315 3042 4360 et
3089 4309 3344 4377 praeﬁxus

1764 4393 1814 4445 ci
1847 4392 2055 4455 titulus,
2090 4401 2144 4446 et
2167 4391 2282 4460 ipsa
2311 4393 2492 4464 operis
2518 4397 2786 4464 prmfatio.
2825 4417 2845 4450 ι

142 4490 255 4534 scere
287 4481 627 4558 Demiurgum
668 4502 698 4540 a
745 4485 856 4542 Deo
887 4488 1215 4558 dividentes,
1255 4490 1352 4561 qui
1391 4507 1501 4547 non
1553 4492 1659 4546 mi-
1689 4477 1738 4537 D
1835 4485 1949 4540 lmo
1972 4501 2102 4539 vero
2118 4495 2172 4539 et
2192 4485 2439 4555 praefatio
2465 4499 2518 4541 et
2534 4488 2794 4545 tituluset
2817 4492 3011 4561 capitis
3036 4493 3209 4563 ipsius
3229 4504 3343 4552 tota

141 4584 216 4624 nus
237 4585 372 4631 erant
399 4577 737 4634 Marcionita:
761 4581 1052 4651 praecoqui.

193 4665 465 4726 Secundum
515 4671 707 4727 Dallaai
754 4684 1134 4744 argumentum
1177 4684 1308 4732 est:
1358 4695 1376 4728 ε
1411 4675 1661 4731 Haeretici

142 4754 371 4818 Valentino
391 4767 726 4820 vetustiores
744 4780 936 4822 omnes
963 4782 1022 4822 se
1043 4768 1146 4838 ipsi
1170 4769 1446 4841 negabunt
1474 4767 1662 4839 Logon

144 4849 260 4924 δῆμε
278 4859 352 4912 vel
379 4860 549 4914 ﬁlium
578 4860 669 4914 vel
698 4871 946 4930 nepotem
974 4861 1280 4918 induxisse.
1320 4883 1338 4916 ι
1376 4863 1656 4919 Fortasse.

144 4943 224 5002 Nos
244 4953 439 5019 quidem
467 4951 729 5020 fatemur,
763 4954 872 5010 imo
902 4956 1197 5024 probamus
1227 4972 1406 5027 neque
1433 4956 1659 5012 Gnosti-

146 5054 288 5098 eorum
312 5056 569 5110 veterum,
596 5061 776 5115 neque
799 5045 1307 5104 Valentinianorum
1329 5064 1661 5118 quemquam

146 5130 284 5202 Logon
313 5137 457 5210 Siges
493 5141 672 5196 ﬁlium
705 5139 1019 5203 induxisse,
1063 5141 1229 5209 idque
1259 5140 1549 5196 observatu
1577 5139 1663 5193 di-

147 5240 270 5290 gnum
287 5235 619 5289 ostendimus
643 5233 709 5288 ad
733 5235 1060 5289 sententiam
1081 5232 1264 5288 Dallaai
1285 5232 1656 5288 refellendam.

148 5317 222 5372 Sed
256 5339 412 5395 neque
439 5328 506 5382 de
539 5326 831 5396 nepotibus
869 5325 1027 5397 Siges
1059 5335 1155 5380 aut
1181 5325 1427 5380 Gnostici
1461 5325 1538 5378 illi
1567 5332 1664 5379 aut

149 5406 451 5472 Valentiniani
480 5420 781 5489 quidquam
816 5418 1183 5489 philosophati
1215 5426 1364 5473 sunt.
1397 5416 1537 5474 Cum
1571 5432 1663 5470 au-

149 5511 225 5560 tem
250 5511 401 5576 addit,
428 5528 552 5567 eam
607 5513 849 5567 lauream
886 5511 1162 5567 Valentini
1211 5525 1368 5576 esse,
1407 5528 1424 5560 ι
1468 5511 1562 5580 qui
1593 5525 1660 5564 ex

151 5602 347 5659 omnibus
388 5605 770 5661 haresiarchis
837 5606 987 5660 illam
1042 5603 1283 5659 Eonum
1362 5603 1661 5674 ogdoadem

151 5691 347 5778 ptineeps
381 5701 710 5762 instituerit,
743 5700 797 5753 in
828 5714 936 5768 qua
971 5713 1038 5753 ex
1078 5697 1254 5769 Bytho
1296 5704 1350 5751 et
1391 5696 1517 5767 Sige
1567 5712 1662 5766 per

152 5777 240 5840 Non
262 5799 307 5845 et
324 5791 571 5848 Alethian
603 5791 779 5863 Logos
805 5809 930 5848 cum
962 5792 1068 5850 Zoe
1096 5795 1306 5865 prodit;
1346 5810 1364 5844 ι
1399 5792 1453 5849 id
1484 5793 1661 5848 omni-

439 5889 713 5951 Punon.
773 5888 894 5953 Gn.
953 5891 1026 5954 V.

1763 4582 1935 4636 series
1967 4580 2226 4644 ostendit,
2252 4581 2319 4634 ad
2344 4581 2518 4652 ipsius
2540 4583 2843 4654 discipulos
2871 4585 3003 4640 illud
3039 4588 3339 4656 pertinere,

1762 4691 1903 4746 quos
1937 4677 2005 4731 ab
2041 4678 2132 4732 illo
2157 4678 2212 4732 in
2245 4676 2664 4748 quamplurimis
2686 4677 2984 4732 descivisse
3013 4676 3206 4734 omnes
3239 4697 3340 4734 no»

1763 4778 1966 4823 tarunt.
1999 4768 2056 4822 ln
2089 4770 2207 4839 ipsa
2235 4767 2563 4824 Praafatione
2593 4778 2778 4836 aperte
2813 4769 3120 4838 proﬁtetur,
3160 4789 3178 4821 ε
3211 4788 3340 4827 cum

1763 4859 1983 4929 legisset
2010 4857 2446 4914 Commentarios
2473 4858 3211 4928 ipsorum,quemadmodum
3238 4863 3341 4932 ipsi

1763 4952 1974 5013 dicunt,
2011 4949 2284 5005 Valentini
2323 4950 2747 5020 discipulorum,
2781 4950 3110 5020 quibusdam
3158 4965 3338 5010 autem

1763 5043 2006 5114 ipsorum
2030 5053 2084 5099 et
2101 5058 2430 5115 congressus
2459 5062 2478 5094 ι
2509 5041 2723 5108 fuisset,
2753 5059 2944 5098 eorum
2969 5045 3108 5101 velle
3135 5062 3193 5102 se
3218 5063 3343 5101 sen-

1763 5137 1989 5190 tentiam
2011 5151 2307 5205 exponere,
2337 5135 2641 5204 praisertim
2672 5134 3154 5204 Ptolemaicorum,
3193 5139 3342 5208 quod

1763 5228 1941 5297 primo
1965 5228 2143 5297 capite
2170 5226 2320 5282 facit.
2358 5225 2543 5296 Neque
2565 5227 2709 5281 enim
2743 5243 2868 5282 cum
2899 5227 3183 5285 Valentino
3207 5246 3342 5286 con-

1764 5335 1983 5390 gressus
2009 5334 2248 5387 unquam
2279 5327 2390 5385 est;
2418 5334 2591 5388 neque
2616 5319 2735 5388 ejus
2762 5320 3220 5389 Commentarios,
3247 5325 3340 5378 sed

1764 5411 2041 5466 Ptolemaei
2095 5427 2160 5466 eo
2191 5412 2368 5480 capite
2396 5411 2650 5480 explicat.
2682 5411 2898 5466 Titulus
2945 5414 3135 5483 capitis
3179 5415 3250 5468 ita
3284 5431 3342 5469 se

1767 5506 1962 5561 habet:
1987 5523 2006 5556 ‹
2048 5503 2302 5559 Narratio
2332 5503 2512 5558 omnis
2534 5505 2840 5574 argumenti
2874 5505 3147 5560 Valentini
3178 5506 3343 5561 disci-

1765 5602 2039 5684 pulorum.
2079 5618 2096 5650 i
2132 5596 2312 5668 Caput
2350 5598 2529 5666 ipsum
2577 5598 2651 5652 ita
2699 5598 2910 5667 incipit,
2951 5598 3180 5667 Λέγουσι
3211 5603 3338 5676 γὰρ,

1774 5714 1791 5745 ι
1829 5685 2020 5748 dicunt
2066 5693 2236 5754 enim,
2274 5709 2291 5741 ι
2329 5689 2398 5744 ad
2449 5697 2728 5760 postrema
2780 5689 3128 5747 Praefationis
3174 5696 3337 5748 verba

1767 5787 2096 5860 respiciens,
2158 5785 2263 5840 ὑπὸ
2309 5785 2410 5856 τῆς
2460 5785 2682 5839 ἐκείνων
2741 5783 3121 5852 πιθανολογὶας
3177 5785 3342 5854 οὔσης

3012 5879 3079 5937 11
