3834 6206
372 297 380 306 ’
412 302 509 359 531

1507 287 1566 344 S.
1593 281 1947 343 lG‘NATlUS.
1975 313 2042 323 —
2061 279 2598 338 PROLEGOMENA.

3585 272 3699 328 55?.

403 422 686 493 τοιαύτης,
717 438 737 473 ι
761 419 831 476 ab
863 415 1081 474 illorum
1105 412 1328 472 suadela
1354 426 1479 484 quae
1505 419 1588 466 est
1609 409 1788 465 talis.»
1821 407 2004 462 Primo

2111 404 2233 476 jam
2256 403 2487 460 ulterius
2512 402 2740 461 detortis
2773 420 2788 458 :
2827 401 2889 456 '0
2921 400 3020 474 μὲν
3049 399 3160 473 γὰρ
3201 399 3419 472 πρῶτος
3449 397 3560 453 ἀπδ
3592 399 3700 470 τῆς

409 516 577 585 igitur
603 512 782 583 capite
806 510 1046 566 lrenaeus
1071 508 1124 561 in
1148 507 1336 562 animo
1361 502 1552 558 habuit
1581 499 1996 554 Valentiniano-

410 619 533 659 rum
592 603 840 659 scholam
872 601 996 656 fuse
1042 599 1359 669 depingere,
1391 604 1446 650 et
1496 605 1772 650 summam
1802 605 1997 644 eorum

410 694 677 750 doctrinae
693 709 817 748 cum
843 691 1102 747 omnibus
1121 691 1364 760 ipsorum
1387 685 1729 742 Eonibuset
1755 683 1996 738 IEonum

412 785 753 852 nominibus,
785 783 1120 853 reliquisque
1148 796 1272 851 quae
1305 779 1374 835 ad
1402 794 1595 836 eorum
1621 778 1854 833 haeresin
1875 791 2001 847 per-

413 877 684 940 tinebant,
715 874 880 930 simul
912 882 967 929 et
1014 873 1118 928 sub
1151 887 1261 926 uno
1291 871 1449 942 quasi
1482 881 1704 941 aspectu
1752 883 1996 940 ponere;

411 977 607 1038 postea
649 982 781 1022 vero
811 976 867 1021 et
898 965 1313 1029 Gnosticorum,
1358 979 1388 1018 a
1427 964 1627 1034 quibus
1658 977 1756 1018 sua
1796 962 1998 1016 hause-

413 1069 563 1123 runt,
591 1068 645 1113 et
672 1056 944 1112 Valentini
968 1055 1166 1126 ipsius,
1197 1065 1252 1110 et
1282 1054 1431 1110 illius
1463 1053 1865 1124 discipulorum
1891 1051 2002 1107 sin-

412 1150 631 1221 gulares
661 1149 959 1204 sententias
980 1147 1218 1202 breviter
1241 1159 1532 1216 exponere,
1551 1144 1698 1214 quod
1719 1158 1859 1214 opus
1889 1157 2000 1196 non

411 1251 559 1298 esset
589 1242 805 1310 singula
837 1242 1131 1310 attingere,
1180 1247 1235 1295 et
1262 1255 1387 1310 qua:
1411 1247 1570 1294 antea
1597 1237 1813 1292 dixerat
1845 1252 2001 1306 repe-

410 1340 547 1388 tere.
577 1330 766 1402 Neque
786 1331 953 1403 igitur
978 1345 1174 1387 omnes
1201 1345 1391 1385 eorum
1421 1329 1771 1400 genealogias
1807 1327 2000 1399 singu-

411 1425 566 1481 latim
593 1435 902 1488 euumerat,
935 1441 1116 1495 neque
1147 1424 1336 1480 omnia
1369 1423 1610 1479 lEonum
1657 1423 1884 1478 nomina
1909 1437 1999 1477 re-

413 1515 566 1572 citat.
599 1516 782 1582 Quare
807 1515 984 1584 capite
1009 1515 1231 1569 demum
1248 1513 1444 1584 quinto
1470 1513 1538 1568 de
1567 1511 1858 1567 Valentino
1880 1512 2001 1581 ipso

414 1613 546 1680 agit,
574 1617 636 1664 ut
663 1618 852 1679 postea
883 1608 949 1663 de
985 1607 1213 1678 reliquis
1241 1605 1555 1677 separatim,
1583 1615 1644 1661 ut
1672 1620 1865 1661 eorum
1888 1604 2000 1659 dif-
2050 1673 2052 1676 ν

415 1701 677 1757 ferentias
707 1709 882 1767 notet,
931 1708 987 1756 et
1033 1701 1278 1771 origines
1319 1699 1606 1766 observet;
1649 1713 1756 1752 non
1791 1707 1997 1764 autem,

2101 495 2403 568 λεγομένης
2427 496 2739 568 Γνωστικῆς
2773 496 3040 568 αἱρέσεως
3064 495 3166 558 τὰς
3196 493 3430 566 ἀρχαίας
3455 494 3536 555 εἰς
3562 491 3698 544 ἴδιον

2102 586 2432 659 χαρακτῆρα
2463 585 2810 649 διδασκαλίας
2845 583 3199 656 μεθαρμόσας
3224 580 3400 645 οὕτως
3422 579 3699 651 ὲξηροφό-

2107 693 2290 748 ρησεν.
2321 676 2440 731 Duo
2463 677 2592 731 hinc
2613 677 2680 731 ad
2709 676 3035 731 sententiam
3061 689 3221 730 suam
3250 671 3700 728 conﬁrmandam

2103 766 2282 834 allert,
2311 781 2482 821 unum
2521 780 2553 820 a
2587 763 2951 835 dispositione
2976 762 3130 818 vocis
3174 759 3412 832 πρῶτος,
3450 759 3700 813 alterum

2105 858 2175 912 ab
2227 857 2572 929 expositione
2619 856 2877 912 vocabuli
2938 853 3334 927 μεθαρμόσας,
3403 851 3698 906 inﬁrmum

2104 959 2401 1020 utrumque
2435 959 2488 1005 et
2529 959 2804 1005 coactum.
2859 947 3052 1002 Priora
3089 945 3374 1002 sententia:
3407 944 3575 999 verba
3619 943 3703 997 ita

2104 1044 2518 1114 interpretatur,
2553 1052 2616 1098 ut
2649 1061 2667 1094 ι
2706 1041 2894 1098 lrenaei
2933 1056 3089 1096 mens
3120 1039 3212 1106 sit,
3248 1037 3600 1094 Valentinum
3627 1053 3702 1092 ex

2104 1135 2195 1190 illa
2235 1134 2623 1190 Cnosticorum
2650 1133 2848 1189 haeresi
2886 1133 3122 1204 primum
3152 1131 3346 1193 fuisse,
3376 1131 3473 1200 qui
3497 1145 3566 1185 ex
3596 1145 3700 1184 ve-

2104 1226 2316 1281 teribus
2361 1225 2654 1290 doctrinis,
2705 1225 2775 1279 ad
2821 1240 2977 1280 suam
3019 1222 3258 1278 formam
3312 1223 3607 1278 translatis
3643 1232 3703 1276 et

2104 1320 2324 1389 aptatis,
2357 1318 2504 1389 quod
2527 1318 2754 1389 subjicit
2781 1317 2978 1389 dogma
3007 1315 3475 1373 tradiderit.»lioc
3504 1327 3700 1371 autem

2104 1423 2165 1468 ut
2201 1413 2365 1469 faciat
2401 1413 2560 1482 quasi
2590 1411 2778 1468 lrenaei
2805 1412 2968 1467 verba
3001 1411 3114 1466 haec
3153 1411 3398 1466 adducit.
3444 1409 3702 1465 Valenti-

2103 1523 2235 1562 num
2258 1525 2276 1558 ι
2297 1521 2362 1560 ex
2391 1505 2654 1561 Gnostica
2687 1504 2882 1560 haeresi
2919 1504 3161 1574 primum
3191 1503 3274 1558 sic
3302 1501 3644 1569 definivisse,
3671 1521 3695 1554 ο

2104 1613 2387 1670 perperam
2421 1607 2478 1653 et
2501 1597 2711 1652 dolose.
2739 1595 2880 1651 Tum
2903 1610 3036 1650 vero
3075 1593 3383 1660 Petavium,
3415 1594 3699 1665 interpre-

2104 1699 2213 1744 tem
2249 1689 2386 1745 satis
2424 1689 2733 1756 eruditum,
2779 1697 2834 1743 et
2876 1696 3007 1742 tunc
3048 1688 3316 1757 temporis
3351 1697 3525 1755 certe,
3562 1703 3700 1742 cum

416 1801 479 1848 ut
521 1793 639 1847 vult
671 1766 927 1860 Dallmus,
960 1809 979 1843 ι
1026 1766 1244 1846 duobus
1299 1791 1439 1845 locis
1472 1804 1691 1844 omnem
1723 1787 2001 1843 Valentini
2035 1766 2077 1825 Β
2105 1781 2402 1838 Usseriana
2429 1780 2676 1836 nondum
2707 1778 3064 1850 prodiissent,
3104 1778 3303 1850 ell‘ugia
3339 1779 3571 1833 minime
3601 1794 3702 1834 co-

418 1886 817 1957 matteologiam
853 1884 1100 1955 exponit.
1138 1903 1158 1936 ι
1189 1881 1288 1938 His
1329 1892 1478 1938 recte
1517 1882 1846 1946 observatis,
1876 1881 2003 1952 quis

417 1990 528 2032 non
557 1975 746 2032 statim
767 1975 1022 2047 intelligit
1039 1974 1097 2029 in
1115 1974 1488 2044 singularibus
1517 1981 1573 2030 et
1591 1971 2003 2039 Gnosticorum,

415 2077 472 2123 et
519 2066 819 2134 Valentini,
850 2078 905 2124 et
931 2068 1328 2138 discipulorum
1360 2067 1481 2138 ejus
1532 2065 1866 2138 genealogiis
1917 2078 2006 2120 rc-

417 2159 566 2230 quiri
626 2169 720 2214 aut
775 2159 1085 2230 exspectari
1135 2173 1246 2214 non
1302 2159 1502 2214 debere
1557 2172 1750 2214 omnes
1809 2170 2003 2212 eorum

419 2251 653 2319 Aleuas,
685 2257 782 2307 aut
803 2266 995 2306 eorum
1023 2251 1292 2308 nomina?
1331 2249 1479 2306 lnter
1508 2249 1718 2307 [Bonas
1747 2249 2006 2305 Basilidis

420 2345 712 2402 Valentino
745 2347 984 2402 senioris
1017 2355 1339 2402 numeratur
1387 2345 1634 2414 Ennma;
1670 2362 1792 2402 eam
1818 2353 2001 2401 autem

421 2437 591 2510 Sigen
625 2453 737 2494 non
767 2439 1086 2494 nominasse
1113 2437 1412 2494 Basilidem
1444 2440 1570 2509 quis
1600 2439 1729 2494 inde
1759 2439 2002 2509 colligat,

419 2531 570 2602 quod
600 2531 840 2586 lrenaeus
891 2530 996 2586 hoc
1041 2545 1150 2584 non
1181 2528 1440 2598 afﬁrmat,
1489 2545 1614 2586 cum
1650 2529 2002 2598 Ptolemaici,

419 2621 696 2678 Valentini
713 2620 988 2692 discipuli,
1005 2621 1060 2676 in
1079 2621 1324 2692 ipsorum
1342 2622 1625 2678 sententiae
1636 2623 2006 2694 descriptione

422 2715 595 2772 solam
647 2713 916 2770 Ennmam
962 2713 1127 2768 etiam
1175 2713 1438 2770 habuisse
1489 2715 2002 2786 deprehendantur,

423 2819 567 2876 quos
595 2817 779 2861 tamen
796 2804 1070 2859 Valentini
1089 2801 1250 2875 Sigen
1281 2807 1561 2875 respuisse
1583 2821 1746 2861 nemo
1763 2807 2004 2862 aﬂirma—

423 2897 546 2952 bit?
567 2895 729 2952 Certe
752 2910 919 2966 quam
941 2893 1210 2951 Ennmam
1239 2896 1415 2951 solam
1445 2897 1518 2952 ibi
1555 2896 1878 2954 Ptolemaici
1905 2913 2004 2954 vo-

421 2997 572 3057 cant,
596 2989 848 3046 eamdem
883 2987 1052 3043 etiam
1079 2987 1284 3044 Charin
1316 2989 1622 3060 appellasse
1644 2989 2002 3046 Ptolemaeum

419 3093 633 3140 certum
672 3082 893 3138 aliunde
917 3091 1031 3150 est;
1066 3081 1186 3153 ipse
1229 3082 1376 3139 enim
1425 3083 1482 3137 in
1510 3081 1816 3156 fragmento
1847 3085 1996 3155 quod
2033 3112 2077 3171 ο

424 3177 730 3233 etiamnum
762 3175 908 3246 apud
956 3173 1222 3231 Irenaeum
1259 3184 1456 3243 exstat,
1486 3177 1555 3233 de
1589 3175 1648 3231 S.
1684 3175 1896 3234 Joanne
1921 3179 2006 3234 lo-

421 3285 621 3340 quens,
667 3267 956 3340 Ἀκριϐὧς,
982 3267 1195 3338 inquit,
1241 3268 1335 3322 καὶ
1376 3267 1477 3341 τὴν
1519 3266 1741 3340 πρώτην
1771 3270 2008 3343 ἐμήνυσε

429 3361 686 3435 τετράδα,
710 3361 930 3434 Πατέρα
959 3359 1128 3414 εἰπὼν
1151 3362 1247 3416 καὶ
1271 3363 1467 3435 Χάριν,
1495 3361 1701 3416 καὶτὸν
1727 3363 2008 3437 Μονογενῆ

421 3455 520 3508 καὶ⁵
559 3453 862 3525 Ἀλήθειαν.
901 3472 920 3508 ι
954 3453 1250 3525 Diligenter
1282 3455 1450 3525 igitur
1486 3454 1726 3511 ostendit
1772 3458 2009 3527 primam

424 3549 930 3620 quaternationem,
967 3542 1183 3605 Patrem
1224 3543 1416 3600 dicens
1460 3553 1515 3601 et
1555 3544 1861 3613 Chariu,et
1890 3546 2008 3601 Mo-

423 3658 714 3713 nogenem,
746 3651 802 3699 et
825 3641 1147 3700 Veritatem.
1182 3661 1202 3695 ι
1224 3640 1283 3697 1η
1314 3639 1431 3714 ipsa
1459 3637 1784 3715 Genealogia
1811 3638 2011 3700 Valen-

424 3732 546 3797 tini,
573 3733 750 3802 capite
767 3733 981 3804 quinto,
1015 3733 1195 3804 primo
1225 3733 1346 3789 loco
1364 3734 1590 3804 ponitur
1618 3733 1762 3789 :Eon
1795 3735 2008 3805 primus

425 3821 532 3876 sub
583 3822 704 3878 solo
755 3823 979 3878 nomine
1012 3823 1298 3896 Ἀρρήτου,
1339 3840 1504 3895 quem
1535 3835 1724 3894 postea
1762 3826 2006 3895 quidem,

426 3913 522 3969 sed
551 3914 751 3982 obiter,
780 3913 973 3981 Βυθόν,
1012 3930 1121 3969 non
1159 3915 1430 3987 ’Δρρητον
1455 3917 1724 3972 nominat.
1751 3916 2008 3973 Basilidis

432 4004 811 4074 genealogiam
856 4004 1124 4073 integram
1149 4021 1258 4060 non
1284 4007 1534 4062 nominat
1564 4008 1802 4064 lrenaeus
1829 4028 1842 4062 :
1881 4025 2006 4064 nam

427 4102 565 4150 teste
594 4093 678 4149 Cl.
721 4095 1092 4151 Alexandrino
1137 4096 1398 4152 Stromat.
1447 4099 1542 4152 lib.
1583 4116 1658 4167 IV,
1691 4099 2008 4172 Βασιλείδης

427 4185 736 4250 ὑποστατὰς
765 4187 1119 4258 Δικαιοσύνην
1149 4205 1209 4241 τε
1254 4189 1344 4242 καὶ
1383 4189 1482 4261 τὴν
1529 4190 1803 4263 θυγατέρα
1840 4193 2010 4263 αὐτῆς

423 4279 525 4350 τὴν
556 4277 794 4348 Εἰρήνην
822 4275 1194 4348 ὑπολαμϐάνει
1227 4279 1284 4330 ὲν
1337 4280 1574 4348 Ὀγδοάδι
1610 4281 1791 4352 μένειν
1827 4283 2009 4336 διατε-

423 4368 722 4439 ταγμένας.
764 4387 783 4420 ι
819 4368 1086 4424 Basilides
1117 4380 1299 4424 autem
1333 4379 1447 4425 tum
1471 4369 1768 4440 Justitiam,
1802 4384 1920 4430 tum
1944 4375 2010 4430 ﬁ-

2107 1875 2394 1943 gitantem,
2448 1873 2687 1944 sugillat.
2734 1871 2942 1928 Petavii
2986 1871 3367 1942 interpretatio
3405 1872 3525 1927 haec
3553 1881 3644 1928 est
3678 1888 3695 1924 :

2111 1985 2131 2018 ι
2154 1965 2364 2020 Etenim
2387 1966 2482 2036 qui
2505 1981 2536 2020 a
2556 1964 2943 2020 Gnosticorum
2966 1964 3161 2019 haeresi
3189 1965 3512 2034 deprompta
3541 1979 3701 2034 qua:-

2108 2059 2233 2113 dam
2261 2058 2415 2112 initia
2432 2057 2645 2129 primus
2668 2057 2960 2128 peculiaris
2979 2056 3048 2112 ad
3077 2066 3238 2112 sectae
3254 2056 3490 2112 formam
3510 2067 3701 2113 trans-

2113 2151 2240 2206 tulit
2269 2148 2594 2206 Valentinus
2643 2149 2718 2204 ita
2763 2149 2972 2205 detinit.
3015 2167 3036 2224 ξ
3078 2149 3220 2216 Quid
3272 2149 3329 2204 in
3365 2149 3471 2204 hac
3516 2149 3698 2204 inter—

2105 2242 2416 2313 pretatione
2449 2242 2534 2296 vir
2555 2240 2910 2297 doctissimus
2949 2239 3338 2311 reprehendit?
3380 2259 3400 2292 ι
3437 2239 3700 2307 Frustra,

2107 2335 2310 2404 inquit,
2335 2333 2591 2390 Petavius
2625 2333 2792 2388 verba
2822 2333 2912 2387 illa
2943 2332 3052 2387 ἀπὸ
3082 2332 3185 2404 τῆς
3215 2332 3520 2404 λεγομένης
3546 2334 3700 2387 Γνω-

2109 2424 2303 2496 στικῆς
2328 2425 2593 2497 αἱρέσεως
2612 2439 2738 2480 cum
2759 2424 2925 2479 verbo
2953 2423 3305 2496 μεθαρμόσας
3326 2425 3696 2494 conjungens,

2109 2519 2190 2574 sic
2226 2517 2638 2588 interpretatur,
2674 2525 2736 2571 ut
2766 2516 2897 2572 velit
2927 2515 3278 2571 Valentinum
3313 2515 3544 2587 intelligi
3572 2517 3699 2570 illas

2107 2609 2391 2666 doctrinas
2423 2626 2487 2664 ex
2523 2608 2908 2666 Gnosticorum
2949 2609 3147 2665 haeresi
3195 2607 3692 2679 deprompsisse?»

2108 2700 2249 2768 Quid
2289 2701 2461 2756 vero?
2492 2717 2561 2756 an
2607 2701 2764 2757 aliter
2793 2699 3057 2756 Irenaeum
3092 2700 3441 2772 interpretari
3487 2703 3693 2772 potuit,

2109 2812 2274 2867 quam
2311 2805 2372 2852 ut
2405 2796 2509 2851 illa:
2529 2795 2792 2852 doctrinm
2826 2795 3086 2866 antiquae,
3111 2810 3251 2865 quas
3276 2795 3330 2850 in
3365 2811 3531 2852 suum
3561 2795 3695 2851 cha-

2109 2898 2404 2958 racterem,
2441 2889 2558 2945 sive
2586 2888 2880 2960 peculiaris
2932 2896 3096 2944 sectze
3142 2887 3373 2943 formam
3407 2890 3695 2944 transtulit

2111 2980 2503 3049 Valentinus,a
2524 2981 2713 3037 schola
2729 2991 2973 3037 veterum
3008 2979 3393 3036 Gnosticorum
3431 2983 3689 3052 deprom-

2113 3083 2222 3146 ptas
2249 3074 2401 3131 sint?
2421 3075 2506 3128 An
2542 3083 2755 3130 veteres
2779 3073 2884 3128 illa:
2905 3072 3169 3128 doctrinas
3195 3071 3324 3126 alibi
3351 3088 3518 3142 quam
3546 3071 3696 3142 apud-

2110 3165 2402 3223 Gnosticos
2443 3165 2765 3221 exstabant?
2815 3164 3052 3220 Dallmus
3105 3165 3224 3235 ipse
3271 3162 3450 3234 ipsam
3503 3177 3692 3220 rerum

2110 3259 2304 3315 silvam
2330 3267 2493 3328 atque
2513 3259 2904 3324 materiam,ex
2934 3274 3044 3328 qua
3069 3256 3393 3312 Valentinus
3416 3272 3517 3313 sua
3545 3272 3695 3312 com-

2110 3348 2318 3418 posuit,
2345 3347 2490 3418 apud
2525 3347 2856 3404 vetustiores
2903 3346 3197 3403 Gnosticos
3223 3347 3393 3402 fuisse
3414 3349 3688 3404 concedit.

2109 3438 2204 3494 llla
2225 3447 2410 3496 autem
2428 3454 2612 3495 rerum
2629 3439 2765 3494 silva
2788 3447 2956 3508 atque
2974 3439 3205 3493 materia
3222 3454 3290 3493 an
3307 3438 3514 3508 aliquid
3542 3439 3692 3493 aliud

2111 3532 2359 3598 fuerunt,
2391 3547 2558 3602 quam
2597 3531 2835 3602 antiqua:
2871 3531 3175 3587 doctrinae?
3199 3540 3290 3587 aut
3319 3531 3541 3587 aliunde
3570 3531 3695 3587 illas

2111 3627 2394 3686 transtulit
2416 3624 2764 3690 Valentinus,
2797 3639 2962 3698 quam
2994 3639 3062 3682 ex
3089 3625 3180 3680 illa
3233 3625 3428 3681 haeresi
3480 3626 3534 3681 in
3582 3641 3694 3696 qua

2109 3721 2442 3778 exstabant?
2470 3720 2616 3775 Nihil
2644 3719 2735 3775 hic
2766 3720 3048 3774 innovavit
3075 3718 3357 3785 Petavius,
3403 3717 3498 3774 sed
3547 3717 3693 3774 idem

2111 3815 2338 3869 omnino
2364 3813 2570 3880 voluit,
2605 3811 2750 3883 quod
2790 3826 2985 3867 omnes
3012 3823 3138 3867 ante
3180 3826 3308 3866 eum
3341 3810 3694 3881 interpretes,

2110 3909 2324 3970 Billius.
2350 3907 2668 3974 Carnarius,
2698 3905 2890 3973 Vetus,
2927 3905 3240 3970 voluerunt,
3263 3904 3409 3975 quod
3433 3905 3696 3969 lrenaeus,

2111 4001 2500 4068 Tertullianus,
2532 3999 2890 4072 Epiphanius,
2932 3999 3313 4054 Theodoretus
3368 3997 3694 4053 docuerant.

2110 4092 2266 4147 Certe
2301 4107 2425 4147 cum
2459 4090 2716 4159 Dallaeus,
2746 4100 2808 4146 ut
2836 4107 2901 4147 ea
2929 4091 3094 4146 verba
3121 4090 3230 4144 ἀπὸ
3261 4091 3360 4162 τῆς
3391 4090 3701 4162 λεγομένης

2109 4184 2421 4256 Γνωστικῆς
2472 4184 2739 4257 αἱρέσεως
2780 4201 2813 4239 a
2871 4199 3007 4240 voce
3071 4184 3426 4256 μεθαρμόσας
3478 4193 3704 4255 separet

2111 4285 2276 4348 atque
2305 4276 2607 4347 disjungat,
2637 4277 2826 4332 eadem
2861 4293 2986 4334 eum
3025 4293 3159 4334 voce
3200 4279 3421 4350 πρῶτος
3457 4281 3700 4351 conjun-

2110 4370 2220 4440 git,
2257 4378 2312 4424 et
2350 4389 2369 4422 ι
2413 4369 2654 4440 primum
2689 4388 2709 4422 ι
2743 4371 3057 4426 immediate
3099 4381 3222 4441 post
3250 4387 3315 4426 ea
3347 4373 3534 4440 verba,
3566 4393 3588 4426 ι
3628 4391 3700 4431 ex

426 4459 555 4513 liam
585 4459 706 4530 ejus
744 4458 940 4515 Pacem
956 4460 1114 4530 quasi
1140 4461 1499 4518 subsistentes
1531 4474 1687 4534 putat
1713 4466 1770 4520 in
1807 4468 2010 4538 ogdoa-
2039 4478 2086 4534 1)
2114 4461 2374 4517 Glloslica
2420 4462 2638 4530 haeresi,
2677 4481 2697 4515 ι
2731 4463 2915 4533 ponit.
2957 4470 3018 4518 ut
3054 4479 3166 4519 suae
3197 4463 3486 4535 hypolbesi
3525 4465 3704 4523 inser-

425 4551 495 4606 de
521 4566 747 4606 manere
771 4551 1070 4622 dispositas
1094 4571 1142 4621 ς»
1173 4569 1312 4624 quas
1333 4556 1478 4626 apud
1517 4554 1782 4612 Irenaeum
1803 4557 2007 4614 frustra

427 4659 666 4714 quaeras.
710 4642 792 4699 Ex
840 4643 1178 4715 imperfectis
1227 4646 1395 4718 igitur
1439 4656 1494 4703 et
1535 4649 1832 4706 decurtatis
1863 4652 2008 4722 apud

431 4735 695 4792 Irenaeum
723 4747 970 4794 veterum
995 4738 1381 4796 Gnosticorum
1417 4743 1752 4813 genealogiis
1794 4746 2008 4816 negati—

427 4844 559 4884 vum
605 4841 986 4902 argumentum
1033 4841 1180 4888 recte
1210 4832 1437 4889 formari
1470 4850 1581 4890 non
1623 4845 1819 4907 potest.
1859 4839 2010 4895 Prae-

429 4919 620 4975 sertim
645 4936 770 4975 cum
803 4922 858 4976 in
887 4923 980 4977 illa
1011 4921 1265 4979 Basilidis
1285 4933 1341 4980 et
1372 4925 1660 4993 Ennmam,
1683 4929 1798 4984 sive
1819 4928 2007 5000 Sigen,

429 5010 622 5084 Logon
651 5013 818 5068 etiam
854 5014 1058 5070 diserte
1083 5015 1385 5072 habeamus
1419 5019 1742 5089 descriptos.
1765 5020 1822 5074 ln
1849 5039 2010 5094 syzy-

430 5105 536 5175 giis
578 5105 823 5164 Simonis
869 5107 974 5163 fuit
1015 5111 1191 5182 φωνή,
1221 5126 1387 5179 quam
1423 5110 1676 5182 discipuli
1711 5114 1831 5184 ejus
1887 5125 2012 5186 post

430 5197 637 5253 editum
669 5197 728 5253 S.
756 5197 986 5256 Joannis
1017 5200 1370 5272 Evangeliqu
1395 5213 1678 5260 verterunt
1698 5205 1753 5259 in
1799 5206 1972 5276 Λόγον
1993 5249 2008 5275 ,

430 5295 485 5340 et
532 5301 629 5343 eos
655 5297 878 5345 secutus
911 5299 998 5346 est
1027 5290 1312 5347 Basilides.
1351 5292 1491 5348 Nam
1515 5297 1664 5366 quod
1715 5293 2008 5353 Basilidem

430 5377 562 5431 velit
591 5376 824 5434 Dallaeus
852 5389 979 5436 ante
999 5391 1228 5437 mortem
1255 5382 1448 5454 lgnatii
1477 5385 1706 5440 hazresin
1726 5401 1881 5440 suam
1901 5403 2008 5442 non

430 5467 764 5539 divulgasse,
793 5487 916 5527 eam
960 5475 1286 5531 sententiam
1314 5477 1570 5547 proximo
1595 5478 1775 5548 capite
1800 5477 2009 5534 refuta«

433 5559 636 5616 bimus.

505 5651 750 5710 Tertium
780 5656 855 5712 illi
878 5666 1266 5728 argumentum
1296 5675 1363 5714 ex
1391 5660 1573 5717 verbis
1596 5659 1783 5717 lrenazi
1816 5663 1935 5734 (lib.
1966 5680 2008 5728 ι,

434 5759 485 5798 c.
517 5745 573 5812 5)
598 5747 754 5818 prius
778 5763 808 5803 a
837 5749 1116 5808 Blondello
1135 5752 1382 5822 vexatis;
1414 5761 1468 5809 et
1490 5753 1559 5810 ad
1596 5753 1741 5811 illius
1772 5765 2007 5811 mentem

2112 4553 2247 4620 viat,
2285 4555 2467 4609 omnia
2509 4555 2668 4626 plane
2709 4555 3014 4615 confundit.
3039 4554 3175 4611 Nam
3209 4556 3300 4610 illa
3323 4572 3430 4612 vox
3452 4559 3698 4631 πρῶτος,

2111 4661 2179 4700 ex
2216 4656 2399 4702 mente
2441 4646 2660 4715 lrenzei,
2693 4664 2805 4703 non
2840 4649 2909 4704 ad
2950 4649 3180 4704 liaeresin
3212 4649 3566 4720 Gnosticam,
3602 4655 3702 4710 sed

2114 4740 2224 4796 alio
2253 4739 2529 4796 refertur:
2557 4740 2624 4795 ad
2651 4741 2888 4811 priorem
2935 4742 3143 4797 scilicet
3171 4744 3524 4810 sententiam,
3585 4762 3702 4801 non

2113 4841 2452 4902 sequentem.
2491 4833 2718 4904 Ἰδωμεν
2733 4832 2830 4886 νῦν
2848 4835 2942 4887 καὶ
2961 4833 3056 4905 τὴν
3078 4834 3282 4890 τούτων
3300 4836 3530 4890 ἄστατον
3556 4837 3705 4905 γνώ-

2115 4943 2222 4998 μην
2249 4925 2343 4979 δύο
2376 4944 2478 4980 που
2512 4927 2606 4981 καὶ
2637 4926 2804 4999 τριῶν
2835 4927 3025 4994 ὄντων,
3054 4928 3129 4992 ὼς
3153 4930 3283 5000 περὶ
3310 4929 3404 4983 τοῦ
3437 4931 3608 4986 αὐτοῦ
3639 4932 3702 4985 οὐ

2111 5019 2182 5072 τὰ
2219 5017 2358 5072 αὐτὰ
2380 5019 2648 5089 λέγουσιν,
2680 5019 2818 5072 ἀλλὰ
2853 5023 2964 5083 τοῖς
2993 5020 3282 5092 πράγμασι
3313 5024 3408 5076 καὶ
3438 5026 3552 5087 τοῖς
3581 5025 3701 5080 ὀνό-

2116 5128 2280 5183 μασιν
2301 5112 2518 5166 ἐναντία
2551 5113 2928 5181 ἀποφαίνουσι.
2967 5131 2987 5164 ι
3016 5109 3312 5170 Videamus
3333 5131 3482 5170 nunc
3508 5125 3566 5172 et
3594 5119 3701 5173 ho-

2113 5219 2259 5272 rum,
2293 5205 2551 5274 (quorum
2585 5204 2892 5259 doctrinam
2923 5205 3102 5274 primo
3136 5206 3314 5277 capite
3353 5207 3584 5265 dederat
3607 5225 3701 5266 ex-

2112 5296 2420 5366 plicatam),
2453 5297 2859 5354 inconstantem
2888 5302 3242 5370 sententiam,
3282 5317 3410 5357 cum
3439 5303 3552 5356 sint
3585 5304 3697 5358 duo

2114 5388 2196 5443 vel
2227 5397 2359 5452 tres,
2385 5389 2846 5458 quemadmodum
2876 5392 2944 5448 de
2981 5393 3186 5450 eisdem
3220 5409 3334 5450 non
3375 5395 3571 5451 eadem
3612 5396 3698 5452 di-

2112 5491 2279 5550 cunt;
2306 5483 2400 5537 sed
2437 5491 2490 5537 et
2517 5485 2833 5540 nominibus
2861 5494 2916 5540 et
2952 5487 3120 5543 rebus
3150 5497 3427 5544 contraria
3464 5505 3698 5561 respon-

2113 5573 2260 5629 dent.
2303 5594 2322 5626 »
2382 5573 2439 5628 '0
2464 5576 2562 5647 μὲν
2596 5575 2705 5649 γὰρ
2754 5577 2990 5650 πρῶτος,
3023 5599 3041 5632 ι
3072 5578 3176 5647 Qui
3223 5581 3372 5637 enim
3403 5583 3638 5652 primus.
3669 5601 3688 5634 ι

2114 5666 2198 5736 (ut
2231 5667 2362 5723 satis
2392 5667 2621 5723 fideliter
2653 5670 2887 5725 reddidit
2910 5681 3065 5727 vetus
3090 5672 3383 5744 interpres)
3411 5688 3480 5728 ex
3501 5674 3698 5744 paucis

2115 5759 2242 5828 illis,
2277 5761 2486 5817 scilicet
2515 5762 2729 5820 duobus
2765 5765 2848 5819 vel
2873 5765 3068 5833 tribus,
3097 5781 3332 5834 quorum
3365 5768 3694 5824 sententiain
