3848 6204
119 321 223 377 533

906 320 956 378 J.
985 318 1352 378 PEARSONII
1386 315 1713 375 VINDICLE
1765 314 2192 374 lGNATlANE.
2231 348 2301 360 —
2327 315 2508 374 PARS
2546 316 2611 373 ιι.

3285 324 3390 380 554

118 442 298 511 primo
319 441 506 514 capite
536 442 860 514 complexus
902 451 1008 510 est,
1036 441 1384 510 Valentinus,
1415 441 1702 508 nimirum,
1735 453 1780 508 Α
1809 437 1903 493 sed
1927 447 1988 494 ut
2009 437 2078 494 iis
2103 437 2432 494 sententiam
2460 453 2616 494 suam
2636 437 3091 496 illustrarent.De
3105 439 3392 512 discipulis

120 534 267 602 (nam
321 535 394 590 de
422 533 826 593 Valentinianis
851 547 906 591 et
932 535 1205 607 praecipue
1253 534 1605 591 Ptolemaicis
1642 549 1708 590 eo

117 629 294 698 capite
317 644 486 700 agere
516 629 850 696 instituerat,
885 645 1124 698 quorum
1169 627 1500 684 sententiam
1527 628 1708 682 ἀπάν-

117 722 288 792 θισμα
321 723 428 794 τῆς
478 722 830 776 Οὐαλεντίνου
854 723 1051 793 σχολῆς
1077 722 1330 793 appellat)
1351 741 1369 775 ι
1389 737 1419 776 a
1445 722 1707 778 Gnostica

117 813 310 868 haeresi
339 816 602 885 antiquas
627 814 680 868 in
704 815 983 886 pr0prium
1020 815 1393 871 characterem
1424 815 1707 872 doctrinas

124 905 497 972 transferens,
517 906 693 972 οὕτως
711 907 1112 981 ἐξηροςρόρησε.
1127 929 1146 962 ›
1164 909 1436 981 Corrupta
1466 926 1595 976 vox,
1620 912 1703 966 in-

117 997 233 1068 quit
261 997 562 1065 Petavius,
611 1000 665 1054 in
717 1015 824 1070 qua
868 998 1261 1056 divinationem
1311 1003 1546 1072 experiri
1593 1018 1704 1058 non

118 1100 292 1146 vacat.
337 1090 452 1148 Pro
495 1108 558 1148 ea
585 1093 754 1164 igitur
777 1093 904 1164 legit
942 1091 1321 1150 Hammondus
1350 1094 1702 1168 ἐξεφόρησεν,

114 1181 336 1239 lsaacus
362 1183 593 1240 Vossius
618 1184 811 1239 leviori
840 1186 1141 1242 mutatione
1163 1187 1552 1260 ἐληροφόρησε.
1595 1188 1702 1244 Sed

111 1272 302 1330 Billius
336 1285 502 1347 putat
531 1285 770 1334 veterem
806 1277 1151 1348 interpretem
1183 1280 1381 1352 legisse
1421 1281 1548 1352 ἔφη,
1590 1281 1703 1354 Ego

109 1367 289 1438 potius
305 1369 570 1424 existimo
598 1381 838 1427 veterem
869 1373 1217 1446 interpretem
1246 1390 1367 1430 eam
1394 1393 1559 1447 quam
1588 1377 1704 1448 ipse

111 1461 239 1531 legit
271 1475 474 1516 vocem
501 1463 728 1519 minime
755 1463 1112 1536 intellexisse,
1143 1468 1377 1539 ideoque
1421 1470 1700 1540 omisisse,

109 1551 253 1620 quod
282 1552 341 1608 id
370 1553 529 1609 salvo
553 1569 721 1610 sensu
755 1554 874 1610 ﬁeri
900 1557 1142 1626 potuisse
1165 1557 1401 1628 putavit.
1427 1556 1700 1615 Vetustis-

109 1643 305 1698 simam
336 1645 512 1715 igitur
547 1645 838 1702 lectionem
867 1647 1045 1703 sentio
1076 1647 1247 1704 fuisse
1268 1647 1698 1722 ὲξηροφόρησεν,

107 1748 158 1792 ει
179 1737 426 1793 fortasse
457 1738 527 1793 ab
560 1739 682 1809 ipso
712 1738 920 1796 Irenaeo
942 1740 1282 1811 profectam;
1309 1757 1436 1796 nam
1462 1742 1699 1815 ξηροφο-

109 1833 217 1900 ρείν
265 1831 418 1884 idem
457 1830 769 1902 signiﬁcare
825 1841 1004 1903 potest
1051 1834 1196 1904 quod
1219 1834 1425 1904 aliquid
1443 1851 1702 1893 enarrare

108 1923 300 1996 ξηραῖς
346 1924 587 1992 λέξεσιν,
617 1934 676 1979 ut
713 1924 891 1980 Graeci
920 1926 1244 1996 loquuntur.
1275 1925 1568 1998 Utcunque
1605 1928 1697 1990 sit,

107 2013 435 2072 Valentinus
456 2017 546 2072 hic
575 2017 897 2072 nominatur
916 2026 976 2072 ut
994 2033 1185 2073 eorum
1212 2020 1443 2089 primus,
1463 2035 1699 2090 quorum

108 2110 444 2165 sententiam
474 2108 718 2166 [renatus
761 2109 1066 2166 tradiderat
1096 2127 1109 2163 :
1144 2112 1414 2168 asseritur
1443 2128 1571 2168 eum
1597 2128 1700 2168 an-

108 2202 288 2270 tiquas
319 2202 618 2258 doetrinas
649 2218 718 2258 ex
754 2202 951 2258 haeresi
986 2203 1249 2259 Gnostica
1283 2205 1338 2258 in
1367 2219 1528 2260 suum
1567 2205 1700 2260 cha-

104 2302 371 2349 racterem
401 2294 782 2362 transtulisse;
801 2295 1031 2367 ejusque
1054 2296 1342 2352 character
1367 2297 1551 2353 statim
1575 2297 1700 2353 bre-

104 2389 234 2444 viter
263 2389 606 2460 explicatur,
639 2389 696 2445 in
719 2406 830 2461 quo
859 2391 1045 2461 aliqua
1071 2406 1139 2446 ex
1172 2390 1452 2448 Gnosticis
1498 2392 1696 2448 hausta

103 2483 484 2553 reperiuntur.
521 2481 766 2540 Tandem
801 2485 948 2540 clare
982 2485 1315 2556 perspicitur
1342 2502 1511 2557 quam
1550 2487 1698 2542 infir-

101 2591 248 2628 mum
281 2575 359 2630 sit
389 2573 581 2630 Πευεεί
607 2585 988 2647 argumentum
1012 2592 1080 2631 ex
1108 2592 1244 2632 voce
1279 2578 1496 2651 πρῶτος
1525 2578 1697 2635 dedu-

103 2677 269 2722 ctum.
284 2687 303 2719 ι
318 2666 381 2724 Si
404 2668 544 2735 haec,
559 2668 758 2738 inquit,
774 2666 1095 2726 Valentinus
1109 2684 1175 2724 ex
1189 2669 1466 2726 Gnosticis
1481 2671 1695 2742 primus

103 2758 378 2824 deﬁnivit,
402 2767 550 2816 certe
567 2760 754 2816 nullus
771 2770 898 2817 ante
926 2776 1052 2816 eum
1083 2760 1380 2822 Gnosticus
1397 2763 1480 2820 sic
1506 2763 1698 2818 delini-

101 2860 270 2906 rerat.
303 2849 501 2923 Logon
531 2853 667 2908 adeo
684 2869 748 2908 ex
770 2853 895 2925 Sige
922 2853 1314 2910 fructiﬁcatum
1333 2855 1502 2927 (quod
1521 2873 1692 2914 unum

100 2950 175 2997 est
203 2957 275 2996 ex
304 2941 420 2997 illis
450 2943 534 2999 sic
559 2957 590 2996 a
615 2943 908 2998 Valentino
931 2944 1193 3017 definitis)
1213 2961 1375 3001 nemo
1401 2956 1530 3003 ante
1563 2963 1692 3004 eum

101 3031 404 3089 Gtiosticus
441 3034 791 3090 deliraverat.
830 3053 850 3088 ι
879 3035 1082 3097 Nititur
1108 3038 1256 3093 enim
1288 3039 1692 3111 interpretatio-

99 3138 180 3191 ne,
212 3141 343 3196 qum
389 3127 725 3182 sententiam
769 3127 961 3184 lrenaei
1004 3129 1143 3185 mire
1188 3130 1496 3201 confundit,
1527 3142 1581 3188 et
1621 3135 1691 3190 ab
1718 3153 1760 3211 α

98 3218 213 3287 ejus
250 3226 442 3274 mente
484 3234 714 3290 prorsus
755 3221 932 3277 aliena
961 3231 1046 3279 est
1077 3240 1090 3277 :
1122 3233 1179 3279 et
1215 3225 1409 3280 statuit
1443 3243 1462 3277 ι
1498 3224 1687 3298 Logon

97 3327 157 3365 ει
192 3311 328 3382 Sige
360 3311 756 3369 fructiﬁcatum
787 3334 806 3367 ι
840 3329 962 3372 esse
991 3332 1160 3371 unum
1192 3333 1259 3373 ex
1282 3317 1389 3375 illis
1419 3333 1450 3373 a
1490 3317 1689 3374 Valen-

97 3405 210 3458 tino
244 3405 518 3472 tlelinitis,
561 3421 687 3460 cum
717 3404 1041 3464 Valentinus
1073 3424 1183 3464 non
1218 3410 1366 3465 dicat
1409 3409 1594 3481 Logon
1620 3425 1688 3465 ex

98 3497 243 3570 Sige,
282 3499 383 3554 sed
419 3517 439 3550 ι
477 3515 542 3554 ει
567 3500 744 3570 prima
777 3501 986 3557 tetrade
1013 3501 1426 3571 fructificatum,
1468 3504 1568 3557 »ἐκ
1589 3505 1690 3575 τῆς

96 3591 363 3663 τετράδος
409 3590 616 3662 ταύτης
649 3594 1148 3665 καρποφορείσθαι,
1191 3595 1358 3666 idque
1389 3611 1499 3656 non
1541 3598 1688 3668 quod

98 3699 126 3736 a
159 3682 314 3756 Sige,
348 3684 448 3739 sed
474 3684 627 3755 quod
658 3685 729 3740 ab
755 3685 971 3741 Alethia
999 3687 1238 3744 emissus
1278 3698 1444 3758 esset,
1484 3707 1608 3761 quae
1635 3692 1690 3746 in

97 3778 287 3830 ealem
334 3773 557 3830 tetrade
587 3784 712 3846 post
742 3775 904 3847 Sigen
938 3775 1062 3831 fuit.
1098 3775 1219 3832 Non
1245 3788 1428 3835 autem
1466 3780 1584 3836 haec
1614 3780 1688 3837 ita

99 3869 494 3942 intelligimus,
526 3879 586 3926 ut
607 3870 757 3925 nulla
787 3871 893 3925 alia
924 3871 1174 3926 doctrina
1202 3873 1257 3926 in
1277 3871 1694 3930 Valentinicha—

99 3976 309 4020 ractere
329 3963 737 4030 contineretur,
774 3970 972 4034 praeter
1021 3964 1277 4035 antiquas
1309 3965 1434 4021 illas
1481 3982 1510 4020 a
1542 3965 1694 4022 Gno-

104 4058 258 4115 sticis
307 4057 571 4125 haustas,
628 4065 725 4112 aut
756 4057 908 4112 illius
955 4056 1181 4113 haeresis
1234 4059 1372 4114 nihil
1419 4058 1694 4116 Gnosticze

98 4152 292 4208 haeresi
323 4150 625 4206 addiderit.
666 4149 875 4207 Fabula
908 4150 1129 4221 triginta
1169 4149 1411 4208 Eonum
1451 4153 1529 4208 illi
1559 4169 1690 4224 pro-

99 4251 216 4314 pria
252 4244 388 4312 fuit,
436 4243 647 4300 decada
703 4255 758 4300 et
804 4243 1147 4312 duodecada,
1201 4245 1422 4315 opinor,
1468 4245 1688 4316 adjecit.

102 4338 343 4395 Primam
375 4337 629 4410 ogdoada
659 4337 776 4409 ipse
798 4353 908 4392 non
929 4338 1280 4409 excogitavit,
1310 4338 1405 4395 sed
1435 4354 1465 4394 a
1494 4339 1693 4394 veteri-

103 4430 201 4488 bus
221 4431 470 4502 accepit,
506 4429 757 4486 ordinem
791 4439 1007 4486 tantum
1038 4431 1294 4487 secunda:
1323 4431 1547 4487 tetradis
1571 4449 1693 4487 mu-

1810 529 1982 587 Marci
2021 530 2163 586 idem
2211 531 2327 586 haec
2368 531 2557 599 tradit,
2601 531 2698 586 lib.
2730 547 2770 597 ι,
2803 546 2854 586 c.
2880 531 2990 586 i7:
3027 533 3185 588 Ἔνια
3208 534 3266 588 δὲ
3298 535 3393 590 καὶ

1809 623 1918 679 τῶν
1950 625 2009 677 ὲν
2053 621 2132 693 τῷ
2159 623 2477 695 Εὐαγγελίῳ
2503 623 2772 695 κειμένων
2801 625 2882 688 εἰς
2899 623 3086 679 τοῦτον
3109 625 3199 680 τὸν
3227 645 3392 700 χαραμ

1808 719 1987 791 κτῆρα
2017 717 2466 789 μεθαρμόζουσιν.
2498 737 2517 770 ι
2547 716 2805 784 Quaedam
2843 727 3027 774 autem
3051 735 3239 776 eorum
3269 738 3392 792 qua:

1809 811 1866 866 in
1916 811 2213 884 Evangelio
2261 812 2439 882 posita
2499 820 2648 877 sunt,
2695 811 2748 865 in
2806 811 2956 868 hunc
3009 813 3387 870 characterem

1808 905 2234 975 transﬂgurant;
2257 923 2275 956 ›
2294 921 2401 960 non
2423 913 2483 960 ut
2513 903 2868 974 Evongelium
2892 908 3268 973 emendarent,
3295 915 3392 962 aut

1809 996 1971 1051 verba
2000 996 2121 1066 ejus
2179 1003 2476 1061 mutarent,
2519 996 2616 1051 sed
2663 1005 2723 1050 ut
2769 1012 2884 1051 sua:
2921 997 3185 1054 doctrina:
3220 1000 3386 1056 verba

1807 1088 2118 1158 evangelica
2150 1089 2473 1145 insererent.
2505 1087 2650 1144 ldem
2687 1087 2756 1146 de
2790 1088 3188 1150 Valentinianis
3218 1095 3386 1150 etiam

1809 1183 1932 1239 aliis
1947 1183 2127 1239 verbis
2147 1183 2326 1250 docet,
2350 1185 2508 1254 cap.l
2535 1201 2548 1237 :
2575 1184 2684 1238 Kal.
2708 1183 2765 1239 ἓν
2783 1183 3013 1241 ἕκαστον
3037 1187 3148 1243 τῶν
3164 1191 3387 1264 εἰρημέ-

1805 1291 1912 1328 νων
1943 1276 2175 1347 ἄραντες
2206 1275 2314 1329 ἀπὸ
2341 1275 2441 1346 τῆς
2475 1275 2734 1346 ἀληθείας
2773 1278 2866 1331 καὶ
2906 1281 3384 1352 καταχρησάμενοι

1806 1369 1920 1431 τοῖς
1949 1367 2206 1438 ὀνόμασιν
2233 1368 2314 1430 εἰς
2339 1368 2436 1438 τὴν
2453 1368 2586 1422 ἰδίαν
2611 1369 2865 1423 ὑπόθεσιν
2888 1372 3239 1442 μετήνεγναν.
3272 1393 3291 1425 ι
3318 1373 3386 1428 Ει

1809 1461 2236 1532 unumquodque
2260 1476 2452 1516 eorum
2494 1477 2616 1532 quae
2655 1462 2800 1518 dicta
2843 1477 2972 1518 sunt
3006 1466 3082 1535 (in
3113 1467 3384 1538 principio

1804 1551 2082 1625 Evangelii
2118 1553 2177 1609 S.
2217 1551 2466 1624 Joannis)
2498 1553 2812 1611 auferentes
2842 1571 2874 1611 a
2900 1557 3148 1625 veritate,
3173 1567 3227 1613 et
3248 1560 3384 1615 abu-

1812 1655 1986 1701 tentes
2017 1645 2334 1702 nominibus
2377 1646 2432 1701 in
2462 1662 2617 1702 suam
2641 1650 3166 1718 argumentationem
3201 1661 3383 1708 trans-

1806 1738 2068 1794 tulerunt.
2129 1757 2148 1790 ι
2202 1737 2496 1794 Enimvero
2550 1741 2783 1795 assertio
2834 1741 2994 1797 tertia
3045 1746 3383 1815 argumentis

1805 1830 2011 1884 nostris
2039 1827 2172 1883 satis
2202 1828 2546 1895 conﬁrmata,
2578 1837 2634 1883 et
2663 1829 2732 1883 ab
2776 1828 3180 1900 objectionibus
3211 1835 3379 1890 Blon-

1802 1919 2053 1974 dellianis
2095 1927 2261 1989 atque
2289 1916 2581 1976 Dallaeanis
2613 1920 2866 1989 liberata,
2899 1933 3081 1978 manet
3113 1923 3382 1981 hactenus

1803 2009 2153 2077 inconcussa,
2195 2011 2338 2066 hanc
2370 2011 2544 2081 ipsam
2573 2011 2828 2080 haeresin,
2872 2029 3038 2085 quam
3062 2016 3254 2071 volunt
3282 2033 3384 2072 au-

1801 2111 2008 2158 ctorem
2046 2104 2291 2174 epistolae
2318 2104 2386 2159 ad
2404 2103 2790 2176 Magnesianos
2817 2109 3149 2178 respexisse,
3183 2108 3382 2165 Valen-

1803 2195 1917 2250 tino
1941 2197 2306 2266 antiquiorem
2325 2196 2517 2265 fuisse,
2542 2206 2598 2254 et
2628 2217 2658 2254 a
2682 2200 3077 2257 vetustioribus
3103 2201 3381 2260 Gnosticis

1799 2286 2133 2356 derivatam;
2171 2288 2362 2344 saltem
2397 2298 2670 2360 quatenus
2703 2290 2759 2345 in
2777 2306 2967 2352 mrum
2991 2293 3379 2351 Gnosticorum

1800 2379 2019 2451 syzygia
2045 2381 2221 2450 prima
2245 2379 2411 2438 fuerit
2434 2383 2582 2455 Sige,
2601 2385 2656 2440 in
2681 2383 2930 2441 inferiori
2958 2395 3139 2441 autem
3162 2388 3381 2459 syzygia

1799 2469 2017 2542 Logos;
2057 2473 2199 2544 quod
2232 2482 2344 2529 tam
2375 2475 2519 2531 valet
2553 2475 2622 2531 ad
2657 2492 2721 2533 ea
2750 2477 2916 2534 verba
2948 2479 3050 2533 οὐκ
3073 2479 3182 2533 ἀπὸ
3213 2481 3380 2552 Σιγῆς

1798 2565 2098 2638 προελθών,
2152 2582 2219 2623 ex
2269 2583 2460 2624 eorum
2517 2579 2703 2627 mente
2749 2572 3184 2643 interpretanda,
3210 2589 3380 2646 quam

1795 2659 2016 2729 propria
2042 2657 2315 2716 Valentini
2339 2661 2588 2719 haeresis.

2391 2795 2622 2853 CAPUT
2665 2795 2777 2854 VII.

1797 2885 2008 2971 Quarta
2036 2889 2260 2972 assertio
2303 2891 2640 2972 praponitur',
2671 2892 2891 2972 probari
2921 2901 3064 2972 certo
3094 2909 3198 2972 non
3224 2909 3378 2972 posse

1865 2959 2016 3034 ipsos
2047 2958 2316 3034 Valentini
2343 2958 2546 3034 errores
2600 2958 2813 3034 [gnatio
2863 2962 3027 3032 fuisse
3051 2958 3262 3034 penitus
3291 2967 3378 3018 iu-

1864 3030 2119 3105 cognitos.
2167 3028 2317 3084 Fieri
2345 3033 2578 3105 potuisse
2619 3028 2962 3105 Ignalius
3019 3028 3373 3105 cognosceret,

1862 3100 2120 3169 probatur
2143 3115 2206 3154 ea:
2227 3109 2394 3175 gtate
2424 3100 2694 3175 Valentini
2720 3100 2838 3175 eum
2863 3103 2964 3157 illa
3007 3100 3379 3175 S.Polycarpi

1864 3179 2208 3246 comparata;
2227 3169 2564 3246 Valentinum
2577 3183 2694 3246 post
2711 3174 2989 3246 Anicetum
3004 3169 3377 3246 uixisse'nega-

1862 3250 1966 3295 tur.
1982 3240 2150 3316 Locus
2167 3241 2483 3316 Tertulliani
2497 3240 2782 3316 excutitur.
2801 3243 3060 3316 Blondelli
3070 3240 3376 3316 argumento

1863 3313 2226 3380 respondetur.
2261 3313 2566 3383 Antiquitas
2607 3312 2999 3368 Valentiniano:
3027 3312 3280 3371 Iterseos
3309 3332 3375 3370 ea:

1859 3392 2089 3437 velorum
2125 3384 2480 3436 monumentis
2531 3385 2764 3438 eruitur.
2815 3383 2893 3438 De
2925 3393 3082 3440 (etate
3110 3385 3374 3442 Basilidis

1861 3469 1981 3506 eum
2015 3453 2217 3506 Dallazo
2247 3454 2574 3522 disputatur.
2609 3453 2748 3506 Eum
2805 3455 3028 3509 heresin
3078 3472 3232 3510 suam
3277 3457 3377 3511 do-

1862 3525 2034 3578 cuisse
2061 3534 2184 3577 ante
2207 3523 2434 3577 Adriani
2463 3525 2743 3593 imperium
2773 3526 3088 3581 ostenditur.
3117 3525 3376 3582 Testimo-

1862 3595 1967 3647 niis
1997 3611 2030 3648 a
2059 3593 2266 3648 υαιιωο
2286 3594 2530 3648 adductis
2557 3595 2671 3664 fuse
2708 3597 3069 3665 respondetur.

1865 3683 1925 3741 Si
1955 3685 2080 3756 quis
2109 3695 2289 3741 tamen
2314 3701 2417 3742 nec
2448 3686 2534 3742 his
2567 3685 2912 3756 acquiescat,
2937 3698 2992 3744 et
3025 3687 3373 3746 Valentinum

1793 3777 1972 3849 ipsum
1999 3777 2067 3832 ab
2093 3787 2318 3833 auctore
2338 3777 2588 3848 epistola:
2610 3780 2841 3850 petitum
2870 3781 3020 3850 velit,
3047 3797 3117 3837 ne
3145 3783 3226 3839 sic
3251 3783 3374 3854 qui-

1793 3871 1919 3925 dem
1948 3884 2038 3924 res
2082 3868 2380 3925 secundum
2412 3870 2740 3926 sententiam
2797 3872 3238 3930 adversariorum
3269 3876 3375 3933 erit

1793 3960 2072 4030 confecta;
2104 3962 2284 4018 adhuc
2313 3962 2461 4018 enim
2491 3972 2662 4020 restat
2699 3972 2898 4036 quarta
2930 3967 3188 4034 assertio,
3225 3967 3372 4023 scili-

1792 4064 1914 4111 cet:
1949 4054 2177 4112 Probari
2229 4067 2380 4113 certo
2440 4073 2551 4117 non
2601 4072 2796 4128 posse,
2863 4057 3039 4128 ipsius
3095 4056 3376 4116 Valentini

1792 4165 2010 4207 errores
2037 4151 2247 4222 lgnatio
2280 4152 2512 4224 martyri
2563 4151 2736 4208 fuisse
2764 4153 2984 4223 penitus
3038 4153 3374 4236 ipcognitos.

1793 4239 2030 4296 Haeresis
2053 4240 2326 4297 Valentini
2347 4257 2380 4296 a
2402 4241 2677 4299 veteribus
2704 4243 2838 4298 satis
2867 4242 3114 4313 exposita
3132 4252 3244 4311 est;
3263 4244 3376 4300 vita

1793 4335 1914 4406 ejus
1935 4343 1990 4390 et
2023 4335 2252 4390 historia
2275 4334 2453 4406 magis
2489 4333 2721 4391 incerta.
2746 4334 2826 4390 Ex
2850 4335 2920 4391 iis
2943 4335 3192 4406 profecto
3223 4345 3376 4392 vete-

1794 4441 1916 4478 rum
1949 4425 2320 4481 monumentis
2351 4440 2474 4496 quaa
2508 4434 2824 4496 supersunt,
2851 4435 3004 4482 certo
3043 4426 3223 4498 colligi
3263 4443 3373 4482 non

100 4523 267 4589 tavit;
306 4521 365 4576 in
397 4537 509 4591 quo
535 4520 706 4592 aliqui
731 4520 904 4590 ipsius
925 4521 1180 4592 discipuli
1213 4537 1339 4577 eum
1386 4522 1555 4578 secuti
1580 4537 1689 4576 non
1723 4517 1766 4572 D
1797 4525 1999 4586 potest,
2046 4525 2159 4571 tam
2205 4532 2330 4572 sero
2380 4515 2734 4573 Valentinum
2770 4518 2998 4585 vixisse,
3041 4529 3135 4574 aut
3169 4521 3223 4575 in
3250 4536 3374 4576 eam

102 4626 247 4671 sunt.
301 4617 364 4670 In
412 4615 504 4670 illa
554 4615 802 4686 ogdoade
830 4625 986 4670 erant
1031 4625 1087 4671 et
1129 4615 1276 4686 Sige,
1307 4625 1364 4671 et
1401 4615 1606 4687 Logus,
1635 4626 1692 4671 et

103 4708 405 4776 utrobique
427 4721 497 4760 ex
530 4705 621 4759 illa
663 4705 872 4761 tetrade
914 4707 969 4760 in
999 4722 1109 4777 qua
1155 4705 1256 4761 fuit
1287 4705 1434 4775 Sige,
1460 4706 1690 4761 eductus

101 4809 180 4853 est
208 4797 426 4870 Logus,
459 4811 573 4851 non
600 4806 782 4852 autem
808 4812 838 4852 a
869 4797 1021 4868 Sige,
1051 4796 1147 4852 sed
1188 4796 1259 4851 ab
1294 4795 1532 4862 Aletltia,
1568 4811 1692 4866 qum

103 4889 154 4943 in
169 4891 367 4945 eadem
405 4889 638 4954 tetrade,
669 4887 766 4943 sed
790 4888 1030 4943 secunda
1052 4888 1230 4943 duade
1248 4886 1369 4942 fuit.
1403 4885 1559 4941 Nulla
1585 4886 1690 4941 alia

102 4984 188 5039 hic
214 4982 540 5038 immutatio
568 4990 828 5052 apparet;
860 4996 1038 5051 neque
1061 4997 1128 5036 ea
1180 4981 1266 5036 vis
1299 4980 1452 5036 vocis
1482 4979 1690 5053 μεθαρ-

105 5076 274 5147 μόσας
326 5084 439 5141 est,
490 5083 553 5130 ut
596 5075 785 5130 omnia
815 5072 1058 5129 Eonum
1102 5082 1348 5129 veterum
1403 5074 1626 5128 nomina
1659 5088 1690 5128 a

107 5165 398 5224 Valentino
423 5175 790 5234 mutarentur,
820 5176 876 5222 et
900 5167 1134 5238 syzygize
1162 5181 1356 5222 omnes
1400 5167 1455 5220 in
1496 5165 1691 5220 melio-

104 5274 214 5314 rem
243 5260 489 5316 formam
524 5258 926 5329 redigerentur.
957 5258 1094 5314 Nam
1137 5258 1502 5332 μεθαρμόζειν
1547 5273 1694 5329 saepe

108 5350 468 5421 simpliciter:
495 5349 845 5416 transferre,»
863 5357 960 5404 aut
987 5368 1006 5401 ι
1045 5349 1305 5420 adaptare
1343 5367 1362 5400 t
1393 5349 1689 5420 signiﬁcat,

109 5460 211 5500 non
255 5461 501 5516 semper,
540 5463 559 5496 ι
599 5454 846 5508 mutare,
893 5464 912 5498 ι
962 5445 1137 5500 multo
1172 5445 1358 5500 minus
1393 5446 1451 5500 in
1493 5446 1694 5502 melius

116 5555 134 5587 α
162 5541 466 5611 corrigere,
492 5558 511 5590 ι
540 5539 770 5607 scilicet,
795 5547 890 5594 aut
915 5557 936 5590 ι
967 5539 1284 5594 emendare.
1324 5558 1343 5590 ι
1374 5538 1693 5595 Basilidiani

111 5631 630 5686 mathematicorum
661 5647 681 5680 ι
709 5628 1051 5684 theoremata
1083 5627 1413 5700 accipientes
1441 5627 1495 5682 in
1528 5643 1691 5683 suum

112 5723 482 5780 characterem
541 5721 1289 5788 doctrinaertranstulerunt,
1331 5739 1350 5772 ι
1409 5729 1469 5776 ut
1526 5719 1694 5776 refert

114 5816 346 5875 lreoaeus
371 5815 472 5873 lib.
499 5831 540 5887 ι,
578 5831 627 5872 c.
653 5815 747 5886 25,
773 5829 883 5872 non
913 5823 975 5871 ut
991 5830 1056 5872 ea
1076 5813 1449 5882 emendarent,
1474 5813 1690 5884 opinor,

1793 4609 2022 4664 ltaeresin
2053 4610 2370 4680 prolapsum
2406 4624 2550 4678 esse,
2575 4618 2634 4666 ut
2655 4610 2774 4680 ejus
2795 4610 3045 4665 doctrina
3074 4609 3132 4666 S.
3165 4611 3377 4683 lgnatio

1792 4702 2137 4758 innotescere
2160 4703 2312 4758 nullo
2338 4705 2500 4759 modo
2532 4704 2786 4774 potuerit.
2817 4703 2978 4772 Quod
3018 4705 3066 4760 si
3097 4701 3375 4761 Valentini

1792 4795 1966 4864 ipsius
2008 4794 2263 4850 delirium
2308 4813 2340 4852 a
2372 4796 2430 4852 S.
2473 4805 2715 4868 martyre
2759 4806 2887 4853 ante
2934 4805 3170 4852 mortem
3221 4797 3374 4852 nullo

1793 4888 1958 4943 modo
1986 4889 2244 4960 cognosci
2291 4891 2540 4962 potuisse
2585 4890 2821 4960 probare
2850 4904 2960 4945 non
3004 4890 3199 4960 possit,
3233 4891 3376 4960 perit

1792 4990 2177 5050 argumentum
2225 4997 2256 5036 a
2295 4981 2594 5036 violatione
2626 4982 2890 5052 temporis
2916 4983 3166 5049 ductum,
3212 4983 3373 5053 cujus

1791 5072 1901 5126 vim
1931 5073 1986 5126 in
2019 5088 2085 5128 eo
2111 5082 2322 5128 tantum
2353 5075 2642 5142 collocant,
2670 5073 2819 5146 quod
2843 5085 3035 5145 putent
3057 5090 3116 5131 se
3144 5075 3374 5130 ﬁrmiter

1792 5163 2168 5220 demonstrare
2193 5181 2355 5236 posse
2384 5165 2736 5222 Valentinum
2760 5167 2852 5223 diu
2877 5177 3002 5238 post
3028 5167 3086 5223 S.
3113 5167 3373 5239 martyr-is

1793 5267 2024 5312 mortem
2055 5274 2167 5314 sua:
2186 5259 2456 5316 haereseos
2479 5259 2834 5316 fundamenta
2855 5260 3077 5331 jecisse.

1861 5347 1977 5419 Ego
2007 5357 2188 5404 autem
2217 5348 2487 5422 lgnatium
2512 5350 2788 5405 Valentini
2815 5351 3144 5405 sententiam
3169 5365 3374 5422 cogno-

1795 5455 1950 5495 scere
1977 5442 2223 5510 potuisse
2257 5442 2337 5496 sic
2359 5441 2580 5513 colligo.
2633 5441 2691 5496 Si
2713 5440 3002 5512 Polycarpi
3028 5441 3282 5496 doctrina
3316 5448 3373 5495 et

1793 5529 2023 5602 lgnatio,
2044 5539 2100 5586 et
2125 5531 2183 5586 S.
2215 5530 2432 5597 Joanni,
2450 5541 2504 5588 et
2529 5532 2651 5586 aliis
2676 5532 2841 5586 etiam
2865 5533 3128 5602 apostolis
3153 5534 3374 5604 cognita

1794 5623 1982 5691 fuerit,
2016 5623 2291 5679 Valentini
2341 5625 2505 5680 etiam
2543 5625 2792 5681 doctrina
2832 5627 3026 5681 saltem
3063 5626 3133 5681 ab
3159 5623 3372 5698 Ignatio

1796 5721 2056 5792 cognosci
2089 5722 2286 5791 potuit.
2331 5721 2404 5776 At
2429 5721 2719 5794 Polycarpi
2769 5722 3023 5778 doctrina
3055 5732 3110 5777 et
3138 5719 3370 5793 lgnatio,

1795 5821 1849 5868 et
1899 5812 1956 5868 S.
2002 5811 2221 5882 Joanni,
2257 5823 2310 5872 et
2337 5815 2460 5873 aliis
2490 5816 2754 5888 apostolis
2784 5817 2879 5889 qui
2931 5826 3057 5875 ante
3107 5814 3372 5873 Joannem
