3834 6206
408 283 514 340 3'55
1446 276 1502 331 S.

1574 273 1925 333 IGNATIUS.
1963 303 2032 313 --—
2072 270 2609 329 PROLEGOMENA.
3577 280 3645 333 55

411 399 615 454 mortui
650 407 799 463 sunt,
832 398 1052 469 cognita
1082 396 1184 453 fuit
1219 415 1231 450 :
1265 413 1294 452 a
1336 395 1546 452 Joanne
1587 399 1734 454 enim
1785 406 1838 451 et
1869 397 1991 452 aliis
2022 401 2066 458 Α
2096 395 2226 467 agit.
2259 395 2317 450 Si
2347 393 2674 452 Valentinus
2719 395 2822 452 sub
2864 397 3053 454 eodem
3101 402 3360 472 episcopo
3413 401 3683 468 vixisset,

413 491 682 561 apostolis
725 491 1019 562 episcopus
1051 491 1338 546 ordinatus
1363 501 1466 555 est,
1502 501 1559 546 ut
1599 489 1801 545 diserte
1829 489 1996 544 tradit

410 582 683 640 lrenezeus
720 584 1005 656 Polycarpi
1045 583 1370 652 discipulus,
1411 583 1504 637 lib.
1555 598 1638 648 ιιι,
1674 599 1724 638 c~.
1773 582 1807 637 '5
1841 601 1852 636 :
1886 582 1994 636 Kal

408 674 768 745 Πολύκαρπος
799 676 855 729 δέ
882 675 942 728 οὐ
981 675 1139 746 μόνον
1168 674 1272 728 ὑπὸ
1301 675 1610 728 ἀποστόλων
1638 674 1994 746 μαθητευθεὶς

415 767 505 820 καὶ
535 768 1004 838 συναναστραφεὶς
1024 767 1238 831 πολλοῖς
1256 770 1368 831 τοῖς
1386 767 1476 822 τὸν
1493 767 1726 838 Χριστὸν
1754 767 1994 840 ἑωρακό-

412 875 516 924 σιν,
563 858 699 912 ἀλλά
740 858 833 912 καὶ
877 859 982 911 ὑπὸ
1024 858 1337 912 ἀποστόλων
1371 858 1735 922 κατασταθεὶς
1786 860 1868 922 εἰς
1891 859 1990 928 τὴν

422 950 605 1005 Ἀσίαν
625 955 679 1005 ἐν
713 955 774 1023 τῇ
806 954 863 1006 ἐν
891 952 1111 1025 Σμύρνῃ
1149 953 1444 1025 Ἐκκλησία
1472 955 1787 1017 ἐπίσκοπος,
1816 952 1874 1006 ὂν
1896 952 1989 1006 καὶ

409 1045 570 1116 ἡμεῖς
607 1046 932 1117 ἑωράκαμεν
978 1047 1035 1099 ἐν
1075 1048 1140 1117 τῇ
1193 1045 1388 1118 πρώτῃ
1439 1044 1595 1116 ἡμῶν
1644 1044 1857 1116 ήλικίᾳκ
1897 1044 1990 1096 ἐπὶ

407 1139 543 1192 πολὺ
569 1139 677 1210 γὰρ
708 1139 1030 1211 παρέμεινε,
1061 1140 1155 1192 καὶ
1173 1139 1312 1193 πάνυ
1341 1138 1626 1210 γηραλέος,
1658 1137 1882 1203 ἐνδόξως
1899 1137 1989 1191 καὶ

405 1233 815 1302 ἐπιφανέστατα
854 1235 1212 1305 μαρτυρήσας
1243 1231 1449 1304 ἐξῆλθε
1492 1231 1584 1285 τοῦ
1637 1231 1773 1302 βίου.
1818 1230 1990 1286 Vetus

408 1323 596 1380 lrenaei
646 1327 915 1396 interpres
949 1344 961 1377 :
1000 1346 1018 1378 ι
1058 1325 1124 1380 Et
1163 1324 1501 1398 Polycarpus
1532 1333 1714 1380 autem
1747 1341 1854 1380 non
1894 1341 1986 1379 so-

408 1419 522 1473 lum
554 1419 622 1472 ab
647 1419 909 1488 apostolis
936 1419 1184 1483 edoctus,
1213 1427 1268 1474 et
1309 1427 1666 1474 conversatus
1693 1433 1816 1473 cum
1841 1418 1986 1471 mul-

407 1511 479 1568 tis
495 1511 667 1576 exiis,
686 1512 779 1581 qui
809 1509 1102 1565 Dominum
1127 1523 1374 1566 nostrum
1405 1510 1680 1573 viderunt,
1703 1511 1798 1565 sed
1821 1510 1986 1565 etiam

409 1607 477 1662 ab
497 1603 762 1676 apostolis
790 1604 846 1658 in
877 1603 1007 1659 Asia
1035 1603 1089 1658 in
1112 1618 1176 1658 ea
1207 1617 1330 1673 quae
1351 1611 1435 1657 est
1461 1601 1712 1673 Smyrnis
1743 1601 1989 1658 Ecclesia

407 1698 741 1753 constitutus
767 1696 1081 1767 episcopus,
1099 1710 1261 1765 quem
1286 1702 1456 1750 etnos
1479 1694 1716 1751 vidimus
1737 1697 1792 1750 in
1811 1698 1986 1765 prima

404 1775 594 1845 nostra
625 1798 814 1854 aetate;
847 1789 1082 1843 multum
1114 1787 1263 1841 enim
1293 1787 1689 1856 perseveravit,
1735 1796 1790 1843 et
1829 1788 1987 1843 valde

407 1895 570 1936 senex
589 1880 983 1951 gloriosissime
1002 1887 1056 1935 et
1072 1878 1416 1934 nobilissime
1437 1880 1762 1951 martyrium
1778 1879 1987 1936 faciens

405 1973 575 2028 exivit
619 1973 688 2028 de
725 1974 830 2028 hac
871 1973 1004 2026 vita.
1054 1989 1073 2023 ι
1112 1970 1243 2026 Erat
1281 1971 1468 2041 itaque
1498 1970 1832 2044 Polycarpus
1863 1989 1892 2027 a
1923 1971 1982 2027 S.

405 2060 615 2117 Joanne
645 2070 699 2116 et
724 2061 848 2117 aliis
877 2061 1141 2132 apostolis
1184 2061 1477 2132 episcopus
1509 2061 1830 2128 ordinatus;
1864 2063 1987 2132 qui-

401 2155 510 2210 bus
540 2163 687 2210 certe
710 2153 858 2209 illius
887 2153 1136 2210 doctrina
1164 2154 1383 2226 cognita
1407 2162 1537 2210 tunc
1572 2154 1833 2225 temporis
1863 2155 1984 2225 fuit,

398 2248 563 2303 aliter
591 2263 716 2303 eum
765 2249 1088 2319 episcopum
1133 2262 1415 2319 nunquam
1465 2248 1828 2304 ordinassent.
1863 2247 1983 2304 Jam

403 2356 534 2397 vero
561 2339 612 2396 si
641 2340 837 2396 demus
877 2338 1238 2412 Polycarpum
1281 2355 1335 2399 a.
1365 2340 1430 2396 D.
1466 2341 1536 2398 8‘2
1558 2343 1872 2413 episcopum
1907 2342 1986 2398 fa-

405 2443 552 2490 ctum
599 2435 790 2501 fuisse,
847 2442 909 2488 ut
953 2433 1270 2490 Blondellus
1326 2435 1444 2505 ipse
1496 2435 1692 2503 docet;
1725 2435 1798 2492 25
1828 2437 1987 2492 annis

403 2526 620 2597 cognita
650 2523 753 2580 fuit
779 2523 1064 2595 Polycarpi
1095 2523 1370 2590 doctrina,
1402 2533 1697 2595 antequam
1729 2526 1797 2581 ad
1841 2542 1986 2580 mar-

403 2619 605 2691 tyrium
631 2616 918 2672 festinaret
944 2614 1211 2687 lgnatius.
1232 2617 1315 2671 Ab
1334 2615 1544 2688 lgnatio
1576 2617 1761 2687 itaque
1789 2632 1988 2689 cogno-

401 2713 479 2769 sci
527 2711 774 2782 potuisse
819 2709 1128 2766 doctrinam
1154 2709 1430 2765 Valentini
1471 2727 1634 2766 nemo
1657 2713 1897 2783 negabit,
1937 2714 1984 2769 si

403 2803 568 2859 modo
596 2802 920 2859 Valentinus
948 2803 1163 2859 vivente
1185 2803 1365 2859 adhuc
1396 2802 1698 2876 Polycarpo
1731 2814 1985 2862 mortuus

400 2895 493 2952 sit.
517 2894 587 2950 At
609 2904 735 2951 ante
760 2893 1123 2967 Polycarpum
1153 2903 1436 2950 mortuum
1457 2911 1580 2952 esse
1611 2896 1983 2968 Valentinum,

401 3000 555 3046 extra
588 3005 803 3044 omnem
838 2987 1265 3043 controversiam
1302 3004 1469 3058 pono.
1502 2988 1576 3044 Ita
1612 2991 1758 3045 enim
1787 2991 1854 3046 de
1892 2993 1985 3047 illo

2099 491 2202 544 sub
2232 505 2342 560 quo
2369 489 2459 544 ille
2486 490 2723 559 scripsit,
2758 490 2809 544 id
2848 507 2957 546 non
2995 494 3302 548 monuisset
3329 494 3685 568 diligentissi-

2098 599 2222 638 mus
2251 583 2526 654 scriptor?
2551 591 2646 637 aut
2685 583 2869 639 dicere
2913 587 3203 654 potuisset,
3240 605 3258 638 ι
3293 587 3359 642 ad
3389 588 3684 642 Anicetum

2099 685 2312 731 tantum
2346 677 2696 747 p‘erdurasse,
2739 697 2757 729 ι
2788 678 2832 732 si
2875 688 2999 748 post
3019 679 3308 734 Anicetum
3341 690 3393 735 et
3429 679 3684 736 Soterem

2096 771 2199 825 sub
2227 770 2542 825 Eleutherio
2589 771 2859 826 vixisset?
2902 770 3046 826 Fieri
3077 775 3193 828 ha:c
3220 782 3366 828 certe
3410 789 3520 828 non
3551 788 3686 842 pos-

2095 871 2242 919 sunt.
2274 862 2378 918 Sed
2411 862 2644 919 Dallmus
2668 862 2990 920 Tertulliani
3032 866 3350 921 testimonio
3378 865 3554 921 fretus
3581 868 3688 921 hoc

2093 957 2300 1012 docuit.
2329 956 2442 1029 Ego
2470 974 2600 1013 vero
2636 957 3054 1025 Tertullianum,
3082 960 3175 1030 qui
3210 960 3392 1013 omnia
3435 975 3575 1030 pene
3615 960 3684 1014 ad

2095 1049 2235 1103 hanc
2271 1063 2384 1102 rem
2433 1049 2760 1116 pertinentia
2795 1050 2863 1104 ab
2905 1049 3112 1105 Irenaeo
3154 1060 3439 1105 mutuatus
3487 1062 3595 1114 est,
3630 1049 3684 1105 id

2092 1141 2330 1195 voluisse
2362 1141 2507 1194 haud
2539 1141 2740 1204 credo;
2783 1152 2876 1197 aut
2906 1143 2954 1198 si
3003 1143 3056 1198 id
3088 1143 3342 1207 voluerit,
3382 1143 3544 1213 plane
3588 1144 3687 1197 de-

2093 1241 2308 1301 ceptum
2354 1230 2527 1287 fuisse
2567 1232 2705 1286 scio.
2735 1231 2812 1286 ita
2839 1233 2983 1287 enim
3012 1233 3102 1288 ille
3133 1233 3211 1288 De
3239 1251 3460 1304 prwscr.
3489 1235 3684 1289 haeret.

2093 1342 2212 1396 cap.
2249 1324 2356 1380 50:
2390 1345 2409 1378 ι
2449 1324 2550 1381 Ubi
2596 1337 2727 1381 tunc
2768 1326 3035 1395 Marcion,
3067 1327 3330 1384 Ponticus
3355 1329 3683 1390 nauclerus,

2095 1415 2294 1471 Stoica:
2319 1417 2637 1472 studiosus?
2665 1417 2771 1473 Ubi
2799 1417 3153 1486 Valentinus,
3181 1420 3478 1477 Platonicae
3504 1432 3688 1476 secta-

2092 1509 2217 1564 tor?
2266 1508 2402 1562 Nam
2457 1518 2674 1565 constat
2720 1510 2848 1567 illos
2894 1527 3073 1582 neque
3094 1513 3230 1567 adeo
3278 1515 3408 1568 olim
3465 1513 3682 1578 fuisse,

2091 1602 2351 1657 Antonini
2382 1600 2498 1657 fere
2524 1602 2858 1674 principatu,
2887 1613 2941 1659 et
2971 1606 3025 1659 in
3055 1607 3337 1661 catholicae
3371 1609 3552 1677 primo
3580 1609 3686 1662 do-

2093 1695 2324 1751 ctrinam
2373 1694 2673 1750 credidisse
2717 1697 2861 1766 apud
2910 1697 3206 1754 Ecclesiam
3243 1698 3682 1768 Romanensem,

2095 1789 2197 1845 sub
2244 1787 2564 1858 episcopatu
2601 1787 2898 1844 Eleutherii
2931 1791 3236 1859 benedicti,
3269 1792 3447 1849 donec
3485 1795 3558 1848 ob
3597 1796 3688 1850 in-

2093 1882 2334 1952 quietam
2365 1898 2581 1954 semper
2606 1898 2798 1938 eorum
2843 1884 3242 1951 curiositatem,
3274 1901 3439 1956 quam
3473 1885 3684 1944 fratres

2092 1991 2313 2046 quoque
2340 1977 2615 2040 vitabant,
2669 1975 2838 2031 semel
2873 1984 2926 2030 et
2969 1975 3164 2030 iterum
3213 1977 3402 2046 ejecti,
3431 1977 3685 2035 Marcion

2091 2069 2312 2139 quidem
2347 2083 2473 2123 cum
2510 2067 2764 2123 ducentis
2796 2067 3068 2124 sestertiis
3094 2083 3217 2138 qua:
3244 2067 3502 2125 Ecclesiae
3531 2071 3686 2127 intu-

2090 2161 2250 2229 lerat,
2300 2161 2604 2216 novissime
2638 2162 2692 2214 in
2743 2171 3071 2231 perpetuum
3115 2161 3406 2217 discidium
3451 2165 3686 2233 relegati

2093 2269 2298 2309 venena
2323 2254 2696 2310 doctrinarum
2733 2269 2958 2308 suarum
2983 2252 3505 2310 disseminaverunt.
3561 2276 3582 2310 ι
3619 2257 3685 2312 Si

2088 2347 2162 2402 ita
2193 2345 2592 2401 Tertullianum
2639 2345 3042 2413 intelligamus,
3072 2354 3132 2398 ut
3173 2355 3290 2399 tum
3327 2344 3682 2413 Valentinus,

2087 2448 2204 2494 tum
2233 2438 2475 2494 Marcion
2507 2439 2674 2495 simul
2705 2436 2893 2492 Romae
2935 2437 3038 2492 sub
3085 2437 3275 2494 eodem
3306 2440 3592 2509 episcopo,
3625 2453 3687 2496 et

2087 2531 2309 2602 quidem
2354 2529 2688 2594 Eleutherio,
2733 2529 2790 2582 in
2821 2528 3106 2583 catholica:
3145 2528 3448 2584 doctrinam
3497 2532 3686 2586 credi-

2088 2623 2267 2679 derint
2295 2632 2352 2676 et
2394 2623 2597 2693 szrpius
2645 2621 2802 2692 ejecti
2838 2618 3060 2687 fuerint,
3101 2620 3234 2676 illud
3265 2631 3410 2676 certe
3433 2637 3560 2676 eum
3589 2623 3682 2676 di-

2089 2731 2211 2772 cere
2236 2717 2513 2782 volumus,
2547 2715 2694 2786 quod
2725 2713 2854 2770 ferri
2883 2715 3108 2768 omnino
3135 2729 3244 2768 non
3280 2724 3478 2784 potest.
3513 2715 3681 2782 Quod

2086 2807 2155 2863 ad
2172 2806 2524 2862 Valentinum
2556 2806 2768 2873 attinet,
2801 2807 2859 2858 ἐν
2895 2804 3082 2878 Ῥώμῃ
3107 2805 3341 2859 ἀνελθὼν
3373 2809 3676 2878 κεκήρυχε,

2087 2904 2179 2959 ubi
2231 2903 2396 2958 etiam
2441 2902 2738 2972 putabatur
2787 2909 2998 2970 partem
3051 2902 3290 2970 aliquam
3339 2901 3563 2970 pietatis
3621 2911 3681 2956 et

2087 3011 2229 3051 verte
2274 2995 2399 3050 fidei
2455 2994 2756 3059 habuisse,
2809 3001 2870 3047 ut
2917 2993 3084 3047 tradit
3142 2991 3516 3063 Epiphanius;
3576 2995 3680 3049 sed

400 3082 663 3148 lrenaeus,
715 3080 810 3135 lib.
846 3095 929 3144 ιιι,
969 3095 1020 3135 c.
1051 3080 1126 3134 Δις
1165 3078 1518 3145 Οὐαλεντῖνος
1547 3082 1646 3152 μὲν
1679 3081 1788 3154 γὰρ
1819 3078 1982 3154 ἦλθεν

2094 3088 2234 3158 quod
2271 3085 2439 3141 semel
2473 3094 2636 3155 atque
2663 3085 2862 3139 iterum
2901 3099 2968 3138 ex
3009 3083 3247 3139 Ecclesia
3275 3082 3524 3138 Romana
3557 3086 3676 3153 eje—

402 3175 484 3239 εἰς
513 3172 731 3245 Ῥώμην
749 3171 842 3225 ἐπὶ
873 3170 1110 3240 ’Υγίνου,
1132 3171 1348 3242 ἤκμασε
1371 3173 1416 3226 δ’
1438 3173 1531 3226 ἐπὶ
1547 3175 1698 3237 Πίου,
1724 3175 1817 3228 καὶ
1841 3193 1982 3248 παρ-

403 3268 617 3338 έμεινεν
660 3265 765 3329 ἕως
806 3265 1109 3336 ’Λνικήτου.
1153 3261 1321 3319 Vetus
1350 3263 1624 3335 interpres
1674 3284 1688 3321 :
1734 3284 1751 3317 ι
1788 3265 1984 3322 Valen-

403 3362 552 3417 tinus
572 3360 718 3414 enim
744 3359 895 3414 venit
920 3355 1148 3412 Romam
1185 3357 1288 3414 sub
1317 3355 1550 3430 Hygino,
1592 3358 1822 3415 increvit
1854 3376 1981 3416 vero

401 3453 505 3510 sub
527 3451 646 3518 Pio,
681 3460 736 3507 et
761 3449 1074 3521 prorogavit
1101 3457 1315 3520 tempus
1343 3466 1520 3521 usque
1541 3451 1607 3506 ad
1631 3453 1941 3508 Anicetum.
1958 3473 1976 3506 ι

399 3545 537 3601 Illud
585 3554 768 3600 autem
802 3543 1125 3616 παρέμεινε,
1160 3544 1306 3613 quod
1361 3544 1450 3599 hic
1505 3546 1776 3616 interpres
1819 3548 1984 3603 vertit

407 3659 426 3692 ι
448 3637 762 3710 prorogavit
790 3646 1061 3706 tempus,»
1083 3635 1137 3689 in
1168 3636 1352 3691 verbis
1385 3646 1567 3693 autem
1595 3653 1770 3708 nuper
1800 3640 1981 3695 allatis

400 3735 468 3789 de
487 3733 789 3804 Polycarpo
815 3751 832 3783 ι
862 3730 1253 3803 perseveravit,
1279 3749 1299 3783 ι
1322 3732 1545 3787 omnino
1576 3732 1780 3786 indicat
1809 3749 1984 3802 quan-

401 3826 495 3881 diu
516 3826 733 3881 vixerit.
768 3825 851 3880 Ad
878 3836 1120 3898 tempora
1150 3827 1317 3897 igitur
1344 3825 1560 3880 Aniceti
1599 3827 1846 3896 pervenit
1869 3824 1980 3881 Va-

399 3916 664 3982 lentinus,
691 3931 868 3986 neque
897 3916 1104 3973 diutius
1133 3917 1308 3983 vixit;
1347 3914 1442 3971 sed
1475 3915 1578 3970 sub
1612 3917 1839 3972 Aniceto
1872 3915 1982 3972 Ro-

401 4022 548 4061 mam
587 4007 736 4060 venit
763 4007 1121 4078 Polycarpus,
1142 4008 1336 4064 eodem
1376 4007 1580 4065 irean
1608 4017 1768 4076 teste,
1804 4018 1858 4063 et
1880 4010 1980 4063 ali-

401 4109 536 4170 quot
558 4107 853 4170 postquam
893 4099 1065 4154 Roma
1092 4115 1348 4156 reversus
1373 4109 1520 4156 esset
1550 4116 1722 4156 annos
1764 4100 1817 4154 in
1848 4099 1978 4155 Asia

399 4194 628 4265 peregit,
681 4193 1003 4264 priusquam
1060 4195 1386 4265 martyrium
1440 4210 1638 4264 passus
1685 4205 1788 4250 est.
1839 4194 1977 4249 Cum

403 4287 569 4357 igitur
599 4302 696 4358 per
719 4287 793 4341 25
819 4302 1018 4352 annos,
1050 4296 1348 4357 antequam
1401 4287 1666 4341 scriberet
1715 4285 1976 4358 lgnatius,

403 4381 662 4436 omnibus
695 4380 915 4451 cognita
945 4379 1016 4434 sit
1049 4380 1299 4434 doctrina
1333 4378 1641 4451 Polycarpi,
1682 4380 1728 4434 si
1769 4393 1979 4449 tempo-

401 4489 524 4529 rum
550 4474 821 4528 rationem
849 4473 904 4527 in
933 4487 1131 4544 genere
1159 4481 1374 4528 tantum
1407 4483 1716 4544 spectemus
1744 4491 1759 4541 ;
1803 4475 1980 4543 potuit

395 4575 454 4621 et
476 4564 1048 4630 doctrinaV'alentini,
1075 4566 1168 4636 qui
1193 4575 1318 4621 ante
1344 4564 1704 4639 Polycarpum
1729 4578 1980 4622 mortuus

398 4669 502 4725 est,
533 4657 744 4728 lgnatio
789 4667 921 4713 tunc
947 4673 1073 4712 cum
1107 4658 1374 4713 scriberet
1396 4674 1518 4714 esse
1553 4669 1858 4728 perspecta.
1911 4657 1978 4712 Et

399 4751 447 4807 si
470 4754 595 4821 quis
625 4752 677 4806 id
704 4750 852 4822 quod
879 4751 1219 4806 contrarium
1257 4760 1340 4806 est
1365 4761 1597 4818 asserat,
1624 4760 1678 4806 et
1720 4751 1775 4804 in
1807 4766 1873 4805 eo
1897 4766 1980 4805 ar-

398 4845 640 4914 gumenti
667 4844 1084 4900 fundamentum
1120 4854 1322 4914 ponat;
1369 4845 1497 4900 huic
1525 4859 1658 4900 sane
1711 4843 1978 4898 incumbit

397 4939 488 4993 illa
517 4938 785 5008 proferre,
807 4952 930 5009 qua:
960 4936 1227 4992 Valentini
1248 4945 1462 4993 :etatem
1490 4937 1624 4992 adeo
1645 4934 1838 5007 lgnatii
1863 4949 1979 4990 aevo

397 5031 715 5087 inferiorem
746 5029 918 5087 fuisse
970 5030 1370 5096 demonstrent,
1407 5038 1468 5084 ut
1509 5029 1642 5100 quid
1689 5029 1977 5083 hatreticus

397 5124 488 5179 ille
517 5125 737 5179 doceret
763 5124 1145 5179 sanctissimus
1169 5137 1374 5196 martyr
1395 5123 1462 5178 ad
1486 5123 1611 5178 vitae
1639 5122 1845 5177 exitum
1863 5122 1977 5191 jam

396 5216 666 5272 festinans
697 5217 839 5273 scire
868 5218 1021 5272 nullo
1047 5217 1209 5272 modo
1230 5217 1487 5288 potuerit.

469 5309 652 5376 Quare
683 5311 768 5364 vir
797 5311 1151 5366 doctissimus
1178 5320 1241 5364 ut
1289 5325 1401 5365 suae
1455 5308 1743 5380 hypothesi
1795 5307 1975 5362 inser-

395 5401 543 5466 viat,
592 5402 757 5456 vitam
801 5399 1074 5454 Valentini
1118 5409 1243 5471 post
1291 5401 1577 5454 Anicetum
1629 5407 1682 5452 et
1732 5396 1976 5451 Soterem

399 5505 575 5559 usque
624 5491 693 5545 ad
741 5491 1038 5546 Eleutherii
1088 5493 1467 5561 episcopatum
1527 5497 1816 5559 prorogat,
1857 5486 1976 5541 sine

399 5582 508 5636 ulla
562 5583 789 5642 omnino
834 5583 1334 5638 verisimilitudine.
1387 5582 1622 5636 Irenteus
1671 5583 1818 5634 enim
1873 5579 1976 5634 sub

397 5673 712 5729 Eleutherio
762 5675 982 5729 tertium
1028 5674 1227 5728 librum
1272 5673 1512 5742 scripsit,
1540 5672 1592 5724 in
1635 5686 1745 5741 quo
1774 5670 1842 5724 de
1870 5668 1977 5722 Va-

400 5767 589 5824 lentini
631 5775 786 5824 mtate
815 5777 867 5824 et
904 5768 1189 5823 recentiori
1221 5767 1430 5837 origine
1486 5763 1972 5820 limresiurchat‘um

2086 3193 2207 3236 ctus
2235 3178 2418 3244 fuerit,
2446 3187 2692 3233 veterum
2741 3192 2904 3231 nemo
2933 3177 3138 3231 docuit.
3170 3175 3304 3242 Quae
3347 3177 3436 3232 hic
3464 3177 3534 3231 de
3572 3179 3680 3232 ite-

2085 3279 2204 3326 rata
2252 3270 2520 3341 ejectione
2567 3277 2621 3324 et
2655 3277 2919 3338 perpetuo
2964 3267 3196 3323 discidio
3246 3283 3278 3322 a
3330 3265 3679 3324 Tertulliano

2084 3369 2608 3429 commemorantur,
2662 3377 2772 3416 non
2818 3359 3138 3424 Valentino,
3185 3359 3278 3415 sed
3316 3358 3555 3414 Cerdoni
3603 3363 3678 3416 ab

2083 3455 2286 3510 Irenteo
2314 3454 2631 3509 tribuuntur
2653 3494 2668 3519 ,
2697 3452 2791 3506 lib.
2827 3466 2922 3518 ιιι,
2951 3467 3073 3520 cap.
3107 3452 3161 3506 4.
3191 3449 3486 3521 Postquam
3520 3455 3679 3508 enim

2083 3549 2150 3604 de
2183 3546 2473 3602 Valentino
2510 3545 2830 3600 brevissime
2859 3545 3058 3614 egisset
3103 3543 3288 3598 verbis
3319 3544 3431 3614 jam
3460 3545 3680 3612 citatis,

2082 3643 2149 3696 de
2192 3641 2439 3696 Cerdone
2481 3641 2598 3695 haec
2644 3638 2932 3708 adjunxit:
2967 3636 3189 3708 Κέρδων
3218 3637 3273 3690 δὲ
3313 3640 3340 3691 ὁ
3371 3638 3478 3709 πρὸ
3509 3641 3674 3712 Μαρ-

2083 3733 2278 3796 κίωνος
2307 3734 2402 3786 καὶ
2432 3732 2594 3795 αὐτὸς
2637 3732 2729 3785 ἐπὶ
2770 3730 3015 3799 Ὑγίνου,
3059 3729 3119 3792 ὃς
3145 3725 3214 3800 ἦν
3248 3728 3466 3793 ἐννατος
3548 3737 3684 3789 ἐπί-

2081 3836 2302 3883 σκοπος,
2328 3823 2408 3884 εἰς
2442 3823 2542 3894 τὴν
2585 3819 2911 3891 Ἐκκλησίαν
2955 3819 3124 3873 ἐλθὼν
3165 3821 3260 3873 καὶ
3308 3818 3686 3890 ἐξομολογού-

2086 3933 2265 3987 μενος,
2293 3914 2467 3979 οὕτως
2493 3914 2776 3968 διετέλεσε·
2825 3913 2955 3965 ποτὲ
2994 3913 3091 3984 μὲν
3120 3911 3636 3983 λαθροδιδασκαλῶν
3662 3953 3679 3976 ,

2082 4010 2212 4062 ποτὲ
2253 4009 2309 4062 δὲ
2355 4006 2873 4079 ἐξομολογούμενος,
2918 4005 3048 4057 ποτὲ
3091 4003 3147 4058 δὲ
3193 4004 3546 4074 ἐλεγχόμενος
3583 4005 3682 4074 ἐφ’

2080 4102 2161 4169 οἷς
2194 4105 2438 4158 ἐδίδασκε
2467 4103 2675 4167 κακῶς,
2714 4102 2808 4156 καὶ
2841 4099 3210 4170 ἀφιστάμενος
3236 4099 3334 4169 τῆς
3375 4097 3483 4150 τῶν
3512 4098 3687 4152 ἀδελ-

2082 4199 2197 4268 φῶν
2247 4195 2510 4258 συνοδίας.
2550 4194 2714 4249 Vetus
2764 4195 3034 4263 interpres
3069 4210 3083 4245 :
3118 4210 3135 4241 ι
3173 4191 3384 4245 Cerdon
3434 4201 3636 4245 autem
3665 4235 3686 4260 ,

2082 4291 2173 4360 qui
2205 4301 2332 4344 ante
2379 4287 2731 4352 Marcionem,
2763 4295 2818 4341 et
2856 4286 2946 4339 hic
2992 4283 3094 4340 sub
3140 4281 3381 4354 Hygino,
3409 4282 3506 4351 qui
3566 4284 3690 4341 fuit

2082 4391 2307 4436 octavus
2347 4380 2656 4450 episcopus,
2687 4393 2831 4447 stepe
2876 4376 2931 4430 in
2975 4375 3262 4430 ecclesiam
3311 4374 3564 4436 veniens,
3626 4388 3691 4432 et

2009 4447 2058 4508 D
2083 4473 2492 4543 exomologesin
2531 4471 2736 4526 faciens
2771 4471 2852 4525 sic
2885 4467 3308 4533 consummavit,
3339 4468 3504 4521 modo
3533 4469 3693 4537 qui-

2081 4567 2202 4620 dent
2234 4567 2466 4620 latenter
2495 4563 2722 4628 docens,
2760 4563 2926 4617 modo
2965 4576 3093 4616 vero
3133 4559 3543 4630 exomologesin
3587 4560 3690 4616 fa-

2080 4658 2250 4723 ciens,
2281 4658 2446 4712 modo
2481 4670 2610 4710 vero
2645 4654 2713 4708 ab
2741 4653 3015 4724 aliquibus
3037 4652 3317 4706 traductus
3341 4652 3394 4704 in
3427 4651 3517 4704 his
3540 4667 3692 4721 qua:

2080 4750 2309 4804 docebat
2356 4748 2498 4803 male
2533 4760 2586 4802 et
2635 4746 2918 4800 abstentus
2955 4754 3040 4801 est
3080 4760 3110 4797 a
3140 4744 3521 4815 religiosorum
3563 4743 3689 4798 ho-

2081 4842 2288 4897 minum
2323 4852 2613 4896 conventu.
2648 4860 2666 4891 ι
2699 4838 2826 4894 Haec
2866 4838 3056 4903 Irenmi
3090 4838 3253 4892 verba
3285 4834 3690 4894 Tertullianus

2080 4935 2368 4992 manifeste
2412 4934 2691 5004 respexit,
2727 4933 2928 5004 quibus
2969 4948 3033 4986 ea
3066 4947 3188 5002 qua:
3219 4931 3286 4986 de
3329 4931 3443 4995 illo,
3492 4947 3687 5000 quem

2078 5030 2342 5086 Marciani
2387 5028 2669 5097 adiunxit,
2718 5026 2942 5093 scribit,
2978 5025 3180 5080 diserte
3231 5022 3492 5087 Cerdoni,
3553 5042 3690 5083 non

2079 5123 2367 5178 Valentino
2427 5121 2761 5174 tribuuntur.
2820 5117 2927 5172 Res
2972 5116 3138 5186 igitur
3196 5115 3311 5185 ipsa
3367 5112 3690 5172 Valentino

2078 5213 2223 5268 haud
2267 5210 2559 5280 competit,
2612 5209 2785 5262 multo
2837 5207 3019 5262 minus
3077 5215 3292 5275 tempus
3346 5203 3501 5266 illud,
3553 5221 3691 5275 quo

2079 5306 2192 5358 haec
2223 5304 2292 5356 ab
2324 5317 2390 5355 eo
2419 5300 2560 5354 facta
2591 5299 2801 5362 volunt,
2832 5297 3198 5368 episcopatus,
3230 5294 3443 5349 scilicet
3495 5291 3690 5350 Eleu-

2077 5395 2260 5451 therii.
2290 5392 2665 5461 Quisquamne
2695 5391 2750 5444 in
2779 5387 3083 5442 Annalibus
3109 5382 3497 5440 ecclesiasticis
3522 5385 3691 5440 adeo

2077 5487 2276 5555 hospes
2301 5494 2404 5548 est,
2441 5493 2500 5537 ut
2527 5482 2714 5537 credat
2744 5481 2859 5536 haec
2903 5479 2972 5534 de
3016 5477 3305 5532 Valentino
3331 5489 3462 5528 vera
3493 5488 3639 5531 esse
3662 5478 3690 5533 ?

2077 5580 2157 5632 An
2183 5579 2274 5633 ille
2302 5577 2405 5632 sub
2437 5573 2753 5630 Eleutherio
2782 5572 2948 5628 semel
2976 5571 3284 5638 iterumque
3316 5567 3529 5635 ejectus
3557 5579 3686 5633 est,

2077 5670 2170 5738 qui
2206 5669 2274 5723 ab
2302 5670 2507 5723 Irenaeo
2533 5674 2744 5721 aetatem
2769 5665 2892 5734 ejus
2917 5663 3148 5718 sollicite
3176 5658 3446 5720 tradente,
3483 5672 3691 5728 usque

2079 5761 2145 5814 ad
2175 5759 2460 5816 Anicetum
2491 5758 2860 5830 permansisse
2893 5755 3116 5821 dicitur,
3157 5766 3330 5823 eoque.
3367 5751 3492 5821 ipso
3523 5753 3689 5809 satis
