3848 6204
151 356 246 376 mur

150 356 246 410 557
930 354 983 410 J.
1025 355 1391 411 PEARSONII
1430 351 1760 411 VINDICUE
1795 353 2217 411 lGNATlANE.
2244 390 2312 400 -——
2343 355 2524 412 PARS
2554 355 2617 412 ll.

3303 357 3408 413 358

143 473 399 528 novitatis
455 471 713 529 convinci
769 475 1030 544 putatur?
1067 477 1147 530 An
1195 476 1286 531 ille
1333 477 1388 530 in
1443 477 1726 532 catholicae
1757 485 1802 538 Α
1831 476 2054 531 tandum
2085 485 2186 543 est,
2212 476 2515 547 prmsertim
2544 476 2589 531 si
2614 475 2861 531 Cedreno
2885 474 3190 540 credamus,
3223 475 3318 546 qui
3343 476 3412 532 de

138 566 442 620 doctrinam
495 565 682 621 Romae
714 565 944 621 credidit
989 568 1092 623 sub
1122 570 1438 640 episc0patu
1463 554 1722 624 Eleuthe-

138 657 237 710 rii?
283 673 355 710 an
405 658 499 713 ille
543 668 659 714 tum
691 659 911 714 demum
964 660 1017 714 in
1065 671 1383 731 perpetuum
1431 662 1723 718 discidium

139 750 416 820 relegatus
485 767 758 805 venenum
809 752 1073 808 doctrina:
1139 769 1254 808 suae
1309 753 1721 822 disseminavit,

136 854 325 896 contra
365 843 528 911 cujus
571 843 744 898 libros
775 845 1083 911 haereticos,
1117 854 1173 900 et
1213 855 1294 902 tot
1335 847 1455 918 ejus
1483 847 1725 918 discipu—

137 934 312 988 lorum
350 936 785 990 commentarios
820 936 922 991 sub
967 938 1157 992 eodem
1204 940 1462 1010 episcopo
1506 940 1728 1010 scripsit

137 1026 417 1080 lrenaeus?
446 1026 543 1095 qui
589 1027 755 1080 etiam
805 1027 1004 1082 diserte
1050 1029 1339 1101 distinguit
1376 1029 1723 1086 Valentinum

139 1119 323 1184 abiis,
358 1119 456 1190 qui
503 1129 795 1174 aetatesua
826 1121 1058 1176 baeresin
1098 1137 1217 1176 eam
1252 1123 1576 1189 docuerunt,
1607 1125 1725 1196 ipso

139 1211 317 1266 statim
353 1211 483 1265 libri
513 1213 675 1282 primi
710 1213 908 1267 initio?
943 1212 1024 1266 An
1057 1210 1383 1270 Valentinus
1421 1215 1538 1284 ipse
1565 1223 1728 1270 secta:

138 1312 285 1373 pater
312 1303 422 1358 sub
455 1302 771 1359 Eleutherio
802 1304 857 1359 in
896 1305 1177 1360 catholicae
1201 1305 1504 1362 doctrinam
1549 1308 1726 1364 credi-

139 1398 230 1462 dit,
263 1413 396 1452 curn
451 1408 648 1453 contra
691 1397 1104 1455 Valentinianus
1151 1400 1431 1470 scripserit
1478 1399 1729 1457 Justinus

136 1497 368 1560 martyr,
406 1489 530 1558 ipso
560 1488 768 1544 fatente
803 1487 1160 1557 Ter-tulliano,
1189 1491 1365 1560 capite
1392 1491 1465 1546 5?
1496 1490 1730 1561 Scripsit

136 1588 315 1634 autem
370 1580 465 1634 ille
519 1588 645 1635 ante
695 1579 1097 1646 Eleutherium,
1129 1590 1255 1637 ante
1305 1581 1572 1652 Soterem,
1616 1586 1728 1640 imo

135 1683 256 1728 ante
285 1671 610 1738 Anicetum,
647 1683 710 1728 ut
741 1691 889 1730 nunc
913 1674 1122 1730 Aniceti
1149 1684 1393 1744 tempora
1424 1691 1453 1730 a
1485 1676 1727 1732 chrono—

131 1766 268 1837 logis
299 1780 375 1820 ex
410 1763 655 1821 Eusebio
675 1766 1062 1836 disponuntur.
1096 1765 1237 1822 Vera
1270 1767 1436 1838 igitur
1469 1769 1585 1824 haec
1608 1784 1729 1825 esse

1824 583 1890 624 eo
1922 569 2247 638 imperatore
2285 567 2532 623 scribens
2576 567 2654 621 ait
2687 586 2700 621 :
2742 567 2864 622 Ἐπὶ
2892 565 3080 621 τούτου
3129 568 3411 632 Ἱουστῖνος

1823 661 1852 711 ὁ
1878 659 2166 728 φιλόσοφος
2203 658 2345 713 κατὰ
2387 659 2578 714 πασῶν
2628 659 2890 733 αἱρέσεων
2905 659 3202 730 ὴνδρίζετο.
3239 679 3258 716 ι
3297 658 3410 714 Sub

1825 750 1933 806 hoc
1983 750 2232 807 Justinus
2277 751 2640 822 philosophus
2688 760 2880 808 contra
2934 767 3126 808 omnes
3172 753 3412 808 haereses

1827 843 2055 898 viriliter
2086 859 2145 899 se
2174 843 2360 914 gessit.
2402 862 2420 896 ι
2452 841 2511 898 In
2540 858 2607 899 eo
2641 843 2806 914 igitur
2844 844 2987 900 libro
3017 845 3240 915 scripsit
3274 861 3408 901 con—

1827 943 1910 989 tra
1934 935 2343 992 Valentinianus
2367 935 2638 1003 Justinus,
2666 947 2726 992 ut
2746 945 2975 992 testatur
2995 935 3399 1004 Tertullianus;

1827 1040 1958 1098 ergo
1993 1037 2117 1081 ante
2151 1043 2356 1083 annum
2401 1029 2505 1083 144
2551 1044 2661 1084 non
2695 1036 2907 1083 tantum
2944 1026 3175 1084 refutari
3202 1028 3401 1098 potuit,

1829 1117 1924 1173 sed
1948 1127 2002 1173 et
2029 1119 2143 1188 ipse
2173 1118 2444 1176 refutatus
2466 1129 2550 1176 est
2578 1129 2633 1175 et
2657 1119 2913 1192 discipuli
2940 1119 3082 1191 ejus.
3113 1118 3257 1191 Ergo
3285 1130 3412 1176 ante

1827 1227 1952 1268 eum
1983 1228 2187 1268 annum
2234 1214 2521 1270 haereticus
2563 1213 2780 1283 agnitus
2829 1221 2934 1277 εει,
2981 1221 3036 1267 ει
3064 1211 3160 1267 diu
3190 1213 3411 1282 quidem

1827 1313 1973 1360 ante.
2024 1303 2160 1359 Nam
2207 1304 2462 1361 Justinus
2509 1313 2718 1376 martyr
2765 1304 2820 1358 in
2862 1303 3088 1374 Dialogo
3115 1320 3233 1358 cum
3277 1305 3412 1375 Try-

1827 1396 1995 1465 phone
2025 1395 2238 1462 Judwo,
2272 1397 2375 1452 sub
2409 1397 2564 1450 initio
2596 1396 2859 1450 Antonini
2886 1394 2970 1450 Pii
2995 1396 3219 1466 scripto,
3246 1397 3414 1452 disci-

1829 1489 2083 1559 pulorum
2118 1487 2391 1544 Valentini
2425 1497 2684 1558 tanquam
2718 1487 3096 1542 haereticorum
3141 1487 3411 1552 meminit,

1829 1596 1969 1651 quos
2001 1591 2160 1636 vocat
2213 1581 2408 1644 ἀθέους
2456 1581 2551 1634 καὶ
2583 1580 2818 1647 ἀσεϐεῖς,
2848 1589 2902 1634 ει
2942 1581 3268 1651 quibuscum
3321 1596 3416 1637 ca-

1830 1673 2066 1729 tholicos
2117 1675 2558 1730 communionem
2612 1673 2818 1728 nullam
2873 1673 3134 1729 habuisse
3161 1682 3412 1730 testatur.

1829 1765 1940 1820 Καί
1987 1767 2125 1818 εἰσιν
2168 1765 2378 1830 αὐτῶν,
2421 1765 2630 1834 inquit,
2670 1765 2721 1818 οἱ
2767 1764 2865 1836 μέν
2906 1782 3049 1828 τινες
3095 1765 3416 1838 καλούμενοι

133 1876 235 1914 non
268 1869 519 1929 possunt
539 1873 717 1931 neque
743 1860 810 1915 de
835 1858 1140 1926 Valentino,
1165 1876 1342 1932 neque
1367 1860 1436 1916 de
1457 1860 1725 1927 Cerdone,

1837 1861 2160 1933 Μαρκιανοὶ,
2190 1862 2237 1914 οἱ
2264 1859 2322 1913 δὲ
2373 1857 2826 1923 Οὑαλεντινιανοὶ,
2863 1857 2914 1910 οἱ
2948 1857 3006 1910 δὲ
3034 1857 3414 1924 Βασιλιδιανοὶ,

132 1969 197 2006 ne
219 1952 455 2022 quidem
489 1953 558 2008 de
601 1953 896 2018 Marcione,
927 1969 1089 2024 quem
1116 1962 1381 2025 tanquam
1425 1955 1730 2012 manifesta;

132 2043 415 2098 haereseos
452 2043 792 2109 convictum,
829 2053 882 2100 et
915 2045 1341 2116 primogenitum
1377 2045 1595 2103 Satanae
1626 2049 1729 2105 sub

130 2134 367 2190 Aniceto
420 2145 524 2190 aut
575 2145 704 2191 ante
751 2135 993 2208 fugiebat
1042 2137 1099 2192 S.
1145 2136 1515 2211 Polycarpus,
1571 2142 1729 2212 cujus

131 2230 474 2301 discipulum
510 2229 754 2301 Apellem
797 2230 910 2302 jam
945 2230 1101 2286 valde
1130 2247 1315 2286 senem
1362 2230 1593 2288 Rhodon
1620 2233 1728 2290 Ta-

130 2322 262 2376 tiani
299 2322 645 2393 discipulus,
676 2323 878 2380 Irenaeo
901 2325 1265 2396 synchronus,
1309 2327 1578 2382 allocutus
1623 2336 1726 2393 εει,

129 2415 493 2486 aliorumque
564 2415 961 2486 discipulorum
1037 2418 1336 2488 discipulos
1416 2418 1707 2488 descripsit

130 2503 315 2577 Apage
365 2505 540 2576 igitur
566 2507 658 2562 illa
703 2523 769 2562 ex
817 2507 1140 2565 Tertulliani
1171 2510 1297 2566 loco
1347 2511 1581 2566 somnia.
1616 2510 1730 2567 Sub

131 2597 287 2652 initio
315 2598 681 2668 pontificatus
707 2600 922 2657 Aniceti
951 2612 1204 2660 mortuus
1237 2612 1321 2659 est
1351 2602 1674 2660 Valentinus
1711 2621 1727 2660 :

132 2694 185 2740 et
210 2703 279 2742 ex
306 2689 420 2742 hac
454 2699 613 2759 parte
643 2689 862 2746 firmum
908 2701 992 2748 est
1032 2701 1416 2764 argumentum
1448 2704 1728 2762 nostrum;

133 2780 197 2834 de
227 2781 398 2834 initio
422 2782 552 2836 vita:
573 2791 668 2836 aut
696 2783 968 2840 haereseos
1001 2793 1213 2841 tantum
1239 2786 1409 2856 quaeri
1443 2795 1636 2856 potest.

202 2871 566 2939 Blondellus,
599 2874 693 2944 qui
729 2875 784 2928 in
830 2883 1136 2946 temporum
1171 2880 1556 2949 supputatione
1591 2881 1731 2936 ultra

136 2963 391 3030 modum,
422 2974 478 3019 et
511 2964 605 3018 ubi
635 2979 774 3034 opus
803 2982 915 3021 non
949 2975 1052 3030 est,
1088 2977 1378 3026 accuratus
1407 2987 1530 3027 esse
1571 2973 1729 3038 solet,

138 3057 237 3109 hac
273 3055 713 3110 ratiocinatione
746 3066 1034 3113 contentus
1065 3067 1150 3115 est
1179 3075 1193 3112 :
1226 3079 1244 3112 ι
1275 3059 1597 3120 Valentinus
1620 3079 1732 3120 non

138 3158 262 3204 ante
295 3164 517 3203 annum
550 3165 580 3203 a
612 3150 880 3246 mar—tyrio
912 3147 1103 3220 lgnatii
1142 3150 1226 3205 vel
1261 3151 1331 3205 40
1352 3153 1436 3208 vel
1467 3153 1536 3208 56
1561 3154 1734 3210 haere~
1760 3188 1803 3246 ο

139 3244 280 3297 licus
309 3242 542 3313 agnitus
574 3251 678 3296 est.
715 3241 858 3313 Ergo
887 3252 1011 3298 ante
1041 3260 1168 3299 eum
1210 3260 1414 3300 annum
1446 3245 1672 3302 refutari
1702 3264 1735 3302 a

139 3351 424 3406 quoquam
455 3350 571 3390 non
598 3335 795 3404 potuit.
839 3354 858 3387 ι
897 3335 1003 3391 Sed
1041 3338 1184 3393 unde
1227 3338 1304 3393 illi
1351 3339 1594 3394 innotuit
1631 3338 1738 3394 Va-

141 3429 416 3483 lentinum
475 3444 589 3482 non
639 3438 764 3484 ante
815 3445 1020 3485 annum
1063 3446 1094 3485 a
1135 3431 1402 3503 martyrio
1444 3433 1636 3502 lgnatii
1668 3431 1738 3488 40

139 3520 218 3572 vel
267 3519 340 3574 36
392 3521 715 3574 haereticum
770 3522 1015 3592 agnitum
1062 3520 1268 3577 fuisse?
1313 3522 1471 3588 Quia,
1509 3524 1736 3590 scilicet,

141 3611 475 3667 Valentinus
512 3621 639 3667 ante
669 3628 874 3668 annum
922 3612 1024 3668 144
1053 3613 1343 3670 haereticus
1375 3615 1594 3686 agnitus
1628 3631 1739 3670 non

139 3715 236 3761 est.
271 3704 353 3760 lta
382 3703 539 3758 enim
572 3703 844 3761 Eusebius
873 3706 939 3760 ad
974 3722 1100 3762 eum
1126 3722 1332 3761 annum
1357 3707 1411 3761 in
1433 3706 1734 3764 Chronico:

146 3817 164 3849 ι
217 3797 562 3853 Valentinus
614 3798 906 3855 haereticus
959 3800 1312 3871 agnoscitur,
1357 3809 1412 3856 et
1461 3809 1742 3870 permanet

141 3908 318 3963 usque
372 3891 446 3946 ad
489 3891 799 3946 Anicetum.
843 3911 862 3944 ι
898 3891 976 3947 Ita
1030 3893 1252 3964 quidem
1308 3891 1600 3963 Eusebius,
1644 3895 1740 3950 sed

140 4000 248 4038 non
279 3985 436 4039 idem
475 3983 611 4039 dicit
642 3986 789 4054 quod
820 3985 1160 4054 Blondellus,
1195 3996 1320 4042 ante
1351 3988 1498 4043 hunc
1535 4003 1739 4043 annum

141 4095 267 4133 eum
299 4079 628 4133 haereticum
658 4080 901 4149 agnitum
938 4096 1043 4135 non
1074 4081 1268 4137 fuisse.
1298 4081 1411 4137 lmo
1440 4098 1567 4138 vero
1597 4085 1740 4137 idem

141 4171 429 4227 Eusebius
465 4169 810 4226 Blondellum
854 4174 1001 4230 clare
1040 4174 1256 4230 refellit.
1291 4174 1424 4230 Nam
1451 4176 1507 4229 in
1540 4174 1742 4232 Graecis

143 4266 208 4318 ad
247 4279 469 4319 annum
499 4263 759 4318 Antonini
787 4263 866 4318 Pii
903 4266 1120 4319 tertium
1152 4266 1335 4332 habet,
1371 4267 1510 4320 κατὰ
1551 4268 1745 4336 Ὑγιει-

143 4359 229 4410 νὺν
273 4356 506 4426 Ῥώμης
545 4356 842 4409 ἐπίσκοπον
903 4356 1254 4421 Οὐαλεντῖνος
1300 4357 1436 4421 ἰδίας
1479 4359 1744 4430 αἱρέσεως

142 4452 456 4524 εἰσηγητὴς
501 4451 594 4504 ἐπὶ
644 4450 746 4521 τῆς
787 4449 1003 4522 Ῥώμης
1043 4450 1385 4523 ἐγνωρίζετο.
1419 4471 1437 4503 ‹
1477 4451 1590 4507 Sub
1634 4451 1744 4525 Hy-

142 4545 272 4614 gino
305 4543 506 4597 Romae
535 4542 791 4613 episcopo
826 4541 1146 4600 Valentinus
1188 4544 1425 4614 propria:
1469 4544 1742 4600 haereseos

144 4637 406 4691 conditor
461 4633 649 4690 Romae
701 4637 922 4707 agnitus
979 4645 1082 4691 est.
1123 4655 1140 4688 ›
1175 4635 1406 4708 Agnitus
1450 4644 1533 4691 est
1579 4636 1744 4708 igitur

146 4725 484 4782 Valentinus
532 4736 792 4796 tanquam
825 4727 1190 4782 haeresiarcha
1217 4727 1320 4783 sub
1354 4725 1567 4799 Hygino
1600 4743 1744 4784 anno

145 4820 243 4874 Hi
272 4818 585 4874 secundum
638 4817 956 4873 Eusebium.
1000 4818 1077 4872 Eo
1108 4820 1317 4874 scilicet
1366 4835 1510 4874 anno
1557 4818 1746 4874 Roma

146 4911 370 4980 agnitus
393 4917 499 4972 est,
535 4907 832 4962 secundum
863 4908 1132 4963 calculum
1180 4907 1585 4975 Eusebianum;
1617 4906 1745 4963 alibi

144 5011 295 5064 ante,
333 5001 452 5054 imo
491 5008 618 5053 ante
651 5014 857 5054 annum
883 4999 985 5053 144
1011 5000 1084 5054 ita
1108 5000 1326 5071 agnitus
1358 5009 1460 5065 est,
1487 5009 1546 5054 ut
1577 5000 1744 5055 etiam

147 5092 429 5147 refutatus
466 5090 574 5155 sit,
609 5091 755 5160 quod
785 5091 903 5146 fieri
939 5107 1048 5146 non
1077 5091 1326 5162 potuisse
1351 5092 1551 5150 asserit
1580 5092 1746 5147 Blon-

146 5185 345 5240 dellus.
409 5182 684 5238 Eusebius
736 5183 793 5237 in
848 5183 1144 5250 Chronico,
1197 5183 1266 5239 ad
1322 5201 1528 5239 annum
1570 5185 1675 5238 M9.
1728 5203 1740 5239 :

153 5294 172 5327 ι
207 5275 471 5332 Justinus
498 5274 858 5344 philosophus
889 5275 1091 5330 librum
1132 5291 1232 5345 pro
1264 5285 1452 5331 nostra
1484 5277 1746 5346 religione

147 5371 536 5440 conscriptum
580 5369 858 5423 Antonino
908 5369 1161 5424 reddidit.
1199 5390 1216 5423 ι
1254 5369 1311 5423 In
1344 5385 1410 5425 eo
1453 5371 1574 5440 ipso
1603 5371 1743 5424 libro

149 5461 411 5516 Justinus
446 5461 566 5516 haec
599 5460 787 5515 scribit
827 5480 838 5514 :
874 5461 1028 5514 Ἔστι
1069 5461 1126 5514 δὲ
1160 5463 1290 5533 ἡμῖν
1330 5463 1424 5516 καὶ
1456 5463 1744 5535 σύνταγμα

153 5561 292 5613 κατὰ
353 5559 552 5612 πασῶν
599 5558 707 5612 τῶν
759 5559 1138 5630 γεγενημένων
1183 5561 1446 5633 αἱρέσεων
1497 5577 1747 5614 συντετα-

162 5655 403 5721 yaévov;
441 5672 459 5703 ι
499 5651 595 5707 Εει
619 5663 800 5706 autem
832 5653 991 5708 nobis
1035 5653 1174 5707 liber
1214 5663 1401 5708 contra
1431 5653 1666 5713 haereses
1693 5661 1746 5708 et

158 5756 337 5800 sectas
382 5760 582 5800 omnes
634 5745 992 5814 compositus.
1055 5764 1073 5796 ι
1124 5743 1261 5799 Eum
1314 5754 1496 5799 autem
1548 5745 1745 5799 librum

161 5836 429 5907 scriptum
459 5835 631 5894 fuisse
665 5837 765 5893 sub
802 5835 908 5893 line
955 5835 1170 5908 imperii
1199 5835 1425 5892 Adriani
1468 5835 1556 5889 vix
1581 5834 1736 5890 dubi-

1831 1955 1881 2008 οἱ
1914 1955 1970 2009 δὲ
2001 1952 2434 2025 Σατορνιλιανοὶ,
2488 1951 2584 2006 καὶ¹
2626 1950 2774 2005 ἄλλοι
2816 1949 2960 2021 ἄλλῳ
3001 1951 3258 2022 ὀνόματι,
3307 1951 3418 2005 ἀπὸ

1831 2047 1926 2102 τοῦ
1971 2047 2277 2119 ἀρχηγέτου
2320 2046 2419 2117 τῆς
2460 2043 2686 2116 γνώμης
2724 2042 2954 2106 ἕκαστος
2998 2041 3414 2114 ὀνομαζόμενος.

1838 2161 1856 2194 ι
1887 2141 1956 2196 Ει
1979 2151 2108 2196 sunt
2147 2154 2340 2195 eorum
2367 2137 2590 2210 quidam
2628 2137 2723 2208 qui
2754 2145 3022 2191 vocantur
3051 2134 3414 2201 Marcionita,

1832 2232 2052 2302 quidam
2079 2245 2212 2286 vero
2243 2229 2633 2296 Valentiniani,
2664 2228 3004 2296 Basilidiani,
3036 2227 3417 2296 Saturniliani,

1832 2341 1865 2381 a
1908 2324 2152 2396 principe
2201 2323 2483 2380 sententiae
2533 2322 2769 2393 quisque
2822 2335 3024 2376 nomen
3072 2321 3348 2376 obtinens.
3387 2343 3412 2375 ο

1833 2416 1936 2472 Diu
1995 2417 2180 2487 itaque
2229 2425 2355 2471 ante
2401 2415 2617 2485 agnitus
2665 2423 2750 2470 est
2786 2411 3109 2468 Valentinus
3159 2421 3419 2482 tanquam

1832 2510 2169 2581 blasphemze
2217 2509 2490 2564 haereseos
2531 2508 2786 2578 princeps
2821 2514 2877 2561 et
2929 2506 2997 2561 ab
3037 2505 3277 2561 Ecclesia
3303 2506 3417 2576 eje-

1833 2611 1976 2660 ctus.
2001 2600 2124 2657 Non
2149 2610 2330 2656 autem
2361 2615 2510 2655 nunc
2533 2601 2818 2670 quaeritur,
2847 2597 3067 2669 quando
3096 2597 3420 2656 Valentinus

1833 2703 2093 2765 tanquam
2142 2694 2506 2750 haeresiarcha
2560 2691 2749 2747 Romae
2789 2693 3030 2764 agnitus,
3063 2692 3158 2747 sed
3193 2692 3417 2762 quando

1830 2787 2072 2858 primum
2103 2785 2160 2841 iu
2196 2785 2428 2841 haeresin
2467 2785 2656 2855 lapsus
2699 2792 2804 2851 est,
2836 2785 3057 2856 quando
3089 2785 3266 2856 prima
3292 2800 3420 2842 sen-

1832 2879 2015 2934 tentia:
2043 2893 2156 2933 suae
2183 2877 2494 2932 rudimenta
2523 2877 2766 2948 protulit.

1903 2967 2185 3040 Originem
2238 2969 2515 3025 Valentini
2580 2970 2870 3025 obscuram
2936 2967 3110 3024 fuisse
3163 2969 3418 3026 observat

1833 3059 2192 3132 Epiphanius,
2221 3061 2367 3132 quod
2397 3075 2508 3116 non
2529 3061 2819 3116 minimum
2843 3062 3129 3116 vetustatis
3153 3061 3417 3118 indicium

1834 3164 1936 3211 est.
1973 3155 2031 3209 In
2057 3152 2294 3226 Egypto
2322 3154 2556 3224 primum
2605 3153 2836 3209 hmresin
2872 3169 3028 3209 suam
3072 3153 3413 3222 eﬂ‘urmasse,

1835 3263 2067 3318 eamque
2101 3262 2308 3303 veneno
2336 3263 2436 3304 suo
2482 3246 2739 3303 infecisse
2787 3247 2980 3313 tradit;
3020 3262 3131 3317 quo
3173 3258 3419 3318 tempore

1836 3340 1940 3394 hoc
1973 3339 2179 3396 factum
2204 3348 2306 3404 est,
2344 3355 2568 3395 narrare
2613 3355 2721 3394 non
2767 3339 2964 3408 potuit.
3008 3337 3211 3394 Eodem
3247 3341 3420 3395 tendit

1837 3433 2086 3500 historia,
2123 3449 2288 3503 quam
2342 3439 2528 3488 narrat
2571 3431 2942 3488 Tertullianus
2977 3448 2990 3484 :
3031 3451 3049 3483 ι
3097 3432 3419 3503 Speraverat

1837 3525 2209 3595 episcopatum
2233 3523 2576 3590 Valentinus,
2599 3524 2729 3596 quia
2770 3537 2824 3579 et
2868 3525 3089 3594 ingenio
3122 3534 3336 3594 poterat
3364 3534 3418 3580 et

1837 3618 2086 3688 eloquio;
2134 3618 2229 3673 sed
2281 3618 2447 3673 alium
2497 3633 2564 3672 ex
2615 3617 2862 3690 martyrii
2898 3619 3256 3689 praerogativa
3311 3619 3417 3673 loci

1837 3711 2071 3782 potitum
2101 3711 2414 3781 indignatus
2433 3752 2448 3778 ,
2475 3711 2542 3766 de
2582 3709 2829 3766 Ecclesia
2863 3711 3190 3765 authenticaa
3219 3711 3420 3781 regulae

1839 3804 2077 3874 abrupit,
2113 3803 2179 3858 ad
2224 3803 2643 3875 expugnandam
2688 3816 2988 3858 conversus
3035 3803 3341 3856 veritatem.
3393 3820 3413 3854 ι

1841 3893 1957 3950 Hoc
2005 3895 2150 3950 enim
2204 3895 2256 3950 in
2307 3895 2541 3966 [Egypto
2586 3894 2791 3950 factum
2850 3912 2950 3966 par
3009 3905 3094 3952 est
3159 3897 3418 3961 credere,

1841 3987 2059 4057 quando
2083 3997 2263 4042 autem
2291 3987 2495 4042 factum
2520 3996 2604 4042 est
2628 4003 2726 4044 nec
2754 3988 2846 4043 ille
2867 3996 3076 4042 narrat.
3109 3988 3420 4043 Admodum

1842 4089 2023 4134 autem
2057 4081 2343 4150 antiquum
2386 4079 2557 4135 fuisse
2585 4077 2937 4135 Valentinum
2965 4079 3144 4152 primo
3177 4078 3422 4134 Valenti-

1843 4171 1993 4226 niani
2046 4171 2147 4242 ipsi
2195 4173 2554 4237 asserebant,
2587 4172 2711 4227 dein
2763 4171 3017 4228 Veterum
3068 4181 3423 4226 monumenta

1843 4275 1990 4321 recte
2025 4266 2314 4321 observata
2342 4265 2694 4336 persuadent.
2723 4263 2977 4320 Clemens
3020 4264 3423 4319 Alexandrinus

1845 4356 2104 4412 Stromat.
2156 4358 2252 4413 lib.
2305 4374 2381 4412 vu
2429 4376 2442 4411 :
2499 4356 2771 4421 Ὡσαύτως
2817 4357 2874 4410 δὲ
2921 4359 3015 4410 καὶ
3071 4357 3422 4410 Οὐαλεντῖνον

1846 4449 2062 4503 Θεοδάδι
2104 4449 2399 4522 ἀκηκοέναι
2422 4449 2668 4520 φέρουσι,
2701 4446 2977 4520 γνώριμος
3020 4447 3076 4500 δὲ
3113 4442 3267 4510 οὗτος
3299 4448 3422 4515 ὲγε-

1773 4536 1818 4592 D
1846 4541 1990 4610 γόνει
2045 4541 2281 4596 Παύλου.
2313 4560 2331 4592 ‹
2372 4540 2635 4595 Similiter
2680 4549 2862 4594 autem
2896 4538 3246 4594 Valentinum
3283 4552 3423 4608 quo-

1846 4649 1953 4704 que
1998 4632 2182 4688 ferunt
2219 4633 2492 4688 audivisse
2524 4631 2906 4698 Theodadem;
2940 4640 3058 4686 erat
3095 4640 3279 4686 autem
3331 4631 3424 4687 hic

1843 4725 1998 4781 Pauli
2027 4727 2353 4797 discipulus.
2400 4746 2419 4778 ι
2449 4727 2507 4781 Si
2539 4727 2654 4780 haec
2678 4741 2804 4780 vera
2840 4726 2968 4792 sint,
2991 4725 3058 4780 de
3096 4724 3426 4794 antiquitate

1851 4817 2118 4874 Valentini
2167 4818 2408 4873 dubitari
2460 4818 2697 4888 amplius
2744 4833 2850 4870 non
2904 4824 3100 4886 potest.
3159 4815 3425 4885 Suspicor

1845 4910 2064 4980 quidem
2109 4925 2224 4975 eos,
2260 4911 2354 4979 qui
2397 4909 2515 4964 haec
2564 4908 2938 4971 tradiderunt,
2983 4906 3153 4962 fuisse
3184 4906 3446 4986 Valenti-l

1845 5003 2045 5056 nianos
2084 5019 2096 5055 :
2127 5002 2220 5072 qui
2245 5001 2372 5056 licet
2397 5001 2452 5055 in
2477 5017 2541 5056 ea
2565 5017 2626 5056 re
2646 5001 2736 5054 vix
2771 5001 2885 5055 falli
2913 5000 3208 5069 potuerint,
3237 4998 3426 5054 fallere

1847 5106 2028 5151 tamen
2056 5104 2204 5151 certe
2231 5101 2548 5165 potuerunt.
2586 5093 2724 5148 Cum
2765 5101 2945 5146 tamen
2990 5107 3029 5146 a.
3056 5091 3214 5146 nobis
3252 5089 3425 5146 refelli

1847 5205 1960 5244 non
1990 5187 2222 5259 possint,
2249 5187 2533 5240 videamus
2570 5202 2640 5240 an
2669 5183 2816 5254 quod
2845 5184 2922 5237 illi
2970 5183 3264 5247 tradidere,
3299 5197 3425 5236 cum

1845 5283 1914 5338 iis
1942 5289 2234 5345 conaareat,
2260 5295 2380 5349 quae
2404 5295 2435 5333 a
2457 5278 2744 5333 catholicis
2770 5276 2983 5347 prodita
3011 5284 3158 5330 sunt.
3188 5273 3427 5328 [renatus

1845 5371 2173 5426 Braefatione
2216 5369 2310 5424 lib.
2340 5385 2432 5423 tv:
2471 5386 2490 5419 ε
2525 5367 2590 5433 li,
2631 5367 2840 5437 inquit,
2868 5365 2961 5436 qui
2999 5373 3125 5419 ante
3165 5378 3268 5418 nos
3303 5362 3429 5417 fue-

1846 5473 1996 5531 runt,
2030 5472 2084 5518 et
2111 5461 2329 5533 quidem
2357 5459 2530 5514 multo
2580 5459 2738 5513 nobis
2791 5458 3074 5520 meliores,
3102 5469 3211 5510 non
3241 5464 3425 5508 tamen

1848 5559 1983 5614 satis
2019 5562 2311 5627 potuerunt
2352 5552 2725 5608 contradicere
2766 5551 2855 5605 his
2883 5549 2975 5619 qui
3005 5557 3132 5604 sunt
3159 5563 3191 5601 a
3223 5546 3425 5602 Valen—

1850 5650 1984 5714 tino,
2018 5648 2145 5719 quia
2179 5645 2504 5717 ignorabant
2530 5643 2771 5714 regulam
2804 5642 3068 5712 ipsorum.
3109 5658 3128 5692 ι
3161 5637 3424 5708 Loquitur

1847 5742 1913 5795 de
1942 5741 2029 5808 iis,
2061 5740 2155 5810 qui
2200 5747 2322 5792 ante
2353 5746 2565 5792 aitatem
2613 5751 2767 5790 suam
2811 5735 3085 5794 vixerunt,
3117 5744 3322 5800 eosque
3349 5728 3424 5782 ait

1850 5849 1962 5891 non
2004 5835 2136 5888 satis
2190 5831 2434 5903 potuisse
2482 5826 2894 5886 Valentinianus
2943 5824 3247 5891 confutare,
3300 5820 3423 5874 licet
