3848 6204
425 387 530 441 539

1458 386 1516 442 S.
1554 385 1906 445 ICNATIUS.
1944 421 2013 431 —
2049 389 2584 447 PROLEGOMENA.

3583 387 3696 450 340

423 504 527 560 viri
554 513 736 561 essent
758 504 1212 576 praestantissimi.
1242 503 1478 560 lrenazus
1507 514 1688 560 autem
1719 521 1828 561 non
1852 506 2010 577 longe
2037 512 2086 571 Α
2112 508 2422 578 scripsisse,
2455 509 2548 565 sed
2574 506 2783 564 vixisse
2810 514 3044 564 tantum.
3079 506 3276 564 Verum
3307 523 3418 565 non
3443 509 3539 566 diu
3570 521 3700 582 post

424 615 456 654 a
483 599 824 670 temporibus
865 600 1234 670 apostolorum
1284 599 1408 667 fuit,
1436 609 1496 655 ut
1543 600 1786 670 loquitur
1817 599 2008 672 Augu-

426 693 640 760 stinus,
685 693 852 762 ἐγγὺς
893 691 1001 746 τῶν
1067 692 1382 746 ἀποστόλων
1418 691 1729 763 γενόμενος,
1761 699 1821 747 ιιι
1853 691 2008 746 Basi-

428 784 566 851 lius;
616 799 786 854 prope
821 784 986 855 igitur
1013 785 1313 854 apostolica
1340 793 1586 854 tempora
1616 783 1767 838 fuere
1805 781 2006 838 Valen-

428 875 642 940 tiniani,
695 885 750 932 et
790 891 917 932 cum
963 876 1281 946 apostolicis
1321 876 1458 931 viris
1511 883 1872 932 conversatus
1922 884 2008 932 est

429 984 542 1039 .pse
581 967 899 1024 Valentinus
951 967 1095 1024 ldem
1129 969 1302 1024 multo
1343 967 1522 1023 adhuc
1550 967 1764 1024 firmius
1799 977 1851 1023 et
1880 982 2002 1022 cer-

426 1063 537 1119 tius
562 1063 744 1134 colligi
771 1071 949 1134 potest
982 1078 1050 1118 ex
1081 1071 1241 1118 aetate
1271 1060 1601 1129 Marcionis,
1645 1060 1693 1117 si
1726 1061 1843 1117 haec
1870 1061 2005 1118 satis

426 1156 582 1212 ﬁrma
631 1171 740 1210 non
787 1155 1096 1211 videantur.
1128 1153 1461 1210 Marcionem
1510 1153 1731 1224 quidem
1767 1153 2004 1210 lrenaaus

425 1249 592 1304 tradit
639 1249 743 1305 sub
788 1247 1017 1304 Aniceto
1069 1247 1406 1312 invaluisse,
1447 1245 1542 1317 qui
1596 1245 1700 1302 sub
1727 1245 2004 1301 Antonino

422 1339 522 1396 Pio
555 1340 812 1397 Ecclesiae
852 1339 1114 1395 Romana:
1144 1337 1391 1410 praefuit;
1424 1338 1570 1394 unde
1611 1353 1736 1394 eum
1773 1336 2004 1393 Antoni-

422 1435 651 1489 nianum
682 1432 1013 1490 Marcionem
1059 1431 1297 1502 appellat
1337 1429 1708 1487 Tertullianus
1751 1429 1848 1485 lib.
1883 1445 1914 1484 ν
1947 1439 2004 1485 et

423 1526 520 1581 lib.
549 1541 569 1580 ι
603 1543 618 1580 :
652 1544 672 1579 ι
701 1524 778 1582 De
821 1541 932 1595 quo
973 1534 1160 1580 tamen
1192 1533 1427 1592 constat,
1457 1520 1864 1577 Antoniuianus
1885 1521 2001 1576 haz-

420 1617 626 1672 reticus
671 1624 776 1680 est,
824 1615 928 1670 sub
972 1612 1070 1668 Pio
1119 1613 1339 1683 impius.
1393 1631 1414 1666 ι
1467 1611 1573 1667 Sed
1611 1627 1722 1681 quo
1764 1611 2002 1682 primum

418 1716 666 1780 tempore
708 1707 764 1762 in
795 1706 1029 1762 haeresin
1059 1705 1248 1776 lapsus
1280 1713 1398 1771 est,
1429 1703 1691 1774 quoniam
1722 1702 1865 1772 apud
1894 1701 2004 1757 Ire-

419 1817 601 1859 narum
640 1815 748 1857 non
800 1800 1111 1866 invenerat,
1156 1798 1434 1869 inquirere
1475 1795 1728 1868 neglexit.
1767 1814 1786 1847 ι
1824 1795 2004 1862 Quoto

417 1895 641 1966 quidem
665 1908 811 1948 anno
833 1891 1093 1946 Antonini
1130 1857 1358 1960 majoris
1390 1889 1457 1944 de
1490 1857 1665 1943 Pdnto
1696 1902 1798 1943 suo
1829 1857 2081 1942 exba-B

419 1988 616 2042 laverit
646 2000 778 2041 aura
815 1983 1182 2050 canicularis,
1213 1997 1322 2036 non
1361 1979 1548 2037 curavi
1585 1980 1938 2051 investigare.
1973 1999 1994 2033 ι

419 2079 554 2147 Quae
597 2095 721 2136 cum
774 2085 890 2132 tam
935 2077 1083 2133 clare
1127 2075 1365 2131 fateatur
1409 2072 1799 2142 Tertullianus,
1833 2074 2004 2130 miror

419 2171 719 2227 Baronium
750 2176 1087 2224 asserentem
1111 2206 1126 2229 ,
1157 2182 1226 2222 ex
1274 2166 1394 2237 ejus
1423 2166 1605 2221 verbis
1645 2175 1856 2221 eertum
1902 2181 1995 2221 an-

421 2279 556 2320 num
610 2261 752 2317 initii
810 2257 1104 2314 Marcionis
1158 2255 1386 2312 haresis
1438 2254 1753 2326 consignari
1821 2269 2001 2324 posse.

420 2354 855 2432 Verbaiquidem
897 2352 1041 2423 apud
1078 2365 1204 2406 eum
1237 2350 1352 2405 haec
1397 2356 1706 2420 sequuntur
1737 2365 1752 2402 :
1787 2366 1807 2400 ι
1839 2349 1883 2400 Δ
1912 2345 2006 2401 Ti-

419 2449 577 2506 berio
614 2457 796 2504 autem
827 2461 1008 2517 usque
1039 2445 1106 2500 ad
1137 2443 1474 2498 Antoninum
1506 2441 1635 2497 anni
1667 2439 1779 2495 fere
1816 2439 1920 2494 120
1951 2448 2007 2495 et

419 2542 708 2598 dimidium
744 2539 874 2596 anni
905 2554 1030 2595 cum
1082 2536 1310 2593 dimidio
1363 2535 1590 2590 mensis.
1641 2531 2002 2589 Tantumdetn

422 2635 682 2707 temporis
725 2640 937 2704 ponunt
984 2631 1128 2686 inter
1173 2628 1454 2685 Christum
1493 2635 1550 2682 et
1592 2625 1942 2682 Marcionem.
1979 2643 1999 2677 ι

423 2726 534 2783 Sed
568 2740 694 2783 cum
741 2739 773 2780 a
821 2723 1026 2779 Christi
1075 2723 1228 2778 exitu
1274 2719 1672 2777 Tertullianum
1714 2731 2008 2773 numerare

421 2821 571 2886 velit,
603 2819 656 2875 id
706 2826 894 2890 aperte
941 2815 1141 2872 falsum
1183 2829 1305 2871 esse
1350 2829 1414 2870 ex
1450 2811 1880 2884 praecedentibus
1914 2825 2008 2866 co-

423 2912 740 2982 gnoscitur;
781 2925 909 2966 cum
951 2923 1157 2964 annum
1189 2915 1395 2962 certum
1431 2905 1678 2961 denotari
1709 2905 1888 2969 docet,
1919 2920 2009 2960 se-

424 3003 681 3074 ptimum,
715 3001 945 3069 scilicet,
989 2998 1285 3066 Antonini,
1319 3005 1512 3054 contra
1551 3007 1786 3053 mentem
1834 2997 2008 3068 ipsius

425 3095 822 3151 Tertullianum
853 3092 1107 3164 explicat,
1140 3090 1234 3162 qui
1268 3090 1336 3145 ad
1367 3090 1543 3160 prima
1574 3089 1836 3145 Antonini
1869 3097 2008 3144 tem-

426 3203 558 3258 pora
593 3185 969 3242 tantummodo
997 3185 1269 3240 calculum
1295 3183 1538 3252 deducit,
1562 3199 1662 3240 nec
1684 3184 1850 3239 ullius
1878 3184 2006 3238 anni

427 3280 550 3351 ejus
577 3279 792 3350 imperii
831 3279 1100 3333 rationem
1131 3277 1314 3333 habet.
1341 3273 1477 3332 Nam
1507 3285 1560 3331 et
1585 3278 1680 3347 qui
1720 3285 1848 3332 ante
1877 3274 2010 3330 Ter-

426 3373 717 3428 tullianum
770 3373 1042 3441 scripsere
1084 3371 1383 3426 Christiani
1433 3371 1619 3441 plures
1647 3371 1812 3426 etiam
1843 3386 2010 3441 quam

429 3465 536 3521 H5
571 3480 747 3520 annos
774 3481 806 3520 a
835 3465 902 3520 15
931 3462 1135 3519 Tiberii
1168 3462 1236 3518 ad
1268 3462 1485 3517 initium
1515 3461 1778 3517 Antonini
1816 3478 2013 3516 nume-

428 3561 647 3617 rabant.
680 3558 972 3613 Videamus
1024 3556 1190 3626 igitur
1222 3570 1292 3609 an
1343 3570 1444 3611 nos
1472 3555 1680 3625 aliquid
1709 3555 1912 3610 certius
1944 3553 2013 3608 de

429 3659 642 3730 origine
673 3657 819 3712 illius
853 3655 1091 3710 haeretici
1115 3670 1184 3709 ex
1205 3651 1602 3722 antiquissimis
1626 3660 1869 3706 veterum
1900 3666 2013 3704 mo-

430 3753 709 3808 numentis
752 3766 945 3806 eruere
982 3749 1292 3820 possimus;
1329 3761 1455 3800 nam
1485 3745 1580 3816 qui
1614 3744 2012 3815 posterioribus

429 3845 638 3911 ﬁdunt,
690 3843 827 3898 nihil
884 3843 1153 3897 hactenus
1202 3839 1334 3895 certi
1391 3838 1637 3892 invenire
1695 3846 2010 3907 potuerunt.

431 3935 717 4003 Origenes,
753 3943 940 3988 contra
960 3932 1170 3988 Celsum
1196 3932 1292 3987 lib.
1321 3948 1352 3984 v
1383 3948 1396 3984 :
1429 3931 1707 4004 Ἐμνήσθη
1730 3932 1786 3985 δὲ
1812 3935 1842 3986 ὁ
1871 3931 2012 3986 Κέλ-

435 4043 527 4092 σος
580 4027 674 4081 καὶ
726 4025 1158 4098 Μαρκιωνιστῶν
1213 4026 1629 4098 προϊσταμένων
1687 4026 2009 4098 Μαρκίωνα.

441 4140 462 4174 ι
501 4120 748 4176 Meminit
775 4129 959 4176 autem
1013 4118 1206 4176 Celsus
1239 4119 1684 4175 Mareionitarum
1715 4118 2010 4174 Marcionis

435 4221 796 4270 sectatorum.
848 4231 869 4265 ι
916 4212 1226 4283 Antequam
1276 4213 1442 4284 igitur
1487 4213 1752 4268 scriberet
1795 4213 2010 4280 Celsus,

433 4305 768 4361 Marcionita:
807 4304 1046 4360 haeretici
1103 4313 1259 4361 erant
1308 4304 1567 4360 omnibus
1623 4319 1733 4358 non
1799 4312 2012 4358 tantum

435 4396 794 4462 Christianis,
831 4395 926 4452 sed
965 4396 1131 4452 etiam
1162 4397 1455 4467 gentilibus
1485 4396 1654 4467 probe
1691 4397 1825 4452 noti.
1856 4394 2014 4452 Etas

437 4500 621 4548 autem
653 4491 794 4547 Celsi
828 4493 988 4548 istius
1025 4492 1100 4547 ita
1137 4493 1207 4548 ab
1245 4490 1477 4564 Origene
1507 4491 1836 4548 describitur
1863 4507 1876 4542 :
1909 4491 2014 4544 Δύο

2107 599 2416 656 Adrianum
2453 601 2558 656 sub
2585 601 2816 672 imperio
2841 600 3104 656 Antonini
3130 599 3212 656 Pii
3245 602 3533 672 scripsisse
3563 619 3698 659 eum

2107 693 2274 749 verba
2295 691 2546 765 Origenis
2567 693 2795 748 omnino
2820 693 3049 748 innuere
3074 693 3326 749 videntur
3356 712 3370 748 :
3406 705 3571 750 erant
3592 711 3700 750 au-

2106 795 2216 843 tem
2252 796 2385 844 tune
2425 785 2722 843 Marcionis
2765 786 3020 859 discipuli
3064 788 3204 844 satis
3231 788 3493 846 celebres.
3531 790 3702 847 Certe

2105 877 2552 934 Marcionitarum
2604 879 2848 933 meminit
2897 879 3148 937 Justinus
3204 890 3411 954 martyr
3462 883 3700 955 Diqlogo

2109 988 2228 1025 cum
2261 970 2536 1042 Tryphone
2575 969 2788 1037 Judwo,
2833 971 3038 1042 scripto
3082 981 3143 1028 ut
3192 972 3456 1040 diximus,
3503 975 3699 1030 statim

2106 1063 2210 1118 sub
2233 1063 2393 1117 initio
2416 1062 2679 1118 Antonini
2725 1061 2840 1132 Pii;
2889 1064 2937 1118 si
2984 1062 3321 1135 Scaligerum
3373 1065 3699 1132 audiamus,

2105 1154 2209 1210 sub
2232 1154 2340 1210 line
2363 1153 2610 1210 Adriani.
2647 1157 2726 1210 ita
2765 1157 2914 1211 enim
2956 1155 3046 1211 ille
3083 1157 3151 1212 ad
3197 1155 3421 1212 Eusebii
3452 1159 3701 1214 Chroni-

2104 1262 2232 1302 con.
2276 1266 2296 1300 ι
2344 1247 2477 1303 Belli
2536 1245 2747 1304 Judaici
2807 1258 3053 1318 tempore
3106 1248 3327 1319 scripsit
3397 1247 3700 1321 Tryphona

2103 1340 2406 1411 dialogum,
2448 1339 2555 1398 hoc
2605 1352 2688 1396 est
2731 1341 2835 1396 sub
2858 1341 3123 1408 Adriano,
3151 1349 3212 1394 ut
3237 1341 3352 1410 ipse
3375 1342 3635 1396 ostendit.
3671 1359 3694 1394 ι

2104 1431 2360 1507 Τρύφων,
2397 1432 2553 1504 φησὶ,
2588 1432 2875 1505 καλοῦμαι·
2913 1433 3027 1504 εἰμὶ
3053 1431 3112 1486 δὲ
3157 1431 3404 1504 Ἐϐραῖος
3437 1434 3503 1486 ἐκ
3536 1447 3702 1504 περι-

2103 1527 2298 1598 τομῆς,
2349 1524 2540 1597 φυγὼν
2592 1526 2682 1581 τὸν
2713 1526 2808 1581 νῦν
2842 1525 3099 1598 πόλεμον,
3138 1525 3197 1579 ὲν
3229 1529 3297 1596 τῇ
3353 1524 3564 1580 Ἐλλάδι
3598 1525 3701 1578 καὶ

2104 1623 2172 1692 τῇ
2208 1619 2461 1692 Κορίνθῳ
2491 1619 2562 1674 τὰ
2613 1618 2784 1673 πολλὰ
2836 1619 3058 1686 διάγων.
3119 1637 3138 1672 ι
3199 1617 3442 1690 Trypho,
3490 1618 3700 1689 inquit,

2104 1728 2273 1769 vocor
2305 1730 2318 1768 :
2360 1728 2482 1768 sum
2525 1721 2710 1768 autem
2742 1727 2809 1768 ex
2851 1711 3275 1767 circumcisione
3308 1709 3593 1777 Hebraeus,
3625 1725 3702 1764 ex

2107 1819 2317 1876 nupet'o
2349 1804 2493 1860 bello
2525 1802 2814 1875 profugus,
2842 1812 3006 1874 atque
3038 1803 3092 1858 in
3123 1801 3331 1858 Gracia
3360 1811 3414 1858 et
3441 1802 3702 1858 Corinthi

2105 1898 2405 1969 plurimum
2437 1897 2633 1969 degere
2663 1897 2881 1953 solitus.
2929 1915 2950 1948 ι
2985 1894 3154 1950 Erant
3192 1895 3360 1966 igitur
3382 1894 3452 1949 iis
3480 1901 3702 1963 tempo-

2105 1991 2260 2046 ribus
2285 1989 2526 2046 celebres
2556 1989 2800 2045 haaretici
2827 1987 3121 2044 Marcionis
3142 1986 3418 2058 discipuli.
3450 1985 3528 2043 De
3549 1986 3705 2041 Mar-

2105 2084 2267 2140 eione
2302 2083 2422 2154 ipso
2451 2082 2594 2137 idem
2632 2081 2687 2136 in
2709 2081 2978 2153 Apologia
3013 2079 3214 2150 prima,
3251 2093 3376 2150 qua
3404 2078 3460 2132 in
3498 2078 3703 2134 editio-

2105 2178 2269 2232 nibus
2293 2175 2434 2230 male
2458 2188 2558 2245 pro
2581 2174 2820 2230 secunda
2851 2173 3104 2238 habetur,
3132 2181 3193 2225 ut
3219 2171 3324 2225 viri
3345 2170 3492 2226 docti
3520 2171 3703 2225 adno-

2109 2275 2332 2322 tarunt:
2364 2267 2671 2338 Μαρκίωνα
2699 2264 2759 2320 δέ
2790 2282 2912 2320 τινα
2955 2263 3234 2328 Ποντικὸν,
3267 2262 3326 2328 ὅς
3359 2263 3454 2317 xal.
3486 2260 3584 2316 νῦν
3616 2261 3705 2315 ἔτι

2108 2359 2228 2414 ἐστὶ
2257 2358 2526 2414 διδάσκων
2570 2358 2698 2423 τοὺς
2744 2356 3119 2429 πειθομένους,
3159 2373 3180 2408 ι
3222 2353 3558 2410 Marcionem
3595 2369 3706 2408 au-

2107 2459 2217 2513 tem
2243 2451 2536 2522 quemdam
2577 2447 2888 2515 Ponticum,
2926 2448 3022 2518 qui
3054 2448 3221 2504 etiam
3258 2447 3440 2502 adhuc
3479 2445 3706 2502 exsistit

2108 2541 2316 2598 docens
2346 2541 2648 2613 discipulos
2675 2555 2826 2596 suos.
2861 2557 2881 2592 ι
2915 2537 3038 2606 Quo
3063 2539 3186 2595 loco
3214 2537 3419 2594 indicat
3455 2536 3701 2592 Marcio-

2107 2650 2234 2690 nem
2292 2634 2387 2690 diu
2431 2633 2662 2690 haeresin
2715 2647 2873 2688 suam
2921 2632 3214 2702 sparsisse,
3260 2641 3551 2701 antequam
3606 2629 3702 2684 illa

2111 2727 2394 2798 scripserit
2429 2724 2700 2782 Justinus.
2734 2725 2812 2780 Ea
2858 2733 3043 2780 autem
3069 2723 3293 2794 scripsit
3323 2737 3468 2778 anno
3495 2730 3702 2794 quarto

2107 2815 2372 2872 Antonini
2408 2815 2513 2880 Pii,
2563 2824 2622 2871 ut
2673 2815 2841 2871 tradit
2868 2814 3141 2871 Eusebius
3171 2815 3225 2869 in
3269 2813 3700 2882 Chronico;ne-

2110 2923 2218 2978 que
2253 2907 2530 2978 posterius
2560 2922 2682 2963 eam
2722 2908 3013 2978 scripsisse
3043 2907 3282 2973 videtur,
3317 2921 3444 2960 nam
3490 2905 3695 2958 bellum

2110 2999 2536 3065 Barchoeltebaa,
2568 2997 2671 3053 sub
2692 2998 2934 3053 Adriano
2959 2997 3195 3065 (initum,
3225 2996 3457 3067 appellat
3478 2994 3572 3048 τὸν
3604 2995 3702 3048 νῦν

2109 3091 2479 3165 γεγενημένον
2523 3089 2812 3144 Ἰουδαϊκὸν
2837 3088 3070 3160 πόλεμον
3104 3088 3159 3144 in
3188 3089 3378 3143 eadem
3406 3087 3698 3159 Apologia.

2036 3208 2078 3267 ε
2111 3185 2294 3253 Quare
2325 3200 2451 3240 cum
2489 3181 2740 3239 Justinus
2778 3181 2882 3236 sub
2923 3181 3081 3236 initio
3121 3178 3235 3234 fere
3278 3179 3491 3249 imperii
3527 3177 3701 3233 Anto-

2114 3278 2232 3334 nini
2267 3276 2518 3348 majoris,
2551 3275 2865 3331 tneminerit
2897 3273 3199 3329 Marcionis
3217 3271 3638 3342 discipulorum,
3667 3285 3700 3323 a

2113 3368 2502 3426 communione
2552 3366 2811 3423 Ecclesia:
2865 3367 3197 3437 ejeetorum,
3253 3374 3308 3420 et
3363 3362 3700 3418 Marcionem

2109 3464 2222 3534 jam
2259 3463 2352 3518 diu
2393 3461 2651 3517 haeretica
2701 3475 2800 3514 sua
2832 3458 3086 3530 dogmata
3116 3458 3493 3528 promulgasse
3518 3471 3706 3515 enuna

2114 3553 2364 3621 tiaverit;
2394 3553 2762 3624 quisquamne
2789 3551 2974 3605 induci
3013 3547 3189 3620 possit
3215 3558 3276 3604 ut
3315 3548 3501 3603 credat
3558 3545 3708 3600 Mar-

2113 3646 2325 3700 eionem
2368 3645 2560 3714 paucis
2603 3652 2728 3714 post
2775 3642 2994 3698 initium
3023 3640 3250 3696 Adriani
3279 3639 3443 3694 annis
3477 3638 3704 3693 hereti-

2115 3753 2240 3793 cum
2273 3752 2384 3792 non
2415 3735 2626 3791 fuisse?
2651 3734 2769 3790 Non
2815 3734 3067 3805 equidem
3095 3742 3228 3802 pulo
3256 3745 3383 3786 vera
3414 3745 3539 3786 esse
3580 3744 3708 3800 quae

2115 3830 2189 3884 de-
2222 3827 2500 3883 Marciane
2543 3827 2764 3898 scripsit
2806 3825 3136 3882 Philastrius
3171 3842 3186 3879 :
3237 3842 3259 3877 ι
3306 3822 3408 3890 Qui
3454 3822 3708 3879 devictus

2117 3930 2282 3989 atque
2318 3920 2541 3992 fugatus
2570 3936 2602 3975 a
2644 3920 2804 3975 beato
2839 3917 3050 3974 Joanne
3079 3917 3416 3988 evangelista
3448 3925 3502 3970 et
3527 3930 3560 3969 a
3579 3930 3711 3986 pre-

2116 4013 2352 4086 sbyteris
2376 4014 2444 4068 de
2471 4011 2696 4068 civitate
2719 4011 2940 4081 Ephesi,
2972 4008 3160 4064 Romae
3188 4008 3331 4063 hanc
3364 4006 3599 4062 hazresin
3623 4021 3710 4061 se-

2117 4107 2389 4163 minavit:
2429 4125 2450 4160 ι
2481 4105 2741 4161 existimo
2772 4112 2956 4158 tamen
2983 4118 3048 4159 ea
3091 4117 3214 4158 esse
3255 4100 3402 4155 illius
3430 4099 3710 4156 haereseos

2116 4198 2462 4269 antiquitatis
2507 4196 2732 4268 aliquod
2778 4202 3188 4267 argumentum.
3247 4190 3314 4246 Et
3347 4206 3415 4247 ex
3459 4190 3548 4246 his
3582 4205 3714 4261 quae

2114 4294 2261 4350 dicta
2293 4301 2424 4348 sunt
2452 4293 2627 4347 obiter
2657 4291 2919 4354 observo,
2950 4286 3408 4344 verisimillimum
3444 4299 3568 4340 esse
3607 4291 3715 4354 pa-

2116 4396 2255 4442 trem
2287 4385 2579 4442 Mareionis
2601 4392 2726 4439 ante
2753 4383 3074 4455 martyrium
3103 4379 3292 4452 lgnatii
3317 4379 3370 4433 in
3390 4377 3566 4433 Ponto
3586 4379 3714 4447 epi-

2120 4492 2350 4549 scopum
2379 4475 2574 4544 fuisse,
2599 4485 2653 4532 et
2673 4475 2894 4546 quidem
2923 4472 3293 4544 διαπρέποντα
3311 4472 3368 4524 ὲν
3395 4472 3462 4540 τῇ
3482 4471 3718 4522 ἐπισκο-

434 4584 494 4638 δὲ
532 4583 946 4656 παρειλήφαμεν
976 4585 1216 4648 Κέλσους
1243 4561 1521 4654 γεγονέναι
1574 4584 2010 4656 Ἐπικουρείους·

2127 4571 2238 4644 πῆς
2259 4568 2592 4642 λειτουργίᾳ,
2627 4579 2686 4622 ιιι
2715 4566 2961 4637 loquitur
2997 4561 3336 4634 Epiphanius
3366 4579 3381 4616 :
3423 4568 3521 4616 aut
3558 4569 3717 4616 certe

435 4676 529 4730 τὸν
573 4677 674 4749 μὲν
723 4678 985 4748 πρότερον
1030 4676 1171 4730 κατὰ
1218 4677 1482 4748 Νέρωνα,
1536 4676 1726 4731 τοῦτον
1769 4677 1826 4730 δὲ
1873 4676 2017 4733 κατὰ

447 4767 749 4841 Ἀδριανὸν,
779 4770 874 4822 καὶ
902 4769 1220 4842 κατωτέρω.
1253 4788 1272 4821 ι
1304 4768 1452 4824 Duos
1479 4777 1660 4824 autem
1691 4767 1862 4824 fuisse
1895 4767 2017 4822 Cel-

437 4875 533 4916 sos
561 4859 862 4932 Epieureos
921 4863 1287 4932 accepimus:
1325 4862 1565 4932 priorem
1630 4861 1853 4930 quidem
1914 4860 2018 4916 sub

436 4953 686 5021 Nerone,
741 4953 890 5010 hunc
940 4963 1120 5009 autem
1170 4955 1274 5009 sub
1332 4954 1612 5019 Adriano,
1651 4964 1705 5009 et
1746 4962 1954 5027 postea.
1993 4972 2012 5005 ι

436 5044 632 5102 Celsus
683 5045 852 5118 igitur
911 5047 1008 5118 qui
1066 5047 1514 5103 Marcionitarum
1577 5047 1858 5114 meminit,
1917 5045 2020 5102 sub

435 5138 685 5194 Adriano
713 5139 879 5206 vixit;
915 5140 1205 5211 scripsisse
1249 5139 1470 5210 quidem
1502 5140 1605 5195 sub
1632 5139 1875 5194 Adriano
1909 5153 2018 5192 non

437 5241 694 5299 constat,
739 5232 869 5301 quia
914 5241 1040 5302 post
1087 5231 1314 5286 Adriani
1363 5231 1650 5302 imperium
1700 5231 2017 5302 permansit.

437 5320 558 5379 Non
597 5323 745 5379 enim
775 5323 868 5379 illa
905 5325 1078 5394 probo
1117 5339 1240 5392 quae
1290 5326 1509 5395 scripsit
1550 5325 1820 5381 Baronius
1853 5343 1866 5380 :
1904 5342 1924 5376 ι
1962 5323 2021 5380 Si

439 5413 664 5488 Origeni
717 5417 1030 5483 credimus,
1073 5417 1169 5487 qui
1215 5417 1381 5473 tradit
1424 5417 1646 5474 Celsum
1691 5417 2022 5488 Epicureum

442 5506 549 5562 sub
569 5507 812 5564 Adriano
848 5508 1137 5579 scripsisse
1176 5510 1438 5566 adversus
1482 5510 1828 5566 Christianos
1857 5511 2024 5565 Com-

444 5600 744 5656 mentarios
773 5616 926 5668 suos,
958 5601 1012 5655 in
1043 5601 1246 5671 quibus
1277 5603 1613 5658 mentionem
1639 5601 1771 5657 facit
1799 5603 2024 5659 haeresis

440 5688 736 5746 Marcionis
768 5709 784 5746 :
814 5707 1039 5748 necesse
1079 5701 1165 5746 est
1212 5693 1416 5758 dicere,
1449 5693 1562 5764 jam
1605 5703 1730 5748 ante
1756 5692 2024 5749 Antonini

440 5787 686 5852 tempera
735 5798 858 5838 esse
905 5783 1202 5842 Marcionis
1255 5787 1490 5843 haereses
1548 5785 1938 5858 promulgatas.
1998 5804 2019 5838 ι

439 5873 560 5933 Non
616 5876 761 5946 enim
825 5877 962 5935 dixit
1013 5875 1276 5949 Origenes
1339 5878 1561 5939 Celsum
1612 5880 2026 5957 sub_Adriano

2119 4665 2213 4720 diu
2243 4673 2369 4718 ante
2397 4662 2490 4716 illa
2530 4670 2778 4730 tempora
2817 4657 3020 4728 quibus
3060 4655 3358 4726 primulum
3397 4662 3566 4724 caput
3607 4669 3716 4708 ex-

2119 4758 2314 4814 tulisse
2335 4756 2713 4827 episcopatum
2740 4753 3046 4808 decernunt
3069 4748 3382 4804 Blondellus
3404 4761 3458 4802 et
3493 4745 3718 4802 Salma-

2121 4852 2261 4908 sius.
2291 4847 2418 4904 Hazc
2447 4857 2632 4903 autem
2660 4847 2727 4902 de
2766 4853 2925 4901 aetate
2951 4844 3250 4900 Marcionis
3287 4859 3353 4898 ex
3385 4840 3718 4911 antiquissi-

2121 4946 2228 5001 mis
2267 4952 2511 5000 veterum
2565 4939 2941 4995 monumentis
2977 4937 3245 5009 ‘deeerpta
3300 4935 3369 4990 ad
3403 4935 3714 4989 eruendum

2123 5037 2397 5094 Valentini
2441 5052 2616 5092 aevum
2690 5035 3158 5107 quamplurimum
3213 5032 3414 5087 valent.
3482 5029 3715 5087 Veteres

2110 5134 2268 5188 enim
2292 5146 2486 5187 omnes
2506 5131 2703 5185 docent
2737 5144 2863 5182 eum
2912 5127 3084 5183 fuisse
3120 5125 3400 5180 Marciane
3431 5124 3718 5196 antiquio-

2124 5239 2274 5291 rem;
2334 5230 2543 5297 quanto
2615 5229 2798 5276 autem
2861 5220 3141 5289 antiquior
3207 5216 3340 5282 iuit,
3415 5216 3523 5272 hoc
3592 5232 3716 5271 mo-

2124 5320 2216 5383 do,
2247 5317 2300 5372 ni
2332 5317 2512 5380 fallor,
2540 5315 2752 5372 discere
2788 5313 3136 5384 aliquatenus
3172 5311 3496 5381 poterimus.
3535 5307 3716 5365 Nemo

2123 5424 2208 5469 est
2229 5412 2322 5484 qui
2353 5426 2460 5466 non
2505 5409 2671 5463 tradit
2711 5407 3017 5464 Cerdonem
3051 5403 3346 5460 Marcionis
3378 5401 3714 5472 magistrum

2125 5504 2328 5572 fuisse;
2362 5502 2585 5574 Κέρδων
2618 5499 2676 5552 δὲ
2706 5501 2736 5552 ὁ
2769 5498 2874 5570 πρὸ
2906 5496 3254 5569 Μαρκίωνος,
3296 5514 3314 5546 t
3352 5494 3570 5549 Cerdon
3609 5509 3714 5546 au-

2126 5605 2234 5652 tem
2258 5596 2353 5666 qui
2383 5603 2512 5649 ante
2538 5592 2894 5653 Marcionem,
2940 5607 2959 5640 ι
3011 5598 3115 5644 et:
3162 5607 3182 5640 ι
3227 5587 3474 5642 Marcion
3524 5595 3716 5642 autem

2127 5689 2208 5745 illi
2245 5688 2570 5754 succedens,
2612 5705 2632 5738 ι
2676 5684 2856 5755 inquit
2897 5681 3136 5738 lrenaeus
3195 5682 3296 5737 lib.
3344 5695 3429 5744 ιιι,
3480 5695 3606 5750 cap.
3655 5679 3713 5745 4,

2125 5784 2221 5854 qui
2257 5792 2315 5840 et
2353 5783 2450 5840 lib.
2504 5798 2522 5836 ι
2575 5781 2735 5836 docet
2783 5779 3087 5834 Cerdonem
3130 5793 3230 5833 sua
3285 5791 3316 5830 a
3365 5775 3714 5830 Simonianis

2126 5877 2380 5939 hausisse
2406 5895 2420 5936 :
2450 5875 2842 5948 Διαδεξάμενος
2861 5873 2918 5929 δὲ
2949 5871 3130 5943 αὑτὸν,
3165 5871 3365 5944 inquit,
3389 5872 3419 5925 ὁ
3451 5868 3714 5934 Ποντικὸς
