3848 6204
154 313 254 373 Si!

922 323 974 378 J.
1018 321 1390 381 PEARSONII
1426 324 1751 382 VlNDlCIrE
1790 313 2313 390 ιςΝΑΤιΑΜΞ.’-
2347 325 2533 382 PARS
2571 325 2638 381 ll.

3328 330 3442 386 ΜΞ

154 441 428 515 Μαρκίων
457 441 670 514 ηὔξησε
703 443 764 497 τὸ
794 444 1182 501 διδασκαλεῖον.
1225 466 1244 500 ε
1295 446 1606 504 Succedens
1646 463 1741 502 au-

1855 446 2034 504 Verba
2059 448 2224 504 etiam
2252 445 2534 516 sequentia
2564 444 2710 500 idem
2753 443 3016 499 evincunt
3047 460 3062 498 :
3095 462 3114 497 ι
3144 441 3264 512 Qua
3297 455 3435 500 tem-

153 543 260 588 tem
288 537 339 590 ei
372 535 623 592 Marcion
653 537 918 594 Ponticus
961 541 1206 597 scholam
1238 542 1420 598 auxit.
1460 562 1479 596 ι
1513 543 1592 598 lta
1621 543 1753 598 Ter.

151 627 458 695 tnllianus;
499 631 573 685 ita
607 633 825 702 reliqui.
856 632 923 688 Et
945 636 1166 704 quidem
1195 636 1542 695 Valentinum
1573 642 1752 712 primo

152 719 254 774 sub
286 717 511 792 Hygino
543 722 775 779 Romam
803 727 1041 794 venisse,
1065 728 1192 784 dein
1229 731 1536 792 Cerdonem
1583 735 1751 790 tradit

150 809 417 871 lrenaeus.
452 813 584 871 Inde
633 826 814 872 autem
849 819 985 874 nihil
1019 821 1154 876 certi
1196 821 1263 878 de
1293 831 1541 895 tempore
1566 827 1748 900 colligi

149 914 350 974 potest.
381 905 579 965 Nullos
603 911 750 966 enim
777 913 1125 981 pontiﬁcibus
1154 913 1418 972 Romanis
1456 933 1632 976 annos
1660 935 1752 976 as-

149 998 357 1068 signat,
409 1015 592 1070 neque
639 1017 740 1057 eos
796 1019 923 1058 cum
989 1004 1259 1062 Romanis
1321 1009 1748 1080 imperatoribus

148 1097 443 1156 comparat
473 1090 732 1147 Irenaeus.
768 1091 1038 1152 Eusebius
1080 1097 1303 1168 quidem
1359 1100 1416 1154 in
1472 1102 1747 1160 Chronico

147 1179 395 1248 primum
424 1197 634 1239 annum
663 1184 858 1258 Hygini
881 1189 1123 1246 secundo
1145 1190 1411 1248 Antonini
1429 1193 1511 1249 Pii
1533 1197 1743 1262 tribuit,

147 1271 463 1345 Eutychius
508 1285 693 1331 autem
719 1281 888 1344 :sexto
917 1278 1165 1340 Adriani.
1204 1282 1405 1342 Tribus
1452 1289 1613 1343 annis
1657 1305 1745 1347 se-

145 1365 295 1420 disse
314 1367 443 1422 vult
470 1365 747 1440 Hyginum
785 1370 1054 1431 Eusebius
1103 1393 1117 1430 :
1173 1395 1192 1429 σ
1237 1376 1413 1434 Annis
1450 1380 1743 1438 duodecim

144 1459 440 1516 mensibus
473 1462 675 1529 tribus,
702 1464 898 1524 diebus
926 1483 1047 1534 sex,
1088 1488 1107 1522 ι
1150 1480 1344 1528 auctor
1379 1475 1744 1534 vetustissimi

144 1550 388 1623 catalogi
428 1553 577 1624 apud
608 1554 964 1615 Bucberium.
1017 1560 1084 1616 Et
1133 1579 1262 1620 vera
1313 1566 1534 1637 quidem
1584 1569 1742 1625 initia

147 1653 258 1697 tum
297 1645 547 1712 Aniceti,
589 1656 706 1703 tum
759 1649 877 1717 Pii,
916 1661 1032 1707 tum
1074 1651 1271 1726 Hygini
1324 1658 1741 1728 pontificatuum

143 1745 275 1804 puto
297 1753 432 1793 esse
458 1738 730 1797 hactenus
765 1743 1060 1814 incognita.
1090 1745 1171 1801 Ex
1199 1749 1554 1806 successione
1576 1751 1742 1822 igitur

143 1827 542 1886 hereticorum
566 1832 634 1888 de
656 1833 816 1890 initio
847 1836 1117 1893 Valentini
1147 1840 1332 1909 potius
1347 1841 1740 1912 iudicandum,

143 1921 266 1976 Lalis
319 1932 518 1978 autem
582 1940 614 1980 a
665 1928 944 1984 veteribus
995 1945 1189 1986 eorum
1246 1932 1530 1991 successio
1579 1935 1744 1994 nobis

142 2014 344 2069 tradita
403 2025 528 2084 est;
574 2015 753 2074 Cerdo
793 2022 1064 2078 successit
1103 2022 1460 2092 Heracleoni,
1507 2027 1582 2082 ita
1622 2026 1746 2098 Epi-

141 2107 387 2176 pbanius
425 2126 441 2162 :
477 2109 707 2182 Κέρδων
738 2129 822 2176 τις
852 2115 1074 2180 τούτους
1099 2117 1194 2172 καὶ
1242 2117 1334 2172 τὸν
1395 2119 1745 2191 Ἡρακλέωνα

139 2198 451 2272 διαδέχεται
484 2203 553 2256 ἐκ
584 2203 684 2276 τῆς
713 2204 892 2259 αὐτῶν
925 2207 1122 2281 σχολῆς
1150 2208 1248 2266 ὢν.
1285 2230 1306 2264 ‹
1355 2211 1570 2269 Cerdon
1613 2214 1743 2285 qui-

139 2291 257 2347 dem
289 2293 387 2350 bis
416 2304 475 2350 et
517 2294 843 2354 Heracleoni
892 2301 1154 2370 succedit,
1201 2319 1269 2360 ex
1321 2320 1512 2361 eorum
1554 2308 1742 2363 schola

137 2385 394 2442 existens
427 2405 442 2442 :
476 2407 497 2440 ι
541 2385 843 2448 Heracleon
873 2392 1192 2464 Colarbaso,
1237 2397 1572 2456 Colarbasus
1617 2400 1744 2456 Pto-

138 2477 357 2548 lemaeo,
390 2477 733 2540 Ptolemaeus
769 2483 1066 2558 Epipbani,
1106 2488 1420 2562 Epiphanes
1466 2491 1740 2564 Secundo,

138 2571 443 2629 Secundus
476 2572 772 2634 Valentino
798 2582 1086 2638 successit.
1117 2581 1442 2643 Valentinus
1473 2585 1658 2657 igitur,
1709 2603 1741 2645 e

135 2665 299 2735 cujus
341 2668 543 2723 schola
576 2670 775 2741 reliqui
809 2675 1148 2743 prodierunt,
1184 2694 1294 2734 non
1344 2680 1536 2749 paucis
1580 2681 1740 2736 annis

135 2757 400 2815 Cerdone
432 2761 694 2831 superior
721 2763 846 2819 fuit.
888 2764 945 2820 Si
979 2776 1161 2823 autem
1194 2769 1500 2827 Cerdonem
1532 2782 1741 2828 statua-

134 2865 259 2904 mus
291 2851 344 2906 si
379 2867 498 2907 non
527 2862 673 2921 ante,
706 2854 827 2926 ipso
858 2865 1042 2914 tamen
1087 2861 1273 2916 statim
1313 2862 1473 2918 initio
1509 2863 1738 2920 Adriani

133 2958 233 2998 sua
265 2945 477 3000 deliria
518 2947 936 3017 disseminasse,
981 2951 1129 3021 quod
1171 2953 1412 3009 maxime
1456 2955 1740 3030 probabile

136 3037 515 3106 reddidimus,
567 3056 734 3097 nemo
777 3043 998 3114 negabit
1043 3044 1210 3100 etiam
1246 3044 1595 3103 Valentinum
1638 3066 1738 3106 sua

1851 548 2060 610 pestate
2080 549 2133 595 et
2162 538 2489 594 Chochebas
2515 538 2628 594 dux
2673 535 2917 592 Judaicae
2963 535 3223 592 factionis
3273 537 3438 599 Chri-

1851 631 2060 687 stianos
2095 630 2262 686 variis
2307 628 2593 700 suppliciis
2644 628 2913 684 enecavit.
2968 647 2988 682 ι
3043 628 3126 684 Ad
3175 628 3434 684 eumdem

1849 722 1996 776 enim
2020 720 2246 776 Adriani
2268 736 2474 776 annum
2503 720 2558 774 in
2579 717 2859 795 Chronico
2884 718 3102 775 Eusebii
3124 718 3242 774 haec
3264 717 3433 773 verba

1849 813 2126 884 prioribus
2157 813 2568 884 subiunguntur
2596 829 2610 866 :
2642 831 2662 863 ι
2693 811 3018 867 Cbocbebas
3046 811 3158 866 dux
3187 809 3432 866 Judaica‘.

1847 905 2105 961 factionis
2150 906 2400 960 nolentes
2438 905 2542 960 sibi
2586 903 2937 959 Christianos
2985 901 3276 958 adversum
3318 899 3432 957 Ro-

1847 1016 2072 1056 manum
2095 999 2321 1054 militem
2350 997 2492 1055 ferre
2518 998 2824 1055 subsidium
2861 996 3195 1054 omnimodis
3215 996 3432 1053 crucia-

1846 1095 1995 1151 tibus
2019 1103 2196 1150 necat.
2238 1114 2258 1147 ›
2292 1093 2430 1150 Eum
2482 1095 2648 1166 igitur
2696 1109 2928 1162 annum,
2981 1111 3142 1165 quem
3181 1095 3429 1166 .Dallzeus

1844 1205 1944 1260 pro
1973 1204 2072 1245 sua
2102 1189 2371 1244 sententia
2408 1188 2662 1259 arripuit,
2692 1203 2793 1259 pro
2821 1197 3026 1246 nostrae
3066 1187 3433 1244 fundamento

1844 1297 2026 1353 pono;
2053 1292 2108 1337 et
2124 1280 2418 1336 Basilidem
2444 1296 2592 1336 anno
2620 1281 2686 1335 l7
2720 1281 2971 1352 Adriani,
3010 1289 3136 1352 post
3167 1279 3228 1337 S.
3268 1280 3429 1354 lgna-

1845 1375 1906 1429 tii
1952 1375 2277 1447 martyrium
2323 1374 2545 1431 circiter
2579 1375 2651 1431 27
2705 1384 2988 1432 mortuum
3038 1391 3163 1432 esse
3219 1382 3424 1431 statuo.

1843 1465 1983 1521 Dum
2031 1474 2213 1521 autem
2251 1465 2482 1522 schedas
2511 1464 2777 1522 Notarum
2822 1463 3055 1522 Joannis
3082 1465 3337 1522 Cotelerii
3369 1466 3427 1520 in

1841 1558 2279 1617 Constitutiones
2317 1560 2647 1630 apostolicas
2677 1558 3003 1615 festinanter
3039 1558 3240 1628 lustro,
3269 1558 3428 1614 video

1841 1670 1968 1710 eum
1999 1655 2156 1710 aliter
2188 1654 2580 1727 Hieronymum
2614 1653 2939 1724 intelligere,
2978 1660 3034 1708 et
3069 1667 3170 1724 pro
3225 1671 3246 1705 α
3276 1667 3433 1708 mor—-

1845 1757 1974 1803 tuus
2005 1759 2090 1804 est
2122 1765 2141 1799 ι
2177 1747 2356 1817 legere
2386 1763 2406 1796 ς
2449 1753 2701 1801 moratus
2728 1752 2832 1801 est.
2869 1763 2888 1796 ι
2925 1742 3080 1810 Quod
3113 1749 3176 1797 ut
3197 1740 3424 1808 faceret,

1847 1841 1948 1896 tria
1978 1841 2159 1896 virum
2207 1840 2359 1895 illum
2401 1839 2678 1896 eruditum
2712 1846 3120 1910 permoverunt.
3153 1835 3424 1903 Primum,

1844 1934 1993 2004 quod
2019 1935 2176 1989 locus
2203 1932 2453 2003 Catalogi
2493 1932 2574 1987 illi
2617 1932 2762 2002 apud
2807 1931 3121 1987 Chronicon
3153 1939 3265 1985 tam
3303 1937 3444 2000 apte.

1803 2059 1806 2062 ~
1847 2026 2128 2098 quadret:
2180 2025 2507 2092 secundum,
2555 2024 2705 2095 quod
2750 2023 2808 2078 in
2853 2024 3098 2094 quinque
3143 2021 3430 2080 codicibus

1845 2119 2110 2190 scriptum
2141 2119 2456 2189 reperisset,
2492 2136 2513 2170 ί
2552 2125 2802 2174 moratus
2833 2125 2950 2182 est;
2991 2135 3011 2168 ι
3049 2115 3271 2172 tertium
3300 2115 3444 2171 Cle--

1842 2213 2046 2269 mentis
2067 2211 2420 2268 Alexandrini
2446 2210 2629 2266 locum
2656 2218 2884 2282 spectat.
2936 2208 3045 2265 Sed
3086 2209 3206 2264 haec
3251 2222 3433 2279 neque

1844 2319 2068 2378 cogunt,
2097 2320 2277 2377 neque
2318 2305 2674 2376 persuadent,
2708 2311 2770 2359 ut
2816 2303 3095 2375 vulgatam
3131 2301 3433 2358 lectionem

1842 2399 2187 2464 deseramus,
2218 2405 2315 2454 aut
2339 2396 2634 2453 Basilidem
2669 2403 2794 2468 post
2825 2410 2952 2451 eum
2986 2409 3193 2450 annum
3221 2392 3428 2448 vixisse

1843 2491 2154 2546 credamus.
2181 2487 2302 2544 Non
2331 2487 2594 2560 primum,
2625 2486 2756 2557 quia
2799 2486 2993 2541 eodem
3030 2499 3178 2540 anno
3213 2491 3271 2539 et
3303 2497 3431 2538 mo-

1842 2582 1955 2639 rari
2009 2583 2191 2654 potuit
2236 2580 2580 2636 Alexandriae
2623 2577 2917 2634 haereticus
2962 2575 3086 2642 ille,
3145 2580 3200 2630 et
3236 2572 3424 2639 mori;

1842 2691 2014 2732 unum
2047 2674 2292 2731 indicare
2325 2673 2504 2744 potuit
2546 2670 2838 2735 Eusebius,
2873 2670 3109 2725 alterum
3152 2665 3426 2738 Hierony-

1841 2784 2004 2834 mus;
2045 2775 2253 2822 etcum
2282 2765 2351 2821 de
2381 2772 2544 2820 aetate
2590 2763 2844 2834 Agrippae
2889 2760 3137 2816 Castoris
3194 2766 3321 2831 agat
3371 2758 3428 2813 in

1840 2859 2122 2931 Catalogo,
2144 2858 2330 2929 potius
2352 2857 2420 2912 ad
2447 2865 2680 2912 mortem
2718 2853 2996 2918 Basilidis,
3039 2861 3231 2909 contra
3261 2866 3427 2922 quem

1839 2951 2079 3024 Agrippa
2137 2951 2242 3006 sub
2276 2949 2522 3005 Adriano
2567 2947 2811 3018 scripsit,
2845 2946 3121 3016 respicere
3147 2942 3428 3014 putandus

1839 3051 1944 3110 est,
1977 3057 2143 3113 quam
2172 3041 2241 3097 ad
2268 3056 2513 3108 moram;
2544 3049 2598 3096 et
2629 3037 2924 3094 verisimile
2943 3045 3028 3093 est
3055 3051 3180 3091 eum
3210 3037 3283 3090 ita
3316 3033 3428 3088 Eu-

137 3142 409 3200 spargere
433 3131 691 3201 potuisse
721 3141 846 3189 ante
869 3135 1221 3191 undecimum
1249 3153 1455 3193 annum
1489 3138 1750 3218 Trajani;
1778 3152 1826 3215 ο
1856 3133 2068 3189 sebiUm
2100 3131 2454 3197 intellexisse,
2487 3137 2548 3185 ut
2582 3144 2758 3200 usque
2802 3128 2872 3183 ad
2919 3143 3128 3182 annum
3160 3126 3216 3218 in
3251 3125 3430 3180 Chro-

135 3237 311 3292 eaque
346 3237 524 3278 nemo
565 3239 676 3279 non
706 3226 965 3282 concedet
995 3227 1064 3283 ab
1114 3227 1326 3300 Ignatio
1365 3240 1493 3288 ante
1530 3241 1737 3306 marty-

136 3312 280 3366 rium
306 3313 568 3382 potuisse
597 3315 880 3385 cognosci.

202 3403 335 3459 Alio
368 3405 543 3459 etiam
565 3416 889 3478 argumento
919 3410 1095 3466 utitur
1131 3411 1365 3470 Dallaaus
1411 3433 1426 3468 :
1475 3435 1494 3468 ς
1548 3415 1740 3473 Satur-

136 3497 284 3554 nilus
340 3509 402 3554 et
442 3496 718 3555 Basilides
771 3502 932 3558 annis
983 3504 1232 3572 pluribus
1285 3522 1450 3577 quam
1505 3509 1576 3564 20
1613 3520 1739 3581 post

137 3586 335 3654 lgnatii
378 3591 713 3662 martyrium
754 3609 851 3649 sua
887 3594 1080 3652 deliria
1126 3613 1383 3669 spargere
1430 3613 1734 3672 coeperunt.

144 3679 477 3739 Valentinus
517 3693 698 3740 autem
729 3696 853 3757 post
898 3688 1000 3745 hos
1047 3690 1189 3747 duos
1233 3694 1432 3762 erupit.
1487 3715 1506 3747 ι
1552 3693 1739 3750 Primo

140 3774 368 3842 quidem
399 3775 582 3832 fateor
607 3775 957 3835 Valentinum
987 3791 1114 3852 post
1153 3800 1248 3842 eos
1281 3785 1423 3841 duos
1465 3790 1735 3859 erupisse,

140 3868 232 3921 sed
265 3883 386 3923 non
415 3883 620 3940 magno
651 3870 956 3930 intervallo.
995 3876 1247 3933 Secundo
1287 3879 1452 3935 etiam
1496 3897 1738 3952 agnosco

142 3957 498 4015 Saturnilum
527 3963 680 4032 prius
705 3981 863 4021 suam
894 3967 1125 4024 baeresin
1155 3971 1413 4029 docuisse
1437 3989 1602 4045 quam
1630 3975 1737 4031 Ba-

141 4049 389 4116 silidem,
431 4053 582 4122 quod
611 4051 807 4112 frivola
849 4060 1168 4129 suspicione
1213 4062 1415 4122 ductus
1465 4065 1738 4125 Baronius

140 4143 387 4212 negavit.
421 4143 530 4199 Sed
561 4146 779 4202 interim
815 4161 999 4219 aperte
1025 4168 1166 4225 nego
1187 4155 1300 4211 ullo
1325 4157 1490 4213 modo
1514 4160 1738 4230 probari

141 4246 326 4300 posse,
354 4233 657 4292 Basilidem
697 4247 779 4294 tot
803 4243 963 4298 annis
993 4254 1123 4314 post
1147 4244 1341 4316 lgnatii
1373 4257 1606 4305 mortem
1638 4267 1739 4307 sua

144 4323 341 4378 deliria
372 4341 637 4396 spargere
665 4333 919 4400 crepisse.
953 4333 1144 4394 Plures
1197 4353 1363 4410 quam
1411 4341 1604 4412 viginti
1641 4359 1740 4398 an-

144 4429 244 4470 nos
291 4415 408 4472 hoc
450 4417 576 4473 loco
633 4424 900 4490 nominat,
944 4429 1122 4498 capite
1159 4439 1343 4495 autem
1390 4433 1459 4487 10
1493 4434 1561 4490 ad
1593 4437 1739 4506 quod

1842 3227 1970 3282 nico
1994 3232 2245 3280 notatum
2273 3222 2569 3280 Basilidem
2605 3223 2810 3279 vixisse
2839 3219 3096 3286 voluerit,
3137 3217 3185 3274 si
3236 3232 3427 3273 revera

1841 3315 1896 3371 in
1917 3314 2195 3371 Chronico
2215 3311 2583 3385 Hieronymus
2606 3312 2888 3384 scripserit
2916 3329 2937 3364 α
2971 3317 3362 3367 commoratur.
3401 3327 3422 3360 θ

1838 3402 1977 3460 Nam
2009 3420 2111 3461 nec
2155 3406 2262 3460 hoc
2295 3413 2506 3460 certum
2551 3413 2665 3474 est;
2704 3405 2965 3475 quoniam
2994 3415 3062 3458 eo
3089 3401 3201 3456 loci
3227 3400 3429 3470 legitur

1839 3499 2006 3554 etiam
2045 3517 2066 3550 ι
2096 3506 2603 3553 commemoratur:
2651 3514 2672 3550 ›
2709 3504 2766 3551 et
2789 3493 3043 3566 quamvis
3066 3493 3346 3548 Pontacus
3370 3491 3428 3544 in

1841 3592 2117 3662 aliquibus
2148 3606 2284 3647 mss.
2333 3609 2352 3643 ι
2389 3597 2768 3646 commoratur
2795 3608 2813 3641 ι
2855 3587 2960 3658 legi
3000 3587 3216 3652 doceat,
3258 3583 3427 3650 (utin

1841 3701 1954 3740 uno
1983 3682 2424 3754 Cantabrigiensi
2474 3681 2664 3736 codice
2710 3679 2974 3749 scriptum
3015 3677 3184 3734 etiam
3224 3675 3427 3747 reperi)

1841 3775 1983 3831 idem
2007 3783 2190 3829 tamen
2221 3773 2278 3828 in
2310 3772 2562 3844 pluribus
2601 3789 2620 3824 ι
2662 3777 3129 3828 commemoratur
3173 3787 3193 3822 ›
3232 3768 3426 3824 haberi

1839 3867 2061 3922 innuit:
2090 3881 2214 3937 qua:
2251 3881 2357 3920 vox
2390 3865 2437 3922 si
2478 3865 2797 3936 recipiatur,
2843 3862 3148 3920 similitudo
3177 3863 3430 3918 locorum

1838 3959 2000 4031 perit.
2035 3957 2222 4030 Neque
2270 3957 2575 4013 secundum
2626 3955 2928 4026 quidquam
2966 3953 3150 4021 valet;
3199 3952 3330 4023 quia
3371 3959 3429 4006 et

1839 4051 2141 4115 editiones,
2204 4056 2260 4104 et
2307 4047 2418 4103 duo
2477 4047 2620 4117 apud
2674 4055 2898 4102 nostros
2944 4043 3428 4116 Cantabrigienses

1841 4157 1978 4198 mss.
2008 4140 2248 4204 codices,
2287 4154 2449 4210 quos,
2487 4138 2619 4194 dum
2658 4138 2868 4204 scribo,
2927 4137 3199 4208 inspicere
3249 4136 3426 4199 licuit,

1839 4232 2140 4304 praeferunt
2160 4239 2413 4286 mortuus
2429 4239 2532 4296 est,
2560 4238 2612 4285 et
2641 4229 2832 4285 Graeca
2850 4228 3035 4284 versio
3056 4228 3160 4284 sub
3183 4225 3430 4297 Sophro-

1840 4325 1918 4379 nii
1943 4325 2187 4391 nomine,
2221 4324 2467 4395 quinque
2492 4322 2600 4378 illis
2623 4323 2908 4379 codicibus
2931 4321 3052 4378 sine
3077 4321 3245 4377 dubio
3269 4321 3430 4390 longe

1841 4419 2142 4491 antiquior,
2173 4419 2317 4473 hanc
2343 4418 2618 4488 vulgatam
2647 4416 2938 4471 lectionem
2962 4422 3336 4486 repraesentat,
3374 4420 3432 4466 et

144 4523 244 4563 nos
279 4511 542 4578 remittit,
594 4515 857 4584 epocham
900 4518 1172 4579 haereseos
1212 4523 1561 4582 Basilidianae
1601 4529 1735 4600 figit,

1844 4521 2043 4568 tuetur.
2072 4511 2442 4575 Τελευτῶντος
2470 4510 2781 4565 Βασιλείδου
2810 4508 3109 4562 Γνωστικοὶ
3145 4508 3203 4561 ὲν
3254 4505 3430 4571 Ἀλεξ-

143 4613 323 4655 annos
343 4601 422 4654 27
450 4613 576 4672 post
602 4603 794 4677 lgnatii
831 4613 1154 4684 martyrium
1185 4626 1460 4683 numerat,
1495 4627 1548 4674 et
1570 4621 1737 4676 verba

145 4687 373 4746 Eusebii
408 4693 463 4747 in
491 4693 766 4754 Chronico
799 4700 868 4756 ad
897 4717 1102 4758 annum
1138 4705 1366 4762 Adriani
1408 4707 1474 4762 Π
1519 4708 1739 4766 Domini

146 4795 276 4837 vero
315 4783 427 4837 154
467 4788 628 4854 quasi
678 4788 906 4847 fundum
963 4797 1250 4852 sententiae
1302 4799 1508 4857 laudat.
1562 4800 1740 4859 Verba

147 4871 374 4930 Eusebii
411 4887 544 4932 sunt
578 4899 592 4933 :
632 4899 651 4932 ‹
694 4880 962 4941 Basilides
991 4886 1382 4945 baeresiarches
1413 4890 1468 4945 in
1504 4891 1742 4948 Alexan-

149 4964 270 5021 dria
301 4980 708 5041 commoratur,
741 4989 771 5028 a
801 4991 912 5045 quo
941 4976 1210 5034 Gnostici.
1245 4999 1265 5034 ι
1295 4979 1400 5035 Sed
1422 4997 1588 5052 quam
1616 4999 1742 5053 pcr-

149 5070 342 5124 peram
374 5059 495 5116 haec
523 5062 592 5117 ad
636 5064 854 5121 initium
905 5069 1176 5126 haereseos
1227 5073 1556 5141 trahuntur;
1617 5091 1741 5146 qua:

151 5148 337 5216 potius
369 5150 578 5208 exitum
621 5154 862 5212 haeretici
911 5159 1196 5216 indicant?
1231 5161 1310 5218 Eo
1344 5164 1566 5234 quidem
1595 5181 1742 5221 anno

151 5239 504 5298 Alexandriae
531 5244 712 5301 adhuc
734 5250 1065 5304 commorari
1094 5251 1316 5318 dicitur,
1341 5253 1434 5323 qui
1461 5263 1586 5323 post
1614 5269 1740 5309 eum

153 5346 362 5388 annum
395 5348 672 5408 nusquam
698 5344 1024 5411 comparuit.
1050 5343 1126 5399 Ita
1149 5343 1444 5402 Eusebium
1476 5348 1745 5418 interpre-

152 5436 301 5483 tatus
327 5437 438 5496 est,
498 5433 592 5502 qui
622 5448 687 5488 ea
728 5436 896 5492 verba
932 5453 963 5493 e
1003 5437 1195 5496 Graeco
1224 5441 1526 5509 transtulit,
1551 5440 1744 5500 Hiero-

158 5535 382 5588 nymus.
415 5524 478 5577 ln
523 5523 788 5598 Catalogo
837 5531 1007 5599 enim,
1040 5547 1179 5588 voce
1213 5552 1234 5585 ι
1271 5534 1534 5606 Agrippa,
1571 5553 1590 5588 ›
1625 5536 1745 5593 haec

159 5607 322 5666 habet
352 5630 368 5666 :
399 5631 419 5666 ι
461 5611 716 5673 Mortuus
743 5626 830 5673 est
864 5627 1045 5674 autem
1074 5619 1362 5690 Basilides,
1390 5637 1422 5676 a
1450 5637 1562 5692 quo
1595 5622 1746 5678 Gno-

161 5703 302 5769 stici,
350 5703 409 5758 in
461 5706 797 5764 Alexandria
841 5712 1182 5781 temporibus
1223 5712 1474 5768 Adriani.
1528 5733 1548 5766 ι
1610 5713 1745 5780 Quis

162 5799 343 5848 autem
375 5808 490 5851 non
517 5796 668 5854 videt
696 5812 824 5856 eum
856 5797 924 5857 ad
955 5799 1266 5860 Eusebiana
1289 5803 1408 5878 alia
1438 5803 1745 5877 respicere?

1839 4604 2059 4678 ανδρείᾳ
2127 4605 2435 4677 ἐκλήθησαν
2501 4605 2562 4657 ἐν
2641 4604 2756 4668 τοῖς
2836 4603 3048 4675 χρόνοις
3125 4600 3425 4674 Ἀδριανοῦ.

1845 4713 1866 4748 ι
1916 4695 2132 4751 Mortuo
2172 4694 2409 4751 Basilide
2456 4693 2704 4751 Gnostici
2755 4694 2814 4749 in
2866 4691 3199 4749 Alexandria
3242 4694 3428 4748 vocati

1839 4797 1972 4848 sunt
2001 4789 2345 4856 temporibus
2376 4787 2622 4844 Adriani.
2661 4806 2680 4839 ι
2717 4787 2794 4842 De
2819 4785 2982 4843 tertio
3013 4785 3280 4842 adversus
3302 4784 3431 4840 Dat-

1841 4885 2001 4940 laeum
2032 4884 2267 4955 agimus.
2304 4882 2409 4938 Sed
2445 4880 2679 4936 Dallaeus
2709 4879 2885 4935 nescit
2912 4879 3019 4944 hoc
3037 4893 3204 4949 quam
3232 4893 3428 4934 verum

1843 4977 1945 5044 sit;
1979 4995 1998 5028 ε
2039 4984 2188 5032 certe
2221 4990 2332 5029 non
2359 4974 2576 5030 videtur
2605 4973 2902 5036 coheerere,
2950 4971 3150 5040 inquit,
3187 4985 3313 5026 cum
3357 4970 3429 5025 iis

1842 5084 1964 5139 quae
1982 5067 2234 5123 Clemens
2262 5066 2504 5132 tradidit,
2535 5065 2765 5129 scilicet,
2795 5061 3084 5118 Basilidem
3111 5061 3430 5132 pervenisse

1843 5161 1910 5215 ad
1939 5159 2203 5215 Antonini
2238 5158 2319 5214 Pii
2344 5170 2540 5214 aevum.
2581 5177 2600 5212 ι
2641 5157 2749 5213 Sed
2785 5171 2889 5210 nec
2930 5157 3036 5210 hoc
3066 5154 3271 5211 diserte
3295 5154 3431 5209 dicit

1843 5252 2094 5308 Clemens
2123 5251 2178 5305 in
2201 5251 2324 5307 loco
2350 5251 2442 5306 illo
2465 5251 2722 5314 obscuro,
2759 5263 2921 5319 quem
2952 5263 3081 5302 mox
3109 5244 3430 5301 considera-

1842 5346 2060 5412 bimus;
2097 5359 2199 5400 nec
2234 5344 2283 5400 si
2319 5343 2373 5399 id
2402 5343 2650 5408 dixisset,
2687 5342 2920 5396 multum
2945 5354 3126 5396 causa:
3163 5337 3429 5392 adversa-

1843 5437 2056 5492 riorum
2100 5435 2412 5503 accederet;
2449 5450 2552 5491 nec
2595 5435 2742 5489 enim
2791 5433 2922 5488 inde
2967 5431 3188 5502 probari
3217 5437 3426 5500 posset.

1845 5529 1989 5582 ultra
2029 5525 2468 5598 quinquennium
2505 5532 2632 5596 post
2685 5539 2811 5578 eum
2869 5537 3074 5577 annum
3127 5518 3427 5575 Basilidem

1843 5621 2069 5677 vixisse.
2132 5617 2263 5673 Inde
2304 5617 2472 5672 etiam
2520 5613 2717 5682 infero,
2773 5613 2997 5686 probari
3053 5612 3208 5667 nullo
3260 5610 3429 5665 modo
3528 5676 3535 5684 _

1843 5727 2028 5784 posse,
2056 5719 2182 5782 post
2209 5710 2400 5782 lgnatii
2420 5718 2651 5764 mortem
2668 5706 2904 5764 baeresin
2924 5720 3080 5762 suam
3105 5704 3159 5758 in
3189 5701 3428 5774 »Ευριο

1845 5820 1972 5862 eum
2005 5802 2292 5877 sparsisse.
2323 5800 2498 5871 Quam
2533 5800 2861 5862 sententiam
2894 5813 2962 5856 ex
3004 5796 3265 5855 Veterum
3306 5808 3426 5850 meo
