3848 6204
422 334 527 388 363

1462 332 1520 389 S.
1557 331 1909 390 lGNATlUS.
1959 362 2023 372 -—
2057 329 2596 388 ΡιιυιεοοΜΕΝΑ.

3591 327 3704 383 3H

420 451 702 507 numentis
727 451 806 508 sic
828 451 1115 508 confirmo.
1133 451 1249 506 Sub
1269 451 1499 521 imperio
1525 451 1749 506 Adriani
1773 451 2006 522 Agrippa
2036 455 2083 510 Α
2112 449 2351 505 fatentur
2377 445 2706 519 discipulum
2739 445 2908 502 fuisse
2932 444 3173 501 Simonis
3194 441 3365 516 Magi;
3390 453 3539 500 certe
3565 460 3701 500 eum

417 539 618 595 Castor
676 539 933 598 Basilidis
991 543 1324 598 luculentam
1385 541 1818 597 conlutationem
1869 542 2008 597 scri-

419 633 550 704 psit,
588 634 642 688 in
671 649 778 704 qua
809 645 861 689 et
894 637 1228 690 mentionem
1268 635 1397 690 fecit
1423 633 1492 688 ει
1529 635 1797 688 librorum
1836 634 1906 688 ab
1935 648 2003 688 eo

417 725 472 778 in
518 723 874 796 Evangelium
933 728 1286 797 scriptorum,
1336 734 1478 782 teste
1538 725 1796 790 Eusebio,
1854 723 2002 778 Hist.

415 815 514 870 lib.
547 832 620 882 ιν,
658 833 777 886 cap.
813 817 865 883 7,
896 833 1075 887 neque
1116 826 1329 872 tantum
1374 818 1641 873 adversus
1684 815 2002 882 Basilidem,

415 909 508 963 sed
532 919 586 963 et
619 909 788 964 lilium
816 911 936 980 ejus
978 927 1041 965 ac
1073 911 1402 981 discipulum
1441 909 1712 966 lsidorum
1759 908 2000 978 scripsit,

414 1006 553 1054 teste
576 998 941 1056 Theodoreto.
979 1001 1083 1067 Qui
1131 1002 1236 1057 sub
1280 1001 1522 1056 Adriano
1553 1009 1634 1055 tot
1669 1000 1842 1054 libros
1884 999 2002 1054 edi-

414 1091 590 1158 derat,
622 1092 908 1164 liliumque
943 1109 1008 1150 ac
1040 1093 1377 1164 discipulum
1425 1103 1616 1148 notum
1655 1092 1821 1146 etiam
1867 1091 2004 1146 scri—

411 1193 623 1254 ptorem
648 1195 779 1240 tunc
810 1186 1020 1253 habuit,
1056 1201 1182 1241 eum
1215 1187 1316 1242 sub
1357 1184 1597 1256 Trajano
1624 1200 1723 1241 sua
1748 1185 2003 1239 docuisse

409 1289 511 1345 par
564 1284 650 1329 est
700 1276 944 1331 credere.
995 1274 1165 1332 Joelis
1208 1278 1377 1348 igitur
1441 1274 2003 1346 chronographusjde

411 1366 656 1438 Trajano
685 1369 1014 1439 imperatore
1043 1385 1231 1440 agens,
1272 1370 1390 1425 haec
1419 1368 1623 1423 habet:
1664 1369 1779 1438 Ἐφ’
1812 1362 1873 1420 οὐ
1910 1366 2003 1420 καὶ

410 1457 634 1528 Συμεὼν
664 1460 693 1511 ό
721 1459 815 1512 τοῦ
842 1459 1082 1512 Κλεωπᾶ
1109 1461 1201 1514 καὶ
1247 1459 1504 1528 Ἰγνάτιος
1535 1458 1564 1510 ὁ
1595 1457 1883 1529 Θεοφόρος,
1907 1456 2002 1510 καὶ

409 1543 748 1618 Βασιλείδης,
767 1548 863 1601 καὶ
880 1547 1170 1612 Νικόλαος,
1202 1549 1295 1602 καὶ
1331 1549 1642 1612 Ἐὁιωναίος
1661 1550 1708 1601 οἱ
1723 1549 2003 1620 αἱρεσιὰρ-

408 1653 500 1707 χαι
530 1639 623 1692 καὶ
654 1638 838 1710 ἐχθροὶ
859 1639 960 1710 τῆς
986 1638 1243 1711 ἀληθείας
1269 1639 1642 1712 ὲγνωρίζοντο.
1671 1658 1690 1692 t
1736 1639 1850 1692 Sub
1892 1655 2003 1708 quo

408 1741 463 1784 et
484 1729 708 1784 Simeon
730 1731 944 1802 Cleopae
973 1731 1141 1798 ﬁlius,
1172 1740 1226 1786 et
1250 1729 1493 1801 lgnatius
1522 1729 1724 1795 Deiter,
1744 1743 1797 1786 et
1812 1729 2004 1784 Basili-

2111 541 2356 613 μαθητὴν
2430 540 2523 595 τοῦ
2589 541 2832 610 Σίμωνος
2902 547 3064 595 vocat
3139 536 3390 593 Justinus
3458 549 3697 608 martyr.

2108 631 2415 703 Utrumque
2452 631 2651 701 igitur;
2681 631 2828 700 quod
2861 631 2927 685 ad
2966 629 3226 699 temporis
3258 629 3528 684 rationem
3563 645 3703 699 spe-

2107 738 2238 792 ctat,
2268 720 2459 782 audire
2486 723 2664 796 potuit
2684 731 2738 776 et
2761 721 3044 777 Glauciam
3081 730 3135 776 et
3165 720 3548 784 Menandrum,
3585 721 3700 775 nisi

2106 826 2472 890 praematurus
2503 815 2652 871 illius
2685 813 2925 870 Glaucia:
2949 813 3133 867 obitus
3169 811 3332 867 alicui
3361 811 3475 881 jam
3524 822 3701 866 notus

2107 907 2198 962 sit.
2217 905 2466 961 Mortuus
2490 915 2571 961 est
2598 904 2787 960 Simon
2819 904 2921 960 sub
2945 901 3194 970 Nerone;
3227 903 3330 958 sub
3350 902 3702 974 Vespasiano

2106 1001 2273 1070 igitur
2311 999 2498 1055 ﬂoruit
2527 997 2844 1064 Menander,
2887 996 2989 1052 sub
3021 995 3334 1050 Domitiano
3366 997 3532 1066 igitur
3570 1011 3703 1052 cre-

2104 1093 2270 1148 dibile
2299 1101 2384 1148 est
2425 1107 2550 1146 eum
2592 1090 2868 1145 audivisse
2903 1089 3242 1144 Saturnilum
3283 1097 3336 1142 et
3369 1086 3698 1154 Basilidem,

2105 1186 2209 1241 sub
2233 1184 2472 1255 Trajano
2510 1200 2639 1240 suas
2687 1183 2925 1238 haereses
2967 1181 3290 1236 eﬂormasse
3316 1189 3481 1250 atque
3499 1182 3701 1250 prodi-

2104 1278 2272 1344 disse,
2331 1275 2550 1333 scholas
2603 1275 2769 1332 etiam
2819 1289 2917 1330 seu
2971 1273 3233 1330 ecclesias
3294 1274 3399 1328 sub
3442 1272 3700 1327 Adriano

2104 1370 2438 1427 condidisse.
2477 1370 2552 1426 De
2580 1371 2780 1440 quibus
2818 1368 3088 1425 Eusebius
3123 1387 3134 1422 :
3187 1363 3286 1422 Ὧν
3335 1369 3365 1421 ό
3413 1369 3510 1440 μὲν
3547 1368 3699 1439 μετὰ

2107 1464 2356 1534 Συρίανὸ
2395 1462 2454 1516 δὲ
2497 1464 2618 1517 κατ’
2662 1461 2936 1530 Αἴγυπτον
2979 1463 3374 1533 συνεστήσαντο
3419 1460 3699 1526 θεομισπῶν

2104 1557 2366 1628 αἱρέσεων
2379 1555 2742 1611 διδασκαλεῖα.
2761 1573 2778 1607 ι
2809 1554 3054 1621 Quorum
3077 1554 3166 1608 ille
3184 1554 3402 1624 quidem
3421 1553 3474 1606 in
3503 1551 3697 1622 Syria,

2106 1648 2196 1703 hic
2217 1663 2347 1704 vero
2377 1647 2520 1717 apud
2549 1646 2844 1718 IEgyptum
2879 1646 3171 1715 impiarum
3214 1645 3495 1700 hazreseon
3523 1643 3699 1698 scho-

2106 1742 2185 1797 las
2211 1741 2476 1796 condidit.
2509 1759 2527 1792 ι
2579 1738 2732 1796 Unde
2774 1739 2969 1810 probat
3003 1738 3258 1795 Clemens
3279 1738 3702 1793 Alexandrinus

407 1822 526 1891 des,
545 1834 599 1880 et
618 1823 902 1889 Nicolaus,
927 1835 982 1881 et
1011 1824 1304 1884 Ebionzeus
1335 1826 1714 1883 haeresiarcha:
1736 1835 1791 1880 et
1806 1825 1995 1880 verita-

2127 1833 2598 1905 μεταγενεστέρας
2640 1832 2738 1903 τῆς
2772 1831 3064 1916 καθολικῆς
3115 1831 3439 1900 Ἐκκλησίας
3463 1830 3564 1894 τὰς
3593 1830 3696 1883 ἀν-

406 1919 479 1975 tis
523 1919 714 1975 hostes
757 1920 928 1990 agniti
979 1929 1128 1978 sunt.
1195 1941 1214 1974 ›
1278 1921 1354 1976 De
1410 1921 1604 1977 eodem
1663 1919 1998 1988 imperatore

407 2026 576 2083 agens
608 2011 963 2069 Abulfaraius
1005 2031 1018 2067 :
1061 2031 1080 2065 ι
1119 2013 1234 2069 Hoc
1277 2022 1525 2084 tempore
1559 2010 1759 2081 prodiit
1807 2007 2001 2062 Antio-

407 2104 546 2160 chiae
575 2105 798 2175 quidam
847 2107 1073 2160 nomine
1118 2104 1438 2172 Soterinus,
1491 2105 1607 2159 sive
1645 2098 1998 2156 Saturninus.

404 2192 617 2248 Prodiit
642 2196 806 2249 etiam
836 2193 1127 2252 Basilides.
1174 2216 1193 2249 ›
1225 2195 1413 2265 Neque
1435 2195 1635 2250 mirum
1661 2194 1765 2248 hos
1800 2204 1995 2245 recen-

404 2288 578 2343 tiores
605 2287 719 2344 hazc
758 2289 1088 2359 prodidisse,
1137 2305 1262 2346 cum
1299 2288 1522 2344 Veteres
1565 2286 1720 2357 paria
1771 2281 2001 2338 tradide-

403 2379 536 2436 rint.
585 2379 926 2450 Epiphanius
977 2383 1173 2438 haeresi
1232 2383 1296 2438 ’51
1333 2399 1347 2436 :
1389 2380 1746 2441 Οὐαλεντῖνος
1777 2375 1873 2447 μὲν
1907 2368 2000 2426 οὖν

403 2465 561 2536 οὗτος
592 2471 670 2542 τῷ
693 2473 870 2544 χρόνῳ
899 2473 1204 2545 διαδέχεται
1233 2473 1360 2537 τοὺς
1385 2471 1491 2543 πρὸ
1520 2467 1687 2524 αὐτοῦ
1736 2482 2002 2538 προτετα-

402 2566 660 2636 γμένους,
691 2566 1006 2638 Βασιλείδην
1043 2585 1103 2622 τε
1137 2569 1228 2623 καὶ
1268 2567 1610 2641 Σατορνῖλον,
1673 2563 1904 2618 Ἐϐίωνά
1942 2577 2000 2614 τε

404 2659 498 2712 καὶ
529 2661 802 2731 Κήρινθον
841 2663 934 2715 καὶ
972 2662 1273 2733 Μήρινθον,
1309 2662 1404 2716 καὶ
1450 2662 1577 2724 τοὺς
1617 2657 1756 2729 ἀμφ’
1782 2654 1998 2718 αὐτούςο

402 2745 566 2805 υῦτοι
597 2753 706 2824 γὰρ
737 2753 939 2816 πάντες
967 2755 1026 2806 ὲν
1056 2754 1136 2806 ἑνὶ
1165 2752 1341 2824 καιρῷ
1368 2751 1445 2823 τῷ
1479 2750 1578 2823 βίῳ
1621 2746 1806 2811 κακῶς
1835 2745 2002 2816 ἐφύη-

402 2862 526 2906 σαν,
564 2844 730 2914 ὀλίγῳ
761 2845 818 2898 δὲ
850 2844 1086 2914 πρόσθεν
1117 2845 1318 2917 μᾶλλον
1345 2846 1395 2898 οἱ
1425 2843 1552 2915 περὶ
1580 2839 1873 2914 Κήρινθον,
1906 2837 2000 2892 καὶ

399 2933 706 3007 Μηρινθον,
741 2935 836 2988 καὶ
876 2936 1128 2989 Ἐϐίωνα.
1165 2955 1184 2987 t
1224 2935 1548 2990 Valentinus
1580 2934 1683 2988 iste
1723 2929 2000 3000 prioribus

401 3028 512 3083 illis
546 3044 577 3083 a
627 3043 715 3083 me
755 3036 917 3084 antea
952 3027 1399 3084 commemoratis
1429 3035 1675 3095 tempore
1703 3032 1787 3079 est
1816 3029 1999 3091 poste-

400 3120 537 3186 rior,
572 3118 829 3185 Basilide,
865 3121 1150 3186 nimirum,
1195 3135 1260 3174 ac
1287 3118 1587 3183 Saturnilo,
1618 3116 1845 3178 Ebione,
1885 3111 1991 3166 Ce-

401 3215 591 3274 rintho
656 3231 722 3272 ac
773 3215 1049 3272 Merintho
1097 3229 1401 3284 eorumque
1462 3212 1649 3268 sociis.
1706 3207 1992 3279 Siquidem

403 3322 599 3363 omnes
670 3323 784 3363 uno
861 3319 1117 3378 tempore
1169 3309 1236 3362 ad
1317 3305 1546 3361 humani
1602 3303 1816 3374 generis
1885 3299 2003 3355 exi-

401 3401 543 3456 tium
586 3399 798 3471 profusi
860 3411 992 3456 sunt
1072 3419 1086 3456 :
1155 3413 1472 3469 quanquam
1535 3395 1866 3461 Cerinthus,
1929 3407 1994 3446 ac

401 3490 708 3548 Merinthus
757 3502 812 3548 et
859 3492 1035 3548 Ebion
1086 3491 1372 3563 paululum
1428 3487 1733 3559 antegressi
1785 3492 1934 3541 sunt.
1968 3502 1988 3535 ι

401 3578 522 3634 Non
553 3583 787 3636 multum
826 3583 1088 3652 temporis
1134 3582 1301 3652 igitur
1344 3578 1656 3636 intercessit
1708 3577 1852 3631 inter
1893 3575 1996 3629 Ce-

402 3674 648 3728 rinthum
699 3674 1016 3729 haereticum
1072 3673 1128 3728 in
1181 3673 1311 3727 Asia
1364 3671 1642 3742 agnitum,
1697 3675 1990 3737 antequam

406 3764 466 3820 S.
519 3764 759 3821 Joannes
800 3765 1154 3836 Evangelium
1196 3763 1513 3834 scripserat,
1568 3770 1624 3817 et
1673 3760 1991 3825 Basilidem,

403 3867 546 3914 teste
569 3857 898 3929 Epiphanio.
931 3857 1245 3924 Quinetiam
1272 3858 1388 3928 ipse
1430 3855 1798 3926 Hieronymus
1838 3853 1994 3909 Basi-

405 3953 572 4008 lidem
606 3953 748 4007 inter
777 3951 1067 4008 haereticos
1102 3950 1528 4020 apostolicorum
1554 3957 1860 4018 temporum
1892 3961 1995 3999 nu-

404 4052 604 4110 merat,
623 4044 910 4113 disputans
938 4043 1204 4098 adversus
1225 4041 1604 4098 Luciferianos
1629 4059 1644 4094 :
1679 4058 1698 4091 t
1726 4038 1831 4094 Sed
1861 4037 1992 4108 quid

405 4137 475 4192 de
505 4136 906 4206 posterioribus
933 4135 1114 4190 adhuc
1153 4134 1387 4206 loquor?
1422 4131 1701 4204 Apostolis
1729 4130 1909 4186 adhuc
1937 4129 1991 4182 in

405 4228 612 4284 sa-culo
639 4227 1052 4297 superstitibus,
1073 4227 1215 4297 apud
1235 4225 1478 4281 Judaaam
1495 4224 1700 4280 Christi
1727 4221 1995 4292 sanguine

404 4316 612 4372 recenti
644 4315 968 4384 phantasma
1001 4315 1218 4370 Domini
1245 4331 1447 4387 corpus
1479 4314 1849 4370 asserebatur.
1881 4311 1991 4367 Ga-

402 4411 547 4463 latas
596 4407 664 4461 ad
714 4406 1151 4462 obsewationem
1205 4407 1342 4477 legis
1384 4406 1662 4460 traductos
1698 4403 1992 4473 Apostolus

2101 1925 2379 1997 θρωπίνας
2433 1924 2768 1996 συνηλύσεις,
2833 1943 2853 1977 t
2910 1933 3212 1981 conventus
3257 1923 3361 1978 hos
3411 1922 3696 1978 humanos

2101 2015 2369 2070 catholica
2397 2013 2640 2070 Ecclesia
2675 2015 3028 2085 posteriores.
3065 2032 3084 2065 ι

2174 2105 2438 2172 Ωυοιηιὶε
2465 2106 2581 2163 ιιωο
2607 2124 2638 2162 a
2665 2108 2824 2164 nobis
2846 2118 2956 2164 tam
2978 2108 3267 2178 perspicue
3295 2107 3523 2176 probata
3554 2108 3695 2175 sint,

2100 2199 2264 2254 habet
2289 2209 2470 2254 tamen
2509 2199 2742 2258 Dallazus
2774 2212 3049 2268 auctores,
3077 2210 3138 2255 ut
3165 2210 3335 2270 putat,
3367 2201 3460 2271 qui
3490 2199 3698 2255 Basili-

2098 2295 2221 2350 dem
2244 2294 2414 2361 hunc,
2445 2293 2728 2350 Menandri
2760 2296 3118 2367 discipulum,
3158 2295 3350 2351 lsidori
3396 2307 3612 2366 patrem
3635 2306 3696 2352 et

2100 2385 2448 2456 magistrum,
2474 2388 2580 2442 sub
2609 2389 2852 2444 Adriano
2879 2389 3117 2459 primum
3157 2390 3425 2459 erupisse,
3470 2398 3527 2444 et
3572 2389 3696 2445 ha}-

2100 2480 2245 2533 resin
2277 2493 2435 2534 suam
2461 2479 2659 2534 docere
2683 2481 2918 2550 coepisse
2947 2481 3189 2536 tradunt.
3214 2481 3293 2535 Ac
3323 2481 3502 2550 primo
3522 2482 3694 2538 nobis

2102 2571 2352 2627 nominat
2394 2571 2729 2628 Clementem
2784 2573 3239 2639 Alexandrinum,
3281 2574 3441 2640 cujus
3498 2575 3691 2630 locum

2100 2665 2260 2730 mire,
2311 2673 2373 2721 ut
2413 2666 2633 2735 opinor,
2689 2675 3006 2736 corruptum
3041 2676 3139 2721 aut
3170 2667 3311 2722 male
3345 2667 3690 2722 intellectum

2103 2753 2264 2809 t0ties
2293 2755 2583 2810 advocant.
2630 2753 2770 2809 Eum
2805 2756 2970 2826 igitur
3001 2771 3098 2826 per
3129 2767 3313 2826 partes
3340 2758 3691 2811 examinabi-

2101 2860 2246 2900 mus.
2289 2845 2354 2898 'H
2388 2845 2488 2917 μὲν
2514 2845 2624 2916 γὰρ
2666 2845 2762 2900 τοῦ
2798 2847 3002 2918 Κυρίου
3050 2847 3192 2902 κατὰ
3229 2848 3327 2918 τὴν
3377 2851 3690 2921 παρουσίαν

2099 2936 2418 2993 διδασκαλία
2462 2939 2572 2993 ἀπὸ
2617 2939 2924 3009 Αὐγούστου
2960 2941 3055 2994 καὶ
3104 2941 3354 3012 Τιϐερίου
3402 2943 3689 3014 Καίσαρος

2101 3032 2402 3105 ἀρξαμένη,
2466 3032 2774 3103 μεσούντων
2826 3033 2921 3086 τοῦ
2980 3033 3290 3102 Αὐγούστου
3345 3035 3556 3105 χρόνων
3601 3052 3690 3089 τε·

2101 3121 2359 3179 λειοῦται.
2395 3122 2500 3179 Ubi
2537 3139 2640 3179 vox
2669 3124 2979 3193 Αὐγούστου
3009 3125 3314 3192 posteriore
3363 3127 3488 3183 loco
3536 3137 3687 3181 recte

2096 3212 2226 3282 poni
2272 3228 2382 3267 non
2426 3224 2638 3284 potest;
2677 3229 2856 3284 neque
2889 3215 3035 3269 enim
3075 3215 3142 3270 de
3175 3215 3425 3285 Augusto
3454 3216 3576 3285 ipso
3603 3218 3687 3270 iu-

2095 3306 2262 3377 telligi
2315 3307 2536 3376 poterit,
2589 3315 2714 3376 post
2756 3306 2915 3375 cujus
2960 3306 3174 3376 imperii
3212 3306 3392 3361 media
3431 3315 3687 3377 tempora

2094 3398 2348 3454 Christus
2377 3409 2570 3465 natus;
2604 3414 2782 3468 neque
2815 3397 3036 3454 Tiberio
3064 3414 3128 3454 ea
3155 3413 3262 3454 vox
3295 3401 3556 3455 convenit
3591 3402 3684 3455 ubi

2094 3501 2326 3560 uterque
2375 3491 2542 3545 simul
2591 3490 2928 3545 nominatur.
2975 3489 3232 3546 Mendum
3266 3492 3518 3561 agnoscit
3562 3489 3689 3564 Syl-

2093 3583 2323 3654 burgius
2351 3592 2408 3636 et
2433 3599 2533 3653 pro
2561 3583 2876 3651 Αὐγούστου
2910 3583 3039 3654 legit
3073 3599 3200 3638 cum
3250 3584 3548 3656 interprete
3591 3588 3689 3640 Tt-

2095 3673 2300 3746 6ep£ou.
2350 3673 2417 3728 Et
2461 3674 2684 3745 quidem
2719 3674 2855 3730 satis
2904 3673 3094 3729 Graece
3125 3674 3326 3730 dicitur
3369 3677 3686 3746 μεσούντων

2094 3766 2203 3820 τῶν
2250 3765 2500 3838 Τιϐερίου
2557 3765 2782 3836 χρόνων,
2834 3784 2854 3818 t
2901 3767 3082 3821 medio
3112 3765 3316 3823 Tiberii
3347 3778 3620 3838 tempore,
3658 3786 3684 3822 ι

2095 3857 2190 3914 scd
2220 3858 2416 3913 dubito
2441 3874 2510 3912 an
2545 3859 2620 3913 ita
2665 3859 2983 3928 loqueretur
3006 3859 3280 3926 Clemens,
3317 3860 3415 3931 qui
3447 3861 3516 3917 15
3550 3862 3684 3932 qui-

2093 3949 2216 4005 dem
2257 3949 2462 4004 Tiberii
2497 3951 2835 4020 haptizatum
2867 3967 2990 4008 esse
3022 3952 3302 4009 Christum
3337 3955 3585 4022 agnovit,
3627 3964 3682 4007 et

2093 4052 2222 4113 post
2250 4059 2422 4098 unum
2462 4059 2668 4098 annum
2701 4060 2928 4114 passum
2975 4045 3141 4099 etiam
3188 4046 3417 4115 putavit,
3472 4048 3570 4101 sed
3609 4047 3685 4100 2‘2

2095 4143 2307 4190 tantum
2343 4149 2520 4191 annos
2555 4134 2779 4190 Tiberio
2823 4137 3145 4206 assignavit.
3198 4135 3340 4192 Cum
3386 4139 3553 4205 igitur
3597 4141 3684 4194 le-

2092 4231 2214 4284 vior
2241 4228 2473 4283 mutatio
2505 4228 2752 4284 sullicere
2794 4244 2959 4299 posse
3006 4229 3277 4298 videatur,
3317 4228 3458 4285 forte
3489 4231 3684 4301 legen-

2093 4320 2224 4374 dum
2255 4319 2565 4390 μεσούντων
2614 4319 2720 4374 τῶν
2755 4319 3080 4389 Αὐγούστων
3102 4321 3316 4394 χρόνον,
3354 4340 3373 4373 t
3411 4321 3684 4392 Augustis

2096 4410 2203 4465 illis
2233 4419 2450 4480 tempus
2479 4410 2921 4476 dimidiantibus,
2963 4430 2982 4463 ο
3018 4412 3125 4477 vel,
3173 4422 3406 4481 utroque
3442 4413 3686 4483 impera-

407 4503 605 4556 iterum
636 4500 889 4571 parturit.
946 4499 1262 4555 Corinthios
1306 4500 1764 4554 resurrectionem
1807 4494 1991 4550 carnis
2022 4520 2067 4576 Β
2095 4512 2213 4556 tore
2238 4502 2526 4557 dimidium
2564 4503 2826 4574 temporis
2865 4502 2970 4558 sibi
3007 4512 3277 4558 sumente.
3329 4501 3401 4557 Ut
3429 4504 3547 4573 ipse
3593 4506 3685 4559 ιο.-

405 4608 518 4648 non
549 4594 834 4648 credentes
875 4591 1124 4661 pluribus
1171 4591 1507 4662 argumentis
1539 4589 1608 4644 ad
1651 4603 1840 4642 verum
1886 4587 1990 4640 iter

405 4687 624 4740 trahere
650 4693 904 4740 conatur.
942 4683 1098 4739 Tunc
1138 4683 1327 4738 Simon
1365 4681 1556 4753 Magus
1584 4690 1639 4736 et
1694 4679 1990 4735 Menander

405 4777 712 4846 discipulus
741 4776 862 4846 ejus
895 4774 991 4829 Dei
1017 4790 1076 4830 se
1106 4790 1390 4830 asseruere
1424 4773 1688 4838 virtutes;
1719 4779 1852 4825 tunc
1881 4769 1988 4822 Ba-

406 4869 596 4926 silides
622 4884 898 4923 summum
924 4868 1097 4922 Deum
1124 4867 1373 4922 Ahraxas
1394 4881 1518 4921 cum
1543 4863 1804 4919 trecentis
1832 4876 1991 4916 sexa-

405 4961 558 5030 ginta
595 4960 842 5029 quinque
868 4957 1140 5013 Eonibus
1171 4965 1578 5012 commentatus
1605 4964 1709 5010 est.
1744 4973 1762 5004 ι
1801 4953 1860 5007 Si
1893 4951 1992 5004 Ba-

405 5051 678 5106 silidianis
714 5051 848 5120 ipsis
882 5049 1198 5116 credamus,
1246 5049 1440 5104 habuit
1491 5046 1757 5102 Basilides
1817 5044 1991 5112 magi-

403 5155 585 5201 strum
625 5145 931 5206 Glauciam,
969 5143 1184 5214 fuitque
1211 5143 1302 5198 illc
1351 5142 1604 5197 Glaucias
1635 5140 1692 5195 ὃ.
1728 5138 1876 5194 Petri
1905 5138 1992 5193 in-

406 5249 640 5308 terpres.
670 5239 926 5294 Clemens
969 5237 1393 5302 Alexandrinus,
1434 5235 1694 5289 Stromat.
1735 5233 1829 5288 lib.
1863 5249 1939 5287 vn
1973 5249 1988 5287 :

407 5331 678 5404 Καθάπερ
707 5333 736 5385 ό
768 5331 1103 5401 Βασιλείδης,
1154 5329 1254 5384 κᾶν
1301 5329 1569 5382 Γλαυκίαν
1619 5329 1992 5399 ἐπιγράφηται

409 5423 747 5488 διδάσκαλον,
780 5425 855 5488 ὡς
889 5424 1142 5494 αὐχοῦσιν
1172 5423 1346 5487 αὐτοὶ,
1371 5423 1462 5476 τὸν
1491 5423 1696 5494 Πέτρου
1728 5422 1989 5493 ἑρμηνέα.

413 5513 522 5568 Nec
564 5517 669 5570 hoc
714 5517 896 5572 statim
927 5516 1344 5584 repudiandum,
1373 5515 1518 5584 quod
1567 5530 1598 5567 a
1642 5513 1992 5570 Basilidianis

413 5605 620 5658 dictum
651 5607 740 5671 sit,
769 5607 917 5676 quod
955 5607 1005 5660 ei
1041 5608 1190 5660 aetati
1227 5607 1456 5660 minime
1493 5615 1782 5677 repugnat,
1823 5623 1991 5676 quam

416 5697 591 5750 nostri
611 5698 777 5750 etiam
802 5708 1126 5768 agnoscunt.
1162 5696 1220 5752 Si
1267 5698 1524 5754 Glaucias
1565 5708 1682 5754 erat
1727 5699 1992 5769 interpres

416 5784 479 5842 8.
516 5787 684 5858 Petri,
721 5791 1065 5862 syncbronus
1115 5791 1219 5849 fuit
1254 5790 1574 5861 Menandro,
1613 5806 1777 5862 quem
1801 5806 1992 5850 omnes

2093 4593 2302 4662 quitur,
2346 4593 2440 4647 lib.
2490 4609 2507 4647 ι
2556 4610 2571 4647 :
2626 4592 3103 4663 Πεντεκαιδεκάτῳ
3127 4588 3219 4646 οὖν
3248 4591 3357 4644 ἔτει
3403 4591 3683 4663 Τιδερίου,

2092 4683 2187 4736 καὶ
2222 4682 2690 4754 πεντεκαιδεκάτῳ
2725 4681 3034 4750 Αὐγούστου
3067 4681 3209 4735 οὕτω
3250 4681 3585 4755 πληροῦνται
3610 4686 3681 4738 τὰ

2092 4775 2385 4846 τριάκοντα
2417 4774 2513 4844 ἔτη
2536 4775 2641 4838 ἓως
2672 4770 2732 4828 οὗ
2758 4774 2978 4829 ἔπαθεν.
3020 4794 3038 4826 t
3089 4774 3516 4840 Quintodecimo
3547 4792 3684 4847 ergo

2094 4881 2241 4920 anno
2261 4865 2466 4921 Tiberii
2491 4876 2546 4921 et
2565 4867 2974 4936 quintodecimo
2994 4866 3225 4938 Augusti
3265 4868 3346 4922 sic
3384 4867 3682 4936 implentur

2095 4958 2318 5028 triginta
2348 4957 2476 5012 anni
2503 4973 2676 5028 usque
2703 4958 2772 5013 ad
2807 4967 3023 5029 tempus
3045 4973 3156 5028 quo
3178 4974 3376 5026 passus
3396 4967 3482 5014 est
3519 4959 3682 5014 Chri-

2095 5065 2233 5110 stus.
2274 5074 2294 5106 »
2328 5053 2432 5110 Sed
2459 5055 2666 5123 optima
2703 5059 2974 5110 correctio
3008 5070 3039 5109 a
3079 5054 3294 5109 meliori
3340 5055 3534 5110 codice
3584 5071 3682 5111 ex-

2094 5144 2386 5216 spectanda
2417 5158 2517 5200 est.
2543 5143 2656 5215 Ego
2692 5153 2903 5200 tantum
2931 5146 3111 5201 locum
3140 5161 3269 5200 eum
3299 5155 3359 5199 ut
3385 5161 3535 5201 nunc
3557 5146 3679 5201 edi-

2095 5246 2182 5292 tus
2204 5248 2308 5303 est,
2341 5240 2394 5292 in
2434 5237 2632 5292 mendo
2679 5237 2882 5291 cubare
2925 5237 3177 5292 observo.
3221 5237 3285 5289 Ἡ
3316 5236 3375 5289 δὲ
3406 5236 3517 5290 τῶν
3541 5238 3680 5291 ἀπο-

2095 5330 2296 5384 στόλων
2331 5329 2494 5384 αὐτοῦ
2539 5330 2700 5400 μέχρι
2737 5347 2800 5398 γε
2833 5329 2930 5398 τῆς
2958 5328 3174 5383 Παύλου
3205 5329 3551 5400 λειτουργίας
3587 5329 3680 5382 ἐπὶ

2095 5419 2345 5490 Νέρωνος
2376 5417 2696 5472 τελειοῦται.
2728 5437 2746 5469 t
2783 5417 3172 5487 Apostolorum
3213 5429 3394 5472 autem
3419 5418 3544 5487 ejus
3583 5420 3683 5473 do-

2094 5515 2292 5578 ctrina,
2313 5527 2485 5582 usque
2507 5513 2572 5566 ad
2597 5510 2748 5564 Pauli
2780 5510 3168 5578 ministerium,
3189 5512 3292 5566 sub
3314 5509 3535 5566 Nerone
3557 5526 3680 5565 con-

2095 5615 2426 5663 summatur.
2449 5603 2602 5660 »Ηαξο
2613 5605 2679 5660 de
2701 5603 3025 5673 antiquitate
3043 5603 3306 5658 doctrinae
3327 5601 3677 5667 Christianas

2095 5701 2162 5755 de
2192 5698 2432 5753 novitate
2472 5697 2754 5752 haereseon
2791 5696 2866 5750 ita
2913 5695 3158 5765 loquitur
3195 5714 3209 5749 :
3244 5695 3412 5748 Κάτω
3435 5692 3516 5758 δὲ,
3554 5692 3675 5764 περὶ

2095 5793 2219 5856 τοὺς
2265 5789 2540 5862 Ἁδριανοῦ
2583 5787 2681 5845 τοῦ
2713 5787 2972 5858 βασιλέως
2995 5788 3218 5860 χρόνους
3243 5788 3294 5842 οἱ
3319 5787 3416 5850 τὰς
3442 5787 3678 5858 αἱρέσει..
