3848 6204
191 329 282 384 545
900 329 953 385 J.
1001 328 1376 386 PEARSONII
1413 329 1738 386 VINDICIE
1778 329 2200 386 lGNATIANi‘E.
2234 357 2299 366 ——
2332 325 2513 380 PARS
2548 323 2612 380 ll.
3326 321 3430 378 546

189 451 544 522 ἐπινοήσαντες
569 451 844 520 γεγόνασι.
868 470 887 502 ι
926 450 1161 507 Inferius
1189 460 1395 515 autem,
1421 452 1567 506 circa
1610 460 1708 506 tem

1921 463 1998 517 nt,
2039 467 2068 506 a
2110 448 2392 505 Clemente
2434 443 2707 516 prolicisci
2755 458 2863 498 non
2910 451 3225 513 potuerunt.
3250 440 3431 509 Quare

189 557 301 612 pora
342 541 564 596 Adriani
607 543 978 612 imperatoris,
1016 543 1238 598 fuerunt
1272 544 1348 597 illi
1389 544 1480 613 qui
1513 544 1748 600 haereses
1855 543 2076 598 lsaacus
2108 541 2340 596 Vossius
2383 539 2512 592 huic
2561 539 2684 591 loco
2727 544 2987 605 tanquam
3032 535 3254 589 minime
3291 550 3430 589 sano

189 633 563 703 excogitarunt.
616 652 635 685 ι
679 632 798 688 Non
851 643 1013 704 negat
1057 650 1392 704 quemquam
1431 633 1754 704 litereticum,
1852 633 2121 687 medelam
2173 628 2446 694 adhibuit,
2487 636 2540 681 et
2594 642 2690 696 pro
2726 626 2832 679 illis
2858 642 2980 695 qua:
3007 625 3280 685 dedimus.
3315 625 3430 680 haac

190 736 294 778 ante
326 723 545 778 Adriani
574 737 822 795 tempora
849 724 1056 792 fuisse;
1104 727 1207 782 hoc
1247 731 1392 780 enim
1424 727 1609 797 negari
1639 743 1708 781 no

1908 727 1978 798 git
2008 746 2020 780 :
2063 724 2330 794 Μαρκίων
2355 720 2464 791 γὰρ
2495 718 2636 772 κατὰ
2672 719 2772 789 τὴν
2809 717 2979 788 αὐτὴν
3010 717 3188 780 αὐτοῖς
3217 715 3427 787 ἡλικίαν

188 813 353 883 potuit.
367 810 481 868 Non
501 813 636 868 dicit
651 830 768 879 eos,
787 815 852 869 de
871 816 1072 884 quibus
1107 816 1369 886 loquitur,
1388 817 1490 872 sub
1504 816 1706 870 Adrian

1908 819 2136 888 ,vdpevog
2169 816 2244 879 ὡς
2275 811 2609 886 πρεσϐύταις
2637 809 2899 881 νεώτερος
2937 809 3278 877 συνεγένετο,
3310 808 3427 878 μεθ’

188 907 390 974 primum
431 921 530 959 sua
557 907 753 960 deliria
779 908 1051 974 docuisse,
1081 910 1227 978 quod
1260 907 1559 962 adversarii
1594 923 1748 964 asse-
1847 902 1921 962 ὧν
1947 910 2147 979 Σίμων.
2171 907 2304 974 Quae
2331 905 2376 960 si
2404 913 2548 959 recte
2575 902 2732 972 capio
2753 903 2857 956 hoc
2877 910 3075 955 sonant
3100 917 3113 953 :
3146 919 3164 951 ι
3183 899 3427 954 Marcion

188 1006 716 1068 ruut,nosnegamus.
746 997 1080 1053 Hoctantum
1105 1000 1257 1067 dicit,
1272 1015 1364 1054 eos
1388 1001 1479 1068 qui
1507 1002 1743 1055 luereses
1846 1004 1992 1056 enim
2029 1002 2131 1056 sub
2161 1000 2351 1054 eadem
2382 1005 2544 1051 aetate
2573 1010 2699 1050 cum
2739 995 2849 1047 illis
2880 1001 3140 1062 tanquam
3173 1008 3298 1046 cum
3341 1007 3428 1046 se-

187 1090 566 1159 excogitarunt,
597 1091 747 1146 circa
781 1100 1023 1161 tempora
1063 1092 1289 1146 Adriani
1331 1092 1625 1147 exstitisse.
1656 1091 1736 1146 Ita
1848 1095 2009 1147 nibus
2037 1091 2224 1162 junior
2246 1098 2499 1143 versatus
2525 1095 2629 1153 est,
2655 1101 2779 1141 cum
2803 1085 3005 1155 quibus
3038 1082 3248 1150 Simon,
3273 1102 3292 1136 ι
3314 1094 3421 1138 etc.

185 1189 366 1236 veteres
406 1181 506 1250 ipsi
560 1181 902 1236 Clementem
955 1183 1381 1237 intellexerunt:
1435 1183 1551 1238 haec
1595 1184 1742 1237 enim
1846 1178 1922 1234 Ita
1953 1181 2062 1244 ille,
2094 1186 2254 1233 acute
2307 1177 2562 1247 quidem,
2621 1185 2679 1230 ut
2731 1175 2891 1230 solet.
2924 1172 3190 1228 Henricus
3239 1183 3423 1228 autem

185 1270 431 1325 Cedrenus
476 1287 541 1325 ex
586 1272 698 1328 illis
744 1273 945 1328 habet:
985 1269 1077 1337 ’Ὡς
1106 1272 1214 1345 γὰρ
1253 1275 1386 1344 φησι
1435 1273 1670 1345 Κλήμης

1906 1273 2098 1327 ilesius
2136 1271 2272 1324 nihil
2302 1271 2624 1324 mutandum
2655 1269 2898 1338 putavit,
2929 1268 3022 1323 sed
3056 1267 3171 1338 μεθ’
3198 1268 3279 1334 ὃν,
3311 1268 3425 1323 sive

185 1361 523 1432 Στρωματεὺς
546 1363 640 1415 ἐπὶ
678 1363 958 1434 Ἀδριανοῦ
987 1363 1233 1434 ὑπῆρχον
1267 1365 1604 1437 Σατορνῖλος,
1634 1365 1704 1418 Βα

1898 1373 2017 1436 post
2039 1379 2224 1434 quem,
2251 1383 2269 1414 ι
2309 1363 2451 1417 idem
2483 1361 2666 1415 valere
2696 1362 2791 1426 ait,
2825 1361 2972 1430 quod
3003 1379 3021 1410 ι
3041 1370 3167 1414 ante
3191 1376 3374 1428 quem,
3397 1380 3417 1412 ι

187 1451 408 1522 σιλείδης,
447 1453 540 1504 καὶ
569 1455 1006 1527 Καρποκράτης.
1044 1474 1062 1507 ι
1093 1453 1162 1509 Ut
1192 1456 1336 1511 enim
1378 1458 1455 1511 ait
1489 1456 1706 1512 Clemen

1935 1459 2040 1513 hoc
2079 1457 2314 1527 probare
2343 1455 2538 1510 nititur
2567 1454 2624 1508 in
2667 1453 3128 1508 Adnotationibus
3158 1454 3225 1507 ad
3253 1451 3423 1508 Euse-

185 1542 496 1598 Stromateon
536 1554 770 1612 auctor,
813 1545 916 1600 sub
957 1546 1200 1602 Adriano
1233 1548 1456 1603 fuerunt
1489 1549 1742 1603 Saturni-
1844 1549 2014 1604 bium.
2048 1547 2180 1613 Qua:
2207 1545 2482 1615 expositio
2513 1560 2582 1598 an
2613 1543 2741 1598 ferri
2780 1543 2975 1612 possit,
3011 1542 3258 1612 judicent
3293 1557 3422 1597 eruo

185 1635 273 1700 lus,
301 1633 583 1700 Basilides,
619 1646 678 1690 et
707 1635 1090 1705 Carpocrates.
1126 1655 1146 1690 ›
1184 1638 1352 1694 Addit
1404 1650 1585 1694 autem
1616 1639 1738 1694 Cle-
1841 1641 1962 1696 diti.
1995 1639 2108 1710 Ego
2138 1654 2247 1693 non
2282 1638 2471 1692 dubito
2493 1637 2625 1707 quin
2668 1635 3005 1700 Blondcllus,
3038 1634 3133 1704 qui
3165 1633 3422 1688 Clemen-

185 1742 343 1780 mens:
373 1727 486 1779 Καὶ
528 1728 697 1799 μέχρι
726 1745 792 1797 γε
820 1728 920 1799 τῆς
954 1730 1268 1785 Ἀντωνίνου
1309 1731 1403 1784 τοῦ
1437 1731 1704 1800 πρεσϐυτέ

1902 1748 1950 1785 m
1982 1732 2087 1787 hoc
2125 1731 2245 1785 loco
2272 1727 2620 1782 Valentinum
2661 1735 2784 1795 post
2835 1725 3165 1779 Marcionem
3217 1723 3421 1779 referre

187 1834 261 1889 ρου
289 1817 539 1872 διέτειναν
590 1821 848 1892 ἡλικίας,
892 1821 1146 1894 καθάπερ
1185 1825 1214 1875 6
1258 1824 1594 1895 Βασιλείδης.
1627 1843 1644 1876 ι
1676 1823 1706 1877 Ε

1901 1825 2072 1890 ιεθι-ἱι,
2125 1823 2240 1878 sola
2296 1821 2493 1875 Latina
2544 1820 2796 1875 versione
2844 1818 3102 1888 deceptus
3160 1818 3264 1884 sit;
3299 1831 3420 1888 quae

183 1919 517 1978 pervenerunt
554 1927 740 1982 usque
777 1913 841 1967 ad
878 1923 1090 1968 aetatem
1121 1916 1384 1970 Antonini
1430 1918 1684 1983 senioris,
1714 1937 1734 1970 ›
1842 1926 2028 1970 tamen
2062 1915 2177 1984 ipsa
2211 1915 2263 1968 id
2291 1925 2477 1984 aperte
2506 1928 2614 1966 non
2642 1910 2774 1966 dicit
2795 1911 2941 1980 quod
2978 1911 3068 1964 ille
3088 1910 3278 1964 voluit.
3304 1909 3420 1981 Ego

183 2000 266 2066 Pii,
293 2002 511 2068 scilicet,
536 2005 634 2072 qui
670 2004 916 2059 Adriano
943 2008 1230 2062 successit.
1265 2006 1304 2059 E
1335 2008 1536 2076 quibus
1561 2011 1739 2064 verbis
1841 2017 2080 2062 mentem
2109 2006 2408 2062 Clementis
2435 2005 2508 2059 ita
2549 2013 2696 2060 recte
2743 2003 2975 2073 exprimi
3016 2018 3179 2073 posse
3205 2005 3417 2058 sentio:

183 2103 322 2163 patet,
360 2095 424 2148 ad
468 2107 754 2164 postrema
797 2099 992 2153 borum
1040 2099 1426 2154 haereticorum
1469 2109 1735 2170 tempora,
1845 2097 2030 2164 «Quod
2059 2098 2126 2152 ad
2159 2097 2492 2153 Marcionem
2533 2096 2681 2150 enim
2710 2096 2923 2160 attinet,
2950 2094 3040 2149 ille
3069 2093 3288 2163 quidem
3317 2094 3420 2150 sub

184 2201 270 2240 non
297 2186 466 2255 priora
508 2189 1232 2258 respexisscﬁlementem;
1294 2207 1358 2247 ac
1396 2193 1441 2248 si
1472 2193 1735 2249 dixisset:
1837 2190 2028 2244 eodem
2056 2190 2290 2258 imperio
2314 2188 2540 2242 Adriani
2568 2187 2738 2252 vixit,
2779 2186 2882 2241 sub
2923 2201 3034 2256 quo
3068 2185 3334 2239 Basilides
3365 2191 3420 2239 et

183 2273 529 2332 Haresiarcha:
561 2279 682 2343 illi,
717 2295 953 2348 quorum
998 2281 1253 2350 discipuli
1302 2281 1604 2337 etiamnum
1643 2300 1738 2338 ex-
1839 2283 2183 2348 Valentinus,
2207 2281 2300 2337 sed
2326 2297 2450 2336 cum
2494 2295 2661 2336 senex
2692 2289 2859 2347 esset,
2895 2295 3021 2333 cum
3047 2278 3158 2334 illis
3185 2277 3281 2348 qui
3331 2277 3419 2332 bis

183 2377 330 2434 stant,
359 2369 649 2426 inferiores
693 2386 793 2426 seu
845 2372 1098 2441 juniores
1141 2384 1298 2428 erant
1330 2375 1420 2440 iis,
1453 2376 1546 2446 qui
1573 2375 1736 2431 Chri-
1832 2376 2113 2446 juniores,
2148 2376 2485 2430 recentiores
2509 2389 2604 2429 seu
2634 2373 2968 2443 posteriores
2991 2379 3152 2438 sunt,
3181 2385 3414 2425 conver-

182 2464 379 2518 stianam
433 2467 595 2520 ﬁdem
651 2467 834 2536 primo
887 2468 1260 2536 praedicabant
1291 2488 1305 2536 ;
1362 2472 1732 2538 apostolorum
1837 2479 1992 2526 satus
2021 2478 2105 2524 est
2139 2467 2429 2523 haereticis.
2463 2487 2482 2519 ι
2519 2465 2636 2522 Vox
2666 2466 2811 2521 enim
2845 2464 3132 2536 νεωτέροις
3161 2479 3286 2519 cum
3313 2461 3416 2515 αὐ-

181 2557 300 2610 euim
330 2556 573 2614 doctrina
609 2560 719 2614 sub
744 2559 959 2616 Nerone
991 2571 1375 2617 consummata
1406 2572 1511 2628 est,
1545 2564 1598 2617 hi
1636 2580 1735 2617 an-
1835 2566 1947 2626 τοῖς
1976 2561 2235 2633 conjungi
2287 2576 2398 2616 non
2444 2560 2640 2627 debet,
2671 2560 2829 2630 quasi
2864 2560 2982 2629 ipso
3030 2557 3307 2612 Marcione
3337 2555 3417 2610 illi

187 2655 274 2699 tem
299 2648 394 2702 sub
415 2649 663 2704 Adriano
703 2650 982 2719 vixerunt,
1019 2662 1075 2706 et
1101 2667 1277 2722 usque
1304 2654 1370 2707 ad
1394 2653 1732 2708 Antoninum
1829 2655 2078 2726 juniores
2101 2663 2196 2708 aut
2217 2653 2550 2723 posteriores
2566 2651 2803 2719 fuerint;
2838 2666 3034 2706 sensus
3062 2648 3242 2704 omnis
3263 2649 3417 2703 vocis

179 2735 312 2793 Pium
340 2740 716 2808 duraverunt;
758 2744 1024 2813 apostolis
1056 2743 1222 2813 igitur
1253 2743 1583 2813 posteriores
1614 2742 1698 2797 fue

1897 2748 2019 2809 ντοῖς
2046 2743 2283 2800 refertur
2326 2744 2395 2798 ad
2425 2741 2595 2814 αὐτήν
2621 2752 2676 2797 et
2717 2744 2772 2797 in
2817 2758 2950 2798 voce
2978 2741 3266 2812 γενόμενος
3293 2739 3416 2793 [ini-

180 2838 301 2882 runt.
331 2829 402 2882 Ex
430 2833 513 2887 his
545 2845 662 2888 tres
706 2833 976 2898 nominat,
1018 2832 1334 2898 Basilidem,
1357 2831 1699 2888 Valentinum

1896 2854 1954 2903 r;
2003 2837 2291 2907 νεωτέροις
2336 2851 2460 2891 cum
2517 2835 2834 2904 συνεγένετο
2865 2843 3015 2888 arcte
3063 2831 3415 2902 conjungitur

180 2922 286 2976 etsi
318 2922 448 2978 forte
494 2924 869 2993 Marcionem;
904 2926 950 2981 si
994 2925 1154 2991 forte,
1199 2924 1446 2995 inquam,
1475 2942 1602 2980 nam
1639 2926 1730 2980 illa
1831 2943 2038 2998 eosque
2064 2929 2322 2992 denotat,
2365 2943 2491 2982 cum
2521 2927 2724 2997 quibus
2759 2926 3001 2980 Marcion
3040 2933 3301 2994 tanquam
3332 2923 3416 2978 di-

180 3016 317 3068 verba
339 3035 350 3068 :
379 3018 644 3088 Μαρκίων
671 3019 800 3090 γὰρ,
819 3019 961 3072 κατὰ
988 3019 1087 3090 τὴν
1117 3018 1285 3090 αὐτὴν
1307 3019 1491 3082 αὐτοῖς
1515 3019 1699 3090 ἡλικία

1895 3021 2079 3090 ipulus
2123 3028 2482 3075 conversatus
2513 3027 2632 3086 est,
2673 3035 2705 3073 a
2731 3018 2932 3088 quibus
2983 3033 3098 3072 sua:
3140 3018 3413 3072 haereseos

179 3107 432 3176 γενόμενος
506 3109 584 3174 ὼς
663 3111 976 3182 πρεσϐύτης
1035 3112 1321 3183 νεωτέροις
1395 3112 1698 3180 συνεγένετε

1890 3113 2102 3183 'incipia
2145 3112 2398 3184 quaedam
2444 3120 2726 3166 mutuatus
2759 3119 2878 3179 est,
2913 3111 3006 3180 qui
3039 3110 3260 3180 quidem
3307 3109 3409 3178 ipsi

185 3215 201 3246 ι
225 3196 440 3254 Marcion
486 3204 642 3258 enim
713 3205 816 3258 sub
866 3204 1058 3259 eadem
1104 3213 1262 3259 aetate
1306 3205 1632 3259 versabatur
1669 3213 1729 3258 ut
1761 3196 1800 3212 ’⁸
1830 3203 2086 3260 Basilidis
2113 3213 2167 3260 et
2215 3204 2486 3259 Valentini
2524 3203 2783 3274 discipuli
2825 3201 3070 3258 fuerunt.
3109 3201 3188 3256 lta
3216 3215 3408 3255 vocem

180 3302 318 3344 senex
344 3307 461 3346 cum
485 3295 834 3364 junioribus,
866 3315 886 3347 ι
924 3305 981 3350 ut
1002 3297 1165 3367 vulgo
1192 3306 1562 3367 exponuntur,
1593 3312 1729 3352 sana
1827 3312 1947 3351 eam
1975 3297 2104 3351 alibi
2135 3307 2367 3366 usurpat
2387 3296 2642 3351 Clemens
2673 3303 2734 3350 ut
2759 3295 2855 3350 lib.
2879 3312 2891 3348 l
2915 3313 2928 3350 :
2954 3295 3134 3365 Θάλης
3158 3293 3214 3347 δὲ
3233 3291 3413 3359 Φοῖνιξ

180 3392 277 3434 esse
302 3397 400 3436 non
425 3395 683 3453 possunt.
721 3394 780 3440 ut
821 3402 922 3441 nec
946 3402 1068 3455 qua:
1109 3396 1458 3456 sequuntur:
1503 3385 1640 3440 Μεθ’
1668 3386 1698 3440 6

1888 3407 1902 3443 ι
1930 3390 1992 3444 τὸ
2029 3391 2186 3459 γένος
2221 3391 2316 3444 καὶ
2347 3393 2461 3454 τοῖς
2492 3388 2805 3458 Αἰγυπτίων
2850 3390 3153 3460 προφήταις
3202 3384 3407 3456 συμϐε-

180 3469 330 3540 Σέμων
378 3476 460 3526 ἐπ’
504 3476 689 3546 ὀλίγον
738 3478 1107 3550 κηρύσσοντος
1165 3478 1262 3532 τοῦ
1324 3479 1533 3552 Πέτρου
1586 3481 1727 3550 ὑπή-
1828 3484 2089 3555 ὃληκέναι
2117 3483 2367 3555 εἴρηταιο
2405 3482 2656 3552 καθάπερ
2684 3481 2780 3535 καὶ
2810 3484 2839 3535 ὁ
2873 3480 3200 3552 Πυθαγόρας
3224 3479 3410 3544 αὐτοῖς

180 3576 332 3626 muas,
364 3583 382 3615 ι
409 3575 530 3634 post
558 3585 726 3638 quem
779 3570 970 3624 Simon
1007 3569 1230 3624 Petrum
1263 3571 1414 3626 audit
1444 3572 1699 3641 paululun

1937 3570 2180 3636 τούτοις,
2227 3570 2510 3624 Χαλδαίων
2539 3588 2599 3624 τε
2647 3572 2753 3624 καὶ.
2793 3571 2984 3642 μάγων
3024 3573 3136 3634 τοῖς
3167 3569 3410 3641 ἀρίστοις

181 3654 552 3723 praedicantem,
589 3682 609 3712 ι
651 3671 710 3715 ut
753 3661 914 3716 hodie
967 3663 1225 3731 leguntur
1250 3671 1304 3717 et
1352 3673 1700 3734 exponuntur

1880 3663 2162 3733 Νεγένετο.
2189 3661 2294 3718 Ubi
2319 3663 2749 3735 συμϐεϐληκέναι
2779 3672 2834 3718 et
2860 3663 3214 3731 συγγενέσθαι
3237 3663 3399 3716 idem.

183 3741 294 3806 Quis
318 3749 454 3803 enim
484 3751 540 3804 in
569 3753 804 3807 historia
830 3753 1205 3808 ecclesiastica
1235 3752 1379 3809 ferre
1407 3765 1604 3824 potest,
1632 3765 1728 3810 aut
1827 3753 1906 3809 Ita
1933 3756 2139 3825 optime
2173 3754 2440 3810 Clementi
2469 3771 2595 3810 cum
2634 3754 2910 3810 veteribus
2939 3755 3214 3810 convenit.
3247 3752 3407 3808 Nullo

182 3831 474 3895 Marcionem
512 3858 704 3898 senem
739 3844 934 3910 fuisse,
969 3860 1094 3898 cum
1141 3844 1408 3900 Basilides
1439 3854 1495 3900 et
1522 3844 1724 3900 Valen-
1829 3845 1994 3900 modo
2032 3845 2200 3917 igitur
2227 3861 2293 3900 ex
2323 3845 2430 3901 hoc
2457 3846 2582 3900 loco
2604 3846 2902 3916 colligitur,
2935 3854 3032 3900 aut
3058 3843 3408 3900 Valentinum

183 3927 538 4000 tinusjuvenes
563 3945 775 3999 essent,
823 3946 916 3990 aut
953 3935 1232 3989 Simonem
1261 3937 1354 4006 qui
1407 3934 1466 3991 S.
1501 3936 1725 3992 Petrum
1827 3948 1952 4008 post
1996 3937 2332 3994 Marcionem
2367 3939 2606 4006 vixisse,
2655 3939 2799 4008 quod
2830 3939 3000 3994 voluit
3050 3937 3364 3993 Blondellus
3393 3955 3407 3970 ν

183 4015 375 4084 audivit,
409 4033 538 4090 post
587 4023 926 4078 Marcionem
976 4025 1296 4080 exstitisse?
1325 4026 1400 4081 De
1449 4026 1726 4084 Marcione
1827 4042 1923 4086 aut
1941 4032 2234 4087 Basilidem
2255 4048 2354 4088 sua
2379 4048 2662 4102 nunquam
2685 4031 2945 4086 docuisse
2970 4040 3096 4085 ante
3114 4031 3408 4100 imperium

184 4106 310 4162 aliter
354 4115 518 4168 sensit
573 4114 923 4186 Epiphanius
949 4159 963 4184 ,
1028 4128 1086 4174 ut
1127 4120 1473 4175 ostendimus
1501 4139 1512 4173 :
1568 4121 1726 4176 aliter
1826 4125 2078 4193 Adriani,
2106 4126 2255 4196 quod
2286 4126 2417 4181 hinc
2438 4126 2636 4180 elicere
2657 4126 2910 4195 cupiebat
2939 4123 3194 4180 Dallaeus.

183 4199 314 4255 etiam
339 4214 540 4262 veteres
591 4209 761 4263 locuti
797 4221 944 4265 sunt.
971 4209 1220 4267 Justinus
1251 4221 1458 4283 martyr
1485 4210 1726 4267 Valenti-
1897 4215 2084 4287 Neque
2123 4232 2253 4272 vero
2306 4217 2500 4287 reliqui
2540 4218 2632 4287 qui
2665 4218 2732 4272 de
2779 4217 3023 4272 Adriano
3069 4217 3370 4286 loquuntur
3407 4240 3410 4242 ν

184 4293 426 4351 manorum
454 4310 506 4354 et
538 4300 1003 4358 Basilidianorum
1036 4305 1603 4374 meminit,dictosque
1629 4321 1724 4360 eos
1828 4310 2128 4380 quidquam
2171 4310 2320 4365 aliud
2351 4319 2636 4377 statuunt,
2666 4325 2833 4380 quam
2875 4311 3024 4380 quod
3071 4325 3172 4364 nos
3201 4309 3364 4364 etiam
3388 4349 3405 4375 ,

185 4392 1037 4452 anominibushaeresiarcharum
1062 4398 1392 4462 docet;imo
1416 4414 1578 4452 vero:
1613 4398 1722 4450 Καί
1827 4401 2124 4458 Basilidem
2179 4403 2284 4457 sub
2323 4403 2444 4472 ejus
2493 4402 2724 4472 imperio
2771 4401 2980 4469 fuisse,
3027 4402 3111 4457 vel
3157 4401 3406 4458 scholam

186 4477 292 4533 εἰσιν
318 4483 397 4553 ὑφ’
429 4488 619 4558 ἡμῶν,
661 4489 868 4558 inquit,
907 4490 1014 4543 ὰπὸ
1047 4491 1432 4562 προσωνυμίας
1474 4491 1581 4544 τῶν
1632 4493 1705 4544 ἀν-

1884 4497 2105 4551 ibuisse.
2154 4495 2531 4551 Theodoretus
2580 4497 2647 4550 de
2700 4495 2979 4550 Saturnilo
3026 4505 3080 4550 ct
3124 4493 3403 4549 Basilide:

183 4565 296 4660 δρῷν
334 4575 386 4639 ἐξ
431 4574 601 4649 οὗπερ
651 4581 853 4653 ἑκάστη
889 4580 1076 4652 διδαχὴ
1117 4583 1211 4636 καὶ
1250 4581 1442 4655 γνώμη
1497 4583 1718 4655 ἤρξατο.
1829 4591 2031 4660 Ἀμφω
2078 4590 2136 4643 δὲ
2187 4590 2280 4642 ἐπὶ
2321 4588 2595 4660 Ἀδριανοῦ
2649 4588 2745 4642 τοῦ
2797 4590 3076 4660 Καίσαρος
3133 4588 3400 4657 ἐγένοντο.

191 4659 280 4717 «Ει
313 4680 429 4724 sunt
471 4674 617 4742 apud
648 4690 748 4729 nos
777 4675 871 4744 qui
909 4690 938 4729 a
979 4676 1200 4730 nomine
1235 4692 1426 4731 eorum
1451 4677 1718 4741 virorum,
1830 4701 1849 4734 ι
1879 4683 2058 4738 Ambo
2089 4691 2274 4738 autem
2305 4683 2533 4738 Adriani
2568 4683 2801 4738 Caesaris
2834 4691 3078 4752 tempore
3105 4680 3346 4736 fuerunt.
3377 4699 3401 4734 ι

187 4765 238 4845 (ξι
268 4771 360 4824 (Ιηο
404 4761 654 4819 doctrina
702 4775 754 4819 et
795 4768 1061 4820 sententia
1103 4769 1358 4837 quaelibet
1404 4771 1649 4839 incepit,
1694 4791 1714 4822 ι
1823 4773 2097 4830 Eusebius
2145 4773 2366 4845 quidem
2411 4776 2556 4831 circa
2587 4775 2811 4829 Adriani
2848 4783 3095 4844 tempora
3126 4774 3402 4827 narratiov

188 4841 476 4907 denominati
501 4866 653 4921 sunt,
689 4857 866 4911 solum
900 4857 1231 4914 Marcionem
1261 4872 1533 4918 memorat
1561 4865 1720 4935 quasi
1823 4881 1947 4920 nem
1978 4868 2043 4922 de
2069 4841 2276 4922 scholis
2299 4867 2564 4922 Saturnili
2594 4876 2648 4920 et
2673 4865 2927 4921 Basilidis
2952 4841 3228 4921 instituit:
3254 4860 3354 4918 Ὧν
3374 4867 3408 4919 6

189 4936 333 4993 adhuc
378 4943 429 4996 in
476 4947 618 5001 vivis
660 4963 786 5001 cum
827 4948 944 5018 ipse
985 4951 1271 5020 scriberet,
1321 4964 1377 5008 et
1427 4965 1708 5026 postquam

1888 4976 1927 5012 :v
1957 4959 2100 5013 κατὰ
2133 4960 2352 5031 Συρίαν,
2385 4961 2414 5012 6
2457 4959 2514 5012 δὲ
2546 4960 2666 5012 κατ’
2691 4957 2966 5026 Αἴγυπτον
3005 4957 3407 5028 συνεστήσαντο

189 5037 344 5085 contra
367 5047 552 5092 omnes
585 5038 823 5093 bzereses
845 5041 1178 5111 scripsisset.
1210 5044 1293 5098 An
1321 5060 1446 5100 eum
1479 5055 1708 5103 tantum-

1888 5052 2098 5123 ομισῶν
2132 5052 2396 5124 αἱρέσεων
2422 5050 2787 5105 διδασκαλεῖα.
2821 5070 2839 5103 ι
2867 5050 3115 5117 Quorum
3150 5050 3241 5103 ille
3278 5049 3403 5118 qui-

190 5121 392 5216 modo—in
420 5129 556 5184 vivis
584 5139 716 5186 tunc
741 5131 910 5187 fuisse
936 5137 1262 5203 monuisset,
1291 5138 1336 5192 si
1364 5140 1554 5194 eodem
1580 5150 1719 5196 tem-
1821 5121 1944 5199 dem
1985 5145 2037 5198 in
2067 5121 2254 5216 Syria,
2284 5146 2374 5199 hic
2403 5159 2532 5198 vero
2572 5145 2716 5213 apud
2758 5125 3054 5214 Egyptum
3085 5143 3264 5212 impia
3302 5143 3404 5198 do-

189 5219 294 5307 νοτε
317 5212 567 5278 Basilides
599 5233 656 5277 et
681 5223 1026 5294 Valentinus,
1055 5244 1165 5283 non
1192 5237 1404 5284 tantum
1430 5233 1715 5303 vixissent,
1820 5239 2014 5291 ctrina:
2044 5212 2264 5293 scholas
2295 5212 2730 5293 condidit.oNon
2764 5212 2879 5292 tum
2902 5212 3141 5307 primum
3165 5236 3400 5291 haeresin

192 5303 264 5356 Sed
289 5309 434 5400 etiam
464 5315 693 5385 juvenes
723 5327 778 5372 et
804 5319 858 5374 in
897 5320 1112 5376 ﬂorenti
1160 5322 1340 5377 adhuc
1371 5333 1528 5380 relate
1576 5325 1717 5382 fuis-
1819 5328 2076 5384 docuisse
2103 5330 2200 5396 ait,
2233 5331 2329 5386 sed
2369 5336 2516 5400 quod
2551 5331 2888 5385 contrarium
2917 5344 3146 5400 prorsus
3175 5329 3401 5396 evincit,

191 5397 638 5495 sent?__0bservat
704 5408 941 5467 [renteus
998 5413 1070 5468 de
1123 5423 1282 5470 aetate
1334 5417 1716 5476 lizereticorum
1823 5437 1853 5475 a
1882 5420 2184 5476 Menandro
2217 5421 2460 5478 Simonis
2486 5439 2809 5479 successore
2841 5425 3074 5479 haaresin
3118 5425 3400 5495 accepisse

194 5496 324 5588 Agens
343 5491 674 5555 Valentinum
701 5505 803 5557 sub
825 5503 1038 5575 Hygino
1060 5506 1291 5562 Romam
1313 5513 1551 5577 venisse,
1576 5512 1718 5567 Μαι·-
1818 5516 2006 5582 docet;
2041 5517 2144 5571 sub
2164 5517 2353 5570 eodem
2379 5517 2709 5586 imperatore
2746 5518 2962 5588 aliquos
2989 5491 3402 5574 ecclesiasticos

194 5586 363 5682 ξιοξιθξιι
389 5591 488 5682 sub
530 5594 760 5649 Aniceto
799 5611 986 5666 poswa
1019 5598 1346 5669 invaluisse;
1397 5618 1465 5656 an
1498 5604 1588 5658 ille
1611 5621 1716 5674 pu-
1744 5628 1748 5631 ι
1819 5607 1970 5662 viros
2009 5610 2273 5664 adversus
2303 5624 2400 5664 eos
2443 5610 2665 5679 scriptis
2696 5586 2999 5682 pugnasse,
3029 5626 3095 5666 ac
3123 5611 3401 5680 pra-cipue

198 5674 300 5726 tavit
321 5674 641 5739 Valentinum
663 5687 941 5756 juniorem
966 5689 1159 5758 fuisse,
1189 5708 1312 5748 cum
1338 5694 1580 5751 Marcion
1601 5699 1713 5768 jam
1819 5699 2113 5770 Agrippam
2147 5701 2432 5771 Castorem
2474 5674 2667 5758 contra
2696 5674 3087 5760 .24'volum’ina
3125 5674 3404 5760 Basilidis

198 5776 328 5822 senex
362 5777 524 5832 esset?
558 5776 682 5837 Haec
714 5780 914 5852 igitur,
947 5783 1140 5842 saltem
1176 5797 1234 5843 ut
1267 5788 1337 5844 ab
1371 5789 1435 5846 iis
1469 5791 1714 5861 exposita
1821 5796 2140 5865 scripsisse,
2185 5808 2238 5854 ct
2289 5796 2578 5855 Basilidem
2627 5799 2806 5870 ipsum
2831 5838 2848 5868 ,
2882 5799 3177 5870 interprete
3205 5795 3400 5854 Hiero-
