3834 6206
395 320 503 378 347

1421 322 1484 378 S.
1519 323 1877 382 IGNATIUS.
1916 357 1984 367 —-
2014 325 2550 383 PROLEGOMENA.

3554 331 3661 388 348

396 454 584 510 nymo,
637 439 740 494 sub
782 439 974 495 eodem
1009 439 1336 508 imperatore
1367 440 1594 496 obiisse.
1633 441 1832 496 Fateor
1870 441 1977 496 Va-
2005 447 2053 504 Α
2077 445 2321 515 exsculpi
2352 454 2551 514 potest.
2608 444 2712 501 Sed
2761 433 2999 504 Irenaeus
3028 447 3328 504 Clementis
3361 449 3432 504 ad
3459 446 3661 503 Corin-

395 531 593 588 lesium
627 533 693 587 ad
721 548 846 587 eum
873 533 1054 605 locum
1079 533 1194 586 haec
1223 541 1444 587 notare:
1478 552 1497 584 ι
1524 533 1689 589 Recte
1709 533 1979 590 Eusebius

397 626 651 682 Basilidis
677 625 906 680 hazresin
931 625 1238 696 principatu
1262 625 1486 681 Adriani
1513 627 1762 698 erupisse
1785 628 1972 682 dicit.»

399 719 502 773 Sed
538 733 702 789 quam
735 729 880 773 recte
908 718 979 772 ita
1002 718 1292 787 judicavit,
1318 733 1382 773 ex
1418 719 1630 773 ratione
1650 735 1814 789 quam
1844 719 1979 774 sub-

392 809 595 879 jungit,
635 811 881 880 patebit:
926 829 945 862 ι
975 809 1130 865 Tunc
1173 811 1322 866 enim
1356 812 1594 881 primum
1637 811 1881 866 haeretici
1909 826 1977 866 ex

396 898 620 954 latebris
665 901 883 968 prodire
913 909 967 954 et
1019 908 1183 970 caput
1214 901 1461 955 attollere
1503 909 1820 972 coeperunt,
1852 917 1976 957 cum

395 992 660 1061 apostolis
693 991 949 1046 omnibus
976 992 1090 1062 jam
1123 992 1431 1061 exstinctis,
1471 1001 1839 1064 opportunum
1871 994 1978 1048 sibi

397 1083 591 1139 adesse
633 1093 850 1153 tempus
893 1085 959 1140 ad
991 1085 1296 1155 evulganda
1326 1101 1578 1141 errorum
1627 1103 1856 1140 suorum
1881 1087 1980 1142 do-

397 1184 578 1246 gmata
621 1175 1019 1232 existimarent.
1053 1196 1071 1229 ι
1105 1176 1256 1232 Licet
1290 1178 1447 1232 multi
1487 1179 1730 1234 haeretici
1775 1177 1981 1234 fuerint

397 1267 502 1322 sub
543 1267 881 1337 temporibus
919 1269 1272 1338 apostolicis,
1307 1277 1366 1324 ut
1406 1278 1618 1325 veteres
1659 1270 1962 1340 saepissime

395 1367 725 1425 memorant,
743 1366 797 1414 et
837 1360 903 1414 de
935 1360 1002 1415 iis
1031 1377 1174 1430 saepe
1216 1361 1534 1431 disputant;
1579 1370 1811 1431 tantum,
1839 1364 1976 1419 suh-

398 1452 538 1509 latis;
564 1453 823 1508 omnibus
863 1454 1182 1523 apostolicis
1205 1493 1221 1520 ,
1266 1455 1438 1509 multo
1467 1455 1697 1512 liberius
1742 1472 1844 1512 sua
1874 1457 1986 1512 do-'

399 1554 582 1615 gmata
615 1546 1057 1618 promulgabant.
1097 1545 1204 1602 Sed
1250 1563 1320 1602 an
1354 1562 1549 1603 omnes
1592 1549 1825 1618 apostoli
1855 1557 1983 1604 ante

399 1637 624 1692 Adriani
689 1637 981 1708 imperium
1033 1640 1236 1694 sublati
1281 1654 1394 1694 non
1447 1643 1617 1696 sunt?
1663 1658 1732 1696 an
1786 1659 1980 1698 eorum

397 1728 688 1798 quisquam
717 1739 837 1798 post
869 1727 926 1784 S.
946 1728 1212 1786 Joannem
1238 1730 1530 1801 superfuit.
1563 1733 1657 1803 qui
1687 1734 1790 1788 sub
1821 1734 1979 1789 initio

2080 537 2229 592 tbios
2258 537 2543 608 epistolam
2566 537 2798 595 alIirmat
2826 541 3180 597 vetustiorem
3228 557 3350 598 esse
3386 542 3663 597 haereticis

2079 627 2313 683 alterum
2337 627 2508 684 Deum
2533 645 2696 699 super
2711 628 3064 701 Demiurgum
3089 632 3662 699 comminiscentibns,

2080 716 2133 772 id
2156 727 2262 784 est,
2294 726 2355 772 ut
2387 719 2578 790 liquet,
2609 719 2908 778 Gnosticis.
2943 721 3093 789 Inde,
3146 724 3376 790 scilicet,
3411 735 3662 794 apparet,

2078 808 2372 865 Basilidem
2398 824 2499 866 sua
2529 811 2784 881 dogmata
2832 821 2960 867 ante
3000 812 3226 869 Adriani
3260 823 3506 885 tempora
3552 814 3664 868 mi-

2079 899 2228 954 nime
2258 900 2594 970 prepalasse.
2624 899 2762 956 Nam
2787 917 2851 957 ea
2881 903 3111 972 epistola
3135 922 3156 955 ι
3178 919 3289 959 non
3317 905 3506 959 multis
3534 915 3668 958 ante

2079 989 2275 1060 lgnatii
2328 992 2652 1064 martyrium
2681 994 2842 1050 annis
2888 995 3090 1065 scripta
3125 1004 3268 1050 est.»
3295 995 3372 1050 lta
3400 996 3530 1062 ille;
3564 996 3667 1051 sed

2080 1082 2394 1138 Blondellus
2427 1083 2545 1154 ipse
2598 1085 2782 1140 datam
2827 1100 2948 1139 eam
2988 1086 3276 1155 epistolam
3311 1087 3452 1141 inter
3488 1101 3544 1143 a.
3596 1085 3664 1140 Ι).

2079 1172 2149 1228 68
2195 1183 2250 1228 et
2291 1175 2358 1229 76
2404 1175 2638 1244 fatetur;
2672 1177 2921 1246 pluribus
2956 1179 3123 1250 igitur
3173 1194 3338 1249 quam
3385 1178 3457 1233 50
3501 1179 3668 1233 annis

2080 1273 2207 1318 ante
2260 1263 2456 1336 Ignatii
2485 1268 2808 1338 martyrium
2857 1268 3058 1339 scripta
3087 1278 3192 1325 est.
3225 1269 3304 1324 De
3338 1270 3446 1325 hac
3470 1268 3668 1325 [renati

2079 1356 2245 1410 verba
2278 1365 2445 1411 sunt:
2485 1375 2504 1410 ‹
2533 1357 2670 1413 Cum
2702 1359 2772 1414 sit
2793 1361 3060 1416 vetustior
3090 1361 3177 1417 his
3208 1361 3303 1431 qui
3337 1377 3489 1417 nunc
3519 1360 3671 1416 falso

2081 1447 2302 1514 docent,
2326 1457 2382 1503 et
2401 1450 2638 1504 alterum
2683 1449 2856 1506 Deum
2897 1468 3065 1524 super
3095 1452 3456 1524 Demiurgum
3488 1463 3545 1510 et
3579 1453 3671 1508 fa-

2082 1550 2289 1595 etorem
2321 1539 2523 1597 ltdrum
2552 1544 2798 1599 omnium
2827 1562 2949 1616 quae
2973 1557 3104 1604 sunt
3133 1547 3664 1608 commentiuntura

2083 1630 2316 1689 Dallaeus
2353 1649 2418 1688 ea
2448 1635 2635 1704 verba,
2686 1655 2706 1689 σ
2728 1638 2823 1709 qui
2844 1655 2992 1695 nunc
3034 1638 3174 1696 falso
3207 1641 3426 1708 docent,
3453 1659 3473 1692 ι
3504 1641 3674 1712 plane

2083 1725 2306 1795 omisit,
2343 1736 2402 1784 ut
2431 1743 2817 1800 argumentum
2867 1733 3111 1803 aliquam
3143 1734 3404 1804 ponderis
3425 1734 3672 1804 speciem

399 1819 622 1891 Trajani
669 1831 923 1879 mortuus
963 1824 1086 1879 est?
1118 1839 1188 1878 an
1229 1825 1434 1879 nullam
1481 1827 1745 1896 temporis
1774 1843 1976 1897 oppor-
2009 1819 2058 1880 Β
2087 1816 2314 1873 haberet
2341 1837 2356 1886 ;
2396 1821 2546 1890 quod
2575 1839 2724 1878 nunc
2751 1823 2998 1894 epistolae
3038 1824 3396 1881 Cle'mentinae
3418 1824 3670 1894 antiqui-

398 1915 689 1970 tunitatem
726 1916 971 1985 arripere
995 1924 1291 1986 potuerunt
1336 1917 1440 1973 sub
1473 1927 1587 1972 toto
1611 1917 1833 1989 Trajani
1875 1920 1976 1974 im-

397 2008 570 2076 perio,
607 2023 713 2077 qua
745 2023 842 2061 sua
876 2008 1131 2079 dogmata
1161 2009 1263 2064 viri
1288 2008 1486 2066 fervidi
1509 2020 1562 2065 et
1589 2011 1735 2066 docti
1759 2020 1815 2067 et
1849 2027 1979 2082 perv

397 2098 696 2153 sccutionis
742 2107 938 2153 azstum
984 2100 1210 2157 minime
1254 2110 1558 2159 metuentes
1607 2103 1982 2174 exponerent?

355 2187 598 2261 .Procul
661 2191 832 2246 dubio
877 2208 975 2262 per
1032 2193 1169 2248 illud
1212 2209 1387 2250 aevum
1453 2195 1737 2251 doctrinas
1800 2211 1831 2250 a
1868 2195 1981 2250 Me-

397 2281 612 2337 nandro
645 2293 898 2352 acceptas
936 2285 1342 2355 perpoliebant,
1371 2287 1592 2356 scriptis
1621 2288 1979 2355 mandabant,

395 2374 699 2444 discipulos
728 2377 1165 2448 congregabant,
1196 2393 1262 2434 ac
1309 2379 1529 2434 demum
1570 2380 1674 2435 sub
1706 2380 1978 2447 Adriano,

397 2482 528 2522 suas
561 2468 908 2540 συνηλύσεις,
937 2480 996 2524 ιιι
1026 2473 1273 2542 loquitur
1301 2471 1976 2540 Clemens;6t8acualaia,

397 2565 460 2610 ut
508 2556 811 2625 Eusebius;
845 2561 1138 2628 ecclesias,
1189 2571 1251 2616 ut
1297 2561 1710 2630 Tertullianus,
1763 2563 1981 2633 publice

396 2651 587 2708 multis
637 2652 694 2707 in
746 2653 882 2710 locis
942 2655 1204 2712 habuere.
1241 2655 1398 2712 Tunc
1427 2657 1595 2728 igitur
1640 2658 1745 2712 viri
1800 2658 1980 2713 eccle-

395 2743 605 2800 siastici
637 2746 1032 2816 quamplurimi
1062 2747 1132 2803 iis
1183 2748 1506 2804 restiterunt
1533 2766 1548 2816 ;
1580 2760 1711 2805 tunc
1738 2749 1979 2820 primum

397 2837 651 2892 nonnulli
700 2839 965 2895 adversus
1017 2855 1210 2894 eorum
1246 2841 1479 2896 haeresin
1525 2842 1705 2911 palam
1761 2851 1817 2896 et
1873 2842 1981 2896 late

397 2937 768 3002 grassantem,
794 2940 850 2986 et
888 2931 1060 2988 libros
1088 2933 1292 3003 ubique
1326 2933 1619 2989 volitantes
1643 2933 1793 3003 justa
1825 2934 1982 2988 volu-

395 3024 547 3077 mina
581 3025 1048 3095 conscripserunt.
1091 3023 1240 3080 Nihil
1271 3026 1420 3080 aliud
1450 3026 1741 3082 voluerunt
1767 3035 1980 3082 veteres

394 3117 487 3186 qui
515 3117 584 3172 de
615 3125 774 3172 aetate
805 3117 1032 3172 Adriani
1056 3119 1224 3173 locuti
1258 3128 1408 3176 sunt.

466 3208 572 3277 Qui
603 3225 733 3265 vero
773 3211 1084 3282 generalius
1117 3212 1420 3282 loquuntur
1461 3211 1529 3268 de
1578 3220 1736 3267 aetate
1761 3210 1979 3266 bzereti-
2005 3186 2048 3244 ο

394 3318 586 3358 eorum
624 3305 965 3374 temporibus
1012 3307 1388 3376 apostolorum
1439 3305 1764 3376 posteriori,
1804 3305 1978 3359 multo

395 3396 580 3452 minus
646 3401 908 3452 evincunt
959 3396 1252 3453 Basilidem
1324 3397 1554 3452 liceresin
1621 3413 1780 3452 suam
1851 3407 1980 3452 ante

393 3488 623 3542 Adriani
655 3498 904 3560 tempora
942 3490 1168 3545 minime
1202 3489 1481 3545 docuisse.
1517 3488 1824 3543 Firmiliani
1854 3489 1980 3558 qui-

394 3580 518 3634 dem
545 3581 708 3636 verba
739 3591 870 3637 sunt
908 3582 963 3636 in
1010 3581 1252 3653 Epistola
1283 3585 1348 3637 ad
1400 3582 1771 3656 Cyprianum:
1813 3601 1834 3634 ι
1869 3580 1977 3637 Sed

393 3681 448 3726 et
480 3671 751 3728 Valentini
799 3685 853 3730 et
901 3675 1157 3730 Basilidis
1205 3683 1416 3745 tempus
1472 3674 1824 3730 manifestum
1855 3683 1973 3743 est,

394 3765 544 3832 quod
575 3773 630 3819 et
658 3765 762 3834 ipsi
795 3775 920 3835 post
945 3767 1248 3836 apostolos,
1279 3776 1333 3821 et
1359 3775 1484 3836 post
1512 3767 1728 3838 iungant
1758 3776 1975 3822 aetatem

392 3857 659 3911 adversus
698 3856 999 3912 Ecclesiam
1037 3857 1129 3913 Dei
1175 3859 1456 3914 sceleratis
1505 3859 1806 3914 mendaciis
1857 3859 1975 3914 suis

392 3947 816 4014 rebellaverint;
850 3968 868 4000 ι
909 3966 974 4003 ex
1002 3951 1204 4020 quibus
1233 3952 1472 4021 primum
1501 3953 1734 4006 observo
1772 3950 1976 4006 Firmi-

393 4038 601 4092 lianum
657 4051 883 4109 putasse
941 4050 1054 4095 tum
1107 4042 1398 4098 Basilidem
1452 4053 1567 4098 tum
1623 4043 1974 4098 Valentinum

392 4128 677 4186 Marcione
728 4132 1095 4201 antiquiorem
1145 4132 1352 4202 fuisse,
1405 4135 1667 4190 adversus
1709 4134 1974 4189 Blondelli

392 4223 743 4286 sententiam,
780 4234 840 4279 ut
869 4226 1097 4280 cuilibet
1119 4227 1300 4280 locum
1353 4227 1624 4298 integrum
1663 4227 1975 4297 inspicienti

393 4315 625 4386 patebit.
681 4315 871 4387 Neque
939 4319 1242 4388 quidquam
1307 4319 1616 4373 Firmiliani
1677 4320 1975 4389 disputatio

389 4416 582 4462 contra
613 4416 858 4462 nostram
891 4411 1218 4464 sententiam
1258 4410 1327 4466 de
1365 4411 1521 4466 initio
1555 4412 1827 4467 ltaareseos
1870 4411 1977 4466 Ba-

391 4498 658 4553 silidiana:
684 4498 835 4556 facit.
872 4499 946 4556 De
972 4502 1269 4558 rebellione
1304 4503 1422 4574 ejus
1446 4513 1641 4558 contra
1671 4502 1972 4559 Ecclesiam
2003 4537 2054 4596 ι)

389 4591 501 4660 agit
525 4591 635 4659 ille,
669 4608 835 4662 quam
868 4593 1033 4649 istius
1073 4595 1174 4649 aevi
1211 4595 1451 4650 haeretici
1495 4596 1736 4666 quandiu
1781 4605 1974 4666 potue-

388 4693 520 4738 runt
549 4699 764 4755 semper
803 4686 1116 4755 evitabant,
1149 4697 1209 4742 ut
1249 4703 1392 4758 sape
1442 4688 1695 4760 legimus.
1735 4688 1806 4744 De
1841 4705 1974 4759 apo-

388 4777 545 4833 stolis
584 4777 831 4849 loquitur
867 4779 1061 4834 eodem
1097 4780 1263 4834 modo
1293 4796 1404 4850 quo
1443 4781 1700 4837 Clemens
1733 4781 1971 4836 Alexan-

386 4867 582 4924 drinus
599 4870 666 4924 de
690 4887 745 4925 re
768 4871 958 4927 eadem
984 4872 1262 4940 scribens;
1290 4882 1350 4927 ut
1378 4873 1523 4927 enim
1549 4873 1639 4928 ille
1662 4873 1969 4950 doctrinam

387 4962 746 5031 apostolicam
775 4981 869 5034 per
900 4965 958 5020 S.
977 4963 1211 5019 Paulum
1239 4966 1342 5021 sub
1370 4964 1587 5022 Nerone
1616 4981 1969 5022 consumma-

385 5061 499 5106 tam
525 5070 648 5110 esse
683 5055 835 5123 dicit,
869 5057 943 5112 ita
965 5074 1062 5128 per
1091 5058 1372 5128 apostolos
1398 5056 1618 5112 Petrum
1654 5068 1708 5113 et
1735 5057 1965 5112 Paulum

385 5143 646 5216 intelligit
673 5147 960 5217 disputans
999 5158 1194 5204 contra
1225 5149 1576 5203 traditionem
1611 5151 1967 5218 apostolicam

385 5249 417 5290 a
451 5234 731 5307 Stephano
755 5241 1014 5309 pontifice
1044 5242 1294 5296 Romano
1330 5242 1491 5308 falso,
1535 5253 1591 5296 ut
1637 5243 1732 5310 ait,
1764 5244 1968 5313 produ-

386 5340 551 5387 ctam.
587 5332 666 5388 lta
698 5350 756 5388 se
787 5336 967 5403 ipsum
1011 5335 1264 5405 explicat,
1290 5337 1419 5392 dum
1454 5336 1768 5407 Stephanus
1798 5356 1968 5410 vapu—

384 5427 494 5493 lat,
530 5446 548 5479 ι
577 5429 737 5498 quasi
769 5429 1048 5485 infamans
1100 5429 1327 5486 Petrum
1374 5441 1428 5486 et
1473 5431 1742 5498 Paulum,
1778 5433 1966 5492 beatos

385 5521 694 5589 apostolos,
743 5523 902 5593 quasi
941 5522 1046 5579 hoc
1082 5523 1185 5594 ipsi
1238 5523 1585 5580 tradiderint.
1609 5545 1627 5578 ι
1666 5523 1765 5580 Diu
1802 5527 1967 5596 igitur

383 5621 510 5682 post
557 5611 777 5670 Petrum
819 5627 874 5670 et
900 5614 1131 5670 Paulum
1176 5614 1445 5672 Basilides
1475 5618 1744 5676 adversus
1776 5619 1967 5676 Eccle-

382 5706 522 5762 siam
572 5709 852 5766 rebellavit
907 5727 972 5765 ex
1025 5711 1297 5766 sententia
1332 5711 1676 5779 Firmiliani;
1728 5715 1879 5783 quod
1911 5724 1966 5770 et

383 5816 484 5858 nos
517 5799 788 5871 fatemur;
833 5818 1006 5875 neque
1042 5803 1184 5861 aliud
1217 5803 1499 5875 quidpiam
1536 5822 1602 5864 ex
1628 5821 1692 5863 ea
1730 5807 1960 5879 epistola

2084 1916 2189 1975 tas,
2222 1919 2277 1964 et
2303 1909 2493 1967 lrenaai
2521 1914 2695 1984 ipsius
2725 1915 2888 1970 verba
2919 1917 3055 1971 nihil
3082 1917 3310 1972 omnino
3331 1931 3458 1972 esse
3481 1925 3674 1986 aperte

2081 2002 2401 2059 ostendunt.
2441 2003 2548 2060 Sed
2599 2022 2794 2063 rursus
2837 2007 3030 2064 scribit
3071 2008 3240 2076 alibi,
3287 2024 3484 2064 omnes
3530 2009 3674 2064 istos

2083 2093 2372 2152 haereticos
2413 2097 2572 2152 valde
2617 2099 2954 2168 posteriores
2997 2117 3120 2158 esse
3141 2117 3309 2173 quam
3350 2103 3672 2174 episcopos,

2081 2187 2286 2256 quibus
2321 2181 2557 2260 apostoli
2593 2193 2936 2250 tradiderunt
2971 2193 3268 2262 Ecclesias,
3299 2215 3320 2249 ι
3343 2195 3599 2266 adeoque
3618 2203 3676 2248 et

2083 2277 2294 2347 lgnatio
2345 2283 2441 2352 qui
2492 2282 2690 2338 horum
2731 2284 3114 2356 episcoporum
3164 2304 3308 2344 unus
3349 2287 3476 2343 fuit.
3510 2307 3530 2340 ι
3571 2287 3675 2344 Hic

2080 2373 2245 2426 etiam
2277 2375 2465 2430 omisit
2503 2377 2670 2432 verba
2699 2394 2824 2449 quae
2851 2390 3178 2450 sequuntur,
3208 2399 3229 2433 ι
3263 2389 3318 2436 et
3342 2382 3448 2436 hoc
3473 2382 3531 2435 in
3561 2391 3675 2436 ter-

2080 2463 2159 2518 tio
2210 2464 2354 2520 libro
2401 2481 2526 2520 cum
2577 2467 2728 2522 omni
2771 2467 3053 2541 diligentia
3108 2470 3612 2526 manifestavimus.
3647 2490 3667 2523 ι

2081 2554 2229 2610 Nihil
2253 2556 2422 2628 igitur
2452 2558 2555 2614 hoc
2574 2560 2698 2616 loco
2729 2563 2883 2627 dicit,
2911 2561 3060 2634 quod
3092 2578 3203 2618 non
3242 2573 3403 2617 antea
3429 2562 3670 2618 dixerat.

2081 2648 2154 2703 At
2195 2665 2322 2704 eum
2365 2651 2518 2706 omni
2561 2653 2846 2725 diligentia
2896 2664 3178 2722 uteretur,
3227 2656 3366 2711 nihil
3396 2657 3466 2711 de
3512 2665 3674 2712 :etate

2082 2738 2338 2796 Basilidis
2366 2740 2524 2808 dixit,
2569 2745 2638 2800 de
2672 2760 2783 2815 qua
2817 2762 2965 2802 nunc
3016 2747 3349 2817 disputatur.
3390 2745 3671 2802 Valentini

2079 2832 2300 2902 quidem
2325 2835 2575 2891 meminit
2602 2837 2745 2892 inter
2771 2837 3094 2907 haereticos;
3125 2837 3248 2893 Lini
3269 2880 3285 2903 ,
3315 2838 3587 2894 Anacleti.
3619 2849 3672 2893 et

2081 2924 2383 2983 Clementis
2416 2928 2558 2984 inter
2582 2930 2913 3001 episcopos:
2949 2933 3151 3002 quibus
3179 2933 3438 2988 omnibus
3474 2942 3532 2988 et
3563 2931 3670 2987 Va-

2079 3019 2350 3076 lentinum
2397 3030 2451 3077 et
2491 3021 2787 3079 Basilidem
2835 3027 2993 3081 valde
3021 3027 3354 3097 posteriores
3404 3029 3668 3098 agnosci-

2082 3127 2228 3168 mus.
2274 3111 2528 3169 Nondum
2585 3116 2753 3186 igitur
2801 3117 3108 3187 probarunt
3159 3117 3263 3172 viri
3317 3117 3667 3185 doctissimi,

2082 3217 2262 3273 neque
2312 3206 2674 3274 probaturum
2729 3224 3063 3279 quemquam
3109 3218 3274 3281 puto,
3311 3208 3667 3265 Valentinum

2082 3294 2220 3350 adeo
2253 3311 2379 3352 sero
2409 3298 2640 3366 vixisse,
2680 3307 2776 3353 aut
2817 3299 2872 3353 in
2905 3301 3140 3356 haeresin
3177 3302 3466 3372 delapsum
3519 3317 3666 3369 esse,

2081 3395 2142 3440 ut
2189 3387 2311 3458 ejus
2344 3403 2562 3444 errores
2615 3391 2929 3447 necessario
2977 3392 3183 3448 fuerint
3235 3394 3295 3449 S.
3344 3393 3558 3466 lgnatio
3599 3399 3667 3453 ad

2083 3479 2409 3551 martyrium
2443 3479 2724 3548 festinanti
2763 3483 2982 3552 penitus
3020 3485 3308 3556 incogniti.

2151 3569 2395 3626 Tandem
2417 3611 2433 3637 ,
2463 3573 2542 3626 uti
2571 3587 2733 3643 spero
2752 3614 2767 3639 ,
2801 3583 3126 3641 argumento
3155 3591 3185 3629 a
3219 3573 3495 3631 Valentini
3538 3576 3671 3648 Sige

2077 3664 2313 3736 deducto
2361 3664 2578 3722 abunde
2611 3681 2937 3735 responsum
2983 3675 3086 3722 est.
3119 3666 3367 3734 Quatuor
3397 3669 3542 3724 enim
3577 3685 3670 3725 as-

2078 3755 2348 3822 sertiones
2379 3754 2562 3818 attuli,
2612 3770 2824 3820 omnes,
2859 3765 2919 3811 ut
2973 3757 3106 3811 mihi
3135 3759 3372 3827 videtur,
3417 3769 3582 3816 certae
3613 3768 3671 3814 et

2077 3843 2376 3912 exploratae
2405 3843 2674 3900 veritatis.
2719 3842 2797 3898 lta
2830 3854 3011 3899 tamen
3048 3859 3382 3917 comparata:
3409 3861 3573 3919 sunt,
3607 3861 3668 3905 ut

2079 3937 2124 3992 si
2153 3937 2238 3991 vel
2265 3951 2375 3990 una
2397 3950 2588 3990 earum
2612 3951 2771 3991 versa
2815 3937 2905 4004 sit,
2941 3953 3006 3992 ea
3051 3941 3214 3994 unica
3244 3955 3464 3998 omnem
3493 3960 3667 4013 argu-

2076 4029 2245 4086 menti
2285 4027 2725 4084 adversariorum
2761 4029 2870 4082 vim
2909 4029 3094 4084 elidat.

2655 4120 2886 4176 CAPUT
2945 4121 3078 4178 Vlll.

2077 4215 2160 4270 Ad
2203 4222 2432 4284 quatuor
2470 4213 2661 4290 ultima
2713 4231 2809 4290 pro
2867 4215 3152 4290 violatione
3191 4217 3444 4290 temporis
3493 4233 3667 4290 argu-

2147 4296 2325 4338 menta
2375 4286 2736 4356 respondetur.
2771 4285 2971 4338 Auctor
3020 4285 3369 4356 epistolarum
3409 4288 3473 4341 de
3515 4285 3668 4344 Con-

2146 4357 2371 4409 stantini
2415 4355 2828 4428 Christianismo
2872 4357 3006 4428 nihil
3031 4355 3366 4428 suspicatus.
3394 4356 3668 4428 LeOpardi

2149 4442 2246 4494 von:
2290 4427 2660 4494 antiquitatem
2701 4426 2938 4494 epistola:
2968 4427 3037 4480 ad
3068 4426 3333 4481 Romanos
3375 4426 3521 4482 haud
3554 4432 3662 4485 im—

2151 4499 2363 4550 minuit.
2385 4495 2662 4567 Figmenta
2682 4495 2877 4551 Dalla’i
2898 4499 2960 4551 de
2989 4499 3116 4550 certi
3150 4498 3428 4566 cujusdam
3455 4503 3660 4557 ordinis

2150 4568 2382 4621 militum
2423 4567 2798 4637 appellatione.
2838 4567 3099 4636 Leopardi
3146 4585 3320 4622 vocem
3351 4580 3475 4624 ante
3515 4572 3662 4626 Con-

2145 4641 2372 4691 stantini
2415 4655 2585 4692 azvum
2615 4638 2670 4692 in
2707 4655 2806 4692 usu
2850 4639 3015 4708 fuisse
3047 4639 3298 4693 adversus
3328 4639 3661 4697 Bac/(artum

2145 4711 2464 4782 ostenditur.
2501 4709 2755 4782 Receptiq
2768 4709 3131 4782 ptenitentium
3144 4711 3440 4782 novitatem
3463 4715 3662 4782 episto—

2146 4779 2324 4832 larum
2352 4797 2450 4853 nan
2482 4781 2692 4853 probat.
2722 4779 2798 4834 De
2822 4779 3441 4853 Allmspinwisententia
3464 4779 3662 4853 dispu-

2146 4859 2313 4904 tatur.
2347 4850 2672 4922 Onesimum,
2697 4867 2850 4920 quem
2881 4849 3126 4918 lgnatius
3153 4849 3356 4921 Epheso
3377 4849 3664 4922 prwfuisse

2141 4923 2241 4996 ait.
2266 4933 2545 4996 mortuum
2585 4920 2749 4988 fuisse
2789 4921 2882 4996 sub
2918 4932 3147 4996 tempore
3195 4920 3462 4996 martyrii
3486 4920 3662 4996 Igna-

2144 4992 2277 5062 tiani
2323 5007 2597 5061 perperam
2657 4993 2934 5046 asseritur.
2993 4991 3166 5046 Varia:
3202 4991 3558 5062 quorumdam
3597 4999 3664 5052 de

2079 5105 2083 5108 -
2145 5060 2392 5117 Onesimo
2423 5063 2695 5116 sententia:
2724 5063 2777 5116 id
2801 5079 2908 5116 non
2933 5064 3199 5118 evincunt.

2139 5152 2416 5210 Hactenus
2449 5155 2516 5210 de
2557 5155 2824 5210 haereticis
2861 5164 2916 5210 et
2963 5155 3265 5212 hmresibus
3315 5155 3656 5212 observata:

2069 5249 2166 5304 sed
2200 5249 2377 5320 capite
2404 5249 2616 5304 decimo
2647 5251 2806 5304 tertio
2839 5249 3010 5303 multa
3041 5251 3147 5304 alia
3182 5260 3496 5318 coacervat,
3533 5268 3658 5323 qua:

2067 5353 2264 5413 prmter
2296 5352 2602 5412 temporum
2644 5343 2802 5399 fidem
2840 5344 2964 5398 ficta
3009 5358 3132 5399 esse
3175 5351 3363 5413 putat;
3411 5361 3657 5414 quorum

2066 5436 2304 5505 plurima
2353 5433 2437 5488 vel
2483 5433 2728 5489 lictorem
2765 5433 2851 5487 vel
2903 5433 3353 5504 interpolatorem
3407 5435 3652 5507 feriunt;

2067 5530 2252 5599 qualia
2287 5537 2416 5584 sunt
2451 5544 2573 5598 quae
2595 5527 2663 5583 dc
2695 5527 2984 5594 Anacleto,
3012 5529 3080 5583 de
3099 5526 3406 5595 Nicolaitis,
3429 5528 3502 5584 de
3530 5530 3654 5586 Cae-

2067 5636 2213 5685 sare,
2231 5621 2298 5675 de
2324 5619 2612 5675 ordinibus
2639 5618 3053 5683 ecclesiasticis,
3085 5619 3154 5674 de
3173 5619 3448 5690 virginum
3483 5621 3656 5677 colle-

2066 5713 2194 5784 giis,
2225 5713 2292 5768 de
2328 5711 2760 5783 Quadragesima
2781 5752 2796 5778 ,
2827 5711 2896 5766 de
2929 5709 2988 5766 S.
3010 5709 3224 5767 Joanne
3251 5711 3466 5768 scribit.
3494 5712 3650 5779 Qua-

2067 5815 2193 5865 tuor
2223 5817 2406 5865 tamen
2434 5820 2557 5866 esse
2586 5805 2768 5874 video,
2802 5820 2924 5878 quae
2953 5813 3236 5863 auctorem
3267 5803 3448 5878 ipsum
3479 5803 3652 5862 ferire
