3834 6206
384 290 486 347 351

1415 289 1472 344 S.
1515 289 1864 346 lGNATlUS.
1905 317 1974 328 -
2014 287 2550 347 PROLEGOMENA.

3552 299 3675 355 553

387 413 542 478 parte
567 420 607 470 ι,
637 403 734 459 lib.
762 420 843 468 ill,
878 419 997 474 cap.
1033 404 1098 459 8:
1142 424 1159 456 ι
1187 403 1451 474 Leopardi
1487 422 1615 473 vox,
1653 405 1854 475 inquit,
1882 419 1967 460 se-
1997 409 2043 465 A
2071 402 2340 474 Leopardi
2367 422 2555 462 vocem
2591 419 2880 479 memorat,
2915 418 2976 466 ut
3007 409 3169 484 longe
3214 411 3330 469 suis
3381 423 3675 485 tempori-

384 498 504 552 rius
527 497 783 565 usurpari
815 496 1001 565 coepit,
1035 511 1230 565 nempe
1261 496 1610 551 Constantini
1645 512 1781 551 aevo.
1828 495 1964 550 Pro-

379 589 506 643 inde
535 586 726 657 lgnatii
758 587 822 640 ad
849 585 1130 642 Romanos
1163 588 1395 657 epistola
1455 603 1620 658 quam
1667 585 1966 642 circumfe—

376 687 528 742 runt,
555 694 621 732 eo
642 679 864 733 demum
911 680 1113 734 saecqu
1135 678 1308 735 fuisse
1340 680 1598 750 scriptam
1634 679 1719 734 vel
1747 695 1814 734 cx
1861 680 1968 736 hoc

382 777 710 840 argumento
740 771 1002 840 colligas,
1035 773 1178 840 quod
1203 773 1588 843 le0pardorum
1623 774 1826 828 diserte
1849 789 1964 828 me-

382 861 564 914 minit.
594 879 612 911 ›
658 861 982 930 Argumenti
1017 864 1409 934 consequentia
1441 863 1732 920 manifesta
1756 872 1860 919 est.
1909 861 1967 918 Si

383 952 529 1006 enim
562 954 804 1023 leopardi
839 969 944 1008 vox
973 955 1077 1009 sub
1103 956 1468 1010 Constantino
1501 955 1758 1026 usurpari
1779 955 1966 1024 capit,

385 1046 632 1116 adeoque
655 1055 781 1102 ante
808 1047 1227 1103 Constantinum
1253 1059 1516 1120 usurpata
1555 1065 1662 1104 non
1705 1061 1818 1116 cst;
1846 1048 1970 1117 qui-

384 1155 602 1209 cunque
630 1155 750 1194 eam
777 1157 964 1196 vocem
992 1145 1300 1212 usurpavit,
1336 1146 1421 1198 vel
1448 1145 1550 1199 sub
1580 1143 1966 1213 Constantino,

382 1233 465 1287 vel
491 1241 613 1302 post
651 1249 775 1287 eum
807 1235 1048 1304 scripsit.
1099 1233 1228 1291 Post
1275 1236 1698 1291 Constantinum
1731 1237 1971 1292 scribere

383 1340 495 1379 non
531 1325 708 1395 potuit
737 1335 930 1380 auctor
961 1327 1208 1396 epistolae
1242 1329 1309 1382 ad
1340 1327 1656 1383 Romanos:
1713 1338 1970 1399 excerpta

383 1418 532 1470 enim
561 1417 682 1487 ejus
709 1419 974 1487 epistolae,
1002 1420 1057 1472 in
1087 1421 1287 1489 quibus
1335 1419 1602 1490 Leopardi
1633 1436 1743 1476 vox
1803 1421 1974 1476 habe-

384 1521 497 1579 tur,
524 1512 578 1564 in
606 1510 988 1567 Ecclesiastica
1023 1512 1241 1570 Eusebii
1272 1514 1515 1569 Historia
1539 1525 1788 1580 exstant,
1851 1533 1974 1588 quze

385 1603 492 1659 sub
521 1604 888 1659 Constantino
920 1606 1066 1661 edita
1107 1615 1210 1662 est.
1278 1605 1401 1662 Vult
1454 1607 1620 1678 igitur
1667 1607 1973 1665 Bochartus

387 1697 492 1751 sub
520 1696 890 1754 Constantino
920 1700 1216 1769 primulum
1272 1701 1549 1755 inventam
1599 1717 1721 1758 esse
1780 1717 1969 1758 vocem

387 1789 692 1860 Le0pardi;
738 1791 1021 1848 Romanos
1085 1794 1382 1864 scriptores
1428 1809 1547 1848 cam
1599 1794 1778 1864 primo
1809 1811 1972 1850 usur-

386 1899 582 1954 passe;
627 1883 848 1940 Grzecos
879 1901 1000 1940 eam
1029 1901 1219 1941 vocem
1256 1902 1287 1941 a
1312 1886 1582 1942 Romanis
1630 1896 1819 1956 postea
1852 1903 1977 1943 mu-

385 1983 574 2030 tuatos
601 1991 757 2043 esse;
786 1977 1169 2032 simulatorem
1199 1978 1396 2051 lgnatii
1436 1980 1577 2035 inter
1605 1979 1823 2036 Graecos
1841 1980 1976 2035 scri-

386 2077 574 2138 ptores
597 2078 652 2124 et
675 2071 912 2139 primum
961 2081 1016 2126 et
1049 2073 1224 2128 solum
1269 2076 1518 2130 eamdem
1567 2076 1886 2146 arripuisse,
1922 2085 1979 2130 et

387 2158 599 2230 lgnatio
626 2163 1003 2232 supposuisse,
1027 2173 1193 2234 atque
1215 2165 1357 2221 hanc
1386 2166 1674 2236 epistolam
1701 2155 1974 2230 emisisse,

389 2263 685 2325 antequam
724 2255 983 2312 Historia:
1013 2258 1213 2313 librum
1245 2261 1468 2314 tertium
1509 2260 1771 2316 conderet
1808 2259 1979 2314 Euse-

389 2347 534 2402 bius.
565 2347 610 2402 0
635 2349 803 2404 miras
833 2351 1098 2420 temporis
1125 2353 1650 2423 angustias,quibus
1683 2354 1851 2409 miser
1876 2353 1979 2406 im-

389 2452 582 2512 postor
616 2442 951 2497 includitur!
987 2443 1031 2497 0
1081 2443 1314 2499 bardum
1372 2454 1428 2500 et
1473 2447 1753 2513 stupidum
1805 2447 1979 2504 Euse-

388 2535 565 2602 bium,
608 2537 702 2606 qui
729 2551 853 2590 cum
892 2535 984 2590 diu
1009 2544 1136 2590 ante
1163 2534 1786 2606 Leopardivocabulum
1817 2550 1979 2598 natus

389 2636 558 2691 esset,
599 2627 806 2682 lictitiis
844 2628 1149 2682 litterarum
1179 2631 1455 2686 mercibus
1497 2639 1605 2686 tam
1653 2629 1832 2700 facile,
1868 2640 1978 2688 tam

392 2718 536 2774 ftede
564 2719 826 2789 deceptus
848 2721 961 2774 est!

465 2814 574 2868 Sed
594 2814 874 2869 videamus
890 2813 1167 2884 quomodo
1189 2815 1384 2885 probet
1404 2817 1473 2873 cl.
1496 2816 1823 2884 Bochartus,
1855 2833 1977 2873 eam

390 2921 581 2962 vocem
624 2907 975 2962 Constantini
1028 2923 1144 2964 aevo
1189 2911 1426 2979 coepisse
1471 2912 1746 2980 usurpari.
1783 2930 1801 2963 ι
1838 2911 1975 2966 Cum

391 3001 563 3064 enim,
597 3001 794 3070 inquit,
825 3003 1003 3057 tribus
1031 3003 1246 3058 saeculis
1277 3012 1401 3073 post
1448 3004 1728 3060 Christum
1787 3013 1977 3060 natum

393 3091 450 3144 in
474 3088 740 3146 Romanis
756 3093 1118 3162 scriptoribus
1147 3110 1417 3164 nusquam
1439 3096 1978 3167 reperiatur,quarto

389 3188 448 3235 et
477 3180 675 3236 exinde
725 3183 931 3251 passim
977 3185 1238 3240 occurrit.
1281 3205 1300 3237 ι
1336 3185 1463 3242 Haec
1489 3203 1556 3241 ex
1592 3188 1980 3244 observatione

396 3269 650 3328 Gesneri.
689 3274 891 3329 Verum
923 3292 991 3329 an
1020 3285 1147 3330 ante
1201 3287 1448 3348 tempora
1483 3276 1708 3348 Traiani
1755 3279 1813 3334 in
1873 3296 1979 3334 usu

397 3362 647 3419 fueritea
682 3382 810 3432 vox,
836 3367 903 3421 ad
941 3383 1043 3423 nos
1083 3383 1193 3422 non
1241 3371 1502 3439 pertinet;
1531 3371 1784 3441 quamvis
1841 3372 1979 3426 mihi

397 3458 627 3514 dubium
660 3475 768 3514 non
793 3461 864 3515 sit
883 3462 1015 3530 quin
1056 3462 1151 3516 diu
1177 3472 1302 3517 ante
1329 3473 1591 3533 usurpata
1613 3464 1708 3530 sit,
1743 3481 1850 3520 non
1878 3466 1982 3519 mi-

398 3565 505 3605 nus
521 3567 685 3621 quam
713 3552 1202 3620 CameIOpardalis,
1233 3564 1328 3609 aut
1354 3553 1738 3622 Leocrocutta,
1763 3558 1830 3612 de
1859 3558 1982 3628 qui-

398 3640 505 3696 bus
542 3642 654 3712 agit
685 3640 916 3698 Plinius.
942 3643 1097 3709 Quod
1129 3655 1256 3698 ante
1282 3655 1538 3714 quartum
1558 3647 1820 3701 saeculum
1838 3647 1983 3717 apud

401 3733 698 3802 scriptores
737 3733 1044 3801 Romanos,
1077 3751 1218 3806 quos
1253 3736 1461 3806 legerat
1509 3735 1835 3803 Bochartus,
1873 3754 1984 3794 non

401 3828 728 3896 reperiatur,
763 3830 991 3884 minime
1033 3831 1227 3900 probat
1256 3832 1310 3885 in
1339 3848 1440 3887 usu
1477 3847 1588 3886 non
1622 3831 1820 3898 fuisse;
1857 3832 1983 3902 plu-

402 3940 493 3979 res
504 3925 648 3978 cnim
671 3927 964 3996 scriptorcs
982 3944 1172 3983 eorum
1200 3939 1504 4000 temporum
1523 3933 1802 4002 perierunt
1818 3950 1982 4003 quam

405 4015 744 4086 supersunt;
779 4021 948 4090 aliqui
978 4021 1213 4077 fortasse
1241 4033 1482 4090 exstant,
1540 4041 1680 4094 quos
1737 4026 1828 4080 ille
1873 4041 1984 4081 non

405 4109 566 4175 legit;
602 4112 794 4180 aliqui,
824 4129 965 4183 quos
1000 4115 1229 4169 credidit
1255 4123 1380 4184 post
1399 4116 1822 4171 Constantinum
1847 4119 1986 4172 scri-

406 4202 603 4270 psisse,
637 4201 776 4257 forte
800 4212 925 4259 aute
959 4221 1084 4259 eum
1113 4207 1481 4275 scripserunt;
1531 4208 1700 4277 aliqui
1749 4209 1844 4278 qui
1884 4210 1989 4264 sub

405 4307 473 4346 eo
495 4293 862 4349 meminerunt
904 4296 1057 4350 vocis
1093 4295 1386 4366 Leopardi,
1434 4299 1746 4367 signiﬁcare
1788 4310 1987 4369 potue-

407 4394 677 4440 runteam
715 4401 904 4441 vocem
932 4388 1176 4456 ipsorum
1227 4397 1382 4444 aetate
1436 4389 1592 4459 longe
1625 4391 1988 4460 antiquiorem

2068 493 2172 549 bus
2199 495 2564 566 antiquiorem
2607 514 2731 553 eam
2787 499 2958 556 fuisse
2991 510 3275 571 agnoscat.
3331 501 3461 558 Haec
3503 505 3674 558 enim

2068 586 2234 642 habet
2277 589 2333 642 in
2361 587 2484 644 Vita
2515 591 2778 646 Antonini
2818 592 2996 648 Getae:
3039 613 3058 646 ‹
3092 593 3384 650 Familiare
3422 596 3500 649 illi
3559 596 3678 651 fuit

2069 679 2170 736 has
2200 683 2534 750 quaastiones
2555 685 2928 754 grammaticis
2952 701 3271 756 praponere,
3297 698 3357 742 ut
3383 689 3676 754 dicerent,

2069 773 2284 844 singula
2312 776 2568 831 animalia
2600 779 2877 848 quomodo
2900 795 3088 834 vocem
3108 781 3446 846 emitterent,
3482 781 3677 848 velut,

2069 868 2194 938 agni
2242 869 2470 934 balant,
2511 871 2733 941 porcelli
2785 872 3072 940 gruniunt,
3105 872 3390 942 palumbes
3438 875 3679 928 minur-

2071 959 2242 1027 riunt,
2267 961 2378 1016 ursi
2397 963 2647 1028 saeviunt,
2682 963 2868 1017 leones
2892 963 3139 1033 rugiuut,
3159 964 3398 1035 leopardi
3429 967 3676 1033 rictant,

2072 1055 2342 1125 elephanti
2376 1055 2647 1124 barriunt,
2704 1073 2850 1112 rana!
2907 1067 3178 1126 coaxant,
3213 1060 3339 1130 equi
3370 1061 3677 1125 hinniunt,

2072 1147 2213 1202 asini
2249 1148 2473 1214 rudunt,
2516 1149 2659 1203 tauri
2691 1150 2979 1221 mugiunt,
3035 1167 3240 1222 easque
3273 1153 3342 1207 de
3375 1153 3678 1208 veteribus

2072 1241 2381 1310 approbare
2404 1282 2419 1305 ,
2456 1242 2541 1295 vel
2597 1244 2983 1312 approbarent.
3020 1263 3038 1296 ι
3101 1243 3430 1314 Spartianus
3471 1246 3681 1316 itaque

2075 1333 2178 1388 100
2211 1344 2338 1390 ante
2366 1333 2792 1391 Constantinum
2819 1337 2979 1392 annis
3004 1336 3195 1392 Getam
3225 1355 3255 1392 a
3278 1338 3679 1409 grammaticis

2073 1426 2399 1496 quaesivisse
2437 1428 2722 1494 ostendit,
2769 1443 2840 1482 an
2904 1428 3178 1498 leopardis
3217 1431 3560 1485 conveniret-
3593 1431 3680 1484 ri-

2074 1527 2246 1585 etare,
2275 1527 2329 1574 et
2349 1520 2576 1590 quinam
2602 1537 2669 1576 ex
2707 1521 2982 1578 veteribus
3005 1537 3127 1576 eam
3159 1538 3352 1578 vocem
3380 1524 3678 1594 leopardis

2075 1613 2418 1668 tribuissent.
2470 1613 2616 1669 Satis
2660 1614 2829 1685 igitur
2889 1616 3116 1684 antiqua
3174 1632 3278 1670 vox
3338 1616 3675 1686 leopardus.

2076 1702 2420 1758 Glossarium
2469 1713 2644 1770 vetus,
2680 1706 2783 1760 sub
2831 1703 3112 1760 Benedicti
3167 1708 3391 1762 nomine
3426 1707 3675 1775 editum,

2076 1795 2303 1848 omnino
2333 1795 2547 1850 videtur
2565 1795 2914 1850 Constantini
2943 1797 3174 1866 imperio
3202 1797 3348 1852 haud
3371 1799 3540 1867 paulo
3565 1814 3679 1852 an-

2076 1888 2305 1958 tiquius,
2331 1889 2386 1943 in
2411 1905 2519 1960 quo
2540 1890 2802 1961 legimus:
2823 1888 3161 1960 Leopardus,
3183 1890 3472 1962 πάρδαλις.
3495 1889 3678 1946 Pom-

2075 1981 2233 2051 peius
2261 1980 2479 2049 Festus,
2515 1981 2819 2053 «Bigenera
2845 1983 3106 2039 dicuntur
3143 1984 3406 2040 animalia
3441 2001 3511 2040 ex
3581 1985 3676 2039 di-

2075 2091 2238 2130 verso
2270 2090 2468 2146 genere
2515 2087 2667 2143 nata,
2691 2087 2752 2132 ut
2774 2076 3070 2148 leopardus
3105 2092 3173 2131 ex
3202 2077 3362 2133 leone
3419 2087 3476 2133 et
3527 2094 3679 2149 pan-

2078 2167 2253 2220 thera.
2294 2187 2313 2219 ›
2345 2165 2464 2236 Ipse
2487 2176 2668 2223 autem
2696 2167 2914 2237 Festus,
2958 2184 2990 2223 a
3021 2167 3275 2224 Charisio
3300 2178 3356 2224 et
3382 2168 3676 2226 Macrobio

2079 2256 2358 2324 laudatus,
2386 2257 2431 2312 si
2465 2257 2599 2313 satis
2635 2258 2896 2328 antiquus
2930 2273 3042 2314 non
3093 2260 3195 2326 sit;
3241 2268 3392 2315 certe
3434 2258 3677 2316 Verrius

2079 2345 2329 2412 Flaccus,
2357 2347 2515 2416 cujus
2546 2348 2812 2404 librorum
2848 2347 3134 2420 Epitomen
3179 2349 3423 2419 scripsit,
3467 2350 3673 2420 Augu-

2081 2439 2150 2493 sti
2177 2447 2334 2493 zetate
2356 2439 2529 2506 vixit;
2561 2449 2617 2495 et
2654 2441 2772 2510 quit
2790 2440 2907 2496 haec
2931 2441 3080 2497 illius
3108 2442 3274 2496 verba
3309 2441 3482 2497 fuisse
3510 2459 3675 2499 asse-

2081 2539 2246 2596 reret,
2286 2530 2460 2586 refelli
2491 2547 2600 2586 non
2628 2541 2834 2602 posset.
2872 2531 3043 2588 Caute
3079 2533 3246 2603 igitur
3275 2533 3424 2588 hunc
3475 2533 3669 2588 locum

2079 2620 2228 2679 Festi
2289 2623 2642 2693 praetermisit
2683 2623 3134 2697 diligentissimus
3176 2623 3506 2692 Bochartus,
3573 2625 3669 2680 ubi

2082 2716 2203 2786 ejus
2236 2715 2495 2772 aﬁ'erendi
2535 2718 2886 2774 occasionem
2918 2717 3112 2772 habuit
3134 2717 3373 2773 maxime
3403 2727 3671 2789 opportu-

2081 2824 2232 2862 nam.
2263 2807 2402 2863 Cum
2458 2811 2605 2864 enim
2659 2811 2932 2866 attulisset
2981 2826 3105 2881 quae
3159 2821 3370 2866 veteres
3404 2811 3670 2866 dixerunt

2088 2919 2108 2954 ‹
2135 2902 2202 2956 de
2225 2901 2521 2957 leaenarum
2547 2919 2674 2958 cum
2708 2904 2878 2973 pardo
2903 2902 3199 2958 concubitu
3223 2945 3238 2970 ,
3265 2903 3409 2958 unde
3457 2919 3668 2958 novum

2082 3003 2391 3050 monstrum
2423 2995 2624 3060 editur,
2659 2996 2808 3063 huic,
2846 2996 3044 3066 inquit,
3072 2997 3410 3068 designando
3432 2997 3668 3053 conﬁcta

2083 3088 2299 3141 videtur
2343 3088 2586 3157 leopardi
2627 3104 2764 3155 vox;
2800 3107 2818 3140 ι
2862 3088 2958 3143 sed
2993 3089 3144 3145 nullo
3178 3090 3495 3145 testimonio
3543 3107 3665 3145 eam

2083 3178 2459 3248 conjecturam
2498 3179 2703 3246 ﬁrmat,
2736 3195 2860 3235 cum
2878 3179 2947 3233 ad
2979 3195 3202 3234 manum
3226 3189 3371 3237 esset
3402 3182 3493 3237 hic
3518 3181 3666 3238 Festi

2081 3270 2235 3324 locus
2261 3270 2327 3324 ad
2355 3286 2474 3324 eam
2497 3287 2613 3325 rem
2638 3271 3590 3340 accommodatissimus.Quinetiam
3621 3275 3666 3330 si

2081 3379 2184 3418 vox
2216 3363 2459 3434 leopardi
2487 3363 2722 3419 conﬁcta
2749 3364 2987 3434 primum
3025 3365 3098 3421 sit
3133 3364 3212 3420 illi
3240 3377 3490 3422 monstro
3520 3369 3670 3423 desi-

2083 3457 2323 3527 gnando,
2361 3457 2508 3527 quod
2538 3458 2755 3514 videtur
2787 3457 3058 3514 Bocharto
3086 3500 3102 3526 ,
3127 3459 3280 3514 'ante
3317 3457 3670 3514 Constantini

2084 3565 2262 3605 arvum
2292 3549 2414 3604 sine
2435 3550 2606 3604 dubio
2638 3551 2872 3606 conﬁcta
2898 3561 3015 3618 est;
3053 3561 3184 3607 tunc
3215 3553 3362 3608 enim
3402 3568 3502 3622 pro
3530 3569 3671 3623 quo-

2085 3641 2216 3696 libet
2241 3643 2416 3711 pardo
2445 3651 2711 3712 usurpata
2739 3653 2842 3711 est,
2863 3644 3009 3714 quod
3040 3643 3131 3699 ille
3155 3643 3344 3699 multis
3372 3653 3426 3698 et
3446 3646 3670 3714 quidem

2085 3743 2234 3788 recte
2265 3734 2479 3803 probat.
2512 3733 2663 3788 Trita
2697 3735 2862 3805 igitur
2891 3735 2983 3790 illa
3017 3735 3112 3790 sed
3150 3736 3548 3791 catachrestica
3580 3752 3672 3790 vo-

2087 3827 2167 3881 cis
2196 3828 2484 3896 usurpatio
2517 3827 2773 3897 primaava
2798 3837 2852 3881 et
2887 3829 3109 3897 propria
3140 3828 3410 3897 posterior
3454 3828 3529 3882 sit
3577 3842 3674 3882 ne-

2087 3937 2240 3977 cesse
2259 3931 2363 3976 est.
2392 3921 2450 3975 Si
2483 3921 2649 3992 igitur
2677 3937 2706 3974 a
2749 3919 3015 3976 Romanis
3059 3920 3293 3976 conﬁcta
3322 3936 3386 3974 ea
3434 3935 3540 3973 vox
3579 3921 3670 3985 sit,

2091 4023 2218 4068 tunc
2249 4014 2486 4083 primum
2523 4014 2779 4082 imposita
2820 4012 2991 4068 fuisse
3014 4014 3250 4080 videtur,
3280 4028 3404 4067 cum
3431 4028 3520 4067 res
3555 4013 3676 4082 ipsa

2089 4103 2199 4158 illis
2232 4114 2362 4159 nota
2393 4103 2514 4159 fuit.
2541 4102 2612 4159 Ut
2643 4104 3014 4160 Tertullianus
3043 4104 3110 4160 de
3144 4105 3329 4175 pallio,
3360 4124 3378 4156 ι
3403 4106 3506 4160 etsi
3527 4104 3678 4160 Grae-

2090 4213 2216 4252 cum
2237 4197 2432 4266 magis,
2464 4197 2559 4252 sed
2592 4197 2781 4267 lingua
2821 4197 2934 4267 jam
2967 4213 3134 4267 penes
3159 4196 3373 4252 Latium
3395 4208 3508 4262 est;
3544 4213 3675 4252 cum

2091 4303 2225 4342 voce
2253 4289 2424 4343 vestis
2453 4289 2694 4343 intravit.
2735 4307 2754 4338 ›
2789 4285 2910 4342 Νοιι
2959 4287 3322 4342 dubitandum
3375 4298 3459 4343 est
3507 4288 3677 4358 igitur

2093 4381 2228 4449 quin
2261 4395 2368 4433 vox
2399 4396 2465 4435 ex
2493 4380 2669 4458 prima
2692 4381 2769 4434 rei
2807 4379 2982 4450 ipsius
3005 4381 3315 4450 cognitione
3343 4383 3675 4436 manaverit.

410 4481 604 4538 fuisse.
632 4480 750 4536 Non
776 4483 926 4552 legit,
960 4483 1176 4552 opinor,
1202 4482 1508 4538 Bochartus
1537 4483 1856 4538 Passionem
1885 4482 1985 4538 SS.
2022 4499 2064 4553 ι)
2097 4467 2328 4522 Romani
2359 4469 2504 4524 εηίη]
2535 4469 2618 4524 νει
2650 4485 2810 4525 νοοθδ
2845 4471 2994 4541 ipsas
3045 4485 3172 4525 cum
3217 4471 3383 4526 rebus
3432 4473 3680 4542 accillic"

409 4575 694 4645 Perpetua:
727 4585 781 4630 et
804 4576 1100 4630 Felicitatis
1127 4574 1306 4645 primo
1325 4575 1378 4628 in
1408 4575 1585 4630 lucem
1617 4577 1683 4629 ab
1713 4574 1991 4631 Holstenio

411 4670 759 4738 productam.
819 4666 876 4720 lu
929 4668 1016 4720 illa
1048 4675 1230 4720 autem
1279 4663 1541 4720 Passione
1574 4681 1674 4720 nos
1727 4667 1989 4735 legimus:

418 4759 648 4830 «Itaque
672 4760 726 4814 in
759 4759 1154 4815 commissione
1191 4758 1492 4828 spectaculi
1539 4768 1828 4812 revocatus
1879 4759 1994 4812 leo-

412 4853 585 4922 pardo
615 4862 895 4920 expertus,
929 4851 1095 4904 etiam
1121 4852 1224 4904 sub
1255 4849 1464 4918 pulpito
1487 4849 1556 4902 ab
1582 4864 1712 4903 urso
1735 4859 1855 4902 erat
1898 4864 1994 4904 ve—

414 4955 598 5000 xatus.
621 4942 855 4998 Saturus
883 4954 1064 4998 autem
1093 4943 1228 4996 nihil
1259 4943 1434 5012 magis
1461 4958 1622 5012 quam
1653 4957 1843 4996 ursum
1871 4942 1999 4996 abo—

415 5039 748 5102 minabatur,
775 5037 871 5090 sed
902 5053 1009 5090 uno
1041 5051 1228 5090 morsu
1265 5035 1508 5104 leopardi
1553 5035 1751 5089 conﬁci
1797 5049 1856 5088 se
1882 5033 1995 5102 jam

416 5130 803 5202 praesumebat.
841 5148 858 5180 ι
889 5127 954 5181 Et
970 5137 1157 5198 postea
1185 5127 1327 5182 idem
1353 5127 1587 5181 Saturus
1613 5125 1838 5180 militem
1863 5124 1999 5179 allo-

419 5222 639 5290 quitur:
697 5219 879 5273 «Ecce
923 5219 1126 5289 prodeo
1184 5219 1388 5285 illo,et
1422 5217 1491 5272 ad
1527 5233 1697 5272 unum
1747 5231 1997 5271 morsum

419 5311 662 5380 leopardi
687 5327 1004 5367 consumor.
1035 5310 1102 5364 Et
1136 5312 1320 5366 statim
1349 5311 1401 5364 in
1432 5311 1538 5364 ﬁne
1566 5307 1859 5377 spectaculi
1888 5308 2001 5360 leo-

419 5406 592 5476 pardo
625 5404 820 5474 ejecto,
846 5404 915 5458 de
943 5419 1054 5458 uno
1088 5419 1276 5458 morsu
1302 5411 1453 5456 tanto
1472 5399 1732 5470 profusus
1765 5407 1851 5453 est
1881 5413 2003 5451 san-

421 5499 608 5570 guine,
634 5511 694 5553 ut
712 5498 945 5568 populus
973 5496 1265 5550 revertenti
1289 5495 1366 5547 illi
1394 5492 1620 5548 secundi
1653 5489 2003 5560 baptismatis

423 5588 799 5643 testimonium
819 5585 1220 5640 rcclamaverit.
1244 5603 1262 5636 ι
1293 5583 1418 5638 llaac
1447 5598 1628 5637 autem
1657 5580 1849 5636 Passio
1867 5581 2004 5635 scri-

424 5691 517 5752 pta
546 5689 630 5734 est
659 5680 819 5734 annis
843 5679 944 5733 100
973 5689 1098 5733 ante
1121 5678 1410 5749 imperium
1429 5675 1796 5732 Constantini.
1823 5674 2004 5730 [Elius

428 5773 754 5844 Spartianus
777 5771 996 5843 quidem
1019 5772 1121 5828 sub
1144 5770 1512 5827 Constantino
1539 5770 1782 5842 scripsit,
1806 5771 1898 5827 sed
1931 5771 2001 5826 ita

2096 4560 2247 4625 bant,
2301 4559 2387 4613 vel
2421 4559 2585 4615 rebus
2619 4561 2860 4630 acceptis
2917 4575 3015 4616 sua
3062 4563 3286 4616 nomina
3335 4562 3674 4616 indiderunt.

2104 4651 2434 4717 «Gamelus,
2471 4653 2649 4724 inquit
2682 4652 2878 4720 Varro,
2934 4669 3036 4709 suo
3095 4656 3317 4710 nomine
3369 4655 3422 4709 in
3457 4654 3678 4711 Latium

2097 4745 2266 4811 venit,
2294 4755 2352 4800 ut
2375 4746 2702 4800 Alexandria
2733 4746 3187 4816 camelopardalis
3212 4763 3387 4816 nuper
3417 4747 3677 4815 adducta,

2097 4837 2244 4907 quod
2276 4847 2394 4891 erat
2421 4837 2595 4908 ﬁgura
2622 4847 2681 4891 ut
2701 4838 2963 4903 camelus,
2984 4839 3213 4892 maculis
3244 4847 3304 4891 ut
3336 4838 3628 4907 panthera.
3657 4859 3673 4889 ι

2103 4928 2197 4984 Vel
2220 4929 2384 5000 igitur
2408 4931 2502 5000 qui
2532 4931 2771 5000 primum
2829 4940 3081 4986 naturam
3132 4931 3281 4985 illius
3342 4931 3580 4984 monstri
3615 4946 3676 4985 ex

2101 5024 2268 5077 leaena
2294 5031 2347 5076 et
2372 5022 2544 5091 pardo
2569 5023 2738 5093 geniti
2761 5023 3024 5078 Romanis
3045 5022 3408 5084 tradiderunt,
3441 5021 3547 5074 sub
3583 5037 3682 5074 no-

2101 5117 2248 5170 mine
2282 5114 2521 5184 leopardi
2570 5114 2705 5169 illud
2759 5115 3164 5181 describebant,
3223 5124 3284 5168 ut
3322 5114 3679 5168 Alexandrini

2101 5211 2598 5282 camelopardalin;
2631 5211 2715 5266 vel
2743 5225 2811 5265 ex
2840 5209 3204 5279 descriptione
3225 5206 3456 5262 Romani
3480 5220 3680 5260 nomen

2104 5303 2237 5358 illud
2302 5303 2637 5369 indiderunt,
2693 5310 2754 5356 ut
2799 5301 2971 5365 vesti,
3034 5313 3200 5369 quam
3256 5298 3680 5352 introduxerunt

2104 5401 2299 5469 Graeci,
2333 5416 2532 5456 nomen
2586 5399 2760 5468 pallii.
2809 5397 2917 5452 Res
2950 5405 3130 5451 autem
3161 5395 3302 5464 ipsa,
3329 5409 3426 5448 seu
3483 5401 3678 5446 natura

2105 5490 2254 5544 illius
2283 5488 2516 5543 monstri
2541 5487 2644 5542 sub
2677 5486 2783 5541 Titi
2818 5487 3049 5556 imperio
3072 5484 3336 5540 Romanis
3369 5482 3472 5536 fuit
3509 5482 3678 5552 probe

2107 5583 2344 5651 cognita.
2376 5580 2585 5634 Plinius
2610 5581 2755 5633 enim
2789 5593 2910 5632 eam
2945 5576 3206 5632 describit
3237 5573 3494 5628 Natural.
3548 5573 3672 5627 hist.

2106 5676 2203 5729 lib.
2232 5690 2350 5740 vm,
2387 5688 2508 5743 cap.
2557 5673 2644 5726 16.
2676 5670 2802 5725 Sive
2833 5671 2997 5740 igitur
3057 5668 3310 5733 Romani,
3351 5667 3467 5721 sive
3505 5663 3675 5720 δι’ωυὶ

2107 5770 2288 5840 primo
2319 5767 2449 5824 illud
2477 5780 2673 5823 nomen
2703 5764 3107 5837 excogitarunt,
3156 5761 3380 5819 dubium
3430 5772 3542 5815 non
3599 5767 3676 5813 est
