3848 6204
154 316 266 371 353

915 310 966 365 J.
1009 309 1374 365 PEARSONII
1410 309 1734 367 VlNDlChE
1773 305 2197 367 lGNATIAN/E.
2241 339 2306 349 -
2344 306 2528 361 PARS
2568 307 2635 362 ll.

3331 307 3438 366 554

158 437 294 503 quin
337 445 467 490 ante
494 432 716 506 Traiani
743 443 987 503 tempora
1011 433 1302 498 exstiterit,
1326 441 1388 487 ut
1411 447 1478 487 eo
1509 431 1568 487 S.
1603 432 1756 503 lgna-
1787 439 1827 494 Α
1858 431 2076 486 duritia:
2099 430 2178 484 vel
2198 445 2446 485 censurae
2472 445 2586 485 sum
2620 428 2994 484 obstinatione
3035 439 3322 499 ruperunt,
3379 441 3440 488 ut

157 528 272 581 tius
308 530 367 582 in
405 527 565 599 Syria
615 534 906 589 versatus,
969 526 1114 580 unde
1173 524 1413 596 Vopisco
1462 525 1750 595 «leopardi

159 631 390 676 centum
427 621 662 694 Syriaci,
696 639 714 672 ι
747 620 914 675 etiam
963 621 1030 675 de
1091 621 1279 689 pardis
1342 621 1422 674 uti
1488 620 1749 690 potuerit.

159 714 353 784 Neque
382 715 552 769 etiam
585 730 774 768 verum
804 721 907 779 est,
953 713 1098 777 quod
1133 711 1441 768 Boehartus
1470 721 1645 782 putat,
1699 713 1752 767 id

161 808 498 862 vocabulum
523 807 665 876 apud
695 805 944 861 Graecum
968 806 1292 875 scriptorem
1318 821 1590 874 nusquam
1621 803 1752 858 alibi

160 909 404 954 exstare.
445 898 600 968 Apud
625 899 771 954 enim
803 897 860 952 S.
902 897 1264 952 Athanasium
1306 898 1360 952 in
1392 896 1516 951 Vita
1551 896 1607 951 S.
1642 897 1756 950 An-

161 993 299 1047 tonii
329 993 452 1047 haec
479 993 632 1062 lego:
685 991 794 1045 Καὶ
826 985 894 1060 ἦν
927 992 955 1044 ὁ
987 991 1152 1055 τόπος
1185 992 1347 1055 εὐθὺς
1380 989 1768 1061 πεπληρωμὲι

162 1105 251 1150 νος
284 1087 594 1156 φαντασίας
627 1087 875 1150 λεόντων,
896 1088 1132 1159 ἄρκτων,
1155 1085 1536 1158 λεοπαρδάλων
1555 1088 1594 1148 ‘,
1617 1083 1752 1137 ταύ-

161 1196 271 1250 ρων
306 1180 404 1233 καὶ
438 1179 638 1248 ὄφεων,
673 1180 914 1232 ἀσπίδων
945 1179 1040 1232 καὶ
1076 1178 1354 1250 σκορπίων
1407 1176 1498 1230 καὶ
1552 1175 1750 1230 λύκων.

164 1294 182 1325 ι
207 1273 454 1344 Eratque
474 1274 616 1328 idem
637 1273 793 1328 locus
810 1272 990 1328 subito
1008 1271 1240 1327 refertus
1261 1271 1492 1341 spectris
1508 1271 1753 1334 leonum,

159 1381 448 1431 ursarum,
481 1364 864 1435 leopardorum
888 1407 903 1431 ,
951 1373 1238 1418 taurorum
1298 1372 1353 1417 et
1392 1360 1753 1431 serpentium,

158 1457 420 1528 aspidum
465 1467 522 1512 et
551 1459 907 1527 scerpionum
951 1466 1006 1512 et
1037 1457 1314 1527 luporum.
1353 1475 1369 1507 ι
1408 1455 1553 1510 Satis
1589 1455 1756 1526 igitur

156 1562 318 1608 vetus
346 1561 435 1606 est
463 1566 572 1604 vox
608 1551 875 1620 leopardi.
904 1547 1124 1604 Interim
1174 1549 1222 1605 si
1272 1548 1544 1602 Bocharto
1573 1547 1754 1602 credi-

157 1657 285 1697 mus
312 1681 333 1707 ,
380 1640 586 1696 Dallteo
630 1640 961 1696 credendum
997 1655 1106 1694 non
1130 1648 1245 1706 est;
1275 1639 1321 1694 si
1349 1637 1550 1693 Dallaeo
1592 1638 1754 1692 ﬁdem

158 1733 493 1799 habeamus,
532 1733 807 1788 Boeharto
837 1731 1316 1798 renuntiahimus;
1345 1742 1453 1785 tam
1502 1730 1645 1784 male
1671 1730 1755 1784 in-

1856 523 1984 592 quia
2017 521 2158 591 apud
2183 521 2320 576 alios
2351 521 2612 576 adulteris
2642 535 2743 590 pax
2768 520 3021 582 dabatur,
3063 520 3156 589 qui
3190 536 3298 575 non
3340 523 3440 576 da-

1857 613 1950 666 bat
1975 613 2043 666 de
2091 611 2334 668 Ecclesia
2359 622 2727 682 separaretur.
2767 631 2785 663 ι
2828 612 2911 664 Ab
2947 611 3219 681 episcopis
3272 613 3439 684 igitur

1857 703 2131 758 Africanis
2157 719 2254 775 per
2277 704 2652 774 paenitentiam
2689 704 2891 774 recepti
2924 712 3052 758 sunt
3083 705 3283 758 moechi
3313 715 3440 758 ante

1857 805 2074 851 aetatem
2111 797 2388 869 Cypriani,
2413 797 2659 866 adeoque
2686 807 2811 851 ante
2856 796 3211 852 Novatianos.
3270 795 3440 866 quue

1857 890 1926 943 ab
1959 889 2201 944 Ecclesia
2226 889 2429 944 factum
2455 901 2638 944 narrat
2663 889 3007 960 Cyprianus;
3039 890 3248 943 nullum
3273 889 3439 959 igitur

1858 991 1989 1036 tunc
2032 984 2298 1051 temporis
2331 982 2382 1035 in
2413 980 2656 1036 Ecclesia
2677 982 2934 1036 Africana
2959 983 3237 1038 decretum
3263 981 3436 1037 exstio

1858 1073 1922 1129 tit
1950 1075 2017 1129 de
2047 1074 2312 1130 adulteris
2345 1075 2563 1145 penitus
2600 1090 2630 1128 a
2688 1076 3008 1144 paenitentia
3067 1077 3437 1133 removendis.

1856 1165 2043 1236 Neque
2078 1167 2282 1220 mirum
2310 1175 2394 1221 est
2423 1166 2638 1236 aliquos
2670 1174 2802 1222 tunc
2833 1167 3096 1237 temporis
3133 1167 3297 1222 etiam
3321 1169 3440 1238 epi-

1857 1275 2053 1330 scopos
2078 1260 2330 1315 mtechos
2359 1260 2578 1330 penitus
2605 1260 2977 1314 excludendos
3007 1269 3253 1329 putasse,
3309 1276 3436 1315 cum

1856 1352 2096 1407 sciamus
2111 1350 2569 1406 Montanistarum
2587 1351 2865 1406 erroribus
2884 1352 3148 1421 plurimos
3164 1353 3216 1406 in
3229 1351 3436 1416 Africa,

1857 1445 1949 1514 qui
1973 1458 2154 1498 tamen
2188 1444 2243 1497 in
2277 1443 2518 1498 Ecclesia
2548 1452 2888 1514 perstarent,
2919 1444 3213 1512 implicitos
3245 1443 3434 1500 fuisse.

1860 1535 1974 1591 Sub
1998 1535 2307 1606 Zephyrino
2333 1535 2643 1590 concedunt
2671 1535 2949 1589 decretum
2980 1533 3172 1596 fuisse,
3241 1543 3297 1588 ut
3343 1535 3440 1589 ad-

1859 1631 2209 1686 mitterentur
2255 1627 2322 1680 ad
2357 1627 2734 1697 paenitentiam
2778 1625 3013 1692 moechi;
3067 1625 3200 1680 illud
3255 1634 3440 1680 autem

1858 1734 2120 1794 tanquam
2181 1736 2383 1775 novum
2425 1728 2478 1775 et
2512 1719 2843 1782 inauditum,
2876 1729 2930 1773 et
2972 1718 3141 1788 priori
3184 1717 3441 1774 Ecclesia:

159 1835 242 1881 ter
265 1827 399 1882 illos
426 1828 481 1881 in
515 1825 723 1896 lgnatio
745 1825 1109 1895 expugnando
1136 1824 1414 1879 convenit.
1453 1821 1565 1878 Nos
1605 1832 1754 1879 certe
1785 1802 1829 1858 Β
1859 1814 2144 1871 sententiae
2168 1812 2504 1868 contrarium
2530 1811 2910 1882 pronuntiant.
2967 1809 3260 1879 Perperam
3314 1826 3438 1864 om-

159 1919 213 1972 in
239 1920 347 1974 hac
390 1935 448 1975 re
487 1920 618 1974 dum
648 1930 845 1974 neuter
884 1917 1044 1972 alteri
1096 1917 1312 1985 credit,
1362 1917 1489 1987 jure
1545 1917 1754 1988 optimo

160 2011 346 2067 neutri
382 2011 716 2067 credendum
764 2019 1046 2080 putamus.

227 2103 449 2167 Tertio,
481 2102 539 2157 S.
564 2101 807 2173 lgnatius
836 2102 892 2156 in
915 2101 1146 2171 epistola
1173 2099 1240 2156 ad
1269 2099 1754 2169 Philadelphenses

157 2213 253 2253 eos
283 2197 356 2251 ad
403 2196 678 2250 unitatem
709 2194 1146 2250 ecclesiasticam
1197 2202 1459 2262 tanquam
1494 2209 1600 2248 non
1649 2191 1755 2247 sibi

159 2303 382 2348 tantum
412 2292 510 2348 sed
531 2299 585 2346 et
609 2290 732 2346 aliis
749 2289 941 2344 utilem
966 2298 1132 2358 atque
1154 2288 1449 2343 salutarem
1480 2287 1749 2343 hortatur.

167 2405 185 2437 ι
209 2384 506 2454 Quotquot
533 2383 678 2440 enim
703 2381 819 2448 Dei,
853 2381 1054 2451 inquit,
1080 2390 1208 2436 sunt
1257 2389 1311 2435 et
1344 2379 1476 2435 Jesu
1525 2379 1753 2446 Christi,

164 2479 255 2534 isti
285 2494 417 2534 cum
448 2477 710 2547 episcopo
741 2484 897 2539 sunt;
922 2484 976 2529 et
1017 2482 1293 2544 quotquot
1339 2474 1530 2542 utique
1575 2473 1757 2542 pmni-

155 2581 339 2627 tentes
374 2570 609 2626 veniunt
636 2570 692 2623 in
749 2568 1016 2623 unitatem
1071 2565 1368 2632 Ecclesiae,
1419 2573 1474 2620 et
1514 2565 1602 2619 isti
1660 2564 1756 2620 Dei

154 2674 345 2722 erunt.
376 2684 396 2716 ι
433 2663 514 2718 Ae
533 2678 733 2718 rursus
761 2671 886 2732 post
912 2675 1125 2731 pauca:
1166 2679 1184 2710 ι
1229 2657 1331 2714 Ubi
1357 2658 1558 2714 divisio
1584 2665 1667 2712 est
1704 2665 1759 2711 et

155 2758 264 2820 ira,
299 2757 450 2812 Deus
476 2771 587 2811 non
615 2755 847 2809 habitat.
868 2751 1138 2806 Omnibus
1165 2752 1332 2820 igitur
1361 2751 1757 2822 pmnitentibus

153 2851 393 2906 dimittit
423 2848 592 2913 Deus,
613 2847 656 2903 si
694 2845 1001 2917 poeniteant
1034 2844 1088 2897 in
1121 2843 1389 2898 unitatem
1422 2842 1517 2897 Dei
1548 2853 1604 2897 et
1624 2857 1759 2897 con-

154 2945 356 3002 cilium
393 2940 662 3012 episcopi.
691 2959 710 2991 ›
747 2937 890 3006 Quid
918 2937 1003 2993 his
1026 2936 1235 3000 verius,
1271 2935 1404 3005 quid
1431 2935 1757 3002 salutarius,

152 3038 289 3109 quid
325 3033 655 3105 antiquius?
684 3031 788 3087 Sed
829 3051 846 3082 ι
876 3031 980 3086 hoc
1007 3030 1074 3085 de
1123 3028 1491 3098 suscipiendis
1537 3028 1602 3083 ad
1638 3043 1757 3097 pce-

1855 1909 2007 1964 nino.
2047 1905 2420 1961 Tertullianus
2473 1906 2587 1975 ipse
2617 1905 2870 1975 agnoscit
2915 1904 3239 1959 sententiam
3289 1905 3439 1960 illam

1855 2001 2130 2072 pontificis
2157 1998 2391 2054 Romani
2430 1999 2595 2069 paulo
2627 2007 2920 2069 antequam
2951 1997 3151 2052 librum
3183 1998 3260 2052 De
3284 1997 3442 2068 pudi-

1856 2095 2008 2160 citia,
2039 2093 2153 2164 jam
2179 2101 2335 2148 extra
2361 2090 2664 2146 Ecclesiam
2693 2091 2926 2161 positus,
2976 2089 3260 2155 scriberet,
3285 2088 3441 2144 evul-

1857 2197 2035 2258 gatam
2064 2184 2256 2241 fuisse.
2316 2204 2335 2237 ε
2358 2183 2554 2251 Audio,
2584 2184 2783 2253 inquit,
2815 2182 2980 2236 etiam
3030 2182 3271 2236 edictum
3318 2195 3442 2236 esse

1856 2279 2224 2350 prOpositum,
2279 2287 2333 2332 et
2381 2277 2601 2348 quidem
2634 2273 3061 2344 peremptorium
3096 2313 3111 2340 ,
3168 2271 3437 2342 pontifex,

1859 2371 2092 2438 scilicet,
2121 2372 2416 2432 maximus,
2447 2367 2591 2438 quod
2613 2376 2696 2422 est
2718 2366 3012 2435 episcopus
3032 2365 3443 2435 episcoporum,

1857 2469 2056 2524 edicit:
2085 2467 2199 2538 Ego
2228 2475 2283 2521 et
2305 2464 2556 2520 mtechiaa
2576 2472 2630 2518 et
2650 2460 3033 2517 fornicationis
3051 2459 3244 2514 delicta
3268 2459 3447 2524 paeni-

1858 2563 2026 2618 tentia
2051 2561 2255 2616 functis
2283 2561 2520 2615 dimitto.
2556 2578 2575 2610 ι
2610 2556 2715 2612 Sed
2750 2555 3000 2610 eamdem
3045 2553 3210 2608 etiam
3259 2551 3448 2606 Eccle-

1860 2654 1956 2710 sire
1985 2653 2267 2708 catholicae
2290 2649 2618 2707 sententiam
2652 2646 2856 2710 fuisse,
2902 2653 3195 2714 antequam
3228 2641 3446 2714 Zephy-

1858 2747 1964 2801 rini
2021 2745 2300 2799 decretum
2350 2740 2574 2812 prodiit,
2643 2739 2814 2793 libere
2847 2737 3048 2791 fatetur
3093 2736 3180 2790 his
3226 2734 3444 2788 verbis:

1867 2856 1885 2888 ι
1920 2835 2037 2890 Erit
2069 2835 2237 2906 igitur
2266 2842 2321 2887 et
2349 2832 2436 2887 hic
2460 2831 2726 2885 adversus
2753 2825 3051 2898 Psyehicos
3080 2823 3290 2884 titulus,
3344 2818 3448 2876 ad-

1859 2944 2055 2984 versus
2090 2942 2225 2981 mea:
2249 2939 2470 2996 quoque
2503 2924 2788 2979 sententia:
2833 2927 2982 2974 retro
2998 2930 3164 2986 penes
3205 2915 3326 2968 illos
3359 2927 3451 2967 so-

1861 3020 2138 3084 cietatem,
2163 3030 2274 3086 quo
2300 3014 2474 3085 magis
2515 3013 2620 3067 hoc
2653 3009 2785 3064 mihi
2839 3007 2892 3062 in
2957 3014 3146 3060 notam
3211 3001 3450 3057 levitatis

156 3097 660 3196 nitentiam-lapsis
695 3125 975 3181 decretum
1013 3120 1376 3176 Montanistas
1421 3132 1474 3174 et
1498 3119 1760 3176 Novatia-
1785 3147 1830 3210 ο
1861 3111 2157 3180 objectent.
2195 3128 2212 3161 ι
2246 3104 2522 3178 Psychici,
2555 3104 2661 3158 hoc
2686 3111 2771 3157 est
2805 3097 3080 3163 catholici,
3111 3103 3166 3150 et
3206 3110 3329 3150 cum
3359 3110 3452 3149 ca-

1887 3205 1899 3210 -
1961 3203 1995 3210 -.
2038 3202 2049 3210 .
2110 3200 2153 3210 ...
2286 3200 2335 3210 ..-
2521 3197 2532 3208 ο
2764 3202 2804 3210 ,ν
2848 3191 3114 3210 ,1-μ--.--...
3155 3185 3447 3210 ’πληιηηιζηε

154 3237 265 3278 nos
293 3230 487 3292 aperte
511 3219 714 3290 pulsat,
738 3217 830 3271 diu
855 3223 978 3285 post
1004 3212 1274 3284 lgnatium
1309 3219 1552 3266 exertos.
1585 3230 1605 3262 ›
1669 3211 1756 3264 An

152 3318 264 3371 hoc
319 3312 492 3368 scribi
555 3325 666 3365 non
709 3309 886 3380 potuit
907 3315 1034 3362 ante
1070 3303 1426 3368 Novatianos,
1457 3311 1552 3358 aut
1589 3304 1756 3359 etiam

153 3403 574 3462 Montanistas?
595 3401 677 3456 An
713 3416 876 3455 nemo
901 3399 1033 3454 illud
1066 3398 1214 3468 quod
1239 3412 1430 3452 verum
1468 3407 1554 3452 est
1582 3412 1759 3452 enun-

157 3503 307 3556 tiare
325 3507 538 3570 potest,
573 3503 869 3565 antequam
922 3493 991 3547 ab
1041 3492 1148 3546 alio
1196 3489 1464 3561 negetur?
1504 3487 1758 3548 Ilaaretici

156 3602 254 3648 aut
295 3587 643 3646 schismatici
670 3601 886 3656 semper
935 3585 1042 3639 hac
1067 3582 1283 3638 ratione
1327 3582 1562 3637 convicti
1605 3588 1756 3648 sunt,

157 3686 310 3756 quod
342 3700 469 3740 eam
495 3683 783 3737 veritatem
816 3687 1101 3749 negarent,
1133 3693 1256 3748 quae
1288 3684 1448 3732 antea
1481 3675 1538 3728 in
1571 3673 1762 3729 Eccle-

158 3780 243 3833 sia
275 3776 711 3849 praadicabatur.
748 3770 874 3827 Haec
923 3786 1033 3826 non
1064 3770 1250 3824 minus
1284 3767 1601 3823 Donatistas
1639 3765 1761 3836 pul-

159 3881 288 3928 sant
345 3886 520 3942 quam
583 3866 981 3929 Montanistas;
1017 3878 1081 3917 ea
1111 3870 1294 3917 autem
1345 3861 1550 3931 scripta
1588 3859 1762 3914 fuisse

161 3965 478 4025 adversarii
509 3962 750 4018 fatentur
780 3970 906 4015 ante
947 3958 1242 4021 Donatum,
1289 3954 1481 4025 quidni
1535 3961 1589 4006 et
1635 3961 1761 4005 ante

158 4057 536 4117 Montanum?
596 4055 677 4110 Ad
719 4051 1049 4108 ﬁrmandum
1097 4055 1481 4119 argumentum
1537 4043 1764 4099 adducit

161 4153 561 4211 auctoritatem
594 4144 932 4216 Albaspinei,
977 4142 1069 4212 qui
1105 4142 1176 4197 ob
1233 4139 1480 4195 eamdem
1539 4151 1760 4192 causam

165 4261 444 4306 canonem
477 4241 770 4314 quemdam
824 4234 1225 4293 Clementinum
1261 4240 1422 4301 negat
1455 4246 1578 4285 esse
1630 4244 1762 4297 apo-

164 4344 454 4403 stolicum,
490 4347 544 4392 et
572 4345 698 4391 ante
726 4331 1060 4404 Cyprianum
1111 4327 1314 4384 sanciri
1349 4326 1612 4396 potuisse.
1653 4321 1761 4377 Sed

161 4437 416 4506 loquitur
444 4429 810 4499 Albaspineus
832 4427 899 4480 de
921 4422 1330 4495 pmuitentium,
1368 4424 1472 4475 hoc
1504 4428 1588 4473 est
1639 4417 1759 4486 ipso

162 4535 492 4600 interprete,
516 4523 913 4587 adulterorum,

159 4640 288 4680 rum
325 4619 667 4689 receptione,
717 4615 785 4670 de
816 4628 925 4685 qua
948 4627 1008 4666 re
1050 4610 1107 4664 in
1159 4608 1329 4663 veteri
1383 4605 1623 4661 Ecclesia
1666 4603 1760 4657 diu

163 4716 518 4783 disputatum
550 4716 654 4763 est.
691 4707 897 4760 Auctor
922 4717 1054 4758 vero
1085 4698 1443 4770 epistolarum
1477 4695 1545 4749 de
1589 4695 1758 4747 haere-

162 4807 291 4861 ticis
324 4810 383 4857 et
404 4797 780 4858 schismaticis
827 4794 1074 4865 loquitur
1097 4792 1165 4846 ad
1192 4790 1461 4845 unitatem
1501 4785 1763 4840 Ecclesiae

166 4908 221 4953 et
253 4893 557 4952 concilium
591 4888 834 4961 episcopi
866 4884 1244 4946 redeuntibus,
1267 4881 1469 4951 quibus
1491 4878 1764 4948 poeniten-

167 4992 316 5045 tibus
355 4985 601 5054 receptio
629 4989 823 5052 negata
863 4991 1146 5048 nunquam
1202 4973 1325 5040 fuit,
1358 4981 1420 5027 ut
1477 4973 1531 5025 in
1590 4971 1762 5040 priori

165 5090 325 5152 parte
349 5087 636 5133 ostensum
664 5080 768 5127 est.
795 5069 904 5125 Sed
937 5084 1038 5123 nec
1069 5066 1203 5121 illud
1242 5079 1431 5120 verum
1460 5071 1563 5128 est,
1616 5061 1762 5131 quod

166 5169 540 5240 Albaspineus
591 5165 867 5218 observat.
930 5161 1072 5213 Ante
1119 5165 1331 5212 aetatem
1395 5153 1451 5208 S.
1503 5152 1762 5225 Cypriani

165 5265 334 5320 etiam
370 5256 576 5314 mrechi
627 5254 695 5309 ad
743 5250 1121 5323 paenitentiam
1183 5245 1632 5301 admittebantur.
1685 5243 1763 5296 Ita

169 5355 288 5422 ipse
331 5355 566 5403 testatur
589 5343 818 5412 epistola
841 5340 942 5396 52:
982 5359 999 5390 ι
1024 5337 1092 5391 Ει
1142 5336 1366 5407 quidam
1419 5334 1562 5404 apud
1609 5341 1763 5386 ante-

166 5455 424 5499 cessares
454 5445 676 5493 nostros
705 5433 926 5504 quidem
951 5431 1020 5486 de
1051 5429 1326 5499 episcopis
1372 5426 1426 5480 in
1479 5424 1761 5495 provincia

168 5545 361 5590 nostra
385 5531 628 5585 dandam
655 5541 842 5597 pacem
868 5522 1100 5579 moechis
1123 5536 1230 5574 non
1247 5524 1601 5589 putaverunt,
1627 5525 1683 5570 et
1706 5516 1762 5570 in

169 5639 348 5685 totum
371 5623 714 5698 paenitentia:
753 5619 935 5675 locum
991 5623 1186 5672 contra
1221 5611 1491 5668 adulteria
1548 5610 1764 5665 clause-

171 5731 333 5789 runt;
357 5697 469 5773 non
505 5725 690 5770 tamen
717 5727 748 5767 a
780 5709 1233 5780 eoepiscoporum
1267 5717 1494 5759 suorum
1531 5697 1764 5768 collegio

173 5817 561 5876 recesserunt,
609 5815 702 5861 aut
744 5801 1027 5860 catholica:
1064 5795 1321 5853 Ecclesia:
1363 5792 1650 5863 unitatem_
1682 5790 1763 5844 vel

963 4518 1292 4574 sicariorum
1349 4522 1404 4569 et
1440 4513 1760 4567 idololatra-
1794 4505 1838 4561 D
1865 4492 2015 4558 Ῑίοῐο,

1863 3202 2084 3258 tbolicis
2110 3200 2486 3256 Tertullianus
2521 3197 2659 3266 ipse,
2686 3202 2814 3249 ante
2837 3191 3120 3246 decretum
3155 3185 3451 3257 Zephyrini

1861 3297 2006 3351 idem
2039 3294 2365 3349 docuerunt.
2398 3289 2548 3344 Nihil
2586 3288 2754 3358 igitur
2785 3285 2874 3339 hic
2922 3297 3126 3336 novum
3163 3287 3259 3334 aut
3289 3278 3453 3332 inau-

1862 3388 2036 3443 ditum
2067 3387 2122 3440 in
2163 3383 2467 3439 Ecclesiam
2506 3381 2781 3434 invectum
2809 3383 2914 3439 est,
2947 3380 3174 3442 utputat
3199 3371 3454 3441 AlbaSpi-

1861 3495 2021 3536 neus.
2053 3477 2154 3532 Diu
2184 3484 2313 3531 ante
2353 3472 2722 3543 Zephyrinum
2787 3466 3080 3538 Dionysius
3134 3463 3454 3518 Corinthio-

1862 3587 1984 3626 rum
2025 3569 2343 3638 episcopus,
2367 3563 2547 3620 Soteri
2579 3561 2832 3617 Romano
2863 3558 3234 3630 synchrcnus,
3258 3568 3453 3608 omni-s

1861 3679 1960 3734 per
1998 3659 2401 3733 pcenitentiam,
2438 3672 2507 3712 ne
2557 3654 2792 3710 mcechis
2838 3651 3060 3720 quidem
3103 3656 3201 3703 aut
3250 3647 3452 3716 quovis

1862 3755 1974 3810 alio
2000 3752 2328 3824 gravissimo
2364 3748 2599 3805 crimine
2656 3745 2900 3801 oneratis
2955 3739 3221 3810 exceptis,
3277 3740 3455 3793 susci-

1862 3847 2093 3918 piendos
2113 3859 2237 3901 esse
2258 3843 2465 3899 docuit.
2494 3839 2631 3894 Nam
2659 3839 2713 3893 in
2751 3835 2988 3908 epistola
3034 3834 3103 3889 ad
3152 3830 3454 3887 Amastria-

1864 3955 1986 4005 nos,
2018 3945 2156 3993 teste
2179 3935 2380 3990 Euseb.
2408 3934 2503 3988 lib.
2552 3949 2637 3996 IV,
2677 3945 2802 4000 cap.
2837 3928 2927 3982 25:
2975 3925 3154 3980 Πολλὰ
3188 3923 3317 3996 περὶ
3348 3923 3451 3991 γά-

1867 4049 1968 4104 μου
2004 4031 2099 4085 καὶ
2132 4029 2354 4099 ἁγνείας
2387 4031 2498 4092 τοῖς
2533 4027 2717 4089 αὐτοῖς
2752 4023 3044 4095 παραινεῖ·
3104 4019 3197 4072 καὶ
3232 4018 3358 4081 τοὺς
3392 4013 3454 4081 ἐξ

1862 4126 1980 4189 οἵας
2019 4125 2063 4177 δ’
2098 4121 2190 4178 οὖν
2234 4121 2606 4183 ἀποπτώσεως
2648 4119 2681 4189 ἢ
2727 4114 3141 4188 πλημμελείας,
3189 4110 3299 4165 εἴτε
3345 4108 3453 4182 μὴν

1864 4215 2146 4289 αἱρετικῆς
2199 4214 2409 4284 πλάνης
2456 4209 2883 4281 ἐπιστρέφοντας
2925 4203 3231 4272 δεξιοῦσθαι
3281 4218 3454 4274 προσ-

1864 4310 2069 4364 τάττει.
2126 4327 2144 4359 ι
2171 4305 2339 4360 Multa
2387 4319 2605 4375 quoque
2649 4304 2716 4357 de
2765 4299 2972 4370 nuptiis
3010 4307 3064 4352 et
3099 4297 3166 4351 de
3205 4295 3453 4350 castitate

1863 4401 1946 4456 eis
1976 4398 2251 4470 prazcipit;
2279 4405 2332 4452 et
2361 4405 2589 4452 cunctos
2621 4393 2715 4463 qui
2752 4408 2780 4445 a
2805 4391 3001 4462 quovis
3031 4389 3186 4457 lapsu
3219 4387 3333 4442 sive
3354 4385 3454 4439 deo

2048 4491 2164 4545 sive
2206 4489 2371 4544 etiam
2426 4487 2495 4542 ab
2540 4471 2798 4540 hatretico
2852 4495 3041 4537 errore
3081 4485 3449 4539 revertuntur,

1863 4585 2099 4654 benigne
2141 4581 2348 4651 suscipi
2387 4580 2563 4649 jubet.
2603 4596 2622 4628 ι
2654 4575 2734 4628 Εη
2767 4582 2923 4628 vetus
2951 4571 3304 4645 πρόσταγμα,
3354 4583 3451 4622 seu

1864 4675 2186 4730 mandatum
2217 4667 2548 4740 episcopale,
2591 4667 2659 4721 de
2703 4662 3034 4734 recipiendis
3091 4659 3282 4729 lapsis,
3316 4672 3452 4712 ma:-

1863 4768 2007 4834 chis,
2043 4764 2317 4821 haereticis
2341 4761 2575 4830 aliisque
2613 4773 2709 4828 per
2740 4753 3115 4827 paenitentiam
3143 4749 3448 4806 conversis.

1863 4857 2053 4930 Neque
2087 4871 2219 4912 vero
2258 4855 2451 4910 dubito
2508 4851 2640 4922 quin
2684 4849 2849 4920 hujus
2895 4847 3113 4918 generis
3163 4853 3450 4915 peccatum

1865 4951 2030 5007 fuerit
2059 4949 2192 5004 illud
2225 4945 2489 5015 Valentis,
2519 4945 2585 4997 de
2613 4957 2724 5012 quo
2759 4939 2816 4994 S.
2857 4937 3195 5009 Polycarpus
3218 4936 3451 5005 epistola

1864 5046 1931 5101 ad
1955 5043 2363 5112 Philippenses:
2398 5057 2415 5088 ι
2441 5035 2616 5089 Nimis
2643 5036 3005 5088 eontristatus
3049 5045 3171 5085 sum
3209 5044 3309 5098 pro
3348 5025 3454 5080 Va-

1863 5140 2032 5204 lente,
2064 5136 2158 5207 qui
2182 5132 2468 5204 presbyter
2493 5128 2671 5183 factus
2705 5133 2789 5180 est
2812 5123 3111 5193 aliquando
3136 5119 3279 5191 apud
3329 5135 3451 5186 vos,

1865 5231 2011 5303 quod
2055 5231 2137 5285 sic
2157 5228 2371 5299 ignoret
2398 5224 2446 5278 is
2476 5222 2659 5276 locum
2685 5219 2780 5288 qui
2809 5218 2971 5272 datus
3002 5224 3086 5269 est
3134 5213 3206 5268 ei.
3255 5211 3452 5268 Moneo

1866 5326 2049 5394 itaque
2085 5336 2181 5376 vos
2211 5313 2615 5373 utabstineatis
2643 5311 2711 5366 ab
2738 5310 2888 5366 omni
2933 5308 3164 5363 avaritia
3203 5306 3455 5376 (πλεονε-

1866 5416 2007 5484 ξίας,
2038 5421 2098 5466 ut
2147 5418 2293 5466 recte
2335 5405 2748 5472 Hammondus)
2796 5411 2852 5457 et
2890 5401 3011 5456 sitis
3043 5399 3183 5454 casti
3214 5406 3267 5452 et
3294 5413 3452 5452 vera-

1865 5525 1977 5566 ces.
2024 5527 2044 5560 »
2078 5507 2152 5562 De
2206 5507 2313 5561 hoc
2357 5511 2539 5558 autem
2566 5500 2794 5555 Valente
2816 5500 2892 5554 ita
2922 5505 3113 5567 postea
3161 5493 3449 5563 loquitur:

1873 5621 1892 5654 ε
1921 5600 2090 5656 Valde
2128 5613 2281 5669 ergo,
2306 5597 2526 5660 fratres,
2553 5593 2855 5649 contristor
2880 5605 2979 5660 pro
3014 5588 3107 5642 illo
3136 5595 3191 5641 et
3219 5585 3454 5654 conjuge

1867 5695 1987 5763 ejus
2014 5711 2027 5747 :
2052 5691 2253 5762 quibus
2279 5689 2371 5743 det
2419 5686 2563 5742 Deus
2594 5682 2970 5754 paenitentiam
2996 5692 3205 5732 veram.
3268 5671 3452 5729 Subrii

1867 5801 1997 5856 ergo
2047 5793 2218 5840 estote
2275 5791 2329 5839 et
2365 5795 2462 5836 vos
2513 5779 2568 5834 in
2598 5779 2734 5845 hoc;
2768 5783 2823 5831 et
2870 5789 2981 5830 non
3017 5771 3161 5828 sicut
3196 5766 3451 5824 inimicos
