3848 6204
413 288 521 350 355

1421 285 1480 341 S.
1521 283 1868 342 lGNATlIIS.
1910 313 1977 323 —
2005 277 2539 338 PROLEGOMENA.

3572 277 3681 334 εδει

413 415 550 470 tales
582 411 946 476 existimetis,
999 409 1099 466 sed
1133 409 1279 465 sicut
1323 407 1606 479 passibilia
1648 407 1894 462 membra
1941 415 1996 463 et
2025 413 2072 471 Α
2100 387 2219 459 tiat.
2249 402 2370 471 Qua
2403 400 2636 468 ratione,
2665 398 2849 456 nullus
2871 396 3049 454 video.
3085 397 3167 452 An
3213 397 3342 468 quia
3386 395 3592 454 Menzea
3625 408 3684 453 et

413 507 656 563 errantia
683 521 779 561 eos
808 511 1081 569 revocate,
1115 511 1177 558 ut
1218 502 1464 558 omnium
1517 509 1760 557 vestrum
1790 515 1993 571 corpus

416 598 661 653 salvetis.
707 597 823 652 Hoc
854 595 1002 650 enim
1036 602 1280 665 agentes,
1305 607 1404 646 vos
1434 593 1585 662 ipsos
1638 591 1938 648 aediﬁcatis.
1970 609 1990 644 ι

416 687 590 743 Etiam
620 689 839 758 juvenis
870 688 961 743 ille
993 689 1134 757 apud
1158 687 1491 741 Clementem
1537 685 1992 752 Alexandrinum,

415 783 471 838 in
498 782 724 837 homilia
784 780 856 835 De
904 781 1084 845 divite,
1119 781 1220 834 sub
1253 777 1504 850 Origenis
1557 778 1780 834 nomine
1827 777 1995 845 edita,

415 875 508 944 qui
538 874 796 939 sicarius,
831 873 944 930 imo
994 874 1279 944 μιαιφόνος
1317 870 1517 939 fuerat,
1573 873 1861 928 restitutus
1913 881 1998 928 est

414 965 673 1022 Ecclesiae
733 981 829 1035 per
861 966 1242 1036 paenitentiam
1295 966 1365 1021 ab
1406 966 1526 1037 ipso
1559 964 1619 1021 S.
1662 964 1895 1021 Joanne.
1927 963 1996 1019 Et

412 1056 710 1127 Apostolus
737 1059 858 1128 ipse
887 1059 1046 1114 nobis
1078 1058 1404 1114 describitur
1429 1059 1587 1130 quasi
1639 1058 1818 1122 διδοὺς
1854 1059 1996 1130 μέγα

412 1149 762 1222 παράδειγμα
809 1150 1097 1222 μετανοίας
1153 1149 1412 1223 ἀληθινῆς
1436 1191 1451 1216 ,
1495 1169 1514 1201 ο
1545 1150 1684 1206 dans
1733 1167 1993 1221 magnum

413 1245 646 1299 sincerae
677 1244 1013 1314 paenitentia:
1031 1243 1364 1314 exemplum,
1399 1263 1417 1293 ι
1463 1255 1523 1300 ιιι
1563 1244 1794 1315 legimus
1850 1245 1994 1316 apud

412 1336 708 1392 Eusebium
744 1337 837 1391 lib.
865 1353 954 1402 ιιι,
979 1353 1099 1407 cap.
1117 1338 1207 1393 23.
1230 1338 1388 1405 Quod
1413 1338 1721 1407 exemplum
1743 1337 1996 1395 Clemens

413 1429 592 1486 fusius
620 1439 884 1497 tractans,
906 1440 955 1486 et
989 1432 1207 1487 tandem
1229 1447 1496 1502 perorans
1526 1431 1634 1486 ait:
1684 1432 1742 1485 '0
1763 1432 1872 1504 γὰρ
1906 1435 1994 1487 ὲν-

411 1521 588 1576 ταῦθα
629 1522 719 1576 τὸν
751 1523 982 1592 ἄγγελον
1029 1525 1128 1595 τῆς
1201 1525 1492 1596 μετανοίας
1540 1525 1896 1596 προϊέμενος,
1931 1527 1992 1580 οὑ

415 1615 738 1685 μετανοήσει
772 1615 894 1668 τότε
929 1615 1093 1686 ἡνίκα
1127 1615 1195 1669 ἂν
1241 1615 1514 1686 καταλιπῇ
1550 1614 1610 1669 τὸ
1644 1615 1837 1687 σῶμα,
1873 1616 1995 1670 οὐδὲ

411 1705 940 1777 καταισχυνθήσεται
987 1705 1077 1759 τὸν
1110 1707 1341 1779 Σωτῆρα
1382 1708 1676 1778 προσιόντα
1723 1709 1861 1780 μετὰ
1893 1710 1993 1780 τῆς

2098 495 2493 567 Metaphrastes
2509 491 2830 549 Onesimum
2853 492 3144 562 quemdam
3168 503 3462 563 martyrem
3481 491 3686 546 descri-

2099 594 2258 659 bunt,
2285 608 2396 648 non
2427 603 2608 650 tamen
2636 593 2827 650 dicunt
2855 606 2978 647 cum
3014 589 3184 646 fuisse
3226 586 3426 658 Ephesi
3459 585 3682 655 episco-

2098 701 2229 757 pum
2257 701 2363 741 :an
2393 685 2522 756 quia
2568 683 3036 740 Constitutionum
3068 679 3482 736 consarcinator
3514 675 3685 731 refert

2098 778 2421 835 Onesimum
2458 777 2657 833 Bcraeze
2695 779 3012 847 episcopum
3062 773 3234 828 fuisse
3264 787 3278 824 :
3313 787 3382 826 an
3409 770 3539 840 quia
3573 765 3684 823 Do-

2097 871 2325 926 rotheus
2369 878 2425 926 et
2479 869 2804 943 Hippolytus
2864 868 3086 923 tradunt
3137 865 3334 921 Gaium
3385 861 3686 916 Timotheo

2099 961 2298 1033 Ephesi
2331 963 2704 1028 successisse;
2738 977 2805 1016 an
2843 960 2972 1031 quia
2990 957 3330 1028 Nicephorus
3350 953 3510 1010 ducet
3534 952 3689 1007 One-

2095 1057 2297 1112 simum
2336 1056 2439 1112 sub
2472 1055 2783 1111 Domitiano
2817 1053 3052 1119 obiisse;
3105 1051 3227 1106 ideo
3270 1049 3453 1104 nullus
3479 1045 3683 1102 Onesi-

2098 1166 2222 1205 mus
2275 1149 2494 1221 Epheso
2543 1163 2778 1220 praaesse
2821 1147 2996 1218 potuit
3046 1144 3150 1201 sub
3190 1143 3482 1199 undecimo
3529 1153 3684 1194 anno

2097 1242 2356 1315 Trajani?
2386 1244 2469 1299 An
2497 1244 2695 1299 horum
2724 1242 3020 1312 quispiam,
3049 1247 3141 1294 aut
3169 1238 3223 1292 hi
3253 1251 3444 1291 omnes
3472 1231 3685 1303 aliquid

2094 1337 2319 1392 tradunt
2345 1336 2489 1407 quod
2523 1335 2576 1390 id
2601 1334 2859 1390 evincat?
2893 1333 3092 1388 Demus
3121 1330 3440 1385 Onesimum
3469 1335 3682 1396 marty-

2097 1445 2212 1486 rem
2239 1430 2437 1500 Ephesi
2477 1445 2588 1484 non
2617 1429 2807 1495 fuisse,
2845 1426 2940 1483 sed
2987 1425 3214 1489 Berazaz;
3247 1423 3441 1478 demus
3477 1421 3680 1476 Gaium

2097 1523 2432 1580 successisse
2506 1520 2843 1585 Timotheo;
2908 1516 3272 1573 concedamus
3354 1510 3682 1568 Onesimum

2096 1617 2287 1684 istum,
2333 1632 2497 1688 quem
2560 1631 2660 1672 nec
2690 1614 2805 1680 illi;
2839 1628 2940 1670 nec
2988 1610 3329 1682 Nicephorus
3357 1609 3682 1680 episcopum

2097 1710 2299 1782 Ephesi
2328 1711 2595 1778 nominat,
2624 1712 2727 1765 sub
2753 1708 3063 1764 Domitiano
3089 1707 3326 1762 obiisse:
3356 1722 3423 1760 an
3442 1706 3528 1760 his
3555 1720 3686 1760 om—

411 1794 579 1848 αὑτοῦ
613 1795 772 1867 δόξης
805 1796 899 1850 καὶ
949 1798 1238 1868 στρατείας
1275 1798 1430 1863 ἰδὼν,
1479 1799 1540 1852 οὐ
1583 1799 1717 1853 δέδιε
1766 1800 1825 1853 τὸ
1858 1800 1988 1873 πῦρ.

2097 1805 2258 1860 nibus
2291 1803 2593 1865 concessis,
2626 1818 2815 1857 verum
2843 1816 2966 1857 esse
2999 1817 3106 1856 non
3149 1807 3327 1872 potest
3355 1799 3686 1855 Onesimum

418 1904 440 1938 ‹
466 1885 600 1941 Nam
627 1889 720 1958 qui
753 1889 917 1944 modo
943 1890 1176 1959 suscipit
1198 1891 1448 1960 angelum
1480 1891 1836 1960 paenitentiae,
1866 1908 1990 1947 eum

412 1989 544 2034 tunc
564 1997 672 2035 non
699 1981 985 2050 ptenitebit
1002 1999 1126 2037 cum
1143 1983 1210 2037 de
1232 1998 1464 2054 corpore
1485 1983 1718 2050 decedit,
1746 2000 1848 2040 nec
1872 1983 1993 2039 Sal-

411 2080 658 2126 vatorem
678 2073 869 2128 videns
893 2073 1275 2128 advenientem
1300 2089 1425 2130 cum
1454 2075 1626 2143 gloria
1655 2090 1754 2130 sua
1772 2083 1994 2132 etexer—

380 2162 522 2227 ,citu
545 2157 682 2218 feret
711 2162 1279 2235 ignominiam,neque
1302 2165 1481 2238 ignem
1511 2165 1775 2221 timebit.»
1805 2164 1910 2221 Ubi
1927 2167 1994 2222 ad

412 2252 628 2310 Hermae
650 2254 926 2311 Pastorem
955 2266 1141 2326 aperte
1169 2259 1382 2326 alludit,
1415 2270 1470 2315 et
1493 2259 1733 2315 ostendit
1756 2259 1895 2313 nihil
1938 2260 1991 2315 in

411 2343 654 2401 Ecclesia
682 2355 814 2402 tunc
836 2350 1103 2419 temporis
1125 2350 1408 2406 definitum
1435 2350 1607 2408 fuisse
1630 2351 1698 2406 de
1721 2351 1994 2422 majorum

411 2439 706 2496 criminum
731 2441 842 2497 reis
873 2455 904 2495 a
931 2442 1200 2498 benelieio
1230 2443 1568 2513 poenitentiae
1606 2443 1997 2501 ecclesiastica:

411 2532 632 2601 penitus
656 2533 1036 2590 excludendis.
1067 2535 1230 2592 Certe
1251 2537 1418 2592 verba
1449 2534 1664 2605 Ignatii,
1694 2536 1740 2592 si
1767 2551 1997 2608 genera-

410 2623 536 2680 liter
565 2626 965 2696 acciperentur,
996 2627 1132 2684 satis
1163 2628 1310 2683 aatati
1331 2628 1591 2700 martyris
1615 2630 1992 2699 convenirent;

411 2719 460 2772 si
482 2718 668 2788 potius
691 2717 758 2772 de
775 2717 1048 2774 haereticis
1072 2719 1475 2790 intelligantur,
1492 2721 1671 2776 cuivis
1694 2721 1842 2776 aetati
1867 2737 1998 2778 con-

408 2809 658 2864 veniunt.

481 2923 690 2992 Quarto
715 2967 729 2989 ,
765 2923 1009 2996 lgnatius
1044 2923 1273 2997 epistola
1305 2927 1371 2984 ad
1412 2926 1681 3000 Ephesios
1711 2947 1725 2984 :
1761 2948 1780 2980 ι
1815 2927 1998 2984 Pluri-

409 3033 561 3072 mum
601 3019 748 3073 enim
803 3017 1208 3073 multitudinem
1239 3029 1478 3076 vestram
1521 3021 1574 3075 in
1634 3023 1855 3077 nomine
1898 3021 1995 3078 Dei

409 3109 626 3180 suscepi
659 3110 712 3164 in
755 3107 1051 3178 Onesimo,
1097 3111 1192 3181 qui
1232 3111 1288 3166 in
1327 3113 1590 3168 charitate
1639 3114 1992 3170 inenarrabili
2021 3144 2063 3202 ρ

408 3211 514 3270 est,
545 3213 727 3258 vester
759 3211 941 3258 autem
1002 3203 1058 3258 in
1101 3219 1266 3260 carne
1316 3207 1627 3278 episc0pus.
1659 3208 1992 3280 Teinpornm

409 3297 607 3352 seriem
654 3297 867 3359 turbat,
910 3297 1089 3367 inquit
1126 3298 1212 3352 vir
1242 3299 1618 3369 doctissimus,
1670 3310 1726 3357 et
1754 3302 1996 3372 loquitur

409 3388 478 3444 de
508 3387 733 3443 homine
772 3388 920 3443 velut
945 3389 1157 3444 vivente
1185 3390 1278 3460 qui
1321 3389 1650 3462 jampridem
1692 3403 1808 3451 erat
1844 3410 1996 3449 mor-

409 3490 558 3537 tuus.
588 3501 606 3533 ›
645 3479 751 3536 Sed
808 3481 952 3537 unde
996 3492 1212 3538 constat
1267 3500 1391 3539 eum
1443 3485 1763 3544 Onesimum
1826 3488 1997 3547 fuisse

408 3582 714 3640 mortuum,
751 3573 820 3629 de
850 3589 962 3644 quo
990 3585 1183 3630 auctor
1232 3577 1476 3647 epistolae
1503 3589 1765 3650 tanquam
1810 3582 1999 3638 viven-

411 3673 485 3731 te,
503 3672 558 3718 et
586 3663 786 3733 Ephesi
815 3664 1073 3736 episc0po
1095 3673 1227 3721 tunc
1250 3683 1374 3722 cum
1404 3671 1685 3738 scriberet,
1709 3673 1999 3744 loquitur?

408 3755 486 3812 De
527 3755 738 3827 lgnatio
797 3765 989 3811 nostro
1051 3756 1359 3814 Eusebius:
1392 3759 1539 3815 Μίαν
1574 3761 1675 3833 μὲν
1708 3763 1996 3834 ἐπιστολὴν

407 3851 473 3920 τῇ
503 3849 644 3904 κατὰ
680 3850 916 3919 Ἔφεσον
955 3849 1252 3922 Ἐκκλησία
1283 3851 1502 3922 γράφει,
1539 3853 1795 3925 ποιμένος
1829 3854 1998 3926 αὐτῆς

411 3941 769 4013 μνημονεύων
801 3941 1108 4012 Ὀνησίμου.
1149 3961 1168 3994 ι
1205 3940 1380 3998 Unam
1435 3945 1656 4015 quidem
1707 3947 1996 4016 epistolam

406 4033 630 4104 scripsit
675 4033 741 4088 ad
787 4033 1085 4089 Ecclesiam
1125 4033 1786 4106 Ephesiorum,Onesimi
1842 4038 1995 4108 ipso-

409 4142 532 4180 rum
559 4125 798 4196 pastoris
843 4125 1180 4181 mentionem
1229 4127 1457 4186 faciens.
1497 4150 1516 4182 ι
1555 4130 1646 4186 Ille
1686 4132 1852 4203 igitur
1901 4131 1995 4202 qui

408 4219 636 4289 antiqua
670 4217 930 4275 Ecclesiae
965 4231 1320 4277 monumenta
1348 4234 1458 4279 tam
1495 4225 1717 4281 assidue
1761 4226 1996 4280 rimatus

407 4311 658 4381 est,qui,
706 4320 788 4366 tot
823 4320 1070 4366 veterum
1123 4313 1504 4385 epis00porum
1553 4317 1832 4388 catalogos
1883 4325 1996 4372 tam

406 4402 694 4474 diligenter
728 4401 966 4472 collegit,
997 4401 1065 4458 de
1112 4413 1289 4461 morte
1338 4405 1582 4463 Onesimi
1629 4406 1994 4477 Ephesiorum

2094 1894 2386 1966 quemdam
2427 1892 2547 1949 Gaii
2583 1907 2958 1948 successorem
2988 1889 3205 1961 Epheso
3238 1887 3520 1960 praefuisse
3551 1901 3684 1941 cum

2094 1985 2334 2060 Ignatius
2361 1987 2427 2041 ad
2455 1985 2777 2056 martyrium
2815 1990 3021 2038 tractus
3044 1982 3164 2038 est?
3193 1980 3382 2037 Nonne
3409 1978 3688 2048 Nicepho-

2094 2096 2190 2135 rus
2217 2079 2333 2150 ipse
2355 2078 2670 2133 Onesimum
2693 2075 2982 2147 quemdam
3001 2074 3375 2145 nominat,qui
3402 2082 3524 2144 post
3555 2087 3689 2126 san-

2095 2179 2244 2227 ctum
2267 2169 2565 2236 Andream,
2599 2179 2654 2225 et
2679 2168 2940 2240 Staehyn,
2962 2167 3250 2240 episcopus
3273 2165 3518 2238 Byzantii
3552 2163 3682 2229 fuit,

2096 2262 2185 2318 cui
2203 2261 2470 2318 successit
2489 2259 2856 2333 Polycarpus?
2871 2259 2988 2318 Non
3011 2263 3125 2316 haec
3147 2270 3424 2316 auctorem
3437 2255 3687 2329 epistolae

2095 2356 2389 2411 ridiculum
2426 2354 2636 2410 faciunt
2665 2373 2679 2409 :
2712 2373 2873 2427 quem
2915 2356 3139 2412 omnino
3165 2370 3270 2409 non
3294 2360 3554 2423 tangunt;
3586 2348 3682 2404 sed

2096 2449 2282 2520 potius
2307 2447 2539 2502 Dallaeus
2559 2445 2844 2502 Usserinm
2861 2447 3153 2502 ridiculum
3184 2443 3406 2500 reddere
3423 2449 3681 2504 conatur,

2096 2540 2228 2595 dum
2244 2540 2567 2594 modestiam
2587 2539 2709 2610 ejus
2732 2539 2939 2606 laudat,
2959 2538 3054 2608 qui
3075 2545 3222 2592 tanta
3247 2549 3372 2589 cum
3393 2530 3683 2602 diligentia

2097 2635 2216 2692 haec
2249 2633 2564 2691 testimonia
2598 2632 2964 2700 coacervavit,
2986 2647 3109 2703 qua:
3138 2629 3313 2700 ipsius
3336 2639 3560 2682 causam
3592 2623 3683 2692 ju-

2098 2729 2369 2800 gularent.
2421 2727 2528 2784 Sed
2581 2725 2717 2782 satis
2765 2725 2947 2780 adhuc
2988 2741 3021 2780 a
3067 2722 3271 2779 Graecis
3317 2717 3682 2788 scriptoribus

2097 2831 2216 2877 tuta
2270 2821 2362 2877 illa
2405 2831 2509 2885 est,
2562 2819 2659 2890 qui
2704 2817 3024 2874 Onesimum
3058 2815 3118 2874 S.
3153 2813 3308 2870 Pauli
3348 2809 3681 2880 discipulum

2097 2915 2298 2986 Ephesi
2323 2913 2641 2984 episcopum
2674 2912 2847 2968 fuisse
2880 2925 2990 2965 non
3025 2908 3390 2964 tradiderunt.
3418 2904 3498 2959 Ad
3536 2901 3685 2956 Lati-

2099 3023 2202 3063 nos
2249 3008 2419 3078 igitur
2475 3005 2724 3076 confugit
2772 3003 3048 3066 Dallaaus,
3101 3000 3405 3068 asseritque
3454 2995 3680 3060 Bedam,

2099 3099 2368 3166 Adonem,
2387 3098 2706 3165 Notkerum,
2721 3097 2966 3167 aliosque
2982 3095 3257 3151 aflirmare
3277 3105 3476 3162 magno
3487 3104 3683 3145 omnes

2099 3189 2579 3258 consensu,istum
2631 3188 2700 3244 ab
2741 3186 2948 3260 lgnatio
2973 3185 3257 3257 epistolico
3316 3188 3680 3236 memoratum

2098 3283 2417 3339 Onesimum
2450 3281 2604 3337 Pauli
2626 3281 2954 3351 discipulum
2983 3278 3173 3334 fuisse.
3200 3277 3310 3348 Ego
3337 3289 3467 3330 vero
3519 3273 3684 3328 talem

2099 3391 2431 3432 consensum
2462 3390 2572 3430 non
2601 3374 2835 3444 reperio.
2863 3371 3006 3427 Beda
3037 3370 3173 3424 nihil
3205 3369 3366 3423 habet
3396 3368 3464 3421 de
3488 3363 3686 3436 lgnatii

2097 3466 2360 3523 Onesimo
2391 3507 2406 3533 ,
2468 3464 2606 3520 nihil
2666 3460 3112 3534 Martyrologium
3162 3457 3507 3520 Romanum;
3539 3453 3688 3523 apud

2099 3559 2416 3617 Usuardum
2448 3573 2559 3613 non
2589 3557 2842 3612 exstabat
2874 3571 2936 3609 ea
2970 3552 3233 3616 narratio,
3268 3549 3362 3606 sed
3395 3564 3424 3603 a
3467 3546 3689 3602 Joanne

2097 3651 2313 3707 Molano
2342 3651 2550 3706 inserta
2581 3659 2683 3714 est,
2721 3648 2831 3703 alio
2860 3646 3177 3702 charactere
3205 3652 3260 3698 et
3287 3641 3572 3712 praemissa
3595 3638 3691 3692 lit-

2098 3753 2213 3801 tera
2237 3742 2302 3810 A,
2327 3758 2424 3814 per
2466 3757 2590 3812 quae
2619 3741 2790 3796 lector
2810 3738 3068 3795 facillime
3091 3736 3338 3791 advertat
3357 3748 3420 3788 ea
3442 3731 3690 3787 Usuardi

2101 3855 2212 3894 non
2244 3853 2388 3905 esse,
2416 3836 2510 3892 sed
2535 3833 2840 3901 Adonis,ut
2866 3831 3117 3885 Molanus
3140 3830 3256 3900 ipse
3287 3828 3340 3882 in
3363 3823 3692 3896 praefatione

2099 3931 2337 3987 monuit.
2366 3929 2487 3984 Jam
2508 3942 2641 3983 vero
2657 3926 2798 3994 Ado,
2828 3925 2921 3996 qui
2945 3922 3267 3979 Onesimum
3283 3918 3496 3975 S.Pauli
3521 3917 3698 3989 lgna-.

2099 4025 2310 4079 tianum
2332 4021 2483 4087 facit,
2513 4037 2620 4076 non
2644 4028 2833 4074 narrat
2853 4033 2978 4072 eum
3003 4017 3105 4071 sub
3120 4014 3431 4069 Domitiano
3451 4010 3686 4067 obiisse:

2101 4115 2444 4187 Nicephorus
2494 4127 2735 4182 nuperus
2793 4111 3030 4180 scriptor
3050 4150 3065 4175 ,
3095 4104 3416 4162 Onesimum
3446 4105 3550 4160 sub
3580 4103 3694 4158 Do-

2097 4209 2326 4264 mitiano
2369 4215 2664 4278 martyrem
2709 4203 2866 4270 facit,
2914 4201 3231 4272 episcopum
3264 4197 3467 4268 Ephesi
3510 4195 3696 4251 fuisse

2098 4317 2209 4356 non
2238 4307 2450 4354 narrat.
2485 4297 2735 4364 Cumque
2762 4311 2888 4350 eum
2914 4295 3066 4350 solus
3099 4293 3188 4348 ille
3222 4290 3425 4346 referat
3454 4304 3516 4344 ea
3547 4297 3698 4343 tem-

2099 4403 2306 4464 pestate
2333 4391 2654 4464 martyrium
2691 4389 2948 4455 subiisse,
2987 4403 3094 4441 non
3114 4384 3393 4440 immerito
3422 4381 3695 4438 illiﬁdem

406 4495 648 4566 episcopi
678 4510 748 4550 ne
781 4493 1074 4549 minimum
1107 4496 1329 4567 quidem
1357 4474 1693 4570 suspicatur:
1713 4498 1868 4556 Unde
1896 4501 1997 4572 igi-
2023 4505 2074 4563 ο
2101 4487 2333 4556 denegat
2365 4483 2656 4548 Baronius,
2685 4480 2988 4552 praesertim
3019 4479 3064 4533 si
3099 4478 3166 4533 de
3211 4477 3468 4547 episeopo
3500 4474 3696 4545 Ephe-

406 4597 499 4644 tur
532 4587 682 4644 novit
716 4587 950 4644 Dallteus
984 4589 1306 4646 Onesimum
1345 4591 1501 4646 illum
1531 4633 1546 4658 ,
1579 4592 1740 4663 cujus
1785 4593 1994 4648 mentio

407 4682 466 4738 in
499 4683 602 4737 hac
630 4681 860 4752 epistola
883 4683 1026 4740 facta
1067 4692 1174 4752 est,
1203 4699 1327 4740 eum
1363 4682 1610 4756 Smyrna:
1646 4692 1794 4740 esset
1831 4684 1994 4757 lgna--

407 4773 560 4842 tius,
592 4773 649 4829 in
698 4773 837 4830 vivis
895 4792 1004 4830 non
1046 4773 1263 4831 fuisse?
1302 4772 1418 4830 Hoc
1459 4774 1622 4829 unico
1672 4784 1996 4845 argumento

408 4865 606 4932 fretus,
635 4875 690 4921 et
718 4865 983 4936 epistolae,
1008 4883 1174 4938 quam
1211 4866 1411 4923 fatetur
1440 4875 1567 4932 ante
1583 4876 1797 4922 aetatem
1824 4865 1996 4922 Euse-

405 4959 484 5014 bii
509 4961 869 5030 scriptam,et
889 4958 1111 5016 Eusebii
1148 4959 1325 5030 ipsius
1358 4958 1741 5014 auctoritatem
1773 4957 1997 5013 eludere

406 5067 467 5107 se
514 5067 679 5123 posse
733 5061 934 5123 sperat.
974 5050 1244 5109 Observat
1283 5067 1350 5106 ex
1388 5049 1635 5118 Usserio,
1677 5049 1994 5106 Graecorum

407 5141 613 5198 Menaea
646 5151 699 5198 et
733 5145 1061 5215 Symeonem
1105 5143 1526 5213 Metaphrastem
1558 5157 1670 5196 non
1700 5156 1999 5211 agnoscere

409 5231 733 5288 Onesimum
807 5243 1104 5304 martyrem
1171 5232 1344 5288 fuisse
1399 5231 1596 5302 Ephesi
1651 5231 1994 5302 episc0pum,

410 5321 864 5379 Constitutionum
896 5324 1313 5395 apostolicarum
1366 5323 1689 5392 scriptorem
1722 5321 2000 5379 afﬁrmare

410 5431 537 5472 eum
564 5417 762 5473 Beraea:
800 5417 1119 5488 episcopum
1165 5415 1336 5471 fuisse
1370 5455 1385 5480 ,
1411 5415 1744 5470 Dorothenm
1786 5423 1842 5470 et
1867 5413 1999 5486 Hip-

413 5507 658 5578 polytum
691 5524 940 5564 asserere
994 5507 1216 5575 Gaium,
1249 5506 1521 5563 Timothei
1573 5504 1627 5561 in
1676 5507 1999 5578 episcopatu

415 5612 788 5654 successorem
844 5599 1036 5655 fuisse.
1077 5597 1447 5670 Nicephorum
1497 5598 1736 5668 denique
1784 5598 2000 5653 tradere

412 5687 732 5745 Onesimum
773 5691 877 5748 sub
908 5691 1222 5749 Domitiano
1254 5692 1481 5765 obiisse.
1525 5689 1604 5744 Ex
1644 5691 1730 5747 his
1759 5691 2000 5746 auctori-

413 5783 520 5840 bus
542 5783 704 5856 plane
737 5785 1026 5842 ridiculum
1059 5786 1415 5866 epistolarum
1443 5795 1725 5844 auctorem
1758 5801 2001 5858 pronun-

2097 4581 2220 4636 sino
2249 4578 2608 4648 intelligatur.
2638 4575 2772 4629 Nam
2797 4574 2844 4630 si
2877 4573 2967 4626 ille
2999 4571 3289 4641 episcopus
3313 4568 3519 4624 Beratae‘
3559 4566 3696 4636 fuit,

2096 4687 2206 4727 non
2240 4681 2424 4726 autem
2459 4667 2697 4740 Ephesi,
2731 4675 2794 4721 ut
2839 4666 2933 4720 alii
2977 4662 3291 4734 Nicephoro
3342 4661 3697 4731 antiquiores

2096 4766 2338 4831 voluere,
2375 4763 2442 4818 ad
2477 4778 2580 4816 nos
2611 4776 2720 4814 non
2746 4759 3000 4831 pertinet.
3053 4754 3189 4822 Quis
3214 4754 3360 4809 enim
3394 4769 3504 4807 non
3539 4753 3701 4808 videt

2096 4858 2356 4914 Onesimo
2401 4857 2460 4911 S.
2518 4854 2697 4921 Pauli,
2734 4853 2993 4923 episcopo
3059 4849 3258 4905 Beraaa:
3284 4889 3300 4915 ,
3342 4847 3697 4916 temporibus

2097 4948 2394 5004 Domitiani
2448 4947 2728 5011 defuncto,
2764 4942 3086 4998 Onesimum
3136 4940 3306 4994 alium
3342 4946 3468 5008 post
3497 4935 3699 4992 Timo-

2100 5043 2284 5096 theum
2314 5050 2367 5095 et
2391 5039 2587 5094 Gaium
2629 5037 2847 5107 Epheso
2876 5049 3113 5105 praeesse
3154 5031 3404 5102 potuisse
3442 5029 3551 5084 sub
3588 5031 3698 5084 im-

2097 5138 2250 5207 perio
2289 5133 2554 5203 Trajani?
2583 5129 2853 5198 Quoniam
2886 5138 3067 5184 autem
3103 5127 3334 5181 Dallaaus
3367 5132 3544 5190 notat,
3588 5123 3699 5179 Ba-

2101 5227 2319 5282 rnnium
2371 5224 2679 5295 Nicephoro
2733 5237 2978 5278 errorem
3036 5219 3319 5286 tribuere,
3353 5235 3371 5268 ι
3407 5233 3520 5270 non
3583 5217 3697 5272 alia

2099 5334 2266 5389 quam
2299 5318 2495 5371 harum
2525 5313 2882 5385 epistolarum
2915 5311 3272 5376 auctoritate,
3307 5328 3327 5361 ›
3355 5323 3479 5378 quae
3507 5309 3698 5364 adhuc

2100 5411 2156 5466 in
2193 5408 2634 5466 controversiam
2668 5406 2929 5472 veniunt;
2963 5413 3021 5460 et
3065 5413 3250 5459 tamen
3300 5400 3526 5466 fatetur,
3572 5420 3592 5454 ι
3635 5399 3696 5455 Si

2100 5501 2296 5573 lgnatii
2334 5515 2462 5556 vere
2495 5507 2755 5568 certoque
2786 5505 2973 5554 essent
3001 5495 3170 5565 (quod
3200 5494 3334 5550 mihi
3378 5494 3608 5565 quidem
3641 5502 3698 5549 et

2101 5611 2290 5652 verum
2314 5603 2368 5650 et
2400 5603 2609 5649 certum
2645 5591 2882 5663 videtur)
2911 5606 3103 5647 earum
3127 5589 3308 5661 potius
3334 5604 3503 5658 quam
3532 5586 3699 5643 Nice-

2101 5689 2262 5760 phori
2311 5701 2436 5742 esse
2469 5685 2806 5756 sequendam
2850 5683 3049 5749 fidem;
3086 5701 3103 5734 ι
3143 5680 3429 5735 videamus
3475 5678 3530 5746 _si
3582 5685 3693 5733 non

2105 5781 2326 5840 aliunde
2355 5780 2654 5839 absurdum
2675 5792 2807 5852 esse
2838 5776 3090 5835 videatur
3115 5773 3434 5832 Onesimum
3485 5771 3695 5844 Ephesi
