3848 6204
150 295 259 352 551

901 287 954 344 J.
995 285 1363 342 PEARSONII
1403 279 1733 340 VINDICIIE
1773 275 2206 336 lCNATIANAC.
2245 305 2316 318 --
2365 271 2548 328 PARS
2589 269 2655 326 ll.

3329 266 3435 324 553

152 412 481 480 episcopum
507 410 612 468 sub
645 407 958 465 Domitiano
982 409 1304 482 martyrium
1330 406 1610 464 subiisse?
1639 405 1742 471 Qui
1774 413 1824 470 Α
1921 400 2099 482 rentia
2120 414 2263 481 Ierga
2449 394 2708 482 Litteras.
2754 391 3237 482 dpocrypbahstepe
3253 409 3440 482 largae:

155 499 480 557 Onesimum
504 500 704 571 Ephesi
737 501 1055 571 episcopum
1073 498 1246 554 fuisse
1263 500 1485 564 docent,
1512 512 1638 552 eum
1663 494 1747 550 vel

156 591 314 657 Gaio,
339 593 424 647 vel
457 591 748 648 Timotheo
773 592 1112 647 successisse
1139 591 1364 646 volunt:
1394 587 1745 644 Timotheum

153 692 304 737 certe
329 683 570 752 primum
603 682 891 752 Ephesina
926 682 1186 738 Ecclesia
1212 681 1530 751 epismpum
1584 692 1748 750 agno-

43 779 68 801 '
155 774 259 826 scit
286 771 596 838 Eusebius;
634 773 776 828 idem
811 781 1080 829 testantur
1106 773 1240 828 Acta
1269 772 1486 827 concilii
1519 771 1748 826 Chalce-

152 863 444 931 donensis,
485 873 537 920 et
578 874 734 920 vetus
784 866 1106 937 martyrium
1160 864 1218 919 S.
1269 864 1566 929 Timothei,
1602 863 1746 934 apud

152 955 440 1020 Pltotium,
490 959 614 1013 cod.
657 958 764 1013 254
797 975 811 1011 :
848 959 970 1012 ’Ὁτι
1014 957 1233 1030 πρῶτον
1277 957 1539 1028 Τιμόθεον
1575 959 1608 1028 ἡ
1643 974 1749 1010 πα-

154 1050 327 1123 ροῦσα
363 1053 656 1123 συγγραφή
693 1069 858 1122 φησιν
904 1053 1128 1120 Ἑφέσου
1160 1052 1551 1122 ἐπισκοπῆσαι.
1589 1068 1608 1101 ι
1643 1049 1750 1104 No—

151 1144 385 1198 tandum
415 1146 560 1215 quod
602 1161 843 1215 prasens
869 1146 1134 1216 scriptum
1164 1144 1367 1201 referat
1394 1143 1744 1200 Timotheum

150 1235 396 1303 primum
421 1234 624 1305 Ephesi
646 1237 968 1307 episcopum
994 1236 1185 1294 fuisse.
1215 1257 1233 1290 ι
1259 1235 1378 1292 Jam
1411 1252 1542 1291 vero
1565 1235 1749 1290 Timo-

153 1324 343 1379 theum
370 1325 489 1396 ipse
509 1325 851 1398 Nicephorus
880 1329 1046 1384 tradit
1088 1328 1193 1384 sub
1231 1327 1562 1397 Vespasiano
1594 1342 1746 1381 mar-

148 1415 298 1486 tyrio
347 1426 677 1472 coronatum
737 1417 908 1474 fuisse
947 1435 962 1471 :
1013 1419 1158 1474 idem
1212 1427 1448 1474 testatur
1498 1418 1745 1489 ejusdem

150 1508 487 1579 martyrium
517 1509 574 1564 in
609 1508 946 1565 Bibliotheca
974 1508 1178 1566 Pbotii.
1216 1509 1533 1566 Persecutio
1561 1517 1746 1565 autem

149 1599 398 1655 secunda
432 1600 538 1656 sub
570 1599 886 1657 Domitiano
926 1603 1190 1657 extremis
1219 1603 1368 1658 illius
1398 1601 1748 1672 imperatoris

147 1689 504 1760 temporibus
536 1692 777 1749 excitata
816 1703 918 1750 est.
983 1693 1260 1750 Eusebius
1289 1695 1356 1749 ad
1389 1710 1595 1750 annum
1626 1695 1746 1765 ejus

149 1779 216 1834 Η
243 1798 258 1834 :
293 1800 312 1831 ι
342 1781 636 1838 Secundus
659 1792 789 1854 post
815 1783 1084 1838 Neronem
1107 1783 1455 1841 Domitianus
1482 1785 1752 1841 Christia-

147 1885 250 1926 nos
281 1873 664 1942 persequitur.
699 1891 718 1925 i
759 1871 932 1940 Quem
977 1875 1160 1930 locum
1211 1875 1510 1945 respiciens
1556 1875 1751 1931 Hiero-

146 1979 354 2034 nymus
385 1964 442 2018 in
468 1963 755 2036 Catalogo,
786 1965 853 2020 de
880 1964 936 2020 S.
963 1963 1174 2020 Joanne
1205 1983 1218 2020 :
1254 1985 1272 2017 ι
1298 1964 1508 2032 Quarto
1537 1967 1750 2023 decimo

145 2057 318 2129 igitur
354 2072 526 2123 anno,
574 2058 774 2128 inquit,
811 2059 1112 2114 secundam
1147 2068 1271 2128 post
1298 2057 1570 2114 Neronem
1618 2076 1750 2132 per-

143 2151 526 2217 secutionem,
551 2164 806 2206 movente
829 2151 1162 2218 Domitiano,
1185 2152 1238 2207 in
1260 2151 1488 2209 Patmon
1513 2155 1747 2210 insulam

143 2243 432 2313 relegatus
475 2243 700 2313 scripsit
744 2245 1130 2317 Apocalypsin.
1171 2263 1192 2299 ι
1235 2244 1350 2301 Sub
1406 2247 1511 2301 hac
1561 2261 1750 2316 perse-

142 2335 379 2391 cutione
411 2335 820 2393 ebdormivisse
865 2335 1217 2393 Timotheum
1271 2337 1606 2394 credendum
1644 2347 1749 2409 est;

141 2428 336 2482 brevis
369 2438 556 2482 autem
589 2445 654 2485 ea
694 2429 821 2494 fuit,
853 2439 990 2486 teste
1017 2430 1361 2487 Tertulliano
1388 2431 1445 2486 in
1478 2430 1749 2503 Apologe-

142 2519 265 2574 tico
294 2537 310 2573 :
344 2537 365 2570 ι
404 2517 740 2575 Tentaverat
794 2530 847 2576 et
894 2521 1242 2579 Domitianus
1291 2522 1473 2592 portio
1516 2521 1752 2580 Neronis

143 2613 214 2667 de
239 2613 577 2668 crudelitate
601 2631 617 2680 ;
643 2614 739 2668 sed
767 2629 875 2684 qua
904 2623 957 2669 et
984 2615 1174 2682 homo,
1211 2613 1368 2671 facile
1395 2626 1634 2687 captum
1666 2633 1754 2672 re-

140 2706 383 2772 pressit,
417 2704 696 2760 restitutis
737 2706 901 2761 etiam
936 2722 1080 2777 quos
1128 2708 1504 2777 relegaverat;
1545 2728 1564 2761 »
1604 2711 1752 2780 quod

143 2807 201 2852 et
236 2797 391 2867 apud
445 2796 748 2854 Eusebium
785 2797 1122 2870 Hegesippus
1153 2809 1407 2856 testatur.
1454 2800 1575 2857 Jam
1624 2803 1752 2874 quis

141 2889 346 2945 credet
368 2888 718 2957 Onesimum,
743 2891 838 2960 qui
870 2893 916 2947 si
942 2890 1085 2948 forte
1109 2892 1164 2948 in
1187 2891 1466 2964 Ephesina
1504 2893 1752 2950 Ecclesia

143 2985 242 3039 vel
267 2985 382 3054 ipsi
413 2982 733 3052 Timotheo,
766 2986 851 3040 vel
885 2985 1008 3057 ejus
1032 2987 1341 3043 successori
1365 2986 1502 3044 Gaio
1536 2989 1753 3060 episco-

142 3093 258 3148 pus
285 3077 558 3134 suﬂ'ectus
587 3088 706 3145 est,
731 3080 835 3134 sub
871 3080 1064 3135 eadem
1101 3082 1484 3151 persecutione
1527 3098 1748 3154 passum

1924 461 2235 526 tustissimis
2259 467 2608 533 scriptoribus
2638 465 2893 518 citantur.
2920 461 3222 533 Casauboni
3241 461 3440 533 duplex

1923 540 2194 611 responsio
2230 532 2550 611 affertur-tet
2600 545 2821 611 utraque
2855 532 3104 611 pluribus.
3129 532 3436 611 stabilitur.

1927 603 2168 678 Epistola
2217 603 2293 663 S."
2322 606 2542 678 Ignatii
2562 605 2645 678 ad
2678 605 2940 657 Romanos
2963 603 3028 656 ab
3054 604 3434 678 objectionibus

1927 675 2124 737 D-allaai
2146 675 2469 734 vindicatur.
2494 675 2802 738 Fortitudo,
2823 675 3123 728 constantia
3136 683 3185 727 et
3219 690 3440 744 magna-

1921 755 2141 808 nimitas
2173 757 2470 817 martyrum
2517 745 2872 817 defenduntur
2899 761 2918 817 ;
2947 745 3295 814 plurimisque
3312 743 3437 796 Par

1922 834 2060 877 trum
2092 815 2387 883 sententiis,
2422 827 2473 872 et
2523 815 2738 870 heroum
2794 815 3224 870 Christianorum
3272 830 3436 868 exem-

1919 895 2024 964 plis
2075 892 2451 964 explicantur;
2485 903 2711 959 quorum
2751 887 2909 956 [actis
2956 902 3188 940 consona
3233 883 3438 956 Ignatit

1919 961 2075 1020 uerba
2106 961 2472 1017 ostenduntur.

1918 1058 2178 1116 Proxima
2192 1065 2640 1129 argumentorum
2676 1053 2962 1123 congeries
2997 1068 3062 1107 ex
3097 1052 3168 1108 iis
3202 1051 3438 1107 conflata

1848 1163 1904 1210 et
1931 1154 2313 1210 consarcinata
2364 1158 2466 1213 est,
2488 1163 2610 1219 qua
2651 1162 2902 1218 persona
2931 1145 3020 1200 cui
3068 1144 3312 1214 epistola
3341 1142 3442 1198 tri-

1852 1247 2102 1302 buuntur
2129 1243 2214 1298 vel
2245 1242 2516 1306 moribus,
2545 1240 2630 1294 vel
2651 1239 2933 1308 dignitate,
2958 1237 3042 1292 vel
3082 1235 3322 1306 ingenio,
3353 1233 3442 1288 vel

1848 1340 2050 1410 pietate
2067 1337 2244 1392 aliena
2258 1343 2512 1399 sunt,aut
2527 1333 2705 1404 potius
2725 1331 2929 1400 iniquis
2948 1346 3131 1385 rerum
3149 1329 3444 1384 aestimato-

1849 1431 2004 1484 ribus
2024 1429 2294 1484 videntur.
2327 1426 2432 1481 Sed
2454 1441 2516 1480 ea
2536 1426 2855 1495 plerumque
2879 1422 3238 1492 adducitqua
3263 1421 3346 1475 vel
3371 1421 3443 1476 ab

1850 1520 2242 1590 interpolatore
2276 1518 2638 1590 genuinarum
2661 1555 2676 1580 ,
2713 1515 2796 1570 vel
2823 1530 2852 1568 a
2883 1516 3069 1570 fictore
3102 1513 3441 1583 reliquarum

1849 1611 2207 1680 epistolarum
2243 1609 2444 1680 scripta
2485 1617 2641 1675 sunt;
2678 1623 2914 1678 quorum
2963 1622 3169 1670 mores,
3203 1606 3442 1676 dignita-

1849 1709 1958 1756 tem
1979 1743 1994 1767 ,
2025 1700 2345 1771 ingenium,
2376 1699 2634 1770 pietatem
2668 1697 2842 1753 nostri
2874 1713 2982 1751 non
3016 1695 3338 1752 defendunt.
3380 1694 3442 1750 In

1784 1797 1828 1854 B
1856 1801 1970 1848 tcto
2003 1793 2179 1862 capite
2211 1793 2278 1846 M
2311 1791 2448 1846 nihil
2476 1791 2621 1845 aliud
2653 1805 2722 1844 ex
2764 1788 2974 1860 lgnatio
3018 1798 3208 1844 nostro
3237 1787 3439 1851 attulit,

1851 1887 1958 1942 nisi
1997 1887 2132 1942 illud
2185 1895 2464 1942 recoctum
2503 1904 2516 1940 :
2555 1905 2574 1937 ι
2609 1883 2741 1940 Sine
2775 1884 3070 1954 episcopo,
3106 1882 3443 1953 presbyteris

1850 1989 1906 2034 et
1954 1978 2204 2034 diaconis
2253 1977 2554 2034 Ecclesiam
2607 1991 2717 2032 non
2768 1974 2989 2041 vocari;
3023 1992 3044 2027 ι
3078 1973 3225 2044 quod
3263 1987 3443 2043 neque

1851 2071 2100 2127 moribus
2120 2111 2135 2136 ,
2163 2085 2341 2140 neque
2372 2069 2620 2140 dignitati
2647 2109 2664 2136 ,
2691 2082 2793 2122 nec
2832 2065 3054 2138 ingenio
3080 2106 3095 2132 ,
3122 2079 3223 2120 nec
3251 2062 3442 2134 pietati

1851 2165 2110 2236 martyris
2139 2171 2428 2234 repugnat,
2459 2171 2515 2217 et
2566 2162 2654 2218 cui
2699 2170 2857 2216 antea
2909 2173 3236 2230 responsum
3290 2157 3446 2212 dedi-

1851 2273 1998 2312 mus.
2050 2255 2228 2326 Caput
2255 2255 2345 2320 15,
2393 2263 2660 2325 quantum
2705 2261 2973 2324 quantum
3016 2260 3102 2306 est
3145 2251 3214 2306 de
3264 2248 3441 2313 festis,

1851 2349 1920 2404 de
1969 2348 2232 2414 sabbato,
2263 2347 2332 2402 de
2390 2346 2616 2417 jejuniis
2669 2353 2914 2400 tractans
2941 2385 2957 2411 ,
2985 2359 3052 2399 ex
3097 2342 3302 2412 spuriis
3359 2350 3444 2397 to-

1853 2447 1968 2494 tum
2030 2439 2328 2494 conflatum
2384 2447 2511 2506 est,
2560 2446 2616 2493 et
2687 2435 2958 2508 lgnatium
3010 2444 3260 2491 nostrum
3333 2448 3446 2488 non

1853 2530 2051 2600 tangit.

1925 2620 2117 2691 Capite
2143 2620 2231 2688 l6,
2269 2619 2439 2675 multa
2469 2619 2631 2690 quasi
2659 2617 2917 2673 haretica
2950 2615 3226 2687 producit,
3252 2614 3347 2671 sed
3377 2631 3446 2670 ex

1855 2714 2061 2783 spuriis
2098 2713 2263 2768 etiam
2293 2729 2308 2780 ;
2340 2728 2370 2767 e
2402 2722 2594 2767 nostro
2632 2727 2804 2766 unum
2855 2719 3067 2765 tantum
3103 2708 3283 2764 locum
3314 2721 3446 2777 pro-

1854 2805 1978 2870 fert,
2008 2809 2104 2874 qui
2163 2805 2212 2860 ei
2260 2825 2280 2858 ι
2317 2819 2426 2860 non
2453 2804 2588 2860 satis
2640 2819 2854 2860 sanust
2897 2802 3158 2866 videtur;
3209 2801 3421 2858 scilicet

1853 2897 2134 2952 Christum
2166 2896 2335 2953 fuisse
2362 2897 2492 2950 Υἱὸν
2524 2895 2660 2950 θεοῦ
2687 2895 2829 2950 κατὰ
2850 2895 3062 2966 θέλημα
3094 2895 3187 2949 καὶ
3219 2893 3448 2966 δύναμιν

1854 2988 2011 3052 Θεοῦ,
2047 3008 2066 3040 ε
2101 2988 2301 3043 Filium
2336 2987 2428 3042 Dei
2482 2988 2786 3044 secundum
2812 2987 3146 3042 voluntatem
3175 2995 3228 3042 et
3254 2996 3449 3056 poten-

1853 3082 1986 3136 tiam
2017 3082 2132 3137 Dei.
2159 3100 2178 3134 ι
2222 3080 2475 3136 Haecine
2503 3090 2684 3136 autem
2707 3089 2767 3135 ut
2795 3080 2938 3135 inter
2972 3080 3228 3135 baretica
3253 3095 3446 3134 recen-

140 3167 353 3235 l'uisse,
383 3180 438 3224 et
463 3185 571 3223 non
598 3171 784 3240 potius
811 3171 878 3225 ad
903 3170 1256 3226 undecimum
1288 3171 1512 3242 Trajani
1545 3189 1753 3229 annum
1780 3155 1824 3215 (ἶ
1857 3179 2104 3238 seantur,
2144 3186 2267 3241 qua
2297 3185 2328 3223 a
2364 3169 2428 3226 Β.
2461 3168 2809 3224 Theodoreto
2840 3183 2940 3238 pro
2970 3167 3238 3222 catholica
3259 3165 3450 3222 Eccle-

143 3262 542 3330 perdurasse?
574 3259 713 3316 Nam
744 3261 893 3332 quod
938 3261 1176 3318 Dallaus
1203 3279 1270 3319 ex
1313 3265 1507 3321 ordine
1545 3276 1755 3338 tempo-

143 3368 281 3407 rum
315 3353 577 3409 evincerc
608 3363 863 3420 conatur,
899 3355 1059 3410 nihili
1081 3364 1184 3412 est.
1215 3354 1336 3412 Non
1359 3358 1507 3413 enim
1538 3357 1642 3412 l00
1661 3367 1758 3415 aut

145 3445 222 3500 90
249 3459 534 3501 annorum
561 3461 689 3502 eum
724 3445 915 3515 fuisse,
940 3463 1065 3504 cum
1106 3460 1433 3518 moreretur,
1462 3451 1588 3506 inde
1615 3467 1755 3507 con-

145 3537 364 3592 ﬁcitur.
389 3535 554 3592 Putat
581 3539 675 3594 ille
701 3537 933 3593 Paulum
958 3538 1026 3594 ad
1047 3537 1425 3595 Philemonem
1471 3542 1760 3612 scripsisse

147 3645 303 3683 anno
332 3628 558 3684 Domini
591 3629 680 3684 56.
713 3627 819 3684 Sed
851 3627 911 3686 S.
934 3628 1139 3686 Paulus
1162 3629 1372 3698 Romae,
1416 3641 1471 3686 et
1494 3647 1620 3688 cum
1640 3633 1756 3704 jam

148 3719 249 3774 diu
280 3719 340 3773 in
379 3719 617 3774 vinculis
649 3718 865 3784 fuisset,
912 3719 980 3775 ad
1009 3719 1387 3777 Philemonem
1420 3723 1662 3792 scripsit,
1699 3732 1760 3779 ut

149 3824 222 3864 ex
253 3811 382 3880 ipsa
404 3809 654 3881 Epistola
677 3819 918 3878 constat,
941 3820 996 3867 et
1021 3811 1390 3885 Hieronymus
1418 3823 1473 3870 et
1505 3813 1760 3872 Theodo-

151 3911 312 3959 retus
335 3903 744 3959 demonstrant.
785 3904 855 3959 At
878 3903 1110 3960 Romam
1143 3917 1271 3962 ante
1301 3921 1506 3962 annum
1540 3907 1759 3965 Domini

151 3995 448 4066 vulgarem
481 3996 551 4051 64
581 3997 787 4053 vidisse
820 3996 878 4052 S.
906 3997 1138 4054 Paulum
1167 4015 1331 4055 nemo
1361 4001 1636 4070 probabit.
1675 4003 1761 4059 Ab

154 4105 308 4143 anno
348 4099 537 4144 autem
567 4089 636 4144 65
662 4091 730 4145 ad
767 4106 972 4145 annum
1002 4091 1129 4160 107,
1159 4107 1271 4163 quo
1293 4094 1580 4164 scripsisse
1603 4094 1763 4168 lgna-

155 4183 296 4236 tium
322 4183 604 4249 dicimus,
637 4185 767 4237 anni
803 4193 1015 4238 tantum
1058 4195 1187 4240 sunt
1219 4185 1310 4240 42.
1346 4186 1625 4244 Ponamus
1662 4189 1763 4258 igi-

158 4284 251 4329 tur
299 4273 634 4331 Ouesimum
670 4275 740 4330 26
784 4290 1054 4331 annorum
1108 4275 1316 4344 fuisse,
1351 4294 1476 4334 cum
1518 4295 1644 4334 eum
1691 4278 1762 4334 ad

158 4370 327 4426 ﬁdem
371 4369 750 4426 Christianam
801 4371 1071 4426 convertit
1122 4369 1181 4426 S.
1238 4371 1760 4444 Paulus;jnondum

157 4461 627 4531 septuagenarius
674 4459 899 4528 fuisset,
950 4477 1076 4518 cum
1116 4461 1174 4517 S.
1224 4463 1466 4534 lgnatius
1513 4464 1760 4538 Smyrna

159 4551 521 4608 consisteret.
556 4551 683 4608 Sive
724 4553 892 4623 igitur
930 4553 1040 4608 duo
1087 4551 1295 4610 fuerint
1325 4557 1566 4612 Onesimi
1603 4569 1760 4613 atate

161 4641 225 4698 S.
254 4641 483 4715 lgnatii,
505 4659 650 4700 unus
678 4642 898 4710 Beraa,
913 4645 1049 4700 alter
1071 4644 1272 4716 Ephesi
1304 4648 1617 4720 episcopus,
1646 4651 1762 4706 sive

159 4751 311 4790 unus
345 4745 564 4790 tantum
603 4735 762 4806 isque
801 4735 1145 4806 Ephesinus,
1200 4737 1337 4792 nihil
1377 4739 1641 4797 hactenus
1678 4741 1763 4796 di-

161 4834 315 4881 ctum
347 4835 436 4882 est
457 4827 607 4896 quod
631 4827 744 4882 ullo
774 4829 939 4884 modo
960 4829 1172 4899 probet,
1204 4830 1415 4885 nullum
1441 4829 1761 4888 Onesimum

161 4916 388 4988 Epheso
417 4916 728 4988 prafuisse,
764 4934 890 4975 cum
911 4919 1165 4992 “lgnatius
1187 4921 1256 4976 ad
1285 4923 1612 4994 martyrium
1650 4932 1764 4978 tra-

163 5012 413 5067 heretur.

233 5102 379 5157 Cum
412 5103 582 5174 igitur
627 5102 814 5158 omnia
860 5103 927 5159 ad
973 5119 1204 5160 examen
1235 5114 1426 5162 vocata
1479 5107 1609 5174 sint,
1641 5121 1766 5178 qua

165 5207 482 5268 temporum
516 5197 678 5252 fidem
719 5197 940 5268 pulsare
977 5198 1325 5266 videbantur,
1356 5199 1492 5254 nihil
1531 5200 1660 5255 novi
1706 5203 1762 5256 in

167 5291 254 5346 bis
278 5290 538 5362 epistolis
568 5299 845 5360 repertum
876 5299 992 5355 est;
1026 5292 1211 5346 omnia
1254 5291 1438 5361 potius
1482 5289 1766 5362 lgnatiano

165 5397 282 5439 avo
308 5382 565 5455 apprime
593 5396 839 5438 consona
863 5389 1149 5451 apparent.

767 5507 1000 5570 CAPUT
1053 5512 1146 5570 IX.

172 5609 361 5664 Aliena
399 5626 433 5662 a
475 5608 761 5663 uirtutibus
787 5605 844 5662 S.
893 5599 1094 5674 Ignatii
1137 5607 1547 5679 dispunguntur.
1594 5605 1765 5662 Nulla

239 5683 298 5733 in
325 5679 569 5751 epistolis
601 5681 717 5749 ejus
765 5679 980 5734 haresis
1017 5677 1299 5748 reperitur.
1332 5677 1414 5733 7N
1420 5677 1534 5734 ulla
1563 5683 1755 5734 irreve-

240 5797 310 5831 ⁸⁸⁹
349 5795 488 5853 Luc.
517 5811 558 5866 ι,
585 5796 678 5852 55.

1861 3263 1958 3317 sia
1985 3262 2253 3318 sententia
2295 3269 2490 3316 contra
2539 3259 2828 3315 hareticos
2871 3257 3448 3330 proferunturiApud

1859 3359 2014 3413 illum
2053 3355 2274 3427 quidem
2331 3354 2564 3426 legimus
2619 3351 2882 3424 θεότητα,
2911 3352 2967 3407 in
3022 3359 3212 3407 nostro
3262 3362 3447 3406 autem

1858 3451 2046 3506 codice
2089 3449 2323 3519 θέλημα,
2361 3455 2422 3501 ut
2442 3454 2497 3500 et
2536 3445 2591 3499 in
2623 3443 2924 3500 Usseriano
2963 3443 3266 3514 interprete
3297 3463 3316 3495 α
3347 3459 3450 3499 vo-

1859 3544 2146 3598 luntatem.
2189 3540 2452 3595 iVariam
2489 3539 2578 3594 hic
2607 3537 2896 3592 lectionem
2949 3552 3071 3592 esse
3128 3547 3183 3592 et
3228 3537 3448 3607 quidem

1857 3637 2016 3692 valde
2043 3635 2324 3705 antiquam
2355 3633 2482 3704 quis
2512 3647 2622 3687 non
2642 3631 2831 3686 videt?
2862 3629 3004 3697 Quid
3037 3631 3092 3685 in
3125 3645 3229 3688 suo
3257 3630 3451 3686 codice

1857 3727 2053 3783 viderit
2088 3726 2465 3795 interpolator,
2499 3740 2567 3778 an
2598 3723 2852 3794 θεότητα,
2889 3738 2956 3777 an
2990 3721 3204 3794 θέλημα
3237 3723 3450 3792 legerit,

1860 3820 2002 3874 scire
2050 3833 2152 3873 nos
2181 3817 2375 3884 noluit,
2402 3816 2539 3870 adeo
2571 3814 2757 3869 omnia
2796 3815 3124 3868 immutavit.
3159 3811 3454 3884 Utcunque

1860 3915 1952 3980 sit,
1973 3913 2019 3968 si
2064 3910 2394 3967 Theodoreti
2436 3909 2727 3964 lectionem
2774 3923 3098 3978 sequamur,
3122 3917 3176 3963 et
3219 3909 3454 3979 θεότητα

1860 4014 2140 4061 auctorem
2180 4003 2424 4073 epistola
2472 4001 2760 4071 scripsisse
2796 4009 3074 4071 putemus,
3123 4001 3271 4057 cadit
3299 4002 3454 4070 obje-

1861 4097 1971 4153 ctio
2002 4096 2275 4151 Dallaana
2301 4093 2508 4165 quain
2543 4108 2675 4148 voce
2705 4092 2916 4164 θέλημα
2961 4091 3255 4159 fundatur;
3292 4111 3310 4144 ι
3350 4093 3454 4148 du-

1860 4205 1985 4245 rum
2015 4189 2162 4244 enim
2192 4197 2248 4243 et
2270 4187 2361 4242 vix
2390 4185 2699 4252 ferendum,
2727 4186 2823 4252 ait,
2850 4185 3048 4240 Filium
3071 4201 3194 4241 esse
3227 4203 3258 4240 a
3291 4183 3454 4242 Patre

1861 4283 1931 4338 ab
1957 4290 2164 4337 aterno
2199 4295 2298 4349 per
2331 4279 2668 4334 voluntatem
2700 4286 2753 4332 et
2777 4277 3074 4347 potentiam
3101 4274 3316 4343 Patris;
3354 4296 3372 4328 ›
3402 4277 3452 4332 si

1861 4375 2108 4445 legamus
2138 4371 2372 4444 θέλημα,
2399 4370 2562 4426 etiam
2589 4368 2668 4425 sic
2693 4369 2880 4424 eadem
2912 4368 3148 4440 objectio
3168 4369 3313 4436 ruit;
3340 4383 3452 4423 non

1863 4468 2008 4523 enim
2049 4475 2301 4521 nostrum
2337 4463 2488 4534 loqui
2538 4463 2607 4520 de
2658 4470 2860 4518 aterna
2924 4461 3272 4532 generatione
3325 4459 3453 4515 Filii

1865 4563 2098 4620 constat,
2130 4553 2225 4610 sed
2251 4553 2317 4608 de
2341 4552 2718 4608 incarnatione
2743 4549 2945 4621 potius,
2964 4559 3021 4604 ut
3046 4559 3099 4605 et
3131 4550 3454 4604 anteceden-

1863 4649 1937 4704 tia
1972 4657 2025 4702 et
2052 4645 2444 4716 consequentia
2468 4644 2886 4708 demonstrant;
2919 4640 3063 4696 unde
3092 4639 3453 4710 interpolator

1863 4740 1931 4796 ad
1964 4739 2206 4795 divinam
2238 4746 2491 4792 naturam
2522 4743 2637 4791 hac
2685 4734 2906 4789 trahens
2929 4771 2945 4798 ,
2979 4732 3268 4787 verborum
3303 4731 3453 4786 ordi-

1863 4848 1987 4888 nem
2014 4839 2228 4886 mutare
2253 4839 2478 4885 coactus
2521 4839 2624 4883 est.
2657 4825 2748 4880 Sic
2793 4834 2975 4880 autem
3024 4839 3125 4879 nos
3168 4823 3401 4894 legimus
3434 4841 3450 4878 :

1877 4923 2115 4996 Ἀληθῶς
2130 4923 2257 4977 ὄντα
2277 4923 2342 4977 ὲκ
2355 4922 2544 4992 γένους
2569 4919 2732 4973 Δαὸὶδ
2765 4917 2904 4972 κατὰ
2937 4917 3135 4989 σάρκα,
3161 4915 3290 4969 Υἱὸν
3314 4913 3451 4968 Θεοῦ

1863 5014 2004 5070 κατὰ
2042 5013 2254 5086 θέλημα
2290 5013 2382 5066 καί
2412 5010 2638 5081 δύναμιν
2674 5007 2810 5061 Θεοῦ
2842 5006 3207 5078 γεγενημένον
3237 5003 3453 5076 ἀληθῶς

1863 5106 1929 5160 ἐκ
1944 5105 2243 5177 Παρθένου.
2259 5101 2589 5159 Usserianus
2605 5102 2870 5170 interpres
2892 5115 2938 5151 τι
2952 5097 3090 5152 Vere
3101 5098 3450 5152 exsistentem

1865 5197 2140 5270 degenere
2155 5196 2320 5251 David
2339 5195 2638 5251 secundum
2661 5207 2906 5259 carnem,
2920 5191 3117 5245 Filium
3141 5189 3236 5246 Dei
3250 5204 3449 5245 secun-

1865 5290 1998 5346 dum
2027 5291 2363 5344 voluntatem
2394 5296 2448 5343 et
2488 5285 2788 5357 potentiam
2821 5283 2912 5338 Dei
2946 5284 3188 5353 genitum
3231 5295 3359 5336 vere
3379 5293 3452 5336 ex

1871 5381 2111 5453 Virgine,
2136 5400 2154 5433 ι
2191 5381 2418 5434 omnino
2443 5378 2603 5449 quasi
2631 5375 2933 5446 respexerit
2959 5374 3050 5428 illa
3085 5371 3247 5427 verba
3269 5368 3450 5442 angeli

1866 5477 2011 5549 apud
2040 5476 2426 5547 evangelistam
2456 5491 2469 5527 :
2501 5471 2736 5543 Spiritus
2766 5478 2982 5524 sanctus
3029 5465 3356 5537 superveniet
3390 5463 3451 5518 in

1867 5580 1936 5637 te,
1967 5579 2016 5625 et
2063 5569 2226 5623 virtus
2269 5563 2537 5620 Altissimi
2578 5558 2912 5614 obumbrabit
2962 5557 3103 5612 tibi:
3137 5557 3353 5628 ideoque
3397 5563 3451 5610 et

1866 5662 2005 5734 quod
2029 5669 2274 5716 nascetur
2289 5673 2355 5713 ea:
2381 5665 2431 5712 te
2459 5661 2702 5710 sanctum
2733 5651 3004 5707 vocabitur
3031 5646 3207 5703 Filius
3229 5645 3327 5702 Dei
3355 5645 3449 5702 ”‘.
