3848 6204
405 272 512 330 559

1417 272 1475 328 S.
1515 269 1863 327 IGNATIUS.
1898 299 1964 309 —
2007 265 2546 324 PROLEGOMENA.

3587 265 3697 319 360

412 401 851 460 Incarnationem
883 409 1064 455 autem
1095 395 1300 453 Christi
1321 393 1519 450 factam
1549 409 1644 465 per
1661 395 1996 449 voluntatem
2029 409 2075 465 Α
2106 389 2211 446 Sed
2258 388 2506 444 moderni
2543 386 2843 457 scriptores
2877 383 2978 441 SS.
2995 383 3274 450 Patribus,
3305 383 3351 439 si
3380 381 3590 437 Dallzeo
3618 383 3696 436 ita

410 505 468 552 et
495 494 793 566 potentiam
852 491 946 547 Dei
983 505 1144 545 nemo
1181 497 1360 560 negat.
1395 507 1413 538 ι
1478 485 1555 540 Ex
1591 485 1686 540 Dei
1722 486 2003 540 voluntate

414 587 655 643 Verbum
707 600 837 641 caro
861 583 1064 638 factum
1082 591 1185 648 est,
1211 601 1231 634 ι
1263 581 1441 650 inquit
1477 578 1867 639 Tertullianus,
1929 577 2004 630 De

415 697 575 735 came
603 679 825 738 Christi,
865 693 984 747 cap.
1015 677 1103 731 19.
1138 675 1252 729 Ima
1293 689 1424 728 vero
1465 672 1508 728 si
1533 672 1659 742 quis
1697 672 1765 726 de
1799 682 2003 724 aeterna

418 773 772 846 generatione
799 769 944 833 Filii,
976 766 1120 838 quod
1174 781 1398 821 necesse
1432 779 1542 820 non
1573 773 1677 828 est,
1703 763 1818 817 haec
1861 762 2006 816 acci-

416 882 545 936 pere
594 862 847 927 voluerit,
876 876 1047 931 quare
1090 861 1196 914 hoc
1242 858 1295 911 in
1357 856 1566 926 lgnatio
1607 862 1847 924 martyre
1895 866 2003 906 non

420 955 728 1020 ferendum,
777 952 922 1022 quod
983 952 1036 1004 in
1110 949 1232 1003 aliis
1294 945 1639 1001 ferimus?ut
1696 945 1751 998 in
1791 941 2005 996 Justina

419 1055 680 1116 martyre,
721 1058 846 1097 cum
895 1041 963 1095 de
1017 1039 1128 1092 Deo
1159 1036 1339 1091 Verbo
1393 1034 1656 1104 loquitur,
1693 1029 1837 1084 Dial.
1885 1043 2004 1081 cum

382 1201 386 1204 _
423 1134 730 1206 Tryphone:
771 1133 865 1185 Ἐκ
893 1129 987 1184 τοῦ
1017 1129 1125 1183 ἀπὸ
1165 1125 1258 1181 τοῦ
1288 1125 1502 1196 Πατρὸς
1527 1123 1744 1194 θελήσει
1777 1117 2006 1188 γεγενῆ-

420 1229 564 1291 σθαι,
602 1246 620 1278 ι
647 1241 712 1280 eo
729 1224 874 1294 quod
896 1239 962 1277 ex
990 1221 1173 1280 Patris
1199 1220 1460 1274 volitione
1480 1224 1642 1270 natus
1664 1224 1767 1280 est,
1793 1210 1918 1280 iqui
1936 1209 2004 1264 ad

416 1316 672 1372 eumdem
699 1315 880 1368 locum
921 1323 1111 1382 postea
1157 1309 1477 1379 respiciens,
1516 1305 1592 1360 ait
1620 1324 1632 1359 :
1666 1304 1777 1357 Καὶ
1810 1305 1868 1354 ὲν
1894 1303 2005 1363 τοῖς

418 1408 836 1484 προειρημένοις
874 1405 963 1459 διὰ
997 1404 1241 1475 βραχέων
1284 1402 1374 1456 τὸν
1424 1400 1595 1468 Λόγον
1629 1399 1887 1471 ἐξήτασα,
1925 1397 2004 1448 sl-

420 1503 540 1560 πὼν
571 1503 668 1574 τὴν
689 1501 918 1571 δύναμιν
944 1497 1150 1568 ταύτην
1172 1493 1502 1565 γεγενῆσθαι
1521 1492 1630 1547 ἀπὸ
1663 1491 1756 1545 τοῦ
1790 1486 2007 1561 Πατρδς

419 1598 644 1668 δυνάμει
700 1594 794 1648 καὶ
830 1591 991 1662 βουλῇ
1040 1588 1223 1642 αὑτοῦ.
1290 1587 1622 1641 Clementem
1679 1581 2004 1638 Alexandri-

420 1705 551 1744 nnm
589 1685 816 1741 ferimus
860 1683 955 1752 qui
989 1679 1226 1733 Verbum
1281 1676 1496 1732 vocavit
1535 1673 1596 1727 τὸ
1650 1673 1862 1742 θέλημα
1911 1667 2005 1723 τοῦ

2107 484 2380 547 videatur,
2411 480 2772 551 sapientiores
2807 488 3001 543 sunto;
3036 486 3184 532 certe
3223 475 3445 530 lsaacus
3475 473 3697 529 Casau-

2105 578 2324 640 bonus,
2375 583 2432 630 et
2482 581 2686 628 nostra:
2744 570 3142 642 professionis,
3193 579 3248 623 et
3286 567 3485 623 summi
3549 566 3699 635 apud

2107 685 2302 725 omnes
2343 667 2592 722 eruditos
2623 667 2864 722 nominis
2904 664 3151 723 criticus.
3183 678 3308 717 cum
3344 661 3460 715 ha’c
3507 659 3700 714 omnia

2106 761 2311 830 optime
2365 759 2650 822 novisset,
2705 757 2785 812 sic
2835 766 3018 810 tamen
3081 752 3349 824 lgnatium
3409 749 3694 806 defendit:

2113 873 2132 906 ι
2163 852 2273 908 Nec
2311 852 2511 907 mirum
2550 860 2634 906 est
2659 850 2837 903 virum
2867 848 2960 902 Dei
2997 845 3267 917 Ignatium
3315 846 3484 899 citare
3516 843 3699 897 obiter

2107 947 2374 1014 scriptum
2445 943 2818 1014 apocryphum
2849 982 2864 1007 ,
2937 938 3224 1008 rejiculum
3274 946 3324 990 et
3369 935 3698 1003 reprobum.

2106 1036 2243 1092 Nam
2287 1043 2422 1106 quot
2461 1036 2632 1090 libros
2677 1032 2924 1104 ejusdem
2969 1030 3160 1086 farina:
3206 1028 3392 1082 laudat
3433 1027 3700 1080 Clemens

2107 1127 2569 1185 Alexandrinus?
2627 1125 2992 1180 Verissimnm
3052 1136 3249 1190 nempe
3301 1127 3387 1174 est
3445 1130 3702 1186 tempore

2108 1239 2248 1294 opus
2295 1222 2489 1288 fuisse,
2535 1229 2594 1275 ut
2640 1218 2899 1274 Ecclesiae
2947 1216 3275 1270 auctoritate
3330 1211 3701 1282 rejicerentur

2111 1316 2263 1371 multi
2303 1313 2458 1375 libri,
2495 1313 2587 1383 qui
2622 1311 2813 1382 primis
2859 1309 3070 1365 saeculis
3119 1307 3463 1362 auctoritatis
3495 1307 3698 1360 saltem

2109 1408 2363 1478 ancipitis
2405 1407 2642 1462 fuerant.
2679 1424 2697 1456 ι
2748 1403 3022 1458 Observat
3073 1403 3190 1470 ipse
3235 1399 3552 1454 Blondellus
3582 1413 3700 1452 non

2108 1511 2241 1556 tunc
2267 1508 2546 1570 repertqu
2568 1513 2691 1553 esse
2714 1510 3067 1567 quemquam,
3100 1494 3193 1563 qui
3232 1493 3471 1548 cavenda
3503 1491 3700 1545 omnia

2110 1596 2449 1665 apocrypha,
2490 1601 2544 1646 et
2576 1590 2799 1661 grandis
2830 1604 2954 1644 esse
2980 1587 3287 1658 prudentiae
3323 1583 3698 1649 meminisset,

2110 1702 2306 1741 aurum
2343 1686 2398 1739 in
2433 1685 2549 1738 luto
2582 1697 2829 1754 quaerere
2859 1697 2871 1732 :
2904 1680 3051 1750 quod
3083 1687 3272 1749 postea
3322 1677 3448 1732 fecit
3491 1675 3700 1730 Hiero-

421 1780 655 1851 Πατρός.
685 1777 742 1832 In
792 1774 1132 1829 Tertulliano
1181 1772 1284 1824 ista
1339 1766 1654 1822 ferimusu
1682 1765 1818 1831 Quis
1863 1761 2008 1817 Deus

2112 1795 2329 1850 nymus.
2367 1776 2474 1832 Sed
2511 1785 2567 1830 et
2596 1776 2690 1830 diu
2727 1784 2854 1829 ante
2884 1774 3220 1827 Clementem
3247 1770 3696 1824 Alexandrinum

421 1876 478 1930 in
500 1890 562 1929 ea
593 1871 788 1927 natus?
815 1868 1008 1924 Sermo
1031 1877 1085 1922 et
1107 1865 1368 1936 Spiritus,
1387 1863 1627 1932 quicum
1655 1859 1918 1914 Sermone
1940 1857 2007 1912 de

421 1965 601 2020 Patris
621 1963 898 2016 voluntate
927 1969 1086 2014 natus
1101 1967 1201 2011 est.
1215 1975 1232 2008 ι
1261 1954 1510 2009 Ferimus
1528 1954 1581 2007 in
1601 1951 1857 2022 Synesio:
1877 1949 2008 2002 Ὠδῖ-

422 2075 490 2112 να
523 2054 758 2128 Πατρὸς,
793 2053 1013 2122 γόνιμον
1055 2048 1270 2119 βουλήν,
1299 2056 1374 2112 et,
1431 2044 1553 2098 Ἐπὶ
1595 2042 1746 2097 παιδὶ
1801 2040 2004 2112 χυθεὶς,

436 2149 630 2203 Ίότατι
653 2146 814 2216 σοφᾷ,
839 2144 892 2198 id
918 2151 1022 2207 est,
1050 2150 1109 2196 ut
1137 2140 1440 2212 Hesychius
1463 2139 1870 2207 interpretatur,
1891 2133 2010 2204 βου-

423 2242 600 2312 λήσει,
617 2240 852 2310 θελήσει.
867 2235 1069 2303 Quidni
1093 2235 1258 2305 igitur
1281 2233 1335 2288 in
1355 2230 1561 2302 lgnatio
1579 2227 1863 2283 ferendum
1879 2225 2007 2279 Υἱὸν

426 2335 571 2392 κατὰ
591 2331 840 2403 θέλημαῖ
864 2331 910 2385 si
940 2327 1228 2384 lectionem
1273 2323 1601 2380 Theodoreti
1637 2320 1878 2390 recipere
1909 2332 2008 2372 no-

425 2430 614 2493 limus,
664 2441 764 2480 nec
807 2425 874 2479 de
929 2421 1310 2476 incarnatione
1364 2433 1489 2471 eum
1542 2415 1693 2485 loqui
1735 2414 2004 2477 sinamus,

425 2536 660 2593 quorum
690 2515 961 2572 utrumvis
993 2529 1210 2568 omnem
1244 2510 1619 2566 difficultatem
1661 2506 1825 2562 tollit.

514 2610 794 2682 Capitel7
818 2609 1094 2663 desiderat
1148 2605 1228 2659 vir
1269 2602 1626 2658 doctissimus
1678 2597 1734 2652 in
1783 2605 2007 2652 auctore

425 2706 780 2778 epistolarum
811 2717 932 2756 eam
957 2697 1317 2754 reverentiam
1357 2709 1479 2764 qua:
1501 2691 1701 2747 divinis
1723 2689 1878 2744 libris
1906 2688 2007 2742 de-

428 2799 617 2864 betur;
659 2810 767 2850 non
801 2792 948 2864 quod
986 2790 1154 2846 ullam
1196 2787 1255 2842 S.
1290 2785 1592 2857 Scriptura;
1618 2790 1828 2853 partem
1870 2779 2006 2833 irre-

431 2899 682 2946 verenter
719 2894 932 2951 tractet,
966 2884 1059 2939 sed
1088 2881 1235 2952 quod
1278 2897 1297 2932 ι
1321 2895 1383 2934 ex
1411 2875 1736 2947 apocryphis
1758 2872 2005 2943 quaedam

437 2981 680 3046 furetur,
735 2991 910 3047 eaque
954 2989 1054 3045 pro
1096 2973 1243 3028 veris
1281 2981 1336 3026 ct
1369 2967 1698 3024 indubitatis
1747 2973 1935 3035 ponat.
1981 2981 2001 3015 ι

430 3068 807 3133 lrrevereutia:
874 3065 1120 3136 exempla
1162 3064 1271 3118 duo
1316 3078 1384 3117 ex
1427 3059 1667 3131 spuriis,
1717 3070 1888 3112 unum
1937 3069 2004 3109 ex

431 3171 624 3219 nostra
669 3159 925 3231 proponit
982 3173 1050 3212 ex
1093 3155 1323 3226 epistola
1371 3153 1441 3208 ad
1482 3151 1831 3221 Smyrnaeos:
1883 3165 1902 3199 ι
1944 3144 2010 3200 Ει

431 3253 654 3325 quando
688 3252 755 3307 ad
796 3265 893 3306 eos
931 3251 1024 3320 qui
1077 3247 1223 3302 circa
1252 3245 1475 3301 Petrum
1505 3243 1686 3306 venit,
1735 3240 1812 3294 ait
1843 3238 2008 3309 ipsis:

433 3343 871 3416 Apprehendite,
916 3340 1132 3410 palpate
1168 3354 1287 3401 me,
1320 3345 1375 3390 et
1412 3334 1608 3398 videte,
1647 3333 1729 3385 ὅτι
1761 3329 1863 3383 οὒκ
1894 3329 2011 3398 ειμι

431 3435 708 3507 δαιμόνιον
778 3429 1093 3502 ἀσώματον,
1153 3446 1171 3480 ι
1247 3424 1599 3480 Protulerunt
1660 3422 1776 3476 haec
1847 3417 2010 3473 verba

431 3524 624 3594 lgnatii
653 3522 922 3578 Eusebius
941 3564 956 3588 ,
984 3519 1348 3584 Hieronymus
1367 3558 1382 3583 ,
1421 3514 1797 3570 Tbeodoretus
1828 3528 1842 3578 ;
1889 3509 2014 3564 nul-

435 3620 543 3675 lam
588 3627 771 3672 tamen
824 3614 880 3668 in
921 3613 1032 3668 ulla
1071 3626 1199 3681 erga
1249 3607 1307 3664 S.
1343 3609 1552 3663 litteras
1602 3603 2009 3660 irreverentiam

434 3715 720 3774 notarunt,
773 3705 909 3761 nihil
960 3705 1014 3758 in
1051 3704 1118 3758 iis
1153 3701 1333 3756 verbis
1374 3699 1726 3755 sanctissimo
1774 3704 2013 3766 martyre

437 3803 728 3871 indignum
758 3795 1020 3867 suspicati
1055 3802 1220 3861 sunt;
1262 3807 1363 3848 nos
1397 3807 1588 3846 eorum
1619 3789 1885 3860 judicium
1927 3804 2013 3843 se-

437 3894 677 3964 quimur.
709 3889 824 3943 lmo
852 3889 1006 3942 locus
1034 3884 1091 3940 S.
1109 3883 1426 3954 Hieronymi
1457 3881 1692 3936 maxime
1717 3879 2011 3943 notandus,

438 3986 533 4057 qui
573 3980 928 4052 Evangelium
975 3979 1079 4033 hac
1127 3985 1182 4033 et
1225 3975 1606 4046 S.lgnatium,
1646 3972 1811 4028 simul
1853 3970 2013 4042 quasi

441 4085 607 4132 testes
658 4073 844 4127 laudat
902 4071 997 4125 lib.
1048 4085 1108 4124 Ill
1175 4069 1426 4123 adversus
1489 4065 1861 4136 Pelagianos:
1900 4062 2010 4116 «In

440 4166 736 4237 Evangelia
772 4164 929 4235 juxta
965 4161 1254 4225 Hebraeos,
1291 4159 1435 4230 quod
1470 4158 1766 4214 Chaldaico
1791 4157 2012 4226 quidem

443 4259 691 4331 Syroque
736 4271 1011 4322 sermone,
1063 4256 1155 4310 sed
1182 4252 1468 4308 Hebraicis
1511 4250 1708 4305 litteris
1749 4249 2012 4318 scriptum

439 4363 542 4420 est,
572 4367 682 4421 quo
737 4357 968 4405 utuntur
1001 4362 1176 4417 usque
1218 4345 1378 4400 hodie
1400 4341 1687 4405 Nazareni,
1713 4341 2011 4395 secundum

442 4445 738 4516 apostolos,
785 4444 898 4498 sive
939 4450 998 4496 ut
1043 4440 1292 4511 plerique
1349 4445 1656 4501 autumant,
1687 4433 1842 4503 juxta
1884 4430 2014 4484 Mat-

443 4542 667 4602 thaaum,
700 4536 844 4608 quod
879 4542 933 4590 et
968 4534 1022 4588 in
1055 4530 1380 4588 Caesariensi
1409 4530 1638 4585 habetur
1656 4526 2012 4589 Bibliotheca,

443 4638 637 4687 narrat
665 4627 921 4694 historia,
960 4645 978 4677 ι
1017 4635 1122 4681 etc.
1155 4624 1421 4696 lgnatius,
1461 4623 1547 4678 vir
1583 4620 1915 4692 apostolicus
1960 4626 2016 4673 et

445 4730 675 4792 martyr,
711 4719 906 4775 scribit
934 4719 1229 4774 audacter:
1265 4715 1476 4787 iElegit
1503 4715 1766 4770 Dominus
1796 4722 2014 4783 aposto-

444 4817 530 4870 los
569 4813 664 4884 qui
712 4828 877 4883 super
922 4826 1116 4868 omnes
1158 4810 1414 4864 homines
1439 4818 1752 4879 peccatores
1775 4815 1950 4861 erant.
1991 4823 2008 4856 ι

443 4907 656 4976 Quibus
700 4905 1029 4961 testimoniis
1064 4905 1111 4959 si
1157 4919 1266 4957 non
1299 4902 1470 4957 uteris
1507 4901 1576 4955 ad
1612 4900 2013 4962 auctoritatem,

445 5012 598 5056 utere
645 5000 838 5054 saltem
875 4997 942 5052 ad
988 4996 1390 5066 antiquitatem,
1434 4992 1567 5063 quid
1614 5005 1806 5048 omnes
1844 4990 2019 5044 eccle-

443 5092 656 5150 siastici
689 5092 791 5146 viri
837 5089 1131 5146 senserint.
1166 5107 1184 5140 ι
1247 5086 1352 5142 Sed
1397 5085 1507 5140 illis
1547 5085 1721 5138 multo
1750 5081 2018 5136 oculatior

443 5196 528 5242 est
557 5185 811 5240 Dallmus.
852 5181 1054 5237 Habuit
1093 5182 1238 5236 enim
1281 5180 1396 5234 haec
1422 5178 1587 5233 verba
1629 5192 1697 5232 ex
1729 5175 2018 5246 Evangelia

417 5279 672 5334 ‘Hebraao
697 5319 711 5342 ,
755 5276 900 5346 quod
929 5274 1298 5346 apocryphum
1332 5279 1437 5326 est.
1481 5269 1766 5336 Fortasse;
1795 5269 1890 5324 sed
1914 5267 2019 5323 hoc

446 5371 625 5440 ipsum
684 5368 849 5424 habet
892 5366 1128 5421 Dallteus
1179 5380 1208 5419 a
1269 5362 1328 5418 S.
1355 5361 1710 5434 Hieronymo,
1767 5370 1821 5417 et
1871 5363 2019 5432 quod

447 5463 690 5528 lgnatius
747 5461 851 5515 ista
906 5474 973 5515 ex
1011 5457 1306 5528 Evangelia
1358 5455 1587 5511 Hebrma
1649 5455 1912 5520 hauserit,
1963 5463 2020 5509 et

447 5557 596 5625 quod
634 5555 767 5609 illud
790 5551 1144 5622 Evangelium
1171 5550 1243 5606 sit
1269 5547 1677 5620 apocryphum;
1717 5546 1811 5615 qui
1838 5554 2020 5600 tamen

448 5664 576 5703 cum
621 5657 915 5716 utrumque
954 5659 1146 5700 verum
1189 5651 1425 5713 putaret,
1475 5639 1640 5697 simul
1680 5640 1845 5694 etiam
1879 5639 2021 5695 hanc

455 5741 742 5810 epistolam
803 5738 908 5810 ipsi
970 5737 1177 5807 lgnatio
1234 5734 1476 5794 tribuere
1541 5748 1653 5790 non
1703 5731 2012 5788 verebatur.

2110 1873 2200 1928 alii
2235 1872 2289 1926 id
2313 1871 2579 1925 fecerunt.
2621 1867 2820 1922 Narrat
2861 1867 3007 1920 enim
3039 1865 3308 1919 Eusebius
3331 1862 3576 1932 Papiam,
3610 1861 3700 1915 uti

2107 1966 2229 2034 ejus
2279 1961 2590 2017 testimonia
2622 1975 2721 2030 pro
2747 1958 2979 2014 diversis
3011 1955 3070 2011 S.
3099 1956 3394 2024 Scriptura:
3425 1954 3600 2018 libris,
3633 1960 3700 2006 ut

2109 2057 2267 2120 solet,
2300 2053 2546 2119 adducit,
2585 2052 2746 2106 aliam
2783 2064 3004 2120 quoque
3041 2047 3367 2118 exposuisse
3399 2046 3698 2100 historiam

2108 2149 2176 2204 de
2222 2147 2474 2211 muliere,
2513 2159 2636 2214 quae
2678 2143 2978 2198 multorum
3019 2141 3313 2196 criminum
3360 2153 3544 2193 coram
3583 2136 3699 2190 Do-

2110 2244 2261 2295 mino
2303 2245 2558 2292 accusata
2598 2245 2702 2301 est,
2746 2235 2812 2305 ἢν
2845 2233 2906 2287 τὸ
2938 2231 3059 2288 καθ’
3118 2231 3399 2303 Ἐϐραίους
3444 2229 3699 2296 Εὐαγγέ-

2108 2332 2221 2386 λιον
2236 2331 2499 2404 περιέχει,
2529 2351 2547 2384 ε
2569 2344 2736 2399 quam
2752 2326 3104 2396 Evangelium
3119 2324 3417 2379 secundum
3434 2321 3700 2379 Hebreos

2117 2427 2380 2482 continet.
2422 2439 2444 2475 ι
2477 2422 2692 2492 Excipit
2738 2420 2998 2486 Dallaaus,
3031 2418 3253 2488 Papiam
3304 2417 3482 2471 virum
3516 2413 3697 2470 fuisse

2109 2516 2372 2571 mediocri
2405 2513 2647 2585 ingenia,
2691 2511 2914 2567 Eusebii
2951 2511 3182 2580 judicio.
3227 2507 3286 2562 Si
3327 2507 3461 2577 quid
3499 2515 3692 2560 autem

2108 2608 2330 2664 Eusebii
2377 2607 2645 2678 judicium
2694 2605 2957 2660 adversus
2997 2603 3220 2672 Papiam
3271 2602 3451 2667 valet,
3510 2614 3690 2669 quare

2107 2719 2210 2776 pro
2248 2702 2457 2775 Ignatio
2490 2700 2627 2755 nihil
2670 2697 2918 2754 valeret?
2952 2711 3078 2753 cum
3129 2697 3195 2751 de
3239 2694 3420 2765 Papiae
3465 2691 3693 2761 scriptis

2103 2797 2319 2868 judicat
2351 2793 2642 2860 Eusebius,
2682 2792 2802 2862 ejus
2846 2788 3174 2845 sententiam
3228 2785 3578 2855 amplectitur
3605 2782 3694 2835 vir

2108 2890 2493 2954 doctissimus;
2533 2902 2658 2941 cum
2689 2886 2755 2940 de
2784 2884 3031 2954 epistolis
3060 2879 3118 2936 S.
3140 2879 3330 2951 lgnatii
3360 2877 3689 2933 sententiam

2109 2984 2234 3048 fert,
2277 2991 2493 3046 errare,
2534 2978 2672 3043 labi,
2720 2977 2898 3046 decipi
2948 2991 3074 3031 eum
3127 2975 3295 3028 libere
3334 2972 3685 3042 pronuntiat.

2109 3074 2372 3142 Qnamam
2445 3071 2549 3126 erit
2592 3070 2891 3124 auctoritas
2934 3065 3125 3137 judicii
3175 3067 3295 3136 ejus
3352 3067 3404 3118 in
3435 3063 3690 3132 Papiam,

2111 3165 2206 3236 qui
2242 3173 2350 3218 tam
2385 3163 2615 3232 turpiter
2650 3161 2858 3230 lapsus,
2892 3168 3004 3213 tam
3042 3159 3301 3228 deceptus
3334 3171 3456 3212 esse
3485 3156 3696 3211 dicitur

2113 3255 2168 3308 in
2209 3253 2454 3325 lgnatia?
2481 3251 2785 3322 |Utcunque
2820 3249 2923 3315 sit,
2967 3264 3073 3303 non
3116 3249 3237 3304 ideo
3275 3247 3570 3302 mediocris
3605 3247 3695 3300 in-

2112 3347 2254 3414 genii
2282 3344 2639 3414 autPapiam,
2665 3349 2760 3396 aut
2779 3342 3030 3411 quemvis
3052 3340 3216 3394 alium
3241 3340 3377 3394 dixit
3395 3337 3692 3403 Eusebius,

2112 3435 2260 3506 quad
2296 3432 2627 3488 testimoniis
2655 3430 2921 3485 librorum
2957 3431 3391 3500 apocryphorum
3418 3436 3691 3483 uteretur:

2113 3526 2577 3598 quemadmodum
2639 3541 2743 3580 nec
2801 3523 2858 3580 S.
2910 3523 3178 3594 lgnatium
3248 3521 3480 3576 minoris
3535 3519 3692 3586 fecit,

2111 3622 2258 3692 quod
2298 3623 2463 3678 verba
2508 3623 2626 3678 hate
2663 3621 2823 3692 quasi
2867 3637 2899 3675 a
2931 3619 3163 3675 Domino
3196 3618 3340 3673 dicta
3380 3616 3696 3688 protulerit,

2113 3731 2239 3771 cum
2281 3716 2397 3785 ipse
2446 3715 2590 3770 unde
2632 3722 2852 3784 sumpta
2891 3725 3076 3768 essent
3123 3713 3283 3782 plane
3335 3711 3693 3781 ignoraverit.

2114 3805 2329 3876 Excipit
2360 3807 2601 3860 secundo
2629 3806 2757 3861 sciri
2793 3820 2901 3859 non
2927 3819 3107 3875 posse,
3139 3819 3206 3857 an
3236 3803 3424 3858 eadem
3456 3801 3700 3856 historia

2114 3900 2257 3970 apud
2314 3907 2534 3955 nostras
2579 3899 2948 3970 evangelistas
2997 3907 3192 3953 exstet.
3256 3895 3530 3950 Praeclara
3563 3910 3702 3950 vero

2112 3993 2420 4048 observatio
2449 3991 2690 4058 Eusebii,
2732 3991 2779 4046 si
2811 3991 3050 4047 dubitari
3081 3999 3286 4061 posset,
3311 4003 3380 4044 an
3417 4004 3481 4043 ea
3517 3979 3710 4042 bisto?

2114 4083 2218 4149 ria,
2265 4099 2429 4152 quam
2484 4083 2658 4152 tetigit
2707 4081 2928 4153 Papias,
2978 4083 3034 4136 in
3085 4082 3289 4137 nostris
3339 4081 3703 4150 evangelistis

2115 4172 2431 4228 exstiterit?
2480 4171 2788 4239 Quorsum,
2825 4186 3033 4242 quaeso,
3071 4172 3126 4225 in
3161 4171 3456 4242 Evangelia
3490 4186 3706 4226 secun-

2114 4264 2245 4317 dum
2277 4261 2535 4318 Hebrmos
2581 4263 2816 4317 inveniri
2845 4262 3073 4328 diceret,
3107 4262 3152 4316 si
3194 4262 3249 4315 in
3283 4261 3487 4316 nostris
3515 4276 3704 4331 appa—

2117 4356 2352 4411 ruisset?
2393 4356 2700 4426 praesertim
2740 4370 2807 4410 eo
2841 4356 2983 4422 loco,
3022 4372 3132 4426 qua
3170 4356 3484 4410 testimonia
3509 4355 3707 4425 Papiae

2043 4467 2088 4521 ι)
2117 4463 2216 4518 pro
2259 4448 2465 4502 nostris
2516 4447 2676 4500 libris
2706 4447 2965 4502 adducit?
3014 4446 3152 4512 Quis
3209 4447 3385 4501 nescit
3437 4447 3491 4500 in
3535 4462 3708 4503 more

2117 4539 2353 4610 positum
2399 4555 2520 4594 esse
2543 4539 2810 4606 Eusebio,
2856 4540 2948 4593 ubi
2981 4538 3048 4594 de
3081 4539 3354 4594 veteribus
3407 4541 3708 4610 scriptori-

2117 4632 2220 4686 bus
2253 4632 2386 4702 agit,
2418 4645 2560 4701 quos
2597 4631 2772 4684 libros
2811 4630 3111 4686 canonicos
3140 4631 3345 4696 citant,
3387 4647 3526 4700 quos
3562 4631 3703 4686 item

2118 4723 2483 4793 apocrypbos,
2518 4722 2788 4776 recitare?
2817 4720 3040 4792 Neque,
3077 4723 3293 4793 opinor,
3328 4739 3571 4793 unquam
3617 4724 3703 4778 illi

2119 4815 2175 4868 in
2208 4823 2444 4869 mentem
2487 4815 2658 4881 venit,
2693 4822 2753 4868 ut
2779 4829 2843 4868 ea
2881 4815 3000 4870 loca
3039 4825 3391 4880 memoraret,
3425 4831 3548 4886 quae
3577 4825 3702 4870 tum

2118 4905 2172 4958 in
2204 4905 2508 4971 canonicis,
2533 4915 2649 4960 tum
2690 4905 2746 4958 in
2780 4906 3107 4977 apocryphis
3142 4907 3467 4978 legerentur.
3501 4906 3560 4960 ln
3596 4923 3706 4961 no-

2119 4996 2248 5051 stris
2275 4995 2496 5065 quidem
2531 5011 2678 5050 nunc
2717 4997 2948 5051 habetur
2991 4998 3187 5052 mulier
3229 5009 3487 5054 accusata
3538 5000 3706 5054 adul-

2118 5087 2267 5154 terii;
2305 5087 2401 5142 sed
2433 5087 2524 5141 illa
2549 5088 2616 5142 de
2646 5103 2755 5158 qua
2791 5090 3014 5159 scripsit
3041 5089 3260 5158 Papias.
3292 5101 3410 5145 erat
3437 5091 3530 5143 ἐπὶ
3565 5093 3707 5146 πολ-

2118 5177 2236 5241 λαῖς
2268 5177 2563 5250 ἁμαρτίαις
2593 5178 2942 5251 διαὸληθείσα
2995 5199 3014 5232 ι
3052 5182 3347 5235 multorum
3398 5184 3702 5238 criminum

2119 5279 2411 5338 accusata,
2447 5289 2466 5321 ι
2525 5281 2582 5324 et
2615 5271 2749 5340 quid
2791 5281 3054 5341 praeterea
3109 5273 3178 5327 de
3217 5289 3281 5328 ea
3326 5275 3556 5330 muliere
3601 5289 3706 5331 aut

2119 5378 2150 5416 a
2173 5361 2361 5432 Papia,
2397 5372 2492 5416 aut
2532 5363 2586 5416 in
2620 5363 2914 5435 Evangelia
2944 5365 3245 5420 secundum
3270 5365 3527 5424 Hebraeos
3556 5370 3704 5424 scri-

2119 5462 2272 5522 ptum
2303 5465 2406 5516 est,
2452 5469 2681 5524 prorsus
2731 5457 3034 5527 ignoratur.
3088 5457 3312 5514 Grotius
3346 5461 3568 5529 quidem
3603 5460 3703 5515 Hi-

2121 5547 2347 5600 storiam
2408 5547 2462 5600 in
2521 5546 2579 5601 S.
2618 5545 2831 5604 Joanne
2881 5558 3157 5618 repertam
3215 5551 3272 5605 in
3310 5549 3701 5609 Nazaraeorum

2122 5635 2350 5692 Hebrzeo
2392 5637 2593 5706 fuisse,
2637 5642 2771 5697 satis
2804 5657 2870 5696 ex
2895 5639 3224 5714 Hieronymo
3261 5654 3518 5700 constare
3553 5662 3703 5702 asse.-

2122 5732 2226 5801 rit;
2263 5734 2356 5790 sed
2394 5751 2456 5789 ex
2491 5751 2600 5805 quo
2629 5734 2945 5809 Hieronymi
2977 5738 3118 5794 libro
3164 5739 3270 5795 ista
3301 5740 3568 5810 hauserit,
3596 5757 3701 5810 ego
