3848 6204
127 338 222 391 36!

880 343 930 397 J.
963 344 1340 402 PEARSONII
1381 347 1705 408 YlNDlCl/E
1742 337 2165 413 lGNATlANAZ.
2209 390 2278 400 --
2309 361 2492 420 PARS
2526 364 2591 422 ll.

3301 381 3412 439 56!

122 458 373 512 nondum
415 459 602 515 didici.
662 461 850 533 Neque
897 482 1030 522 vero
1065 471 1422 538 quaerendum
1472 484 1559 530 est
1595 492 1667 545 qu

122 550 280 570 ____._
617 552 654 570 η
732 549 752 566 .-
982 569 987 570 ,
1208 562 1258 570 .-
1371 565 1432 570 --

1782 494 1980 547 agens
2011 481 2125 536 ait:
2156 484 2302 554 Πλὴν
2352 487 2435 538 ὅτι
2479 490 2620 559 ρητὰ
2670 509 2792 545 τινα
2835 493 2910 557 ὡς
2959 497 3066 549 ἀπὸ
3114 499 3212 570 τῆς
3259 500 3411 567 θείας

122 550 286 604 modo
325 567 463 606 usus
503 563 587 607 est
614 549 833 624 Papias,
873 569 1162 628 postquam
1206 562 1259 616 id
1305 565 1434 618 sciri
1467 582 1578 622 non
1611 584 1709 638 po—

123 651 260 707 test;
321 643 650 714 simpliciter
707 647 964 705 observat
1022 651 1328 721 Eusebius,
1388 659 1542 714 illum
1605 663 1708 717 hoc

117 731 421 804 Evangelia
451 739 622 793 semel
658 756 815 794 usum
849 757 992 807 esse,
1023 755 1080 798 ut
1107 744 1471 818 Hegesippum
1507 755 1705 822 saepius

114 826 298 896 aliqua
355 830 653 897 protulisse
697 833 762 884 ὲκ
807 833 901 886 τοῦ
948 835 1069 888 καθ’
1132 838 1416 910 Ἐϐραίους
1456 844 1704 915 Εὐαγγε-

111 919 247 985 lio-.1,
283 922 383 976 lib.
419 939 498 989 IV,
543 924 712 979 c.22.
759 924 863 980 Sed
911 928 955 981 si
990 927 1195 999 Papias
1252 931 1467 1004 lgnatio
1516 937 1705 1007 junior

109 1015 180 1068 sit
220 1024 276 1068 et
325 1015 535 1086 ingenii
602 1017 1006 1089 imbecillioris,
1041 1023 1294 1080 Clemens
1327 1027 1609 1085 Romanus
1651 1033 1729 1084 et

106 1108 322 1180 Ignatio
353 1113 639 1182 antiquior
668 1123 722 1168 et
753 1117 935 1186 magni
961 1133 1177 1187 semper
1205 1120 1446 1188 habitus,
1477 1138 1586 1177 non
1614 1139 1698 1177 se-

103 1202 212 1254 mel
259 1203 555 1274 peregrina
583 1206 848 1271 advocat,
881 1223 1002 1278 quae
1034 1211 1176 1264 unde
1201 1219 1415 1282 sumpta
1444 1222 1572 1268 sunt
1599 1230 1701 1270 nos

101 1309 212 1346 non
236 1295 429 1348 minus
444 1297 746 1366 nescimus,
769 1315 932 1370 quam
949 1299 1218 1358 Eusebius
1243 1307 1382 1360 unde
1404 1306 1534 1360 illud
1552 1306 1703 1378 lgna-

101 1386 316 1441 tianum
370 1392 682 1446 manaverit
740 1392 1031 1464 ignoravit.
1091 1393 1228 1449 Nam
1276 1398 1444 1464 unde,
1487 1416 1696 1469 quzeso,

99 1478 190 1533 illa
217 1481 394 1536 verba
427 1482 633 1556 Moysis
665 1496 881 1556 sumpta
914 1497 1076 1543 sunt:
1118 1489 1261 1556 Ἐγὼ
1292 1491 1349 1544 δὲ
1383 1495 1428 1546 εἰ

95 1572 204 1625 ἀπὸ
237 1573 459 1646 κύθρας
496 1577 578 1645 (ut
611 1594 742 1644 ms.,
772 1595 878 1634 non
916 1581 1165 1653 χύτρας).
1201 1583 1280 1638 Ex
1314 1585 1584 1643 Hebraico
1605 1604 1698 1645 eoo

94 1664 214 1719 dice
261 1665 388 1746 haec
429 1667 635 1723 alicubi
680 1671 800 1727 erui
847 1687 1046 1741 posse,
1080 1676 1240 1730 docte
1280 1678 1478 1746 probat
1513 1678 1696 1735 Fellus

95 1772 321 1826 noster;
357 1745 456 1816 scd
487 1760 708 1833 Moysen
734 1779 797 1818 ea
822 1765 984 1819 verba
1024 1782 1322 1837 usurpasse
1358 1771 1417 1824 in
1460 1770 1517 1826 S.
1548 1771 1696 1828 Scri-

1813 569 2039 642 Γραφῆς
2089 574 2364 639 ξενίζοντα
2407 581 2765 650 παρεισάγει·
2818 579 2893 638 ὧν
2933 588 3042 640 οὐδ’
3088 591 3120 660 ἡ
3165 594 3408 666 πρττέρα

1813 659 2110 732 ἐξήλλακτο
2143 668 2442 732 παντελῶς.
2482 671 2626 728 «Etsi
2654 675 2799 730 dicta
2823 681 3071 748 quaedam
3097 659 3404 756 peregrina,

1811 756 1957 808 velut
1979 771 2008 810 e
2028 767 2216 812 sancta
2241 761 2521 831 Scriptura
2545 767 2859 826 subinducit
2880 790 2896 826 :
2917 774 3118 842 quibus
3147 794 3214 833 ne
3229 782 3404 849 prima

1808 847 2027 916 quidem
2063 852 2293 920 epistola
2326 855 2543 923 penitus
2573 869 2748 916 vacat.
2775 881 2794 914 ι
2836 862 3064 923 Photius
3098 847 3282 941 itaque
3305 874 3404 928 ob-

1810 941 2066 996 servabat
2105 946 2369 1001 nonnulla
2396 953 2704 1022 peregrina,
2741 956 2855 1013 sive
2902 964 3248 1034 apocrypha,
3296 969 3401 1025 sub
3492 982 3497 990 '

1806 1046 2088 1090 sacrarum
2112 1037 2415 1094 litterarum
2432 1047 2654 1101 nomine
2677 1049 2730 1101 in
2753 1050 3129 1113 ea'Clementis
3145 1061 3398 1132 epistola,

1805 1139 1970 1194 quam
1994 1127 2111 1196 ipse
2140 1129 2270 1185 alibi
2288 1132 2564 1204 ἀξιόλογον
2593 1143 2980 1212 appellaverat,
3001 1157 3054 1202 et
3077 1127 3294 1220 publice
3313 1127 3397 1212 1οεί

1803 1228 1944 1272 ctam
1973 1235 2292 1292 agnoverat,
2322 1229 2613 1284 contineri.
2646 1233 2725 1288 Ac
2754 1241 3104 1297 temerarium
3144 1247 3305 1314 plane
3343 1259 3398 1306 et

1802 1313 2171 1381 periculosum
2194 1333 2318 1375 esse
2354 1322 2421 1375 de
2455 1325 2784 1396 antiquitate
2819 1341 2914 1387 aut
2941 1313 3173 1394 veritate
3200 1343 3393 1413 scripti

1800 1403 2035 1474 alicujus
2051 1423 2115 1462 ex
2139 1414 2580 1483 apocryphorum
2613 1419 2876 1478 citatione
2899 1426 3153 1487 dubitare
3171 1475 3186 1500 ,
3209 1403 3397 1491 osten-

1800 1495 1937 1552 dunt
1963 1501 2055 1554 illa
2087 1500 2407 1576 Hieronymi
2436 1508 2486 1562 in
2510 1509 2808 1586 Catalogo:
2839 1533 2857 1568 α
2888 1517 3079 1589 Judas,
3110 1495 3279 1583 frater
3302 1528 3398 1584 εἰει-ι

1800 1589 1946 1657 cobi,
1965 1607 2190 1661 parvam
2219 1597 2440 1666 quidem
2458 1641 2474 1666 ,
2503 1618 2628 1672 quae
2654 1606 2720 1661 de
2743 1618 2949 1678 septem
2981 1616 3267 1674 catholicis
3284 1633 3389 1688 est,

1798 1683 2082 1752 epistolam
2113 1689 2348 1760 reliquit.
2369 1691 2436 1748 Et
2463 1697 2590 1765 quia
2615 1698 2682 1754 de
2704 1701 2846 1757 libro
2873 1703 3118 1772 Henoeh.
3145 1713 3237 1780 qui
3261 1683 3395 1784 apo;-

1798 1782 2037 1847 cryphus
2058 1790 2165 1845 est,
2195 1783 2249 1836 in
2280 1798 2344 1838 ea
2373 1790 2606 1842 assumit
2633 1792 3026 1865 testimonium,
3058 1817 3088 1855 a
3113 1782 3392 1876 plerisque

95 1863 254 1921 ptura
313 1868 434 1908 non
485 1855 705 1926 legitur.
762 1854 918 1912 Unde
973 1861 1139 1914 etiam
1193 1861 1329 1915 illa:
1375 1863 1692 1935 Γέγραπται
1726 1849 1768 1904 Β
1799 1868 2063 1937 rejicit‘ur.
2096 1871 2300 1928 Tamen
2334 1879 2716 1937 auctoritatem
2757 1849 3158 1963 vetustatejain
3198 1908 3254 1952 et
3283 1849 3392 1958 iisu

95 1947 196 2017 γάρ
221 1963 236 1976 ·
270 1948 561 2003 Κολλᾶσθε
590 1953 701 2016 τοῖς
726 1952 922 2022 ἁγίοις,
947 1956 1030 2008 ὅτι
1063 1957 1112 2009 οἱ
1147 1956 1480 2030 κολλώμενοι
1513 1961 1696 2025 αὐτοῖς

92 2040 550 2111 ἁγιασθήσονται.
622 2062 642 2094 ‹
681 2045 962 2116 Scriptum
1019 2057 1104 2103 est
1156 2050 1303 2104 enim
1349 2069 1362 2104 :
1409 2053 1695 2108 Adhaarete

91 2132 318 2198 sanctis,
357 2135 494 2204 quia
523 2137 617 2206 qui
652 2138 762 2192 illis
792 2140 1072 2195 adhaerent
1119 2143 1647 2199 sanetiticabuntur?
1670 2167 1687 2197 ι

89 2222 219 2277 Nam
291 2242 424 2296 qua:
480 2239 793 2298 sequuntur
831 2251 843 2286 :
890 2233 999 2285 Kal.
1034 2233 1198 2288 πάλιν
1231 2237 1291 2289 ὲν
1324 2237 1499 2308 ἑτέρῳ
1541 2237 1692 2308 τόπῳ

87 2318 227 2386 λέγει
267 2335 282 2370 :
327 2321 499 2374 Μετὰ
530 2323 752 2393 ἀνδρὸς
797 2326 990 2380 ἀθώου
1021 2326 1215 2394 ἀθῶος
1247 2330 1362 2399 ἔσῃ
1410 2329 1533 2400 (καὶ
1561 2334 1690 2399 μετ’

87 2410 392 2467 ﬁmum“)
425 2413 716 2484 ἐκλεκτὸς
746 2421 884 2488 ἔσῃ,
921 2431 978 2475 ut
999 2421 1164 2476 habet
1185 2421 1354 2476 codex
1390 2422 1543 2494 ms.),
1590 2425 1688 2479 καὶ

85 2503 231 2568 μετὰ
254 2507 568 2572 στρεϐλοῦ
592 2507 996 2580 διαστρέψεις.
1031 2512 1131 2568 «Et
1151 2530 1346 2570 rursus
1365 2515 1417 2569 in
1437 2515 1546 2571 alio
1565 2517 1688 2571 loco

86 2598 152 2649 ait
183 2615 197 2650 :
244 2595 392 2652 Cum
426 2600 541 2654 viro
570 2603 846 2658 innocente
867 2607 1115 2661 innocens
1147 2609 1273 2672 eris,
1298 2617 1347 2662 et
1378 2624 1497 2661 cum
1525 2609 1687 2663 electo

84 2688 273 2742 electus
313 2692 452 2755 eris,
490 2702 540 2746 et
578 2709 697 2746 cum
736 2709 977 2763 perverso
1019 2698 1350 2766 pervertet-is,
1388 2717 1406 2749 ι
1461 2699 1684 2753 tetidem

85 2781 260 2835 verbis
319 2782 381 2836 iu
411 2784 633 2852 psalmo-
664 2802 778 2840 xvu
810 2787 1086 2857 leguntur.
1115 2786 1272 2843 Unde
1312 2805 1443 2843 vero
1473 2799 1527 2844 et
1555 2791 1678 2844 illa:

84 2871 277 2944 Πὸῥρω
313 2874 563 2942 γενέσθω
591 2877 680 2945 ἀφ’
708 2877 866 2949 ἡμῶν
896 2881 929 2950 ἡ
954 2879 1145 2953 Γραφὴ
1178 2881 1318 2952 αὕτη
1341 2883 1477 2935 ὅπου
1509 2883 1678 2951 λέγει·

83 2965 442 3038 Τιλαίπωροί
468 2970 608 3023 εἰσιν
634 2973 681 3024 οἱ
701 2971 914 3044 δίψυχοι
939 2975 986 3026 οι
1009 2974 1348 3039 διστάζοντες
1369 2976 1466 3047 τὴν
1480 2975 1678 3047 ψυχὴν,

81 3063 120 3112 οἱ
177 3061 480 3130 λέγοντες,
536 3063 722 3118 Ταῦτα
789 3067 1105 3138 ἠκούσαμεν
1166 3068 1274 3122 ἀπὸ
1343 3068 1482 3140 (ms.
1550 3070 1678 3142 ἐπὶ)

83 3155 176 3205 τῶν
228 3155 501 3227 πατέρων
551 3157 742 3228 ἡμῶν,
793 3160 886 3214 καὶ
941 3161 1049 3214 ἰδοὺ
1101 3162 1526 3233 γεγηράκαμεν,
1583 3163 1677 3216 καὶ

81 3247 222 3300 ﬁsa
264 3250 412 3319 ἡμῖν
467 3248 673 3303 τούτων
725 3251 1088 3324 συμϐέϐηκεν.
1153 3273 1170 3304 ι
1203 3253 1386 3322 Longe
1440 3269 1469 3308 a
1514 3254 1673 3310 nobis

82 3340 214 3396 absit
267 3340 568 3412 Scriptura
627 3343 743 3409 illa,
802 3346 896 3400 ubi
950 3345 1084 3401 dicit
1117 3364 1130 3400 :
1161 3345 1346 3400 Miseri
1397 3353 1526 3401 sunt
1577 3348 1671 3416 qui

81 3435 256 3489 animo
311 3436 530 3505 duplici
579 3447 708 3492 sunt
765 3447 820 3493 et
875 3439 1243 3504 inconstanti,
1289 3441 1383 3510 qui
1434 3441 1664 3496 dicunt:

81 3525 192 3580 [hec
237 3536 410 3582 artato
441 3539 662 3598 patrum
715 3539 1037 3586 nostrorum
1070 3533 1405 3600 audivimus,
1450 3542 1505 3589 et
1543 3550 1672 3591 ecce

81 3621 511 3685 consenuimus,
551 3632 606 3677 et
647 3623 784 3678 nihil
828 3626 1028 3680 horum
1071 3627 1234 3681 nobis
1265 3627 1504 3682 accidit?
1535 3649 1554 3679 ι
1611 3627 1668 3683 lu

79 3714 314 3767 secunda
376 3713 678 3772 Clementis
741 3718 972 3787 epistola
1031 3719 1148 3774 haec
1206 3720 1274 3774 ad
1331 3721 1670 3792 προφητικὸν

76 3804 221 3875 λόγον
265 3807 614 3876 referuntur,
656 3818 710 3865 et
736 3825 804 3863 ex
831 3811 1120 3866 occasione
1147 3813 1300 3866 vocis
1332 3811 1669 3884 ταλαίπωροι

75 3900 436 3965 praecedentis
467 3901 836 3967 adducuntur,
868 3914 926 3958 ut
955 3906 1009 3957 in
1036 3905 1207 3974 priori
1235 3921 1301 3960 ex
1333 3907 1669 3976 praecedente

75 3993 304 4058 monitu,
344 3993 421 4064 μὴ
457 3993 792 4066 διψυχῶμεν.
831 3995 897 4050 Ει
932 3997 977 4051 si
1011 3999 1244 4066 primam
1283 3999 1569 4069 epistolam
1600 4016 1668 4055 ex

75 4087 311 4140 secunda
348 4086 704 4156 interpretari
756 4088 940 4153 liceat,
973 4090 1138 4143 etiam
1175 4092 1340 4145 verba
1381 4093 1668 4162 sequentia

73 4173 372 4232 Clementis
414 4194 528 4231 non
575 4189 757 4245 erunt,
808 4181 902 4234 sed
950 4197 1015 4234 ex
1063 4183 1257 4236 eodem
1306 4193 1530 4239 auctore
1568 4184 1665 4239 de-

73 4283 308 4342 sumpta.
351 4268 425 4324 Ὦ
461 4273 703 4343 ἀνόητοι,
742 4274 1080 4344 συμϐάλλετε
1115 4277 1344 4340 ἑαυτοὺς
1377 4277 1538 4349 ξύλῳ,
1574 4278 1668 4332 λά-

74 4364 185 4417 ϐετε
217 4365 477 4436 ἄμπελον
496 4383 508 4395 ⁸
533 4366 747 4436 πρῶτον
784 4367 882 4437 μὲν
915 4367 1252 4439 φυλλορροεῖ,
1287 4367 1406 4424 εἶτα
1442 4371 1667 4441 βλαστὸς

71 4461 296 4525 γὶνεται,
349 4456 474 4513 εἶτα
529 4459 744 4529 φύλλον,
797 4456 915 4513 εἶτα
964 4461 1144 4526 ἄνθος,
1195 4464 1286 4515 καὶ
1324 4463 1462 4533 μετὰ
1493 4463 1666 4517 ταῦτα

1799 1961 2019 2028 meruit,
2055 1971 2109 2017 et
2155 1964 2300 2020 inter
2343 1979 2564 2027 sanctas
2609 1972 2924 2045 Scripturas
2955 1961 3326 2055 computatur.
3360 2010 3384 2047 ι

1869 2051 2138 2110 Praaterea
2185 2058 2382 2115 iterum
2430 2063 2833 2125 observandum
2865 2083 2970 2139 est,
3011 2051 3158 2146 quod
3187 2082 3255 2136 de
3284 2085 3390 2142 hac

1795 2161 1856 2200 re
1890 2148 2116 2216 scripsit
2153 2148 2374 2208 lsaacus
2411 2155 2772 2218 Casaubonus
2807 2179 2821 2215 :
2878 2183 2897 2216 ‹
2921 2165 3230 2232 Quinetiam
3273 2175 3388 2232 for-

1795 2249 1944 2294 tasse
1977 2242 2183 2308 verius,
2217 2261 2325 2301 non
2373 2264 2438 2302 ex
2470 2249 2769 2324 Evangelio
2818 2255 3086 2318 Hebraico
3114 2265 3382 2337 lgnatium

1794 2331 1885 2385 illa
1912 2333 2074 2389 verba
2099 2336 2478 2408 descripsisse,
2507 2359 2696 2401 verum
2732 2351 3083 2410 traditionem
3116 2331 3384 2430 allegasse

1766 2439 1903 2478 non
1938 2427 2222 2496 scriptam,
2250 2447 2374 2500 quae
2406 2444 2598 2503 postea
2636 2438 2689 2492 in
2737 2441 2950 2500 litteras
2981 2446 3146 2504 fuerit
3186 2427 3379 2518 relata,

1789 2527 1846 2571 et
1886 2517 2158 2576 Hebraieo
2201 2523 2519 2597 Evangelio,
2561 2533 2707 2600 quod
2735 2534 2992 2594 Matthaao
3043 2543 3378 2613 tribuebant,

1793 2609 2020 2666 inserta.
2061 2631 2079 2663 ι
2141 2612 2208 2668 Ει
2239 2615 2346 2671 hoc
2375 2621 2597 2687 quidem
2641 2625 2817 2681 multo
2855 2630 2991 2684 mihi
3021 2609 3378 2694 verisimilius

1790 2702 2025 2758 videtur.
2073 2704 2208 2760 Nam
2253 2709 2381 2765 licet
2407 2711 2777 2786 Hieronymus
2820 2723 3198 2782 testimonium
3242 2729 3378 2786 illud

1786 2808 1852 2847 ex
1877 2809 1942 2850 eo
1966 2795 2264 2868 Evangelio
2290 2803 2520 2871 petitum
2561 2823 2683 2863 esse
2713 2812 2934 2882 dixerit,
2976 2826 3158 2874 tamen
3193 2820 3371 2878 Euse-

1786 2883 1912 2940 bius
1947 2889 2092 2942 unde
2140 2890 2274 2946 illud
2308 2893 2568 2952 habuerit
2604 2903 2819 2958 nescire
2863 2921 2922 2961 se
2954 2909 3240 2978 professus
3268 2926 3371 2982 est,

1785 2992 1911 3031 cum
1961 2987 2141 3036 tamen
2193 2982 2312 3052 ipse
2355 2985 2713 3062 Evangelium
2768 3005 3070 3056 secundum
3115 3003 3394 3070 llebraaos,

1785 3068 1990 3137 Optime
2033 3075 2298 3132 novisset.
2341 3076 2410 3133 Et
2439 3081 2664 3150 quidem
2707 3099 2878 3145 recte.
2910 3090 3046 3147 Nam
3085 3095 3175 3150 illa
3205 3101 3370 3156 verba

1785 3174 1894 3214 non
1941 3160 1995 3215 in
2025 3179 2092 3219 eo
2124 3173 2338 3224 tantum
2370 3169 2669 3244 Evangelio
2708 3183 3142 3250 reperiebantur,
3190 3193 3282 3246 sed
3315 3204 3370 3250 et

1779 3251 1834 3305 in
1868 3252 1991 3309 aliis
2030 3254 2202 3325 libris,
2238 3269 2298 3314 ut
2337 3262 2391 3316 in
2440 3264 2564 3333 illo,
2597 3269 2692 3338 qui
2735 3271 2992 3331 Doctrina
3027 3278 3173 3335 Petri
3217 3283 3368 3341 dice-

1776 3341 1956 3398 batur.
2007 3345 2270 3419 Origenes
2310 3354 2445 3426 Περὶ
2479 3356 2665 3430 ἀρχῶν
2699 3363 2793 3420 lib.
2826 3383 2881 3422 ιτ
2928 3389 2946 3421 ‹
2979 3371 3036 3425 Si
3079 3389 3208 3429 vero
3243 3377 3371 3447 quis

1775 3435 2091 3530 velitnobis
2117 3443 2364 3511 proferre
2395 3464 2460 3504 ex
2493 3452 2586 3507 illo
2616 3455 2799 3514 libello
2826 3463 2918 3530 qui
2944 3462 3095 3519 Petri
3107 3435 3368 3526 Doctrina

1774 3527 2100 3598 appellatur,
2147 3533 2237 3588 ubi
2273 3535 2525 3595 Salvator
2563 3545 2780 3602 videtur
2822 3527 2889 3606 ad
2934 3554 3236 3628 discipulos
3276 3562 3363 3616 di—

1772 3633 1917 3684 cere,
1946 3623 2092 3690 quod
2123 3640 2234 3680 non
2269 3628 2341 3683 sit
2370 3630 2702 3692 daemonium
2746 3623 3155 3717 incorporeum,
3186 3659 3365 3722 primo

1772 3716 2211 3782 respondendum
2241 3731 2324 3778 est
2345 3725 2416 3789 ei,
2446 3730 2709 3796 quoniam
2744 3735 2833 3790 ille
2857 3738 2994 3794 liber
3021 3742 3163 3799 inter
3194 3747 3362 3804 libros

1771 3805 2180 3866 ecclesiasticos
2227 3830 2338 3875 non
2401 3818 2653 3876 habetur.
2685 3845 2705 3876 ι
2765 3827 2934 3884 Multa
2987 3850 3120 3891 sane
3153 3837 3360 3896 Christi

1769 3897 1915 3952 dicta
1955 3900 2010 3954 in
2056 3917 2151 3958 ore
2193 3909 2693 3969 vetustissimorum
2738 3917 3183 3984 Christianorum
3242 3932 3361 3989 fue-

1769 3998 1920 4057 runt,
1966 4007 2090 4062 qua:
2133 3995 2188 4049 in
2227 3996 2542 4071 Evangeliis
2587 4010 2794 4065 nostris
2835 4028 2944 4069 non
2989 4021 3355 4093 reperiuntur,

1769 4099 1949 4154 neque
1985 4087 2039 4142 in
2071 4089 2195 4147 aliis
2225 4092 2353 4148 ullis
2389 4094 2626 4154 fortasse
2670 4117 2916 4174 unquam
2960 4087 3162 4183 scripta
3205 4127 3354 4173 sunt.

1768 4175 1941 4242 Quale
1969 4189 2085 4235 erat
2116 4183 2248 4237 illud
2282 4204 2295 4239 :
2323 4187 2542 4243 Γίνεσθε
2575 4191 2786 4265 δόκιμοι
2827 4175 3171 4275 τραπεζίται,
3209 4213 3355 4280 quod

1769 4285 1800 4322 a
1836 4271 2025 4328 multis
2058 4283 2302 4331 veterum
2346 4289 2608 4352 tanquam
2652 4288 2857 4347 Christi
2915 4271 3266 4368 mandatum,
3300 4318 3355 4360 et

70 4551 266 4620 ὂμςδαξ,
304 4547 430 4604 εἶτα
467 4552 710 4622 σταφυλὴ
747 4556 1148 4624 παρεστηκυῖα.
1193 4573 1216 4604 ‹
1248 4551 1292 4606 Ο
1321 4553 1480 4620 fatui,
1512 4570 1663 4609 com—

1782 4565 1876 4612 .ur,
1915 4566 2015 4605 nec
2044 4560 2224 4608 tamen
2269 4557 2322 4610 in
2352 4561 2557 4614 nostris
2596 4566 2879 4624 codicibus
2927 4575 3214 4643 reperitur,
3250 4596 3352 4637 nec

70 4652 253 4709 parate
283 4658 388 4696 vos
426 4643 644 4709 arbari,
683 4644 837 4697 vitim
879 4646 1113 4711 sumite;
1163 4647 1401 4714 primum
1440 4646 1659 4716 quidem

71 4733 469 4798 deireudescit,
516 4750 742 4806 germen
787 4745 976 4805 postea
1015 4737 1278 4806 pullulat,
1326 4736 1518 4791 folium
1563 4739 1662 4794 de-

70 4826 214 4894 inde,
255 4838 377 4882 tum
421 4827 546 4894 tios,
591 4837 647 4882 et
689 4839 809 4898 post
855 4829 972 4883 haec
1024 4846 1125 4884 uva
1169 4831 1395 4896 acerba,
1441 4832 1658 4886 demum

73 4934 171 4972 uva
224 4929 471 4974 matura.
502 4939 519 4971 ι
576 4919 712 4975 Nam
752 4921 807 4974 in
846 4923 1073 4990 epistola
1113 4924 1352 4977 secunda
1396 4924 1511 4977 haec
1552 4923 1661 4978 illis

72 5014 384 5068 subdantur
424 5033 438 5068 :
485 5014 642 5067 Οὕτω
719 5015 814 5068 καὶ
865 5018 892 5068 ὁ
926 5015 1054 5078 λαός
1100 5033 1200 5085 μου
1250 5017 1660 5079 ἀκαταστασίας

74 5108 162 5157 καὶ
209 5106 424 5176 θλίψεις
470 5106 658 5178 ἔσχεν,
719 5107 909 5161 ἔπειτα
961 5107 1298 5179 ἀπολήψεται
1350 5108 1417 5161 τὰ
1455 5108 1654 5176 ἀγαθά.

79 5216 95 5247 ι
131 5197 207 5251 Ita
239 5204 409 5254 etiam
455 5200 692 5270 populus
738 5216 896 5255 meus
930 5201 1228 5256 seditiones
1256 5211 1310 5256 et
1341 5201 1659 5257 atilictiones

76 5288 278 5354 habuit,
327 5301 520 5358 postea
567 5290 793 5360 recipiet
839 5307 902 5345 ea
946 5307 1069 5361 quae
1101 5293 1242 5347 bona
1276 5303 1422 5347 sunt.
1450 5292 1476 5346 ἰ
1525 5293 1659 5360 Quae

74 5393 194 5432 cum
229 5389 499 5451 tanquam
531 5397 598 5435 ex
627 5384 890 5452 propheta
927 5384 1268 5450 adduxisset,
1306 5401 1438 5440 suos
1468 5388 1654 5441 statim

75 5471 250 5526 verbis
289 5473 408 5527 suis
443 5473 782 5542 alloquitur:
815 5476 1013 5541 Ὥστε,
1050 5477 1268 5548 ἀδελφοί
1306 5495 1428 5549 μου,
1469 5479 1542 5549 μὴ
1574 5479 1654 5531 δι-

73 5561 351 5633 ςθυχᾶμεν.
394 5582 413 5615 ‹
445 5563 656 5630 Quare,
699 5565 898 5622 fratres
937 5569 1061 5633 mei,
1103 5585 1170 5624 ne
1208 5570 1376 5623 animi
1419 5570 1654 5639 duplicis

75 5655 263 5710 simus.
303 5675 321 5706 ι
360 5656 658 5724 Uteunque
701 5673 760 5711 se
800 5675 889 5714 res
925 5659 1142 5725 habeat,
1195 5677 1304 5714 non
1355 5677 1455 5715 nos
1492 5662 1651 5730 primi

76 5746 190 5800 haec
239 5749 595 5812 notavimus;
652 5747 875 5806 Photius
930 5753 1047 5822 ipse
1099 5754 1279 5822 aliqua
1339 5754 1650 5824 bujusmodi

1768 4658 1798 4696 a
1827 4641 2083 4700 Patribus
2118 4661 2182 4700 ex
2212 4651 2492 4718 parabolis
2520 4653 2727 4712 Christi
2769 4641 3056 4720 collectum
3088 4641 3348 4736 est,icum

1765 4735 1929 4788 etiam
1978 4736 2219 4794 haeretici
2272 4742 2404 4798 illud
2450 4758 2816 4820 usurparent,
2872 4759 3180 4826 etquidem
3223 4776 3351 4821 ante

1765 4826 2088 4897 catholicos,
2121 4842 2181 4885 ut
2219 4844 2437 4892 constat
2463 4854 2530 4892 ex
2558 4840 2745 4910 Apelle
2779 4848 2920 4914 apud
2954 4847 3344 4921 Epiphanium.

1763 4917 1918 4986 Apud
1966 4918 2274 4978 Barnabam
2318 4927 2434 4982 inec
2468 4929 2724 4999 leguntur
2752 4953 2764 4987 :
2794 4935 2968 4992 «Nihil
3000 4917 3169 4998 enim
3213 4963 3346 5016 pro-

1763 5009 1902 5065 derit
1942 5013 2100 5069 nobis
2145 5031 2308 5072 omne
2342 5029 2557 5090 tempus
2601 5026 2724 5080 vitae
2773 5036 2975 5086 nostrae
3027 5042 3082 5088 et
3124 5009 3270 5103 ﬁdei,
3298 5042 3346 5094 si

1764 5118 1868 5156 non
1902 5106 2066 5183 modo
2091 5104 2231 5178 [lege
2269 5109 2426 5182 odio]
2463 5111 2711 5184 iniquum
2744 5126 2797 5172 et
2837 5119 3053 5178 futuras
3086 5131 3344 5184 tentatio-

1763 5213 1859 5252 nes
1891 5198 2210 5255 habeamus.
2250 5202 2406 5258 Sicut
2433 5206 2565 5261 dicit
2589 5207 2760 5264 Filius
2787 5210 2880 5266 Dei
2910 5231 2922 5265 :
2955 5234 2973 5266 ι
3000 5215 3341 5279 Resistamus

1760 5290 1907 5343 omni
1934 5291 2229 5361 iniquitati,
2247 5304 2299 5350 et
2323 5298 2449 5352 odio
2479 5299 2779 5358 habeamus
2806 5319 2985 5361 eam.»
3005 5307 3127 5365 Haec
3157 5323 3338 5369 autem

1760 5399 1788 5436 ο
1814 5383 2034 5440 Christo
2067 5387 2212 5441 dicta
2246 5389 2375 5444 alibi
2409 5406 2519 5445 non
2552 5393 2806 5464 legimus.
2852 5401 3000 5455 idem
3036 5404 3150 5460 hme
3180 5412 3338 5476 quasi

1759 5494 1788 5532 a
1816 5478 2046 5532 Domino
2090 5482 2232 5537 dicta
2267 5483 2514 5552 profert:
2542 5487 2698 5542 Οὕτω
2728 5528 2746 5554 ,
2781 5495 2976 5565 φησὶν,
3011 5498 3060 5550 οἱ
3095 5497 3340 5568 θέλοντές

1761 5588 1824 5640 με
1863 5571 1988 5624 ἰδεῖν
2024 5574 2117 5626 καὶ
2153 5575 2392 5644 ἅψασθαί
2443 5596 2543 5647 μου
2579 5581 2678 5651 τῆς
2713 5583 3006 5654 βασιλείας,
3061 5591 3340 5660 ὀφείλουσι

1758 5663 2025 5728 θλιϐἐντες
2061 5666 2155 5718 καὶ
2191 5668 2456 5742 παθόντες
2491 5671 2676 5728 λαϐεῖν
2715 5693 2800 5747 με.
2833 5699 2852 5730 ι
2879 5679 2991 5750 Sic,
3017 5683 3210 5754 inquit,
3243 5690 3339 5760 qui

1758 5757 1947 5809 volunt
1971 5774 2055 5812 me
2074 5759 2276 5824 videre,
2301 5771 2354 5815 et
2377 5764 2639 5834 attingere
2662 5785 2889 5841 regnum
2917 5791 3119 5842 meum,
3139 5780 3338 5837 debent

77 5840 379 5895 observavit
434 5841 622 5895 codice
648 5842 770 5907 126,
822 5842 886 5898 de
933 5846 1166 5900 seeu::da
1219 5846 1364 5899 enim
1422 5846 1648 5915 cpistola
1754 5852 2055 5918 compressi
2083 5862 2134 5908 et
2158 5854 2326 5910 multa
2359 5858 2506 5927 passi
2540 5862 2810 5931 accipere.
2858 5886 2875 5918 ι
2925 5866 3149 5927 Grotius
3194 5872 3336 5930 hanc

353 5941 434 6000 PA
447 5957 628 5999 1301..
684 5941 778 6000 Gn
815 5943 876 6003 ν.

2980 5966 3054 6022 12
