3848 6204
472 334 577 391 565

1461 341 1519 397 8.
1561 343 1909 402 lCNATIUS.
1949 378 2019 388 —
2053 345 2596 404 PROLEGOMENA.

3629 346 3735 403 εει

471 455 652 529 ipsam
686 460 956 515 rationem
993 461 1150 518 aﬂ'ert
1179 477 1276 533 pro
1306 461 1604 521 Clementis
1643 469 1887 538 epistola:
1913 470 2053 524 anti-
2086 477 2126 531 Α
2161 470 2349 539 periali
2402 467 2672 523 sententia
2715 466 3138 522 condemnatum
3161 508 3176 533 ,
3217 464 3272 519 in
3303 463 3562 520 manibus
3614 480 3736 520 car-

469 555 676 620 quitate
714 561 880 624 atque
903 554 1150 619 veritate,
1174 555 1322 624 quod
1351 556 1494 611 dicta
1522 561 1771 628 quadam
1821 571 2048 632 usurpat

469 657 576 694 non
621 643 859 713 scripta,
910 645 1006 700 sed
1057 656 1115 700 ut
1151 646 1412 701 memoria
1467 653 1670 706 recenti
1714 668 1810 722 per
1852 669 2048 707 manus

475 733 697 788 tradita.
752 735 842 790 Bis
883 738 1104 807 quidem
1149 740 1468 796 Corinthios
1515 745 1581 798 ad
1629 745 1801 814 ipsius
1839 747 2046 801 Christi

467 825 634 879 verba
675 838 914 895 revocat,
945 846 1118 898 eaque
1151 833 1373 898 recitat;
1419 835 1511 889 sed
1559 835 1632 889 ita
1660 845 1719 890 ut
1749 852 1815 890 ex
1846 835 2052 907 scripto

469 916 656 987 aliquo
685 918 875 973 codice
911 937 975 975 ea
1006 923 1258 978 hausisse
1307 927 1534 982 minime
1559 927 1828 983 videatur.
1894 932 2051 986 Οὕτω

465 1006 575 1079 γὰρ
622 1005 794 1073 εἶπεν,
852 1030 871 1062 ι
908 1011 999 1068 Sic
1042 1016 1188 1069 enim
1243 1017 1414 1084 dixit,
1448 1037 1467 1070 ι
1528 1019 1740 1074 scilicet
1782 1019 2048 1074 Dominus

463 1099 627 1196 {esus
735 1104 969 1160 Ἐλεεῖτε
1021 1109 1108 1162 ἵνα
1157 1111 1445 1196 egenos“,
1496 1114 1686 1184 ἀφίετε
1739 1115 1825 1169 ἴνα
1870 1115 2044 1188 ἀφεθῇ

463 1193 611 1265 ὑμῖν,
647 1195 723 1260 ὡς
755 1202 958 1252 ποιεῖτε
1005 1199 1149 1255 οὕτω
1182 1193 1539 1275 ἆτοιηθήσεται
1587 1209 1733 1278 ὑμῖν,
1768 1208 1844 1272 ὼς
1875 1209 2043 1263 δίδοτε

460 1283 604 1340 οὕτω
651 1288 936 1361 δοθήσεται
983 1293 1133 1364 ὑμῖν,
1168 1296 1245 1359 ὡς
1277 1296 1494 1368 κρίνετε
1525 1298 1672 1354 οὕτω
1723 1301 2044 1373 κριθήσεται

461 1377 608 1462 ὑμῖν,
659 1379 735 1442 ὡς
769 1382 1133 1452 χρηστεύεσθε
1185 1384 1330 1439 οὕτω
1375 1389 1842 1461 χρηστευθήσεται
1891 1393 2040 1462 ὑμῖν,

457 1461 502 1535 ᾧ
537 1470 720 1542 μέτρῳ
757 1477 1004 1544 μετρεῖτε
1047 1478 1106 1532 ὲν
1141 1477 1289 1548 αὐτῷ
1327 1479 1730 1551 μετρηθήσεται
1767 1482 1918 1553 ὑμῖν.
1947 1482 2044 1539 His

459 1563 640 1631 aliqua
693 1579 802 1618 non
845 1567 1135 1624 dissimilia
1201 1570 1473 1626 habentur
1531 1574 1674 1642 apud
1730 1573 1789 1629 S.
1836 1573 2040 1632 Lucam

459 1659 637 1729 capite
667 1675 740 1713 vt.
787 1661 892 1716 Sed
926 1663 1261 1720 Clementem
1296 1667 1458 1723 Lucae
1496 1669 1935 1740 condiscipulum
1973 1689 2040 1728 ex

456 1756 576 1821 ejus
604 1753 901 1827 Evangelio
928 1757 1044 1814 haec
1072 1759 1450 1830 descripsisse,
1486 1763 1618 1816 mihi
1656 1764 1708 1818 in
1739 1773 1890 1819 tanto
1918 1781 2041 1820 ver-

2151 560 2376 615 nilicum
2411 559 2722 615 aretissime
2762 559 3122 624 custoditum,
3157 557 3228 613 ad
3259 559 3438 613 locum
3473 558 3735 613 destinati

2149 653 2554 722 certissimique
2602 652 2853 721 supplicii
2898 651 3123 722 jamjam
3179 650 3588 712 deducendum,
3646 650 3732 704 di—

2150 761 2316 816 gnum
2356 745 2490 808 Deo,
2540 753 2595 798 ct
2639 745 2848 814 angelis
2893 754 2949 800 et
2994 744 3311 800 hominibus
3353 743 3733 813 spectaculum

2151 835 2354 892 factum
2377 853 2388 887 :
2417 836 2827 891 sanctissimum
2847 837 3024 890 virum
3050 851 3114 891 ea
3131 837 3444 892 conditione
3461 835 3734 904 positum,

2149 934 2262 981 tota
2286 927 2375 982 illa
2400 928 2466 982 ad
2487 927 2769 983 Romanos
2787 929 3017 998 epistola
3036 928 3170 982 nihil
3189 926 3733 983 consummatissime

2147 1020 2349 1075 Christi
2373 1020 2647 1092 discipulo
2676 1021 2956 1092 indignum
2982 1021 3269 1092 scripsisse
3291 1021 3584 1076 contendo.

2223 1135 2240 1166 ι
2276 1116 2380 1170 Sed
2411 1115 2548 1171 adeo
2577 1131 2841 1185 prmceps,
2888 1115 3087 1186 inquit,
3140 1113 3316 1170 fertur
3361 1125 3421 1169 ut
3445 1113 3738 1169 Romanos

2146 1217 2290 1264 vetet
2319 1209 2434 1262 suis
2460 1209 2543 1262 vel
2573 1209 2716 1277 apud
2753 1207 2918 1262 Deum
2952 1208 3229 1278 precibus,
3254 1207 3339 1263 vel
3376 1209 3520 1277 apud
3551 1209 3739 1262 homi-

2147 1317 2246 1356 nes
2297 1301 2490 1356 ciliciis
2548 1301 2921 1366 intercedere,
2971 1315 3084 1371 quo
3127 1316 3191 1354 ea
3241 1315 3425 1370 poena,
3459 1300 3526 1355 ad
3563 1316 3733 1370 quam

2145 1403 2262 1450 erat
2314 1395 2629 1456 damnatus,
2680 1394 2964 1448 liberetur.
2997 1413 3015 1446 ι
3073 1393 3214 1460 Quid
3252 1403 3458 1459 autem,
3488 1409 3560 1447 an
3595 1393 3736 1447 velis

2146 1487 2509 1542 fortissimum
2563 1485 2962 1551 Christianum,
3013 1487 3126 1541 imo
3168 1495 3223 1542 et
3267 1487 3491 1549 ducem,
3531 1487 3647 1555 jam
3699 1502 3734 1539 a

2144 1581 2399 1650 gentibus
2448 1592 2669 1652 captum
2727 1581 3264 1650 condemnatumqne
3309 1590 3364 1635 et
3405 1581 3461 1634 in
3502 1595 3733 1634 arenam

2145 1684 2402 1740 tractum,
2451 1675 2695 1744 reliquos
2737 1673 3084 1730 Christianos
3127 1689 3307 1739 orare,
3356 1683 3413 1728 ut
3457 1689 3584 1728 cum
3617 1672 3739 1727 Deo

2143 1767 2228 1821 vel
2287 1765 2604 1820 hominibus
2649 1764 3024 1832 intercedant,
3071 1780 3183 1834 quo
3228 1779 3412 1818 minus
3456 1765 3737 1834 supplicio

455 1843 650 1898 horum
678 1845 998 1902 discrimine
1030 1827 1324 1904 verisimile
1355 1867 1460 1905 non
1483 1862 1602 1918 est;
1643 1870 1820 1923 neque
1848 1855 2038 1912 dubito
2073 1827 2114 1882 Β
2145 1858 2453 1913 adiciatur?
2491 1857 2574 1910 An
2618 1856 2796 1910 virum
2829 1827 3338 1910 unum'Christiana
3367 1856 3567 1925 pietate
3616 1855 3732 1909 im;-

455 1937 588 2004 quin
616 1937 868 1994 Clemens
893 1943 1210 2010 e0gnoverit
1232 1958 1677 2016 unamquamque
1696 1963 1763 2002 ex
1785 1947 1893 2004 illis
1907 1964 2032 2003 sen-

453 2029 642 2083 tentiis
699 2045 729 2083 a
785 2029 1008 2086 Christo
1067 2032 1237 2088 fuisse
1289 2037 1588 2104 prolatam;
1651 2038 1795 2094 unde
1851 2040 2033 2095 statim

453 2119 603 2173 addit
648 2137 661 2172 :
707 2121 900 2194 Ταύτῃ
949 2125 1014 2195 τῇ
1057 2125 1245 2198 ἐντολῇ
1295 2127 1388 2180 καὶ
1431 2130 1545 2192 τοῖς
1609 2132 2036 2202 παραγγέλμασι

451 2211 662 2276 τούτοις
699 2213 800 2281 (ita
829 2215 961 2284 ms.)
992 2217 1334 2290 στηρίξωμεν
1366 2221 1614 2285 ἑαυτούς.
1657 2221 1802 2279 «Hoc
1834 2239 2036 2293 praece-

451 2314 546 2375 pto
590 2313 644 2358 et
696 2307 968 2362 mandatis
1025 2309 1176 2364 hisce
1236 2312 1582 2368 stabiliamus
1645 2331 1747 2370 nos
1803 2315 1970 2386 ipsos.
2010 2336 2029 2368 ›

452 2400 521 2458 Et
549 2420 778 2462 rursus:
813 2407 1108 2480 Μνήσθητε
1135 2410 1243 2463 τῶν
1275 2411 1448 2482 λόγων
1493 2413 1666 2485 Ἰησοῦ
1699 2414 1795 2469 τοῦ
1829 2416 2034 2488 Κυρίου

451 2498 628 2570 ἡμῶν,
647 2495 767 2553 εἷπε
789 2497 919 2572 γάρ’
940 2521 958 2552 ι
982 2499 1363 2558 Recordamini
1382 2505 1674 2561 verborum
1695 2507 1914 2563 Domini
1939 2525 2037 2565 no-

450 2592 552 2648 stri
571 2591 877 2657 Jesu,dixit
906 2593 1087 2649 enim:
1116 2615 1135 2646 ι
1165 2597 1301 2650 Οὐαὶ
1314 2597 1676 2672 τῷἀνθρὼπῳ
1703 2601 1914 2672 ἐκείνῳ·
1932 2620 2032 2656 κα-

449 2686 540 2740 λὸν
554 2682 622 2758 ἦν
646 2687 796 2758 αὑτῷ
817 2689 866 2740 εἰ
887 2688 986 2742 οὐκ
1009 2690 1273 2762 ἐγεννήθη
1291 2693 1325 2762 ἢ
1356 2691 1451 2746 ἕνα
1479 2692 1590 2748 τῶν
1623 2694 1894 2749 ἐκλεκτῶν
1931 2713 2032 2767 μου

450 2777 800 2832 σκανδαλισαι
824 2796 835 2808 '
889 2783 1136 2852 κρεῖττον
1178 2778 1248 2854 ἦν
1281 2783 1430 2855 αὑτῷ
1463 2785 1811 2858 περιτεθῆναι
1868 2786 2034 2858 μύλον

448 2871 543 2926 καὶ
578 2872 1074 2945 καταποντισθῆναι
1123 2876 1202 2940 εἰς
1236 2877 1336 2948 τὴν
1369 2877 1667 2943 θάλασσαν,
1715 2881 1748 2952 ἢ
1783 2879 1878 2934 ἕνα
1925 2879 2033 2934 τῶν

451 2963 664 3035 μικρῶν
718 2981 818 3034 μου
873 2964 1250 3022 σκανδαλίσαι.
1337 2965 1438 3024 Hic
1490 2968 1673 3038 aliqua
1725 2970 1912 3026 (ἔνθεο
1964 2971 2032 3026 ad

446 3053 748 3122 marginem
778 3054 1031 3124 ponenda
1075 3064 1130 3109 et
1159 3055 1365 3112 Latinae
1395 3055 1832 3128 interpretationi
1863 3059 2031 3116 inter-

446 3143 676 3198 serenda
723 3145 942 3200 censuit
987 3144 1262 3203 Patricius
1305 3145 1529 3215 Junius,
1579 3158 1639 3204 ut
1678 3149 1798 3206 haec
1853 3151 2030 3221 magis
2056 3177 2100 3236 ο

446 3237 609 3295 Lucae
655 3241 778 3296 loco
828 3242 1184 3312 quadrarent.
1227 3242 1366 3297 Cum
1415 3244 1629 3300 veritati
1671 3245 1847 3316 magis
1895 3247 2029 3301 mihi

446 3347 749 3389 consonum
795 3335 1064 3401 videatur,
1094 3336 1165 3392 ab
1195 3339 1462 3408 apostolis
1501 3339 1660 3410 ipsis,
1696 3351 1792 3396 aut
1836 3356 2027 3397 eorum

442 3421 729 3494 discipulis
754 3426 869 3480 haec
899 3429 1178 3498 accepisse
1208 3428 1565 3484 Clementem.
1593 3428 1795 3496 Quidni
1828 3431 2030 3500 pariter

444 3529 497 3572 et
526 3515 878 3588 S.ignatius,
931 3519 1025 3589 qui
1074 3535 1200 3575 eum
1255 3512 1523 3592 apostolis
1551 3532 1826 3578 eteorum
1861 3522 2029 3577 disci-

444 3608 588 3675 pulis
617 3620 871 3665 versatus
900 3619 1005 3677 est,
1037 3613 1342 3681 praesertim
1375 3628 1442 3669 eo
1472 3625 1714 3684 tempore
1739 3629 1851 3684 quo
1889 3615 2028 3670 scri-

443 3700 552 3771 ptis
581 3699 892 3773 Evangeliis
917 3704 997 3758 uti
1033 3703 1176 3760 forte
1209 3705 1260 3760 ei
1284 3705 1397 3776 jam
1427 3708 1613 3762 vincto
1653 3721 1762 3761 non
1809 3707 2024 3774 licebat,

444 3793 692 3847 eamdem
748 3795 1058 3863 historiam,
1117 3811 1286 3867 quam
1319 3807 1507 3853 narrat
1560 3799 1619 3853 S.
1650 3797 1849 3865 Lucas,
1902 3799 2027 3854 aliis

443 3885 626 3941 verbis
655 3885 991 3955 explicaret?

511 3978 701 4046 Capite
732 3978 798 4034 18
826 3979 1022 4035 transit
1057 3995 1086 4034 a
1114 3981 1417 4036 reverentia
1440 3981 1640 4037 divinis
1668 3981 1822 4038 libris
1843 3983 2028 4038 debita

443 4068 512 4123 ad
563 4069 817 4136 pietatem
868 4078 923 4122 ct
975 4069 1332 4136 modestiam,
1385 4087 1524 4142 quas
1574 4073 1627 4126 in
1678 4073 1905 4144 cpistola
1956 4075 2024 4130 ad

443 4159 724 4215 Romanos
776 4161 1009 4217 violatas
1057 4177 1180 4218 esse
1230 4171 1429 4232 putat;
1483 4163 1538 4217 in
1595 4164 1716 4232 illa,
1774 4166 2022 4236 inquam,

441 4253 699 4322 epistola,
740 4268 906 4324 quam
940 4261 1022 4308 tot
1052 4253 1155 4307 viri
1195 4253 1250 4306 in
1282 4255 1448 4310 veteri
1502 4253 1745 4312 Ecclesia
1788 4257 2024 4313 celeber-

440 4347 568 4400 rimi
622 4355 700 4402 tot
748 4347 1025 4416 tantisque
1076 4347 1368 4416 przeconiis
1417 4349 1776 4416 extulerunt;
1831 4365 1862 4405 a
1914 4366 2023 4422 qua

440 4441 678 4496 ircnzeus
721 4456 886 4495 unam
934 4441 1204 4510 insignem
1249 4441 1578 4496 sententiam
1605 4451 1889 4499 mutuatus
1915 4453 2020 4511 est,

2141 1949 2330 2003 butum
2359 1949 2413 2002 in
2432 1950 2726 2003 totveteris
2758 1947 3014 2003 Ecclesia:
3045 1949 3521 2018 persecutionibus
3561 1951 3633 2003 ita
3667 1965 3732 2004 se

2141 2040 2403 2111 gessisse,
2461 2048 2555 2094 aut
2597 2039 2643 2096 si
2693 2040 2743 2094 id
2773 2039 2985 2106 fecerit,
3008 2042 3077 2095 ab
3102 2040 3344 2096 Ecclesia
3382 2042 3728 2097 celebratum

2145 2132 2327 2188 nosti?
2358 2151 2376 2182 ι
2409 2130 2522 2187 Hoc
2545 2142 2669 2185 orat
2696 2146 2802 2185 vox
2838 2141 3138 2202 martyrum
3166 2147 3180 2186 :
3210 2133 3255 2184 A
3287 2131 3482 2186 timore
3511 2131 3730 2187 inimici

2135 2241 2268 2282 erue
2308 2226 2550 2281 animam
2595 2240 2804 2288 meam;
2858 2239 2967 2278 non
3003 2235 3062 2279 ut
3102 2240 3187 2280 me
3219 2240 3328 2279 non
3361 2226 3580 2281 occidat
3608 2228 3727 2283 ini-

2137 2320 2334 2383 micus.
2377 2321 2470 2377 sed
2495 2329 2554 2375 ut
2581 2334 2689 2374 non
2719 2321 2940 2375 timeam
2983 2318 3320 2374 occidentem
3364 2319 3652 2376 inimicum
3705 2341 3726 2376 I

2125 2408 2184 2454 ut
2253 2403 2509 2460 observat
2579 2408 2636 2465 S.
2710 2411 3050 2482 Augustinus
3109 2410 3177 2465 ad
3231 2413 3502 2481 psalmum
3563 2429 3724 2468 uin.

2135 2503 2256 2559 Non
2302 2503 2434 2559 illud
2486 2503 2697 2569 voluit,
2759 2503 2991 2573 Opinor,
3048 2502 3132 2556 vir
3172 2501 3560 2571 doctissimus;
3611 2520 3728 2559 non

2135 2611 2254 2650 eam
2280 2598 2536 2663 pietatem
2585 2603 2683 2649 aut
2737 2595 3064 2650 modestiam
3099 2593 3360 2664 postulat,
3387 2595 3480 2650 sed
3507 2610 3580 2650 ne
3622 2611 3722 2650 ve-

2136 2697 2277 2743 taret
2308 2687 2423 2744 haec
2447 2688 2794 2742 Christianos
2809 2685 3502 2742 iaeere.Verumenimvero
3525 2687 3727 2757 quidni

2136 2779 2226 2835 ille
2267 2790 2447 2846 vetet,
2513 2779 2662 2849 quod
2723 2794 2888 2834 nemo
2942 2779 3184 2850 expetit?
3210 2788 3303 2834 aut
3335 2794 3506 2850 quare
3536 2780 3632 2833 alii
3669 2779 3720 2834 id

2135 2884 2416 2940 nunquam
2450 2869 2806 2940 expetebant,
2839 2869 2946 2925 nisi
2980 2869 3127 2940 quod
3167 2870 3318 2940 ipsos
3364 2870 3596 2926 minimc
3621 2871 3722 2928 de-

2135 2975 2258 3015 cere
2301 2958 2602 3030 putabant?
2639 2968 2694 3014 et
2726 2959 2920 3030 quidni
2950 2959 3089 3014 alios
3141 2958 3194 3013 id
3250 2969 3436 3029 petere
3469 2961 3616 3014 nolle
3657 2973 3723 3016 se

2136 3051 2506 3121 signiﬁcarent
2529 3093 2544 3117 ,
2567 3052 2713 3123 quod
2753 3052 2856 3122 ipsi
2892 3053 3012 3108 sine
3042 3053 3326 3123 religionis
3350 3069 3464 3109 suae
3509 3069 3722 3124 oppro-

2133 3144 2252 3200 brio
2285 3155 2469 3214 petere
2499 3159 2607 3199 non
2639 3145 2897 3215 possent?
2929 3145 2974 3198 A
3001 3143 3267 3201 Romanis
3286 3149 3418 3214 petit
3451 3146 3720 3217 lgnatius,

2133 3251 2194 3297 ut
2227 3242 2414 3297 sinant
2455 3256 2582 3296 eum
2628 3230 2892 3312 martyrio
2930 3239 3044 3310 jam
3072 3249 3264 3312 parato
3293 3241 3426 3306 frui,
3454 3250 3514 3296 ut
3543 3241 3716 3298 Deum

2131 3343 2290 3390 orent
2317 3350 2427 3404 quo
2456 3345 2716 3404 tanquam
2745 3342 2899 3405 grata
2921 3333 2971 3389 ei
3001 3333 3178 3389 hostia
3213 3333 3495 3400 otl‘eratur,
3527 3343 3591 3389 ut
3610 3336 3717 3406 ipsi

2130 3435 2388 3481 aeternam
2425 3424 2731 3481 mercedem
2781 3441 2889 3480 non
2942 3425 3226 3480 invideant
3274 3440 3375 3480 nec
3415 3426 3722 3495 impediant

2130 3534 2255 3572 eum
2285 3531 2398 3588 quo
2439 3517 2626 3572 minus
2673 3517 3146 3571 immortalitatem
3187 3517 3372 3572 statim
3407 3531 3723 3588 consequa-

2130 3619 2242 3664 tur.
2278 3608 2393 3665 lloc
2417 3609 2682 3680 impedire
2717 3609 2920 3664 diaboli
2956 3624 3096 3680 opus
3134 3624 3260 3666 esse
3290 3610 3484 3675 docet,
3521 3619 3579 3664 et
3607 3611 3720 3665 odii

2129 3703 2253 3774 plus
2284 3703 2488 3758 habere
2519 3719 2683 3772 quam
2710 3702 2998 3758 charitatis
3025 3702 3376 3760 Christiana.
3414 3702 3544 3759 Haec
3567 3719 3722 3759 sum-

2135 3811 2221 3850 ma
2271 3810 2464 3850 eorum
2495 3811 2619 3864 qua:
2666 3811 2698 3850 a
2735 3796 2852 3851 suis
2887 3796 3022 3866 petit
3063 3797 3133 3852 ad
3169 3796 3374 3852 bestias
3395 3796 3724 3866 damnatus,

2128 3889 2362 3942 vinculis
2421 3885 2701 3956 illigatus,
2756 3887 2823 3940 ad
2859 3888 3190 3958 supplicium
3252 3900 3464 3959 raptus,
3519 3893 3723 3947 merito

2128 3977 2570 4048 gloriosissimus
2599 3986 2827 4049 martyr.
2861 3975 2995 4044 Quae
3027 3979 3214 4034 omnia
3237 3979 3375 4034 adeo
3419 3997 3450 4036 a
3479 3980 3728 4051 juvenili

2127 4065 2346 4119 levitate
2377 4065 2672 4136 animoque
2705 4067 2982 4136 praeeipite
3012 4069 3337 4136 abhorrent,
3372 4080 3434 4125 ut
3468 4073 3726 4130 subacta:

2128 4166 2182 4210 et
2218 4156 2357 4212 bene
2389 4156 2630 4212 fundata
2661 4159 3018 4224 constantiae,
3054 4160 3282 4228 spiritus
3317 4164 3434 4217 zelo
3468 4162 3567 4219 Dei
3607 4165 3728 4220 fer—

2127 4247 2328 4314 ventis,
2358 4250 2526 4304 animi
2576 4249 2643 4304 ad
2674 4248 2859 4304 futura
2893 4251 3090 4322 gaudia
3121 4253 3450 4318 anhelantis,
3481 4271 3549 4311 ac
3600 4259 3729 4327 ple-

2127 4345 2382 4414 rophoria
2415 4345 2537 4400 ﬁdei
2573 4346 2640 4400 de
2674 4346 2898 4416 praemio
2931 4355 3138 4403 aeterno
3185 4350 3481 4404 certissimi
3535 4356 3731 4407 mani-

2126 4432 2423 4489 fessissima
2465 4435 2667 4490 indicia
2709 4436 2897 4491 haberi
2929 4445 2984 4491 et
3013 4439 3230 4506 possint
3267 4449 3321 4494 et
3349 4439 3607 4498 debeant.
3664 4443 3727 4498 Si

439 4533 600 4588 alia."
637 4531 934 4603 Origenes;
991 4549 1059 4588 ex
1101 4548 1208 4604 qua
1257 4531 1565 4601 Eusebius,
1613 4537 2024 4594 curiosissimus
2056 4525 2100 4582 D
2131 4523 2190 4581 8.
2233 4525 2438 4581 Paulus
2482 4542 2607 4581 cum
2643 4527 2865 4582 vincula
2906 4539 3117 4584 tantum
3161 4531 3518 4600 pravideret,
3544 4544 3600 4588 et
3623 4537 3732 4591 ad-

439 4628 956 4699 martyrologiorum
1017 4627 1330 4696 indagator,
1379 4638 1635 4700 excerpta
1667 4630 1804 4685 bene
1859 4631 2020 4701 longa

436 4720 760 4789 descripsit,
796 4729 855 4774 ut
893 4721 959 4775 iis
987 4718 1285 4775 Historiam
1325 4721 1758 4777 ecclesiasticam
1786 4723 2022 4778 adorna-

437 4819 539 4872 ret,
581 4825 704 4880 quae
737 4807 796 4864 S.
821 4807 1190 4881 Hieronymus
1230 4810 1395 4866 etiam
1423 4811 1811 4878 exscribenda,
1838 4821 1892 4867 et
1916 4811 2022 4867 Ca-

437 4901 621 4970 Ltlogo
674 4901 920 4955 virorum
973 4901 1271 4956 illustrium
1332 4901 1662 4969 inserenda,
1713 4903 1904 4969 duxit;
1954 4919 2021 4958 ex

433 5009 540 5064 qua
589 4992 648 5046 S.
693 4993 1123 5062 Chrysostomus
1175 5002 1255 5048 tot
1288 4993 1550 5049 ﬂosculos
1587 4995 1828 5066 collegit,
1879 5010 2021 5064 quos

433 5096 563 5140 ante
601 5085 862 5155 reliquias
909 5085 1168 5156 martyris
1220 5095 1538 5156 spargeret;
1584 5101 1648 5140 ex
1683 5102 1790 5156 qua
1827 5087 2018 5141 eadem

433 5174 782 5244 transcripsit
828 5174 1016 5230 Gildas
1067 5173 1420 5242 Badonicus,
1493 5184 1555 5231 ut
1606 5176 1691 5231 sui
1757 5163 2020 5247 tem-poris

431 5266 812 5321 sacerdotibus
837 5266 1103 5335 pudorem
1134 5265 1492 5322 sull‘underet.
1517 5266 1764 5322 Haaecine
1789 5268 2019 5338 epistola

434 5369 716 5430 tantopere
751 5360 1041 5414 decantata
1072 5375 1100 5412 a
1133 5359 1336 5428 pietate
1370 5368 1425 5413 et
1453 5359 1720 5414 modestia
1758 5362 2019 5431 martyris

429 5461 612 5521 ptest
641 5467 763 5510 esse
801 5453 1024 5508 aliena?
1067 5450 1136 5506 Ut
1167 5451 1426 5507 omnibus
1457 5452 1578 5522 ejus
1617 5452 2019 5521 ohjectionibus

429 5558 736 5609 occurram,
763 5546 818 5598 in
845 5545 1046 5615 quibus
1069 5544 1407 5614 triumphare
1427 5544 1662 5610 videtur,
1683 5545 1816 5599 illud
1846 5561 2016 5600 unum

427 5635 684 5703 observo,
715 5635 985 5706 lgnatium
1021 5646 1151 5692 tunc
1178 5651 1302 5692 eum
1336 5636 1452 5691 haec
1478 5636 1768 5706 scripsisse
1793 5637 2014 5706 dicitur,

429 5742 540 5782 non
575 5729 658 5782 sui
687 5728 830 5798 juris
858 5729 1050 5796 fuisse,
1081 5730 1176 5787 sed
1219 5730 1284 5785 ad
1311 5715 1514 5786 bestias
1536 5729 1866 5811 jampridem
1909 5733 2014 5787 im-

496 5839 546 5873 ⁵⁸
571 5842 694 5898 Act.
729 5857 842 5914 xu,
876 5843 962 5900 1⁸5.

2126 4619 2235 4673 huc
2259 4617 2403 4688 apud
2429 4633 2561 4673 suos
2596 4627 2764 4685 esset,
2796 4619 3103 4689 discipulos
3135 4637 3260 4676 eum
3292 4623 3363 4676 ah
3394 4623 3594 4680 itinere
3624 4627 3731 4682 de-

2125 4722 2392 4765 terrentes
2426 4711 2771 4782 objurgavit,
2803 4711 3032 4768 dicens:
3063 4713 3204 4777 Quid
3238 4713 3418 4783 facilis
3451 4715 3643 4782 ﬂentes
3676 4728 3732 4771 et

2123 4800 2408 4871 aﬂligeutes
2443 4817 2535 4855 cor
2564 4804 2782 4856 meum?
2825 4803 2870 4858 si
2905 4802 2995 4856 ille
3024 4807 3295 4857 rationem
3328 4804 3494 4874 hujus
3526 4807 3730 4875 objur-

2124 4894 2363 4960 gationis
2395 4893 2540 4949 hanc
2568 4895 2753 4949 statim
2782 4893 3055 4950 reddidit:
3094 4893 3208 4965 Ego
3236 4897 3375 4950 enim
3404 4912 3509 4950 non
3536 4901 3724 4952 solum

2124 4983 2366 5054 alligari,
2421 4985 2514 5039 sed
2563 4997 2612 5040 et
2663 4987 2798 5039 mori
2843 4988 2898 5039 in
2945 4985 3248 5040 Jerusalem
3286 4997 3514 5057 paratus
3559 5005 3726 5058 sum,

2121 5087 2336 5147 propter
2365 5095 2549 5132 nomen
2591 5078 2806 5132 Domini
2837 5080 2967 5132 Jesu
2992 5093 3012 5130 :
3041 5079 3087 5133 si
3121 5079 3378 5149 discipuli
3405 5080 3534 5135 huic
3568 5081 3728 5136 dicto

2123 5169 2535 5238 aequieverunt,
2551 5169 2795 5226 dicentes
2812 5188 2825 5226 :
2847 5169 3058 5223 Domini
3077 5171 3321 5226 voluntas
3332 5172 3429 5240 ﬁat
3443 5171 3514 5239 “,
3543 5171 3724 5229 ﬁdens

2125 5268 2228 5326 tes,
2263 5261 2492 5327 scilicet,
2512 5263 2798 5332 passiones
2814 5263 2881 5318 ad
2908 5263 3245 5318 voluntatem
3279 5261 3374 5317 Dei
3399 5265 3722 5333 pertinere:

2125 5369 2234 5408 non
2269 5353 2415 5408 enim
2467 5354 2870 5410 dehortationis
2929 5356 3198 5423 consilio,
3252 5355 3348 5412 sed
3396 5356 3726 5414 dilectionis

2124 5447 2361 5502 retinere
2403 5456 2780 5514 tentaverant,
2827 5457 2886 5503 ut
2937 5449 3250 5518 aposmlum
3301 5448 3724 5516 desiderantes,

2124 5555 2232 5593 non
2288 5549 2348 5593 ut
2381 5539 2709 5610 martyrium
2748 5541 3170 5611 dissuadentes;
3222 5542 3415 5613 quidni
3461 5539 3524 5594 S.
3555 5539 3726 5612 lgna-

2123 5631 2233 5686 tius
2260 5631 2328 5686 ab
2353 5633 2471 5701 ipso
2501 5632 2836 5703 imperatore
2872 5633 3208 5704 jampridem
3238 5634 3560 5701 damnatus,
3583 5649 3620 5688 α
3652 5636 3728 5688 le-

2122 5725 2451 5782 rocientium
2499 5727 2737 5782 militum
2781 5742 2948 5785 manu
2982 5727 3054 5784 ad
3104 5728 3439 5800 supplicium
3469 5736 3720 5796 tractus,
