3848 6204
169 316 282 371 365

913 317 964 372 ι.
1008 315 1378 374 PEARSONII
1403 288 1732 376 vmmcne
1775 293 2202 376 IGNATIANAE.
2237 347 2308 358 —
2343 314 2525 371 rans
2561 314 2625 369 n.

3337 315 3442 370 3.66

168 436 416 490 omnium
451 433 642 491 Roma:
679 434 1126 493 Christianorum
1173 439 1588 494 miserationem
1633 454 1753 494 cer-
1779 444 1827 499 Α
1860 447 2041 508 tyrum
2066 435 2208 492 forte
2229 437 2515 507 epistolas,
2543 436 2969 507 adeoqueverha
3005 451 3114 490 non
3140 434 3440 500 habemus;

169 529 381 584 tissime
419 538 818 594 commoturus,
868 538 922 585 et
971 540 1270 600 conspectu
1330 531 1614 587 sordidato
1671 539 1754 586 te-

170 622 446 676 nerrimos
487 637 680 677 eorum
741 622 974 679 affectus
1016 625 1381 691 excitaturus,
1413 625 1468 679 in
1503 635 1756 681 anteces-

169 730 291 768 sum
320 729 418 770 eos
444 723 797 779 moneret,ne
827 714 1000 785 ipsius
1022 730 1122 770 cor
1152 715 1482 787 allligerent,
1515 732 1584 772 ne
1609 731 1759 772 mor-

169 815 277 860 tem
329 805 439 862 sibi
493 807 967 877 exoptatissimam
1023 818 1251 880 propter
1299 824 1497 865 nomen
1532 809 1752 865 Domini

164 897 296 954 Iesu
327 899 526 970 quovis
559 899 722 955 modo
779 900 1130 971 impedirent,
1178 903 1272 958 sed
1302 905 1486 973 potius
1529 903 1760 960 aﬂ‘ectus

166 1007 302 1046 suos
339 1000 770 1061 componerent,
825 992 1098 1062 patienter
1128 994 1580 1064 acquiescerent,
1611 996 1759 1051 dice~

163 1093 424 1154 rentque,
457 1084 674 1139 Domini
709 1086 953 1141 voluntas
973 1087 1120 1153 ﬁat?
1144 1085 1200 1142 Si
1236 1087 1492 1144 Christus
1532 1091 1648 1160 ipse
1689 1090 1758 1144 ad

164 1183 402 1230 mortem
431 1175 616 1231 crucis
656 1174 1126 1243 festinans,Pctro
1163 1177 1364 1232 dicenti
1387 1196 1400 1231 :
1423 1178 1608 1242 Ἵλεώς
1639 1195 1757 1244 σοι,

162 1267 366 1340 Κύριε,
389 1265 529 1322 dixit
575 1264 721 1320 Vade
760 1276 875 1334 post
900 1282 1000 1330 me,
1031 1264 1235 1320 Satana
1253 1267 1331 1330 3";
1364 1267 1556 1337 quidni
1591 1267 1757 1322 etiam

165 1359 454 1418 Romanos
489 1367 742 1414 moneret
779 1356 1041 1428 lgnatius,
1076 1358 1342 1428 impedire
1388 1368 1619 1415 mortem
1659 1375 1760 1431 pro

161 1449 377 1504 Christi
426 1449 650 1504 nomine
703 1457 1016 1519 susceptam
1083 1449 1286 1519 diaboli
1353 1449 1540 1521 potius
1592 1467 1760 1522 quam

159 1542 473 1597 Christiani
503 1541 744 1597 hominis
779 1555 918 1612 opus
951 1542 1111 1597 esse?
1141 1540 1220 1597 Ea
1258 1553 1407 1599 certe
1447 1559 1605 1600 mens
1634 1551 1757 1598 erat

159 1634 445 1707 Origenis,
483 1635 588 1690 viri
618 1635 781 1690 toties
815 1633 1059 1706 martyrii
1084 1634 1564 1708 candidati,cujus
1587 1639 1752 1694 verba

158 1729 220 1783 in
256 1726 532 1782 Numeros
569 1725 797 1782 humilia
841 1726 1052 1782 decima
1085 1726 1204 1782 haec
1240 1737 1371 1783 sunt
1400 1747 1413 1782 :
1447 1747 1466 1780 ‹
1493 1728 1617 1799 Ideo
1645 1729 1761 1785 dia-

159 1821 332 1876 bolus
365 1820 548 1876 sciens
594 1833 692 1890 per
742 1817 1058 1889 passionem
1082 1819 1331 1890 martyrii
1373 1820 1758 1877 remissionem

159 1913 281 1968 ﬁeri
315 1919 695 1984 peccatorum,
728 1925 840 1965 non
870 1910 989 1965 vult
1016 1911 1176 1966 nobis
1199 1910 1446 1980 publicas
1475 1911 1757 1982 gentilium

157 2002 584 2072 persecutiones
617 2015 863 2056 movere.
913 1998 1031 2055 Scit
1078 2001 1226 2054 enim
1258 2002 1388 2071 quia
1428 2001 1473 2056 si
1504 1989 1573 2056 ad
1603 2017 1759 2073 reges

155 2102 213 2146 et
236 2092 512 2162 priesides
543 2091 886 2147 adducamur
913 2099 1138 2162 propter
1173 2107 1371 2148 nomen
1405 2090 1613 2148 Christi
1639 2127 1654 2157 ,
1690 2093 1759 2148 ad

156 2185 556 2240 testimonium
608 2183 818 2242 Iudaeis
869 2194 925 2242 et
975 2185 1271 2257 gentibus,
1303 2186 1564 2256 gaudium
1599 2187 1760 2242 nobis

154 2285 214 2329 et
240 2278 550 2332 exsultatio
582 2277 663 2342 fit,
691 2277 822 2346 quia
846 2292 1060 2333 merces
1092 2283 1281 2332 nostra
1305 2276 1478 2332 multa
1518 2277 1574 2331 in
1605 2277 1760 2333 caelis

150 2380 264 2425 est.
321 2369 454 2426 Haec
527 2386 636 2426 non
687 2370 824 2426 facit
884 2370 1174 2438 inimicus,
1243 2369 1327 2425 vel
1389 2369 1520 2441 quia
1573 2370 1760 2440 gloria:

153 2473 374 2518 nostra
416 2461 660 2529 invidet,
712 2463 800 2518 vel
841 2461 1095 2518 fortassis
1154 2462 1285 2533 quia
1317 2463 1407 2519 ille
1445 2464 1538 2534 qui
1567 2463 1758 2518 omnia

151 2555 455 2626 praevidet,
511 2563 566 2611 et
612 2554 910 2625 praenoscit
961 2569 1065 2610 nos
1132 2569 1243 2609 non
1277 2569 1402 2610 esse
1428 2554 1658 2612 idoneos
1690 2555 1759 2611 ad

150 2647 506 2720 martyrium
563 2647 934 2703 tolerandum.
975 2665 995 2700 ι
1044 2645 1222 2701 Aliam
1263 2647 1427 2702 etiam
1489 2648 1760 2705 rationem

151 2743 262 2799 lib.
289 2756 400 2796 vm
453 2749 642 2794 contra
696 2738 909 2796 Celsum
940 2737 1134 2804 aﬂ‘ert,
1175 2753 1345 2808 quare
1375 2739 1627 2796 diabolus
1659 2755 1762 2810 pu-

147 2836 341 2892 blicas
368 2835 650 2907 gentilium
669 2833 1082 2905 persecutiones
1107 2833 1439 2890 Christianis
1463 2834 1761 2905 aliquando

149 2942 395 2984 movere
458 2927 649 2991 nollet,
702 2934 756 2982 et
801 2928 1131 2982 sententiam
1183 2943 1337 2983 suam
1374 2926 1429 2981 in
1464 2927 1614 2982 hunc
1647 2942 1762 2982 mo-

148 3021 299 3076 dum
348 3019 629 3090 depromit
657 3039 670 3073 :
697 3016 841 3088 Ἐγὼ
860 3017 906 3072 δ’
936 3015 1088 3090 οἶμαι
1112 3019 1194 3073 ὅτι
1221 3018 1535 3090 αἰσθόμενοι
1567 3020 1617 3072 οἱ
1645 3019 1761 3074 δαί-

152 3131 350 3184 μονες,
386 3113 471 3166 ὅτι
497 3113 547 3166 οἱ
602 3113 704 3184 μὲν
732 3111 994 3176 νικῶντες
1046 3112 1141 3166 καὶ
1191 3112 1261 3165 δι’
1295 3111 1579 3166 εὐσέϐειαν
1631 3113 1762 3167 ἀπο-

151 3204 502 3276 Θνήσκοντες
550 3203 904 3275 καθαιροῦσιν
951 3202 1134 3258 αὐτῶν
1176 3204 1275 3274 τὴν
1328 3203 1674 3258 δυναστείαν·
1710 3204 1761 3256 οἱ

149 3299 215 3352 δὲ
251 3297 348 3352 διὰ
388 3299 522 3362 τοὺς
555 3298 754 3361 πόνους
794 3296 1099 3370 ἡττώμενοι
1156 3297 1249 3350 καὶ
1299 3297 1398 3368 τὴν
1455 3295 1768 3349 Θεοσέϐειαν

150 3394 502 3466 ἀρνούμενοι
547 3392 854 3464 ὑποχείριοι
899 3392 1130 3456 ἐκείνοις
1172 3390 1454 3460 γίνονται,
1512 3387 1628 3442 ἔσθ’
1669 3389 1760 3442 ὅτε

151 3485 682 3559 πφσφιλονεικοῦσι
718 3487 833 3549 τοῖς
882 3483 1332 3557 παραδιδομένοις
1388 3483 1757 3552 Χριστιανοῖς.

160 3600 182 3632 ι
220 3579 504 3651 Equidem
550 3580 750 3650 opinor
801 3579 1080 3634 daemonas
1104 3619 1120 3644 ,
1148 3585 1210 3632 ut
1262 3575 1357 3646 qui
1391 3574 1637 3630 sentiunt
1663 3588 1766 3628 no-

154 3677 316 3730 xiam
352 3689 484 3730 esse
507 3673 764 3745 potentiae
786 3687 901 3728 suae
921 3671 1140 3742 piorum
1167 3669 1478 3734 victoriam,
1509 3682 1767 3726 succum-

155 3767 366 3824 bentes
381 3775 568 3822 autem
594 3765 650 3820 in
679 3765 789 3821 hoc
811 3764 1115 3820 certamine
1134 3763 1411 3832 fidemque
1428 3761 1764 3832 abnegantes

157 3861 304 3931 ipsis
361 3858 492 3916 ﬁeri
533 3857 838 3922 obnoxios,
869 3855 1144 3913 interdum
1193 3855 1380 3911 favere
1431 3863 1486 3910 et
1536 3853 1763 3910 adlabo—

155 3969 292 4008 rare
333 3950 678 4008 Christianis
727 3950 784 4005 in
814 3949 1043 4022 judicio.
1077 3967 1096 4002 ι
1126 3947 1330 4004 Eadem
1378 3945 1438 4001 S.
1473 3945 1767 4017 Augustini

157 4064 327 4105 mens
374 4045 519 4114 fuit,
563 4045 660 4116 qui
710 4045 830 4101 haec
869 4044 939 4100 de
974 4059 1176 4115 magno
1226 4051 1468 4114 martyre
1501 4039 1766 4096 Africano

160 4141 401 4212 scripsit
430 4156 447 4195 :
488 4156 512 4192 ι
542 4137 784 4194 Noverat
829 4137 1144 4211 Cyprianus
1201 4151 1328 4192 cum
1360 4150 1402 4204 .a
1435 4133 1767 4205 proconsule

163 4232 482 4288 audiretzc
522 4228 765 4284 Consule
837 4228 960 4293 tibi,
1000 4247 1020 4278 ι
1055 4227 1200 4297 quod
1255 4240 1388 4280 caro
1436 4233 1492 4279 et
1542 4223 1768 4293 sanguis

161 4324 397 4380 dicebat
429 4319 649 4386 stolide,
671 4319 777 4376 hoc
797 4319 1077 4375 diabolum
1095 4319 1278 4374 dicere
1307 4315 1571 4372 subdole:
1603 4323 1766 4384 atque

161 4415 499 4471 intuebatur
553 4413 612 4468 in
649 4427 764 4468 uno
800 4426 1035 4482 corpore
1066 4411 1228 4476 duos,
1261 4409 1427 4464 istum
1451 4406 1652 4473 oculis,
1687 4405 1760 4459 il-

161 4509 284 4562 lum
308 4506 441 4562 ﬁde.
468 4503 705 4560 Nolebat
731 4519 860 4560 eum
882 4504 986 4560 iste
1018 4502 1196 4568 mori,
1225 4501 1446 4556 nolebat
1477 4499 1570 4555 ille
1607 4513 1768 4554 coro-
1803 4523 1843 4574 ι)

162 4599 314 4655 nari.
343 4597 592 4653 Proinde
613 4597 758 4652 circa
790 4597 959 4652 istum
981 4595 1264 4665 placidus,
1291 4594 1439 4650 circa
1475 4609 1600 4649 eum
1637 4609 1769 4648 cau-

165 4703 264 4749 tus
299 4711 315 4747 :
339 4691 479 4748 huic
511 4696 699 4760 aperte
723 4688 1132 4761 respondebat,
1161 4696 1216 4742 et
1255 4687 1410 4742 illum
1435 4695 1622 4757 aperte
1643 4687 1768 4741 vin.-

165 4785 353 4842 oebat.
396 4803 416 4836 ι
454 4781 607 4839 Nihil
642 4783 810 4854 igitur
842 4781 1087 4854 lgnatius
1131 4780 1487 4836 sanctissimo
1531 4790 1770 4850 martyre

169 4879 491 4951 indignum,
540 4875 680 4931 nihil
723 4875 1042 4931 indecorum
1089 4889 1120 4928 a
1164 4871 1429 4928 Romanis
1463 4870 1666 4942 exigit,
1705 4871 1768 4924 οὐ

167 4971 627 5045 προσδεξάμενος
666 4968 766 5041 τὴν
823 4967 1237 5038 ἀπολύτρωσιν,
1300 4983 1319 5015 ι
1359 4979 1467 5020 non
1493 4970 1770 5032 acceptata

169 5064 534 5120 liberatione.
564 5081 586 5115 ι

254 5157 363 5213 Sed
396 5155 590 5212 talium
624 5153 919 5210 verborum
951 5151 1164 5206 nullum
1195 5151 1251 5204 in
1286 5148 1439 5204 omni
1469 5157 1768 5218 martyrum

170 5250 632 5306 Christianorum
663 5246 821 5318 copia
877 5244 1193 5315 exemplum
1244 5250 1464 5298 exstare
1519 5241 1774 5296 meminit

169 5343 442 5399 Dallzeus.
477 5339 758 5397 Fortasse.
795 5337 994 5395 Melius
1025 5337 1308 5393 enimvero
1352 5335 1512 5391 nobis
1546 5333 1775 5390 consul-

172 5447 302 5491 tum
359 5444 470 5499 est,
533 5448 702 5504 quam
749 5441 814 5489 ut
865 5430 1379 5502 antiquissimorum
1427 5436 1770 5498 martyrum,

173 5543 424 5598 quorum
460 5525 720 5597 sanguini
766 5531 986 5580 tantum
1029 5536 1245 5592 semper
1294 5519 1485 5576 debuit
1525 5517 1773 5574 Ecclesia

172 5621 418 5684 Christi,
460 5626 823 5675 monumenta
871 5632 943 5673 ex
986 5616 1153 5671 unius
1205 5612 1452 5669 hominis
1506 5611 1773 5666 memoria

174 5711 512 5784 penderent,
541 5717 636 5766 aut
660 5707 881 5779 spiritui
897 5706 1320 5780 subjicerentur.
1338 5704 1588 5762 Aliorum
1621 5717 1772 5758 mar-

275 5826 314 5862 ³⁵
333 5826 529 5884 Matth.
564 5842 677 5896 xvr,
706 5825 800 5880 25.

1861 528 2006 585 Deus
2052 529 2144 585 det
2183 537 2245 585 ut
2298 530 2474 586 indies
2509 530 2664 600 plura
2695 528 2817 600 ejus
2851 528 3066 601 generis
3096 525 3256 582 nobis
3284 526 3446 581 inno~

1861 631 2109 691 Icscant;
2163 637 2277 678 rem
2327 623 2502 693 ipsam
2535 633 2717 678 tamen
2746 630 3030 688 tenemus,
3057 620 3208 690 quod
3240 627 3448 690 marty-

1861 731 1950 771 res
1998 715 2104 786 ipsi
2161 715 2366 772 fervide
2395 715 2569 771 Deum
2601 716 2834 771 orabant
2882 725 2943 769 ut
2985 713 3249 784 martyrio
3293 711 3447 767 frue-

1860 817 2072 873 rentur,
2131 809 2392 878 petebant
2437 807 2640 862 obnixe
2695 823 2726 861 a
2770 806 3021 862 fidelibus
3055 815 3114 861 ut
3148 804 3315 862 etiam
3364 804 3450 860 illi‘

1860 915 1890 954 a
1923 899 2034 955 Dco
2071 901 2214 956 idem
2261 900 2559 971 impetrare
2611 909 2980 966 conarentur;
3017 899 3065 957 si
3105 914 3248 970 quos
3288 898 3445 954 video

1861 1000 1984 1048 rent
2016 1001 2210 1047 contra
2256 993 2540 1062 postulare
2583 1001 2639 1048 et
2669 1007 2872 1063 cupere
2898 1001 2959 1047 ut
2989 992 3311 1064 martyrium
3347 1006 3447 1061 po-

1863 1084 1972 1140 tius
2027 1083 2315 1150 evitarent,
2376 1084 2432 1141 id
2478 1084 2928 1140 constantissime
2985 1084 3351 1150 recusabant,
3389 1091 3448 1138 et

1863 1175 2108 1230 omnium
2149 1186 2274 1230 vota
2323 1190 2621 1246 precesque
2674 1176 3114 1232 contemnebant.
3161 1174 3446 1230 Celerinus

1863 1266 2154 1323 confessor
2183 1267 2249 1322 ad
2275 1267 2583 1323 Lucianum
2609 1267 2983 1324 confessorem
3011 1269 3152 1324 inter
3183 1267 3445 1338 epistolas

1865 1359 1925 1416 S.
1950 1360 2209 1433 Cypriani
2232 1361 2296 1414 2|
2337 1380 2352 1415 :
2395 1379 2415 1413 ι
2447 1359 2575 1416 Pete
2599 1369 2659 1416 ut
2686 1361 2790 1416 sim
2815 1361 3016 1431 dignus
3042 1368 3096 1416 et
3139 1375 3241 1431 ego
3284 1374 3446 1416 coro-

1863 1453 1983 1507 nari
2011 1467 2136 1507 cum
2172 1467 2406 1508 numero
2440 1462 2645 1507 vestro.
2675 1471 2693 1504 ι
2736 1451 2801 1506 Et
2833 1465 3069 1507 rursus:
3111 1470 3130 1503 ι
3170 1450 3214 1506 0
3238 1459 3294 1506 te
3332 1449 3448 1506 feli-

1862 1559 2004 1610 cem,
2041 1544 2260 1614 suscipe
2284 1554 2377 1599 tua
2404 1552 2551 1609 vota,
2577 1559 2700 1614 quae
2725 1557 2943 1614 semper
2983 1542 3333 1607 desiderasti,
3361 1543 3446 1597 vel

1865 1633 1926 1688 in
1991 1643 2134 1688 terra
2207 1634 2535 1691 dormiens:
2591 1634 2792 1705 optasti
2843 1649 2943 1704 pro
2997 1633 3221 1690 nomine
3296 1633 3447 1687 illius

1867 1727 1920 1781 in
1969 1741 2245 1782 carcerem
2305 1727 2480 1795 mitti,
2540 1727 2688 1798 quod
2748 1742 2894 1782 nunc
2961 1726 3058 1781 tibi
3133 1723 3442 1796 contingit,

1864 1821 2008 1876 sicut
2053 1826 2316 1891 scriptum
2352 1831 2481 1877 est:
2517 1820 2618 1877 Det
2643 1821 2740 1876 tibi
2785 1819 2930 1876 Deus
2991 1819 3295 1876 secundum
3347 1833 3446 1873 cor

1863 1923 2042 1968 tuum.
2084 1932 2103 1966 ι
2144 1912 2300 1980 Quod
2341 1914 2389 1970 si
2435 1913 2668 1970 dixisset
2717 1911 2776 1967 S.
2807 1911 3049 1982 lguatius
3084 1931 3098 1966 :
3132 1931 3152 1963 ι
3183 1910 3284 1967 Det
3309 1910 3444 1965 mihi

1863 2007 2007 2062 Deus
2047 2006 2349 2062 secundum
2387 2021 2483 2062 cor
2521 2021 2702 2060 meum
2730 2047 2746 2072 ,
2781 2022 2800 2057 ι
2833 2014 3070 2075 quantas
3117 2003 3207 2059 hic
3252 2003 3446 2059 turbas

1861 2100 2156 2155 excitasset
2209 2098 2471 2154 Dallzeus!
2515 2098 2665 2154 Fecit
2706 2098 2797 2154 ille
2839 2097 3116 2153 Lucianus
3150 2095 3447 2153 confessio-

1862 2206 1985 2246 nem
2038 2191 2313 2256 floridam,
2341 2206 2487 2262 quze,
2520 2191 2567 2246 si
2609 2206 2758 2245 nunc
2811 2197 3072 2257 exstaret,
3109 2204 3222 2244 non
3253 2189 3446 2245 dubito

1861 2283 1994 2354 quin
2051 2283 2244 2339 iisdem
2289 2283 2713 2354 exceptionibus
2755 2283 2992 2338 obnoxia
3045 2289 3227 2348 esset;
3267 2281 3446 2354 magis

1861 2377 2007 2432 enim
2042 2377 2202 2434 decet
2242 2385 2534 2448 martyres,
2560 2387 2622 2432 ut
2644 2378 2857 2444 volunt,
2883 2375 3288 2432 confessionem
3321 2391 3447 2432 mo-

1861 2471 2094 2533 destam.
2130 2486 2296 2540 quam
2329 2469 2576 2525 floridam
2607 2469 2810 2526 facere.
2844 2469 2922 2525 De
2955 2468 3014 2524 S.
3048 2468 3332 2525 Felicitate
3363 2469 3446 2524 le-

1869 2559 2052 2630 gimus
2097 2575 2218 2616 eam
2247 2571 2614 2632 praegnantem
2644 2560 2815 2618 fuisse
2844 2562 3241 2633 apprehensam
3268 2579 3283 2629 ;
3313 2561 3447 2632 quid

1861 2651 2050 2722 igitur,
2084 2667 2152 2706 an
2185 2660 2307 2706 orat
2339 2660 2398 2706 ut
2421 2651 2546 2718 sibi,
2577 2661 2638 2705 ut
2680 2651 2959 2706 innocenti
2992 2650 3281 2721 emhryoni
3308 2664 3435 2720 par-

1862 2752 2024 2799 catur
2051 2744 2076 2798 Ἰ
2107 2743 2364 2812 Minime;
2403 2762 2423 2796 ι
2454 2759 2578 2800 cum
2607 2752 2732 2798 octo
2768 2758 2980 2799 menses
3011 2757 3172 2799 suum
3204 2749 3448 2797 ventrem

1862 2836 2127 2904 haberet,
2159 2835 2397 2891 instante
2437 2836 2732 2906 spectaculi
2756 2835 2846 2890 die
2875 2835 2929 2889 in
2971 2849 3171 2906 magno
3212 2845 3334 2890 erat
3363 2835 3450 2889 lu-

1862 2938 1977 2997 ctu;
2003 2945 2072 2985 ne
2100 2939 2325 3001 propter
2363 2941 2606 2985 ventrem
2637 2911 2971 2995 differretur,
2999 2927 3129 2997 quia
3181 2942 3294 2982 non
3321 2927 3452 2983 licet

1862 3031 2206 3093 praegnantes
2229 3037 2406 3092 preme
2434 3019 2816 3091 repraesentari
2845 3038 2859 3084 ;
2887 3019 3042 3090 cupit
3085 3019 3236 3089 prius
3270 3019 3446 3088 mori,

1789 3141 1832 3199 ο
1865 3130 2030 3184 quam
2069 3129 2164 3185 per
2198 3113 2320 3184 ipsa
2367 3112 2650 3183 gentilium
2690 3111 2894 3182 judicia
2949 3111 3170 3178 liceret;
3218 3111 3286 3166 de
3317 3127 3446 3181 pas-

1867 3209 2022 3264 sione
2049 3207 2281 3273 laetatur,
2306 3207 2374 3263 de
2401 3207 2660 3262 dilatione
2689 3206 2957 3276 queritur.
2985 3203 3067 3259 An
3091 3205 3285 3276 reliqui
3319 3205 3450 3262 lide-

1867 3299 1947 3354 les
1973 3299 2177 3353 luctum
2201 3297 2348 3354 hunc
2381 3305 2640 3367 tanquam
2674 3295 3069 3366 importunum,
3102 3304 3156 3351 et
3189 3312 3256 3350 ex
3280 3304 3451 3351 teme—

1866 3390 2026 3444 ritate
2066 3397 2163 3444 aut
2222 3389 2536 3461 arrogantia
2601 3385 2910 3457 profectum
2963 3387 3452 3444 condemnabam?

1867 3481 2089 3536 Minime
2128 3500 2141 3535 :
2177 3499 2195 3532 ‹
2237 3481 2331 3536 sed
2358 3491 2414 3536 et
2459 3489 2857 3552 commartyres
2892 3480 3128 3553 graviter
3151 3481 3448 3536 contrista-

1867 3574 2087 3640 hantur,
2125 3588 2194 3628 ne
2227 3581 2337 3627 tam
2373 3572 2574 3627 bonam
2614 3573 2820 3628 sociam
2868 3576 3026 3643 quasi
3068 3573 3326 3629 comitem
3358 3587 3452 3628 so-

1867 3666 1975 3720 lam
2026 3666 2080 3719 in
2127 3664 2212 3719 via
2259 3664 2507 3735 ejusdem
2555 3663 2670 3736 spei
2711 3665 3106 3736 relinquerent.
3141 3665 3450 3735 Coujuncto

1866 3759 2054 3829 itaque
2085 3759 2237 3814 unito
2284 3760 2488 3829 gemitu
2511 3759 2582 3814 ad
2622 3759 2916 3814 Dominum
2952 3757 3257 3813 orationem
3291 3756 3452 3812 fude-

1867 3858 1996 3904 runt
2026 3859 2151 3904 ante
2182 3850 2402 3905 tertium
2431 3850 2576 3905 diem
2613 3849 2882 3904 muneris.
2929 3847 3126 3903 Statim
3167 3855 3294 3918 post
3324 3861 3450 3902 ora-

1866 3942 2073 3998 tionem
2098 3941 2316 3998 dolores
2342 3941 2687 3997 invaserunt.
2725 3959 2745 3994 ι
2787 3939 2926 3996 Ecce
2951 3939 3142 4012 quales
3171 3939 3451 3994 orationes

1868 4033 2166 4089 fundebant
2209 4042 2340 4089 tunc
2368 4034 2629 4103 temporis
2655 4031 3022 4100 eoufessores,
3051 4033 3241 4103 quales
3275 4047 3306 4086 a
3337 4029 3452 4087 Deo

1867 4125 2298 4182 exauditaesunt!
2319 4126 2475 4190 tales,
2497 4127 2930 4196 scilicet,quales
2946 4125 3210 4198 lgnatius,
3231 4136 3293 4182 ut
3313 4126 3452 4181 nihil

1869 4218 2193 4290 martyrium
2213 4218 2493 4288 impediat,
2525 4228 2586 4274 ut
2605 4220 2740 4274 nihil
2768 4219 3048 4274 festinanti
3069 4219 3137 4274 ad
3162 4219 3449 4286 praemium

1870 4325 2036 4364 morae
2053 4309 2144 4364 sit.
2173 4308 2250 4363 lta
2285 4310 2493 4365 nobiles
2510 4310 2585 4363 illi
2609 4309 2956 4366 confessores
2982 4309 3125 4379 apud
3152 4306 3452 4362 Eusebium

1867 4400 2023 4467 lib.v,
2040 4416 2159 4471 cap.
2172 4401 2208 4454 2
2226 4401 2404 4456 εΜετὰ
2415 4401 2668 4473 δακρύων
2687 4400 3028 4474 παρεκάλουν
3045 4402 3169 4465 τοὺς
3191 4401 3452 4472 ἀδελφοὺς

1867 4493 2109 4565 δεόμενοι
2125 4494 2212 4547 ἵνα
2234 4497 2472 4559 ἐκτενεῖς
2485 4495 2643 4565 εὐχαὶ
2658 4493 2912 4563 γίνωνται
2935 4493 3071 4566 πρὸς
3090 4493 3150 4547 τὸ
3165 4493 3455 4566 τελειωθῆ-

1869 4603 1956 4639 ναι
1982 4586 2198 4651 αὐτούς.
2221 4606 2238 4638 ‹
2262 4585 2506 4642 Profusis
2534 4586 2794 4658 lacrymis
2823 4586 3187 4642 obsecrabant
3220 4585 3451 4650 fratres,

1870 4681 2224 4750 ut,coutiuuae
2239 4681 2307 4737 ad
2331 4679 2504 4735 Deum
2527 4671 2720 4750 preces
2748 4679 2961 4746 fierent,
2980 4679 3323 4751 quotandem
3349 4679 3456 4748 ipsi

1871 4772 2282 4844 perﬁcerentur.
2316 4791 2334 4825 ι
2368 4771 2445 4828 De
2472 4771 2530 4826 S.
2557 4771 2835 4844 Cypriano
2864 4769 3095 4826 Pontius
3119 4769 3240 4839 ejus
3261 4769 3455 4824 diaco-

1873 4881 2019 4922 nus:
2053 4885 2071 4916 ι
2104 4864 2516 4921 Conveniebant
2541 4863 2759 4918 interim
2787 4862 2973 4932 plures
3007 4861 3210 4934 egregii
3249 4869 3307 4918 et
3339 4861 3454 4916 cla-

1873 4957 2082 5013 rissimi
2121 4956 2364 5022 ordinis,
2397 4955 2492 5011 sed
2519 4963 2574 5010 et
2613 4953 2799 5010 saeculi
2839 4953 3126 5009 nobilitate
3162 4952 3452 5024 generosi,

1871 5050 1967 5122 qui
1993 5059 2216 5120 propter
2233 5048 2537 5104 amicitiam
2564 5062 2842 5104 secessum
2867 5047 3100 5103 subinde
3129 5047 3452 5112 suaderent;

1872 5152 2019 5198 etne
2041 5157 2237 5211 parum
2269 5150 2414 5196 esset
2443 5138 2591 5195 nuda
2621 5138 2868 5203 suadela,
2892 5139 3056 5194 etiam
3090 5139 3208 5193 loca
3243 5138 3299 5194 in
3330 5154 3454 5208 qua:

1873 5237 2174 5301 secederet,
2227 5235 2552 5291 offerebant.
2585 5253 2605 5286 ι
2651 5231 2770 5287 Non
2823 5248 2958 5287 curo
2991 5231 3122 5302 quid
3153 5231 3455 5288 adversarii

1874 5330 2052 5386 nostri
2087 5328 2377 5392 dixissent,
2415 5327 2463 5381 si
2491 5340 2559 5380 eo
2599 5336 2843 5393 tempore
2886 5323 3230 5379 adfuissent:
3268 5339 3456 5394 quaero

1875 5422 2009 5493 quid
2039 5419 2231 5478 fecerit
2254 5419 2308 5472 S.
2343 5417 2671 5489 Cyprianus.
2713 5432 2731 5465 ι
2770 5413 2863 5470 llle
2888 5428 3018 5468 vero
3043 5413 3158 5484 jam
3189 5416 3457 5470 mundum

1875 5529 2144 5586 suSpensa
2174 5513 2239 5568 ad
2269 5513 2471 5568 coelum
2507 5518 2689 5564 mente
2725 5508 3056 5580 neglexerat,
3088 5523 3190 5563 nec
3218 5509 3462 5566 suadelis

1876 5606 2290 5664 blandientibus
2339 5601 2654 5673 .anuuebat.
2744 5598 2989 5655 Fecisset
3043 5597 3275 5655 fortasse
3329 5608 3459 5654 tum:

1877 5701 2065 5766 etiam,
2095 5697 2240 5769 quod
2270 5714 2299 5753 a
2339 5693 2590 5768 pluribus
2621 5701 2675 5750 et
2704 5691 2955 5749 ﬁdelibus
2979 5691 3300 5764 petebatur;
3332 5691 3380 5747 si
3405 5699 3461 5746 et
