3848 6204
395 333 501 393 567

1381 325 1436 379 S.
1480 321 1827 380 lCNATlUS.
1862 352 1933 361 --
1960 316 2488 374 PROLECOMENA.

3551 309 3656 364 5'38

398 457 587 510 divino
635 452 868 523 imperio
914 451 1217 523 juberetur.
1255 469 1272 501 ι
1320 447 1458 503 Nam
1514 455 1577 501 ut
1610 446 1723 517 ipse
1748 438 1975 500 Pontius
2006 448 2051 505 Α
2081 442 2264 496 clesia:
2294 440 2669 496 vetustissima
2700 440 2929 510 epistola
2970 444 3390 508 reprzesentatur
3426 432 3661 487 German

395 549 557 603 docet
590 563 644 602 tn
675 547 863 618 priore
892 560 1154 602 secessu:
1203 563 1222 596 ι
1264 543 1495 596 Domino
1539 541 1801 595 latebram
1846 547 1975 592 tunc

392 638 607 708 jubenti
651 638 853 707 paruit.
890 655 909 688 ι
946 635 1189 706 Populus
1216 642 1397 687 autem
1421 631 1597 686 ﬁdelis
1624 629 1975 701 S.Cypriano

396 731 464 786 ad
510 731 839 801 supplicium
884 730 1052 784 ducto
1107 735 1320 781 tantum
1373 724 1603 779 aberant
1653 722 1722 775 ab
1762 720 1974 775 orando

396 821 568 877 Deum
606 830 667 876 ut
708 822 784 875 illi
825 826 1180 890 parceretur.
1211 826 1308 872 aut
1350 815 1549 885 quovis
1582 813 1747 869 modo
1776 822 1977 881 marty-

398 914 538 967 rium
574 910 942 981 impediendo,
998 916 1059 963 ut
1112 906 1277 963 simul
1306 922 1435 961 cum
1488 905 1583 959 i‘ilo
1611 914 1795 974 potius
1833 904 1973 957 mori

396 1013 677 1075 eriperent.
735 1021 753 1055 ι
784 1002 1048 1069 Quamvis
1111 1001 1259 1056 enim
1311 1015 1422 1055 non
1476 998 1718 1069 potuerit
1758 997 1974 1051 evenire

394 1096 539 1167 quod
571 1094 833 1166 optabant
865 1101 991 1148 vota
1030 1090 1369 1156 communia,
1406 1098 1469 1144 ut
1503 1088 1784 1144 consortio
1825 1087 1972 1157 paris

393 1188 585 1257 gloriae
632 1185 797 1242 simul
833 1183 989 1255 plebs
1026 1192 1142 1238 tota
1182 1189 1460 1253 pateretur
1478 1198 1505 1257 ;.
1529 1179 1841 1250 quicunque
1871 1178 1975 1234 sub

391 1278 596 1334 Christi
621 1277 920 1347 spectantis
966 1276 1145 1332 oculis
1174 1283 1231 1329 et
1272 1274 1377 1328 sub
1409 1272 1638 1328 auribus
1674 1272 1971 1327 sacerdotis

391 1387 455 1423 ex
488 1369 677 1423 animo
703 1368 816 1438 pati
850 1366 1044 1431 voluit,
1088 1381 1186 1435 per
1216 1365 1472 1435 idoneum
1509 1364 1618 1417 voti
1646 1365 1733 1418 sui
1778 1371 1971 1418 testem

394 1462 679 1531 legationis
712 1459 1122 1530 quodammodo
1170 1456 1385 1511 litteras
1435 1457 1502 1510 ad
1533 1454 1703 1510 Deum
1740 1456 1910 1513 misit.
1946 1476 1965 1509 ι

402 1550 460 1604 S.
501 1550 868 1622 iiieronymus
891 1550 959 1605 de
992 1547 1115 1602 Vita
1146 1546 1301 1602 Pauli
1330 1546 1586 1603 Eremita:
1614 1566 1629 1600 :
1663 1568 1681 1600 ι
1717 1547 1832 1604 Sub
1864 1548 1971 1604 De-

390 1645 478 1697 cio
510 1653 565 1697 et
594 1641 883 1698 Valeriano
908 1641 1350 1713 persecutoribus
1369 1680 1386 1705 ,
1415 1656 1527 1711 quo
1561 1651 1807 1711 tempore
1834 1640 1972 1697 Cor-

392 1737 569 1792 nelius
602 1734 811 1801 Romae,
849 1745 903 1790 et
927 1733 1234 1806 Cyprianus
1249 1733 1581 1805 Carthagine
1608 1733 1749 1791 felici
1774 1749 1969 1789 cruore

390 1829 634 1882 damnati
669 1836 823 1892 sunt,
849 1827 1053 1882 multas
1086 1826 1230 1897 apud
1262 1825 1560 1897 Aigyptum
1594 1836 1650 1881 et
1687 1826 1965 1881 Thebaida

391 1922 667 1977 Eeclcsias
696 1930 992 1990 tempestas
1036 1935 1181 1975 satva
1225 1922 1482 1991 populata
1535 1929 1640 1977 est.
1678 1921 1805 1976 Voti
1838 1931 1968 1977 tunc

390 2015 721 2070 Christianis
740 2023 877 2079 erat,
915 2029 1014 2085 pro
1044 2012 1251 2069 Christi
1282 2015 1503 2069 nomine
1525 2014 1707 2083 gladio
1736 2016 1965 2085 percuti.

394 2104 597 2160 Verum
630 2105 810 2160 hostis
836 2105 1088 2172 callidus,
1112 2105 1267 2160 tarda
1305 2106 1371 2160 ad
1414 2114 1651 2161 mortem
1701 2106 1967 2175 supplicia

392 2198 753 2269 conquirens,
783 2199 998 2253 animas
1028 2199 1283 2269 cupiebat
1303 2198 1585 2270 jugulare,
1619 2213 1728 2253 non
1775 2213 1969 2267 corpo-

391 2310 491 2357 ra;
524 2302 599 2355 et,
634 2299 694 2346 ut
715 2291 832 2362 ipse
861 2291 954 2361 qui
983 2291 1054 2346 ab
1079 2306 1147 2345 eo
1181 2306 1382 2361 passus
1409 2301 1495 2346 est
1515 2291 1825 2362 Cyprianus
1854 2290 1964 2344 ait:

395 2385 718 2441 Volentibus
748 2387 887 2439 mori
912 2400 1021 2438 non
1050 2385 1468 2454 permittebatur
1490 2383 1686 2439 occidi.
1714 2404 1731 2435 ι
1766 2382 1966 2438 Notum

392 2489 476 2535 est
511 2489 565 2534 et
598 2476 732 2533 illud
753 2476 812 2533 8.
844 2477 1129 2549 Polycarpi
1160 2477 1420 2549 martyris
1449 2478 1515 2531 ad
1546 2478 1930 2547 proconsulem
1953 2518 1967 2535 .

390 2584 540 2626 nunc
573 2570 812 2634 bestias,
838 2585 984 2625 nunc
1024 2569 1276 2625 ﬂammas
1315 2570 1391 2624 illi
1424 2570 1800 2636 minitantem,
1834 2570 1970 2624 ἀλλὰ

391 2663 444 2717 τε
491 2662 792 2736 βραδύνεις,
844 2663 979 2735 φέρε
1015 2663 1044 2716 ὃ
1074 2663 1273 2733 βούλει,
1305 2684 1324 2715 ‹
1361 2662 1501 2729 Quid
1545 2673 1729 2718 autem
1781 2679 1969 2718 moras

393 2755 601 2810 trahis?
634 2754 767 2809 utier
810 2756 959 2823 quod
1001 2756 1136 2810 velis
1157 2796 1171 2819 ,
1209 2775 1228 2807 t
1264 2755 1437 2809 ταῦτα
1468 2755 1560 2808 καὶ
1581 2755 1717 2810 ἄλλα
1750 2755 1971 2810 πλείονα

390 2846 566 2916 λέγων
616 2846 851 2919 θάρσους
900 2847 993 2901 καὶ
1043 2849 1220 2920 χαρᾶς
1267 2848 1679 2918 ἀνεπίμπλητο,
1717 2867 1738 2898 ι
1775 2849 1888 2903 bzec
1916 2858 1972 2902 et

390 2942 549 3011 plura
579 2940 686 2994 alia
730 2954 857 2993 eum
885 2939 1092 2994 diceret
1122 2976 1138 3002 ,
1172 2939 1368 2995 ﬁducia
1405 2949 1459 2994 et
1499 2940 1681 2994 lmtitia
1716 2941 1970 3010 impletus

395 3043 502 3098 est,
535 3053 553 3085 ο
587 3041 645 3086 ιιι
670 3032 1041 3087 vetustissima
1065 3033 1187 3104 eius
1212 3031 1349 3088 Acta
1372 3042 1659 3088 testantur.
1690 3033 1851 3088 Plura
1879 3048 1971 3088 au-

2077 537 2265 601 nicus,
2293 535 2451 605 quasi
2477 535 2613 589 alter
2638 532 2912 605 lgnatius,
2950 533 3237 602 ἐπισήμως
3274 525 3660 600 θηριομαχῶν,

2083 648 2102 680 σ
2133 628 2364 699 insignis
2387 637 2442 684 et
2469 627 2666 682 nobilis
2696 627 3041 681 bestiarios.»
3067 623 3208 690 Quid
3233 630 3419 676 autem
3444 617 3663 689 judicio

2077 721 2476 790 antiquissimae
2509 719 2771 775 Ecclesia:
2791 720 3079 789 ἐπίσημον,
3104 717 3316 787 insigne
3340 724 3434 769 aut
3473 711 3664 767 nobile

2074 817 2129 870 in
2174 815 2296 884 ejus
2332 813 2594 885 martyrio
2628 813 2865 868 breviter
2907 811 3180 881 descripto
3214 807 3528 864 invenitur?
3574 806 3661 859 An

2077 906 2286 977 placida
2321 915 2375 961 et
2396 905 2619 960 humilis
2650 914 2703 959 et
2730 904 2973 959 modesta
3013 903 3136 972 ejus
3167 903 3352 956 anima
3382 898 3660 955 describi-

2075 1010 2186 1066 tur,
2208 1015 2374 1070 quam
2398 998 2573 1053 solam
2600 997 2903 1051 admiratur
2924 998 2979 1050 in
3011 1010 3114 1050 suo
3136 1002 3374 1065 martyre
3387 991 3660 1047 Daiizeus?

2073 1088 2232 1144 Nullo
2256 1088 2559 1143 modozsed
2581 1087 2712 1141 illud
2727 1087 2929 1156 potius,
2952 1087 3098 1157 quod
3115 1094 3172 1140 ut
3198 1100 3465 1155 preceps,
3497 1083 3653 1153 quod

2075 1185 2426 1255 utjuvenile,
2453 1183 2598 1254 quod
2634 1193 2694 1237 ut
2716 1184 2829 1236 leve
2856 1183 2911 1236 in
2936 1181 3140 1250 Ignatio
3177 1182 3268 1235 ille
3301 1181 3654 1235 condemnat.

2074 1276 2405 1347 Βουλομένου
2463 1274 2567 1345 γὰρ
2606 1274 2699 1328 τοῦ
2733 1273 3043 1327 ἀνθυπάτου
3088 1272 3295 1325 πείθειν
3344 1270 3507 1325 αὐτὸν
3558 1269 3656 1324 καὶ

2072 1370 2272 1439 λέγειν,
2296 1369 2382 1424 vel
2408 1368 2462 1421 λέ
2482 1383 2679 1436 (svras,
2711 1367 2808 1437 τὴν
2834 1365 3047 1436 ἡλικίαν
3068 1364 3233 1419 αὑτοῦ
3254 1366 3651 1435 κατοικτεῖραι,

2071 1462 2253 1534 ἑαυτῷ
2279 1463 2627 1516 ἐπεσπάσατο
2648 1461 2708 1514 τὸ
2738 1458 2927 1532 θηρίον
2952 1457 3442 1531 προσδιασάμενος,
3488 1466 3565 1519 et,
3594 1466 3659 1509 ut

2072 1555 2237 1610 habet
2263 1554 2553 1618 Eusebius,
2580 1551 2909 1624 παροξύνας.
2937 1568 2960 1602 ς
2983 1550 3124 1605 Cum
3158 1550 3304 1604 enim
3349 1548 3654 1618 proconsul

2075 1648 2292 1702 ﬂectere
2324 1661 2450 1701 eum
2480 1646 2658 1710 vellet,
2691 1644 3001 1714 diceretque
3030 1659 3088 1697 se
3118 1642 3293 1697 tetatis
3320 1640 3442 1709 ejus
3478 1640 3651 1694 mise-

2076 1740 2204 1805 reri»,
2237 1738 2464 1794 attraxit
2518 1738 2624 1793 sibi
2655 1737 2887 1792 bestiam
2920 1736 2974 1790 vi
3018 1751 3137 1789 eam
3167 1735 3391 1805 adigens
3414 1774 3429 1797 ,
3462 1740 3519 1787 et
3550 1733 3657 1787 sti-

2071 1830 2308 1895 mulans.
2337 1848 2356 1881 ι
2383 1828 2497 1883 Hoc
2525 1829 2671 1883 enim
2702 1826 2899 1883 fecisse
2922 1835 3201 1887 narratur.
3229 1835 3291 1880 ut
3318 1825 3653 1895 martyrium

2071 1922 2422 1978 acceleraret.
2452 1921 2580 1977 inde
2607 1932 2788 1977 autem
2822 1920 3025 1975 factum
3051 1927 3152 1984 est,
3186 1926 3249 1973 ut
3268 1933 3457 1972 omnes
3480 1919 3653 1971 etiam

2070 2016 2271 2070 ethnici
2303 2016 2468 2069 etiam
2503 2025 2881 2085 persecutores
2903 2013 3001 2084 τὴν
3024 2012 3374 2082 γενναιότητα
3406 2009 3501 2063 τοῦ
3528 2010 3657 2063 θεο-

2071 2108 2257 2177 φιλοῦς
2285 2108 2379 2161 καὶ
2409 2106 2691 2170 θεοσεϐοῦς
2721 2106 2913 2174 γένους
2957 2105 3065 2158 τῶν
3090 2102 3433 2177 Χριστιανῶν
3467 2103 3652 2155 admi-

2073 2208 2347 2255 rarentur.
2383 2199 2661 2269 Illeigitur
2690 2196 3074 2262 Germanicus,
3100 2210 3262 2264 quem
3290 2203 3350 2248 ut
3375 2195 3652 2263 insignem

2070 2291 2394 2347 etnobilem
2437 2292 2494 2345 in
2530 2291 2723 2361 primis
2756 2299 3049 2360 martyrem
3093 2287 3377 2358 proposuit
3422 2286 3655 2356 antiqua

2070 2393 2124 2438 et
2151 2385 2378 2439 celebris
2408 2382 2653 2439 Ecclesia
2702 2381 3088 2454 Smyrnensis,
3137 2381 3297 2450 cujus
3334 2382 3406 2435 ob
3433 2380 3657 2449 insigne

2072 2477 2288 2532 facinus
2335 2476 2539 2531 ethnici
2582 2476 2685 2546 ipsi
2744 2475 3089 2530 nobilitatem
3130 2484 3183 2528 et
3227 2475 3661 2545 generositatem

2070 2570 2402 2625 Christianas
2430 2568 2610 2640 gentis
2659 2568 2916 2623 admirati
2951 2577 3101 2633 sunt,
3132 2567 3270 2622 nihil
3305 2567 3453 2621 aliud
3491 2565 3653 2633 fecit,

2074 2661 2176 2714 nisi
2207 2660 2354 2730 quod
2392 2660 2631 2731 lgnatius
2663 2676 2721 2715 se
2756 2660 3031 2715 facturum
3058 2660 3235 2725 dixit;
3268 2659 3380 2713 imo
3418 2660 3525 2715 hoc
3568 2657 3655 2713 fe-

2074 2754 2219 2808 cisse
2281 2754 2403 2808 ideo
2431 2755 2669 2819 videtur,
2716 2754 2864 2824 quod
2917 2752 3160 2823 lgnatius
3190 2751 3663 2818 dixerat;eadem

2071 2846 2218 2899 enim
2243 2860 2376 2901 voce
2413 2846 2585 2900 utitur
2616 2845 2865 2901 Ecclesia
2908 2845 3260 2917 Smyrnensis
3280 2886 3295 2912 ,
3327 2845 3471 2899 unde
3510 2844 3658 2898 hanc

2072 2937 2362 3007 epistolam
2397 2938 2465 2993 ad
2495 2936 2777 2993 Romanos
2805 2937 3033 2993 dederat
3072 2937 3332 3007 lgnatius,
3365 2936 3433 2991 ad
3473 2937 3662 3006 expri-

2073 3033 2331 3087 mendum
2367 3031 2676 3090 Germanici
2720 3032 2925 3089 factum
2950 3074 2965 3098 ,
2995 3047 3100 3101 qua
3137 3028 3379 3101 lgnatius
3411 3030 3479 3085 ad
3526 3031 3654 3085 ani-

392 3135 502 3181 tem
535 3123 628 3177 illa
650 3138 773 3193 quae
803 3122 1125 3178 fortitudine
1146 3132 1201 3178 et
1233 3124 1601 3179 exsultatione
1630 3124 1822 3193 plenus
1843 3138 1968 3193 pro-
1995 3136 2038 3195 ο
2071 3122 2147 3177 mi
2174 3124 2260 3178 sui
2283 3125 2532 3179 ardorem
2563 3124 2915 3179 indicandum
2947 3140 3079 3178 usus
3105 3122 3283 3178 fuerat
3311 3121 3647 3195 εὲγὼπροσ-

390 3214 667 3271 nuntiavit
687 3214 931 3285 ,qualia,
974 3215 1174 3271 amabo
1194 3256 1210 3281 ,
1243 3214 1425 3282 fuere,
1450 3216 1497 3271 si
1537 3232 1647 3271 non
1671 3216 1968 3288 lgnatianis

391 3308 629 3363 siniilia?
658 3308 703 3362 si
734 3323 845 3361 non
883 3307 959 3360 illi
989 3308 1106 3362 voci
1125 3322 1391 3371 consona,
1425 3323 1593 3378 quam
1618 3323 1648 3364 e
1704 3309 1845 3363 caelo
1877 3324 1971 3364 au-

390 3399 548 3462 divit,
576 3400 758 3470 Ἰσχυε
813 3398 907 3453 καὶ
938 3397 1221 3470 ἀνδρίζου,
1267 3398 1594 3472 Πολύκαρπε
1614 3439 1629 3463 ,
1664 3415 1773 3453 non
1801 3420 1815 3455 :
1849 3399 1967 3455 Mo-

390 3492 580 3547 destus
620 3500 760 3553 esto,
805 3491 899 3546 sed
926 3510 940 3545 :
970 3509 988 3542 ‹
1020 3490 1256 3546 Fortiter
1292 3500 1347 3545 et
1384 3491 1614 3546 viriliter
1654 3505 1786 3562 ago,
1813 3491 1973 3564 Poly-

391 3599 578 3649 earpe.
606 3603 627 3636 ι
655 3583 951 3639 Notissima
980 3593 1062 3640 est
1083 3586 1248 3639 etiam
1280 3584 1371 3639 illa
1391 3583 1625 3639 Romani
1648 3586 1970 3641 Caesareen-

393 3679 472 3735 sis
500 3678 715 3733 diaconi
739 3693 843 3734 vox
870 3677 1176 3734 Antiochia;
1200 3679 1409 3745 audita,
1458 3679 1562 3732 ποῦ
1599 3696 1688 3751 μοι
1731 3679 1792 3734 τὸ
1835 3680 1968 3754 πῦρ,

399 3792 425 3824 ς
462 3772 682 3826 ubinam
711 3771 847 3825 mihi
873 3771 1055 3841 ignis?
1086 3790 1111 3823 ι

469 3862 723 3917 Secunda
750 3861 1001 3931 exceptio
1013 3862 1081 3916 ab
1096 3861 1165 3915 iis
1180 3861 1399 3931 petitur,
1415 3875 1537 3931 quae
1549 3860 1687 3916 dese
1699 3859 1974 3929 spondere

396 3954 603 4009 dicitur
634 3954 875 4022 lgnatius
905 3971 918 4006 :
943 3953 1153 4008 scilicet
1182 3953 1329 4022 quod
1350 3968 1411 4008 se
1442 3953 1646 4008 bestias
1671 3953 1739 4006 ad
1782 3966 1973 4007 necem

394 4063 549 4103 sitam
604 4046 1011 4101 accelerandam
1061 4054 1485 4116 provocaturum
1519 4045 1741 4111 scribat,
1773 4053 1829 4099 et
1869 4045 1974 4100 hoc

393 4141 557 4195 etiam
595 4140 715 4193 sine
747 4138 1018 4209 exemplo.
1058 4137 1180 4193 Duo
1205 4138 1371 4193 verba
1406 4146 1535 4192 sunt
1562 4153 1687 4209 quae
1720 4138 1797 4192 illi
1832 4137 1973 4192 mira

394 4231 685 4294 videntur,
741 4229 1057 4284 κολακεύσω
1096 4239 1148 4285 et
1179 4230 1617 4302 προσϐιάσομάι,
1673 4249 1692 4280 ι
1723 4230 1975 4284 blandiar

395 4323 548 4389 feris,
577 4323 688 4377 imo
710 4338 922 4392 cogam.
951 4342 968 4376 ι
1003 4341 1021 4374 ι
1052 4320 1099 4375 0
1120 4323 1291 4389 diras,
1314 4323 1523 4393 inquit,
1553 4333 1607 4378 et
1635 4322 1975 4377 trnculentas

395 4414 591 4468 voces!
622 4413 735 4467 imo
760 4428 893 4467 vero
914 4424 1157 4481 sanctas,
1187 4423 1240 4468 et
1269 4410 1460 4478 fortes,
1490 4424 1546 4469 et
1570 4414 1723 4468 omni
1748 4427 1974 4467 venera-

2072 3213 2354 3285 ϐιάσομαι,
2411 3216 2592 3286 inquit
2643 3216 2766 3282 ille,
2816 3215 2907 3270 hic
2974 3216 3332 3268 ἀπεσπάσατο
3386 3215 3663 3287 προσϐια-

2072 3309 2325 3379 σάμενος.
2351 3306 2505 3363 Unde
2538 3309 2703 3363 etiam
2741 3316 2867 3363 ante
2898 3308 3248 3372 monuimus,
3284 3308 3514 3362 dubium
3543 3324 3665 3362 non.

2069 3416 2210 3467 esse,
2244 3402 2377 3470 quin
2408 3400 2554 3457 hunc
2587 3401 2766 3472 ipsum
2799 3401 2979 3457 locum
3005 3402 3248 3471 epistolae
3279 3401 3345 3455 ad
3371 3400 3663 3458 Romanos

2071 3495 2407 3565 respexerint
2427 3492 2811 3566 Smyrnenses,
2838 3510 2963 3551 cum
2993 3497 3093 3550 ista
3118 3496 3438 3551 scriberent.
3463 3495 3534 3550 Et
3556 3497 3665 3551 ob.

2073 3587 2341 3642 servanda
2375 3597 2505 3642 sunt
2531 3588 2700 3643 verba
2731 3586 3094 3660 Martyrologii
3126 3587 3393 3644 Romani:
3420 3607 3440 3640 ι
3462 3587 3661 3661 Smyr—

2073 3694 2158 3733 nae
2210 3677 2420 3735 Natalis
2471 3677 2534 3733 B.
2587 3678 2900 3735 Germanici
2930 3680 3219 3751 martyris,
3257 3680 3353 3750 qui
3377 3694 3503 3736 eum
3537 3683 3658 3752 pri-

2071 3785 2255 3825 maevae
2307 3771 2485 3826 aetatis
2527 3778 2813 3826 venustate
2844 3770 3085 3838 ﬂoreret,
3117 3773 3223 3827 sub
3260 3771 3451 3828 Marco
3477 3775 3659 3828 Anto-

2071 3865 2204 3920 nino
2228 3871 2282 3919 et
2315 3863 2487 3919 Lucio
2515 3862 2738 3918 Aurelio
2766 3878 2864 3933 per
2889 3864 3120 3933 gratiam
3147 3865 3367 3919 virtutis
3399 3863 3494 3919 Dei
3538 3881 3661 3920 me-

2071 3968 2189 4012 tum
2215 3972 2493 4027 corporeae
2538 3954 2852 4026 fragilitatis
2886 3956 3183 4011 exeludens
3212 3967 3405 4026 sponte
3441 3974 3662 4028 praepa—

2073 4061 2246 4106 ratam
2293 4050 2398 4105 sibi
2446 4049 2679 4104 bestiam
2709 4048 3003 4104 damnatus
3029 4064 3061 4103 a
3091 4049 3278 4118 judice
3302 4051 3671 4119 provocavit,

2072 4144 2230 4214 cujus
2255 4142 2513 4198 dentibus
2543 4143 2921 4199 comminutos
2951 4158 3081 4199 vero
3112 4145 3239 4213 pani
3269 4142 3501 4199 Domino
3522 4143 3662 4199 Jesu

2072 4235 2295 4291 Christo
2341 4249 2440 4304 pro
2491 4235 2611 4305 ipso
2650 4234 2894 4290 moriens
2941 4236 3141 4291 meruit
3201 4236 3591 4306 incorporari:
3634 4257 3661 4288 ι

2076 4336 2131 4380 ut
2158 4326 2286 4381 hinc
2313 4327 2477 4381 etiam
2510 4325 2723 4397 lgnatio
2756 4326 3070 4382 simillimus
3116 4337 3323 4399 martyr
3353 4344 3667 4398 represen-

2076 4427 2238 4475 tetur.
2284 4418 2451 4474 Miror
2494 4419 2678 4489 itaque
2718 4417 2977 4474 Dallaeum
3020 4422 3265 4476 scribere
3295 4424 3565 4492 potuisse,
3598 4426 3663 4479 in

394 4509 546 4563 tione
570 4505 947 4574 accipiendas!
986 4522 1093 4560 non
1121 4505 1229 4560 alia
1270 4507 1454 4561 anima
1478 4507 1672 4577 dignas
1711 4520 1879 4576 quam
1906 4518 1970 4558 ea
2002 4510 2047 4565 D
2078 4507 2497 4581 Smyrnensium
2528 4518 2830 4581 martyrum
2858 4510 3009 4567 Actis
3048 4513 3185 4567 nihil
3217 4515 3488 4584 epistolici
3514 4522 3671 4574 seri-

395 4613 519 4668 qua
542 4598 668 4651 vita:
694 4612 807 4650 suae
838 4606 1091 4666 pertaesa,
1124 4597 1445 4667 lucemque,
1476 4599 1624 4668 quod
1666 4606 1825 4668 poeta
1855 4595 1967 4662 ait,

393 4704 589 4760 perosa
618 4689 673 4743 in
717 4698 948 4742 mortem
985 4704 1229 4758 praeceps
1254 4691 1362 4743 ruit
1423 4690 1631 4759 (instar
1666 4687 1973 4757 mancipio-

397 4780 714 4836 rumsascuii
736 4781 1228 4850 desperandorum,
1250 4789 1307 4835 ut
1329 4781 1571 4851 loquitur
1590 4778 1977 4850 Biondelius),t

396 4875 512 4928 imo
556 4888 620 4927 ea
664 4873 860 4928 anima
916 4872 1289 4943 dignissimas,
1315 4889 1437 4942 qua:
1480 4873 1767 4943 praesentis
1789 4873 1972 4927 saeculi

396 4965 585 5020 omnia
624 4964 946 5029 contemnit,
976 4979 1100 5033 quae
1120 4965 1344 5019 dissolvi
1371 4975 1573 5021 etcum
1604 4963 1826 5019 Christo
1852 4979 1976 5019 esse

397 5058 570 5128 cupit,
598 5072 722 5127 quae
757 5057 825 5111 ad
855 5057 1077 5126 prmmia
1111 5060 1375 5128 martyrio
1412 5058 1687 5127 promissa
1737 5058 1972 5127 aspirat,

397 5167 520 5218 quae
554 5148 884 5205 Christianae
938 5149 1220 5219 religionis
1274 5150 1723 5219 propagationem
1755 5148 1975 5204 deside-

399 5250 505 5306 rat,
528 5256 654 5311 qua:
685 5241 794 5293 vim
839 5247 893 5294 et
930 5240 1172 5310 vigorem
1207 5236 1445 5307 Spiritus
1489 5239 1640 5293 intus
1676 5238 1976 5293 habitantis

401 5334 711 5400 exprimere
739 5341 1141 5399 conatur,'quae
1170 5331 1399 5401 gentiles
1422 5338 1476 5385 et
1511 5331 1831 5386 idololatras
1854 5347 1968 5387 om-

403 5435 501 5475 nes
527 5423 738 5491 pudore
767 5422 1104 5489 suifundere,
1141 5424 1197 5477 in
1238 5424 1659 5478 admirationem
1693 5426 1973 5497 abripere,

406 5512 475 5565 ad
536 5516 973 5584 desperationem
1007 5532 1232 5587 cogere,
1290 5527 1384 5573 aut
1411 5519 1478 5573 ad
1513 5518 1674 5574 [idem
1707 5519 1978 5579 Christia-

404 5620 534 5658 nam
558 5609 984 5677 amplectendam
1018 5625 1334 5680 permovere
1356 5613 1670 5667 contendit!
1691 5613 1772 5668 An
1793 5629 1947 5670 exem
1962 5643 1977 5655 -

408 5695 556 5763 plum
589 5697 751 5766 hujus
778 5700 854 5754 rei
883 5701 1166 5769 quarritur,
1193 5719 1315 5757 cum
1342 5712 1423 5757 tot
1444 5720 1585 5773 pene
1607 5716 1820 5761 exstent
1842 5717 1976 5776 quot

409 5785 549 5841 Acta
594 5788 677 5844 vel
711 5794 986 5845 memoria:
1026 5795 1364 5863 martyrum?
1396 5793 1451 5849 in
1489 5794 1841 5866 Smyrnensis
1865 5797 1972 5854 Ec-

2078 4604 2252 4673 ptoris
2298 4604 2539 4658 sermoni
2586 4604 2766 4660 simile
2816 4606 3080 4674 reperiri:
3117 4609 3276 4677 quasi
3330 4609 3662 4670 Germanici

2074 4695 2286 4766 insigne
2316 4694 2518 4752 factum
2547 4704 2643 4751 aut
2671 4696 2808 4751 nihil
2841 4698 2934 4763 sit,
2966 4707 3062 4753 aut
3085 4715 3193 4754 non
3226 4700 3511 4772 ignatiano
3534 4721 3665 4759 ser-

2075 4789 2222 4842 moni
2250 4788 2449 4853 simile,
2482 4805 2606 4845 cum
2632 4790 2822 4845 eodem
2854 4794 3122 4847 vocabulo
3148 4796 3511 4863 exprimatur.
3544 4797 3663 4853 Ne-

2075 4895 2182 4950 que
2229 4888 2442 4935 tantum
2488 4880 2717 4947 beStiis,
2750 4881 2843 4936 sed
2873 4890 2928 4936 et
2962 4883 3063 4953 ipsi
3088 4885 3260 4952 judici
3291 4887 3399 4941 vim
3455 4890 3671 4946 intui?»

2076 4982 2206 5028 runt
2241 4983 2508 5046 martyres
2528 5014 2543 5038 ,
2590 4984 2650 5030 ut
2689 4973 2971 5032 Romanus
3002 4978 3092 5033 ille
3114 4994 3182 5033 ex
3218 4978 3508 5037 Palaestina
3536 4985 3673 5039 dia-

2077 5082 2281 5131 conus,
2310 5068 2403 5121 sed
2450 5066 2786 5135 Antiochiae,
2828 5068 2974 5123 unde
3008 5069 3251 5140 lgnatius
3301 5081 3511 5130 tractus
3540 5086 3671 5147 est,

2076 5158 2216 5213 forte
2270 5159 2598 5214 constitutus
2623 5201 2638 5225 ,
2692 5180 2712 5212 ς
2741 5175 2867 5215 cum
2901 5162 3102 5217 multos
3138 5164 3341 5219 mimos
3388 5166 3669 5225 cecidisse

2077 5248 2332 5305 Ecclesiae
2382 5250 2721 5317 invenisset,
2769 5268 2877 5307 non
2905 5261 2989 5309 est
3037 5268 3235 5325 passus
3273 5258 3406 5312 dare
3433 5259 3667 5316 diabolo

2076 5353 2137 5398 ut
2180 5342 2504 5408 exsultaret,
2532 5345 2625 5399 sed
2666 5346 3032 5402 exsultantem
3055 5347 3301 5418 judicem
3332 5351 3401 5405 de
3431 5352 3520 5407 his
3559 5355 3665 5422 qui

2077 5434 2290 5488 fuerant
2313 5435 2552 5504 superati
2580 5438 2893 5506 aggreditur
2925 5439 3032 5493 vim
3054 5438 3285 5503 faciens,
3321 5457 3493 5513 regno
3523 5460 3669 5500 vero

2075 5535 2252 5596 rapto,
2300 5536 2355 5581 et
2388 5527 2532 5594 dicit
2565 5546 2580 5583 :
2616 5526 2734 5582 Non
2788 5533 3010 5588 recedes
3052 5535 3238 5603 laatus;
3289 5537 3456 5592 habet
3506 5541 3665 5595 enim

2076 5616 2219 5672 Deus
2251 5617 2454 5671 milites
2485 5618 2579 5686 qui
2613 5620 2858 5687 superari
2897 5636 3005 5675 non
3043 5631 3295 5691 possunt,
3334 5643 3355 5675 ι
3389 5633 3451 5679 ιιι
3487 5627 3673 5679 tradit

2076 5707 2363 5775 Eusebius,
2416 5709 2495 5762 De
2536 5712 2918 5765 resurrectione
2964 5712 3060 5766 lib.
3094 5730 3154 5767 li.
3188 5715 3369 5785 Atque
3401 5716 3475 5771 ita
3526 5734 3660 5788 pro-

2075 5800 2154 5855 dit
2182 5800 2597 5857 αὺτοκέλευστον
2660 5805 2874 5873 ἱερεῖον,
2937 5823 2961 5856 s
2990 5807 3210 5862 victima
3265 5818 3598 5880 spontaneo,
3631 5834 3655 5864 ι
