3848 6204
237 300 349 357 569

987 302 1039 357 J.
1082 302 1450 357 PEARSOMI
1492 303 1816 359 νιΝυιειίΕ
1858 302 2283 360 ΙΟΝΛΤΙΑΝΑΖ.
2324 334 2396 349 -
2432 301 2612 357 PARS
2637 300 2694 359 Π.

3416 303 3522 358 570

242 432 305 474 ut
334 420 583 490 loquitur
623 429 815 476 auctor
845 422 1113 478 orationis
1153 424 1408 479 secunda:
1429 423 1824 496 Chrysostomo
1857 434 1899 491 Α
1930 434 2111 478 autem
2141 424 2255 479 [nec
2303 440 2411 478 non
2456 432 2669 481 tantum
2704 438 2828 478 vera
2870 438 2994 479 esse
3032 422 3244 490 dicunt,
3270 422 3365 479 sed
3402 432 3524 477 tan-

241 511 519 581 ascriptaa.
546 510 652 567 Sed
683 512 892 582 reliqua
919 514 1167 584 exempla
1210 531 1667 585 percenseamus,
1700 518 1826 586 qui-

239 604 347 659 bus
387 620 607 674 semper
662 605 717 659 in
772 605 1014 661 Ecclesia
1064 608 1153 661 illa
1207 619 1511 678 martyrum
1566 607 1829 662 fortitudo

236 696 533 752 decantata
560 707 668 765 est,
702 713 813 767 qua
855 698 1216 753 instrumenta
1246 700 1398 756 necis
1423 700 1489 756 ad
1522 716 1677 756 suam
1704 716 1829 769 pas-

228 790 459 844 sionem
516 790 931 845 accelerandam
990 792 1280 862 urgebant.
1334 792 1390 846 lu
1445 794 1827 863 antiquissima

236 881 530 951 Perpetua!
574 882 834 951 passione
882 883 1002 937 han:
1057 883 1321 954 legimus:
1381 904 1398 935 ι
1431 884 1699 957 Perpetua
1730 902 1829 940 au-

238 984 352 1029 tem
403 983 465 1028 ut
518 974 725 1044 aliquid
771 976 981 1030 doloris
1035 985 1320 1046 gustaret,
1352 977 1498 1032 inter
1523 993 1649 1033 ossa
1676 994 1829 1033 com-

236 1080 443 1136 puncta
466 1068 812 1130 exululavit,
852 1079 906 1123 et
953 1080 1230 1124 errantem
1269 1071 1515 1142 gladium
1564 1073 1827 1128 tirunculi

232 1157 564 1227 gladiatoris
586 1158 702 1227 ipsa
735 1160 791 1212 in
816 1159 1070 1229 jugulum
1105 1176 1267 1215 suum
1308 1162 1611 1216 transtulit.
1651 1181 1669 1214 ι
1700 1161 1827 1216 Dio-

235 1250 432 1321 nysius
460 1251 810 1306 Alexandriae
833 1252 1129 1322 episcopus
1159 1252 1506 1322 Apolloniam
1557 1253 1825 1324 virginem

231 1359 575 1414 magnOpere
607 1346 809 1411 laudat,
841 1346 986 1416 quod
1019 1362 1146 1401 cum
1179 1346 1283 1417 ipsi
1307 1348 1607 1402 verberatis
1631 1348 1827 1403 maxil-

232 1438 303 1492 lis
359 1438 544 1493 cuacti
603 1438 796 1493 dentes
869 1441 1113 1505 excussi,
1180 1441 1529 1511 ﬂammmque
1586 1442 1825 1497 admota:

229 1538 422 1583 essent
442 1572 457 1591 ,
501 1530 768 1594 συντόνως
818 1532 1164 1603 ὲπεπήδησεν
1192 1535 1272 1596 εἰς
1313 1532 1376 1586 τὸ
1402 1533 1513 1605 πῦρ
1537 1534 1629 1588 καὶ
1654 1553 1824 1590 κατα-

229 1621 565 1689 πὲφὶεκται,
598 1642 616 1671 4
647 1624 896 1679 celeriter
922 1626 975 1678 in
1001 1625 1179 1696 ignem
1206 1626 1401 1682 insiliit
1434 1637 1491 1683 et
1520 1628 1825 1700 conﬂagra-

230 1713 331 1767 vit.
366 1733 389 1766 ο
426 1715 488 1767 S.
531 1713 776 1770 llilarius
830 1718 1183 1773 enarratione
1235 1719 1289 1772 in
1337 1721 1607 1788 psalmum
1668 1738 1820 1776 va:

235 1824 255 1856 ι
291 1803 405 1858 Alii
448 1805 599 1859 enim
658 1807 714 1860 in
746 1809 983 1864 uinculis
1026 1825 1311 1866 carcerum
1354 1813 1699 1883 gloriantur,
1730 1813 1822 1869 alii

212 1898 363 1952 caesi
396 1896 452 1952 in
492 1900 814 1955 verberibus
856 1902 1205 1973 gratulantur
1229 1945 1244 1968 ,
1277 1904 1368 1958 alii
1400 1907 1656 1974 potestati
1682 1906 1822 1961 irre-

230 1988 562 2059 ligiosorum
594 1990 900 2047 desecanda
941 1992 1180 2048 felicium
1232 1996 1473 2066 capitum
1516 1997 1659 2052 colla
1688 1998 1823 2053 sub-

228 2083 494 2148 mittunt;
518 2081 703 2151 plures
730 2085 783 2138 in
808 2094 1120 2142 exstructos
1150 2103 1316 2159 rogos
1336 2102 1601 2157 currunt,
1628 2100 1688 2145 et
1713 2101 1823 2147 tre-

226 2173 552 2242 pidantibus
619 2192 795 2245 poena:
836 2177 1111 2233 ministris
1162 2178 1345 2249 ignem
1407 2182 1553 2236 saltu
1614 2183 1824 2243 devota:

227 2267 611 2323 festinationis
664 2269 942 2324 insiliunt.
980 2290 998 2321 ι
1033 2270 1190 2328 llunc
1249 2273 1302 2326 in
1352 2275 1688 2346 martyribus
1725 2292 1821 2346 pa-

227 2356 402 2411 tiendi
447 2355 703 2411 ardorem
740 2359 945 2427 optime
973 2360 1234 2417 describit
1283 2363 1342 2418 S.
1395 2363 1824 2438 Cltrysostomus

226 2447 492 2502 oratione
518 2448 572 2503 in
612 2448 949 2514 Romanum,
980 2454 1261 2510 diabolum
1295 2456 1369 2510 ita
1401 2457 1711 2526 loquentem
1741 2459 1827 2514 in-

224 2540 576 2597 troducens:
631 2543 943 2615 Ἀνθρακας
994 2546 1365 2620 ὑπεστόρεσα,
1412 2552 1461 2603 οἱ
1508 2550 1564 2603 δὲ
1616 2551 1691 2615 ὡς
1731 2553 1824 2606 ἐπὶ

224 2631 365 2703 ῥόδα
388 2633 633 2705 ἔτρεχον,
667 2654 685 2686 ι
712 2653 915 2706 prunas
945 2640 1247 2704 substravi,
1276 2640 1329 2693 hi
1352 2649 1536 2697 autem
1560 2651 1824 2713 tanquam

212 2721 297 2781 _ad
344 2737 505 2779 rosas
552 2726 851 2781 currebant
870 2769 885 2793 ,
920 2748 937 2779 ι
988 2728 1100 2802 πῦρ
1127 2730 1330 2801 ἀνῆψα,
1359 2734 1409 2785 οἱ
1435 2732 1491 2786 δὲ
1517 2734 1593 2799 ὡς
1614 2737 1693 2800 εἰς
1722 2754 1818 2808 πη-

223 2815 332 2882 γὰς
363 2816 575 2871 ὑδάτων
618 2818 844 2892 ψυχρῶν
884 2823 1112 2887 ἑαυτοὺς
1135 2824 1399 2897 ἔρριψαν,
1445 2845 1463 2878 t
1509 2828 1687 2900 ignem
1733 2846 1825 2885 ac-

222 2912 414 2978 cendi,
447 2912 527 2966 illi
560 2923 745 2968 autem
799 2925 1061 2985 tanquam
1113 2917 1166 2971 in
1204 2918 1388 2976 fontes
1416 2936 1685 2992 aquarum
1726 2923 1825 2978 fri-

222 3004 485 3073 gidarnm
528 3008 740 3076 seipsos
782 3009 1166 3077 projieiebant,
1205 3030 1223 3062 ι
1258 3013 1351 3065 καὶ
1378 3012 1571 3087 ὥσπερ
1599 3018 1659 3070 ὲν
1703 3017 1826 3089 ἱερᾷ

1933 532 2098 586 quam
2150 532 2428 571 summum
2477 516 2759 587 religionis
2797 515 3122 572 Christiana:
3161 515 3331 571 decus
3384 532 3521 586 pra:—

1930 609 2135 664 dicant.
2186 606 2435 665 Justinus
2487 618 2698 680 martyr
2763 607 2964 664 fatetur
3027 608 3406 663 Christianum
3461 624 3521 662 se

1932 700 2138 756 factum
2168 716 2320 767 esse,
2354 702 2499 772 quod
2533 702 2581 757 ei
2624 716 2786 756 nemo
2834 701 3013 756 malus
3052 700 3328 756 videretur
3356 700 3521 756 θάνα-

1929 811 2021 846 τον
2054 792 2428 861 ἀσπάζεσθαι,
2462 795 2561 866 οὐχ
2590 794 2673 849 ὅτι
2707 793 2897 849 ἑαυτὸν
2943 793 3279 867 κατήγγελλε
3324 810 3518 864 φονευ-

1931 882 2247 955 θησόμενον,
2273 903 2291 935 ι
2312 884 2516 940 nedum
2541 894 2600 939 ut
2620 886 2910 955 quisquam
2942 885 3182 955 seipsum
3208 885 3515 940 necandum

1926 975 2077 1029 ultro
2114 976 2369 1046 proderet
2413 991 2479 1031 ac
2511 975 2782 1041 deferret,
2827 995 2846 1029 ι
2883 976 3031 1046 quod
3056 973 3355 1036 Christiani
3388 983 3518 1028 tunc

1932 1069 2191 1137 temporis
2234 1067 2502 1125 fecerunt.
2550 1069 2804 1126 Clemens
2834 1069 3057 1141 quidem
3112 1067 3518 1132 Alexandrinus

1928 1169 2120 1215 contra
2171 1159 2589 1219 Valcntinianos
2635 1162 2928 1233 disputans
2971 1162 3322 1231 reliquosque
3374 1159 3519 1214 Gno-

1929 1252 2127 1316 stieos,
2163 1254 2256 1323 qui
2307 1270 2527 1308 onlnem
2573 1270 2674 1324 pro
2720 1255 2953 1310 veritate
2998 1254 3313 1326 passionem
3352 1268 3518 1322 nega-

1928 1345 2080 1409 bant,
2125 1344 2445 1403 Gnosticutu
2498 1363 2661 1404 suum
2716 1348 2786 1403 ita
2837 1347 3110 1410 instituit,
3154 1358 3213 1402 ut
3255 1362 3363 1401 non
3407 1346 3514 1401 nisi

1929 1446 2153 1493 coactus
2182 1440 2507 1511 martyrium
2532 1440 2760 1505 subeat,
2786 1439 2988 1494 fatetur
3004 1450 3183 1494 tamen
3207 1440 3348 1496 alios
3370 1455 3517 1494 mar-

1931 1540 2075 1601 tyres
2121 1532 2281 1586 aliter
2330 1533 2606 1587 animatos
2655 1531 2847 1598 fuisse,
2880 1530 3288 1602 Gnosticusque
3317 1533 3388 1586 ab
3419 1530 3515 1587 illo

1926 1623 2245 1680 efformatus
2291 1625 2493 1679 dicitur
2553 1644 2565 1679 :
2617 1623 2803 1697 Ταύτῃ
2843 1622 2953 1678 τῶν
2995 1622 3168 1678 ἄλλων
3210 1623 3516 1695 λεγομένων

1931 1715 2221 1789 μαρτύρων
2252 1716 2641 1789 χωριζόμενος,
2743 1719 2791 1768 οἱ
2829 1716 2925 1786 μὲν
2959 1715 3213 1786 ἀφορμὰς
3248 1714 3516 1785 παρέχον-

1926 1806 2015 1869 τές
2050 1824 2231 1876 σφισιν
2263 1808 2449 1871 αὐτοῖς
2479 1807 2933 1879 ὲπιῤῥιπτοῦντες
2967 1807 3154 1872 αὐτοῖς
3196 1810 3310 1873 τοῖς
3343 1807 3517 1862 κινδύ-

1925 1912 2058 1963 νοις,
2093 1896 2195 1949 οὐκ
2226 1892 2321 1950 οἶδ’
2353 1897 2524 1960 ὅπως,
2561 1897 2848 1967 εὐστομεῖν
2875 1894 2984 1966 γὰρ
3010 1895 3236 1960 δίκαιον,
3264 1915 3282 1947 ι
3304 1897 3407 1952 hac
3426 1913 3518 1951 ra-

1926 1988 2077 2044 tione
2103 2000 2391 2060 separatus
2407 1990 2478 2043 ab
2500 1989 2625 2044 aliis
2646 1988 2742 2059 qui
2762 1988 3023 2044 dicuntur
3046 1997 3336 2060 martyres,
3364 1990 3517 2059 quod

1927 2080 2018 2136 alii
2041 2083 2262 2152 quidem
2289 2081 2393 2136 sibi
2431 2081 2565 2151 ipsis
2588 2081 2889 2151 praebentes
2913 2082 3283 2145 occasionem,
3319 2096 3398 2147 se,
3418 2098 3515 2136 uc-

1926 2175 2043 2230 scio
2072 2173 2371 2244 quomodo,
2402 2173 2458 2227 in
2494 2175 2611 2244 ipsa
2636 2172 2877 2244 pericula
2902 2172 3151 2243 injiciant
3182 2172 3343 2243 (bene
3367 2173 3514 2229 enim

1924 2268 2075 2339 loqui
2106 2282 2206 2337 par
2229 2266 2358 2337 est),
2402 2287 2419 2317 ι
2463 2265 2559 2321 sed
2586 2281 2694 2321 non
2728 2265 2799 2319 ab
2834 2265 2943 2321 illis
2966 2275 3179 2320 tantum
3204 2276 3511 2336 separatur,

1925 2363 2020 2434 qui
2045 2362 2190 2416 ultro
2222 2376 2280 2416 se
2301 2360 2639 2424 obtulerunt,
2665 2374 2856 2414 verum
2880 2359 3045 2414 etiam
3081 2359 3150 2414 ab
3183 2358 3272 2428 iis,
3308 2359 3401 2429 qui
3430 2360 3531 2414 vel

1926 2456 1998 2510 ob
2029 2465 2235 2509 metum
2263 2467 2462 2523 pretim,
2495 2460 2590 2505 aut
2617 2451 2690 2506 ob
2724 2466 2876 2520 spem
2909 2451 3097 2506 aeterni
3121 2452 3324 2521 praemii
3359 2451 3513 2522 passi

1926 2555 2075 2612 sunt,
2102 2546 2293 2617 quales
2319 2544 2518 2615 opinor
2544 2558 2737 2597 omnes
2767 2542 2835 2597 de
2861 2543 3065 2613 quibus
3090 2543 3325 2615 legimus
3362 2559 3514 2600 mar-

1929 2647 2075 2709 tyres
2107 2636 2293 2703 fuere;
2333 2644 2483 2690 certe
2516 2635 2592 2689 ita
2632 2650 2691 2689 se
2729 2634 2784 2688 in
2814 2633 3029 2703 judicio
3057 2635 3332 2706 explicare
3364 2637 3512 2693 sole-

1925 2732 2077 2786 bant.
2110 2729 2478 2785 Tertullianus
2513 2728 2583 2782 ad
2618 2726 2905 2797 Scapulam
2940 2743 3060 2798 cap.
3098 2728 3121 2781 l
3158 2745 3172 2781 :
3212 2727 3364 2791 «Nos
3391 2731 3517 2801 qui-

1924 2825 2047 2879 dem
2078 2840 2181 2878 nec
2217 2823 2636 2893 expavescimus
2679 2837 2780 2877 nec
2811 2821 3251 2891 pertimescimus
3292 2838 3360 2878 ea
3389 2839 3513 2893 qua:

1924 2918 1994 2975 ab
2017 2917 2400 2989 ignorantibus
2422 2917 2666 2987 patimur
2696 2933 2709 2969 :
2745 2930 2873 2971 cum
2904 2915 2970 2969 ad
2997 2915 3139 2971 hanc
3165 2925 3372 2972 sectam
3394 2918 3513 2970 nti-

1927 3027 2035 3083 que
2065 3019 2323 3081 snscepta
2350 3008 2668 3066 conditione
2710 3008 2833 3079 ejus
2881 3008 3026 3078 pacti
3073 3009 3405 3076 venerimus,
3450 3020 3513 3065 ut

220 3100 424 3167 πομπῇ
462 3099 783 3171 χορεύοντες
812 3102 906 3156 καὶ
930 3104 988 3155 ὲν
1026 3103 1571 3175 λειμῶνι.παίζοντες
1593 3110 1820 3184 χλοερῷ,

1926 3108 2092 3162 etiam
2128 3105 2345 3161 animas
2370 3112 2591 3159 nostras
2624 3101 2940 3156 auctoritati
2963 3100 3017 3155 in
3056 3101 3156 3156 has
3182 3116 3393 3172 pugnas
3414 3116 3512 3157 ac-

222 3190 374 3244 οὒτω
408 3190 512 3255 τὰς
542 3194 816 3266 τιμωρίας
845 3195 1076 3262 ἕκαστος
1104 3198 1374 3270 ἥρπαζον,
1404 3201 1502 3271 οὐχ
1524 3201 1606 3265 ὡς
1648 3219 1821 3272 τιμω-

222 3281 356 3352 ρίας
384 3283 501 3336 ἀλλ’
529 3284 609 3349 ὡς
642 3286 780 3358 ἄνθη
816 3286 1189 3359 λαμόάνοντες
1219 3293 1414 3364 ἐαρινὰ
1432 3334 1448 3359 ,
1493 3294 1589 3348 καὶ
1619 3312 1819 3365 στεφα-

223 3373 504 3445 νούμενοι,
559 3378 653 3431 καί
689 3382 756 3450 τῇ
799 3379 900 3450 τῆς
936 3381 1147 3446 οἰκείας
1183 3384 1497 3457 προθυμίας
1548 3386 1820 3460 ὑπερϐολῇ

220 3467 327 3530 τὰς
358 3469 501 3538 ἐμὰς
526 3471 871 3543 προέφοανον
896 3460 1191 3548 τιιῖωρίας,
1225 3496 1244 3526 ε
1276 3486 1331 3533 et
1362 3487 1626 3549 tanquam
1655 3481 1710 3535 in
1733 3498 1823 3537 sa-

221 3577 319 3615 era
373 3576 573 3631 pompa
608 3564 839 3620 choreas
884 3578 1128 3635 agentes,
1167 3577 1220 3624 et
1260 3570 1314 3623 in
1345 3571 1507 3626 viridi
1549 3582 1708 3643 prato
1736 3575 1824 3629 lu-

219 3655 446 3720 dentes,
476 3656 550 3709 ita
574 3664 845 3712 tormenta
876 3659 1112 3731 quisque
1137 3662 1394 3733 arripuit,
1418 3680 1528 3720 non
1558 3676 1821 3737 tanquam

222 3758 422 3811 pmnas
442 3785 460 3811 ,
491 3747 586 3800 sed
630 3747 779 3802 velut
813 3764 1017 3805 vernos
1052 3750 1213 3808 ﬂores
1242 3756 1611 3825 accipientes,
1644 3768 1696 3813 et
1724 3775 1820 3814 co-

222 3837 408 3891 ronati
436 3876 452 3903 ,
477 3846 532 3891 et
557 3839 793 3908 propria:
812 3840 1119 3898 alacritatis
1140 3860 1371 3902 excessu
1394 3856 1672 3905 tormenta
1700 3867 1820 3909 mea

220 3931 640 4002 praeripiebant.
681 3953 701 3984 ι

292 4023 488 4096 Neque
527 4025 728 4082 mirum
769 4037 855 4082 est
892 4030 1107 4101 aliquos
1138 4030 1343 4089 bestias
1365 4033 1477 4104 jam
1507 4043 1729 4104 paratas
1751 4037 1820 4093 ad

221 4119 473 4187 ipsorum
502 4134 690 4174 necem
718 4137 1045 4190 provocasse
1063 4165 1077 4190 ,
1104 4134 1199 4179 aut
1243 4127 1578 4185 crudelitatis
1610 4128 1819 4184 instru-

220 4223 411 4267 menta
446 4212 502 4266 in
532 4214 817 4283 procinctu
844 4213 1024 4284 posita
1061 4216 1129 4271 ad
1157 4218 1576 4274 accelerandum
1611 4230 1819 4293 marty-

220 4307 371 4359 rium
399 4305 548 4359 ultro
592 4306 910 4362 adhibuisse
936 4326 951 4373 ;
982 4324 1109 4363 cum
1150 4311 1456 4368 certissime
1486 4322 1733 4380 constet,
1768 4316 1819 4370 id

217 4396 371 4464 quod
407 4396 587 4449 multo
616 4398 798 4465 majus
827 4409 932 4465 est,
960 4401 1405 4470 quamplurimas
1448 4414 1680 4459 mortem
1716 4422 1820 4476 pro

1925 3199 2206 3261 cedamus.
2236 3213 2301 3253 ea
2333 3212 2457 3267 qua:
2489 3195 2637 3251 Deus
2665 3193 2998 3264 repromittit
3029 3194 3292 3263 consequi
3317 3201 3515 3265 optan-

1918 3300 2028 3356 tes,
2082 3298 2136 3343 et
2181 3305 2244 3343 ea
2279 3305 2402 3359 quae
2442 3287 2672 3343 diversa:
2715 3286 2841 3339 vita:
2880 3284 3254 3339 comminatur
3288 3286 3400 3355 pati
3444 3286 3515 3342 ti-

1924 3391 2158 3438 mentes.
2197 3381 2442 3451 Denique
2483 3395 2610 3435 cum
2639 3377 2790 3435 omni
2826 3375 3037 3433 srevitia
3070 3385 3250 3431 vestra
3280 3393 3510 3434 concer-

1922 3484 2110 3530 tamus
2164 3474 2329 3529 etiam
2384 3474 2528 3529 ultro
2558 3478 2912 3542 erumpentes
2954 3472 3236 3542 magisque
3269 3471 3513 3526 damnati

1920 3586 2090 3641 quam
2134 3569 2373 3625 absoluti
2414 3570 2739 3639 gaudemus.
2780 3589 2801 3622 ι
2843 3571 2989 3626 Idem
3024 3586 3146 3641 cap.
3171 3570 3253 3625 2;
3294 3588 3316 3621 ι
3354 3567 3515 3623 Absit

1926 3673 1986 3718 ut
2012 3663 2231 3734 indigne
2257 3661 2501 3718 feramus
2522 3678 2587 3717 ea
2622 3678 2723 3718 nos
2754 3664 2866 3733 pati
2900 3680 3022 3734 qua:
3063 3663 3349 3734 optamus!
3392 3679 3413 3714 ι
3446 3660 3514 3715 Et

1923 3773 2046 3827 cap.
2075 3758 2108 3811 4
2140 3776 2152 3811 :
2195 3776 2213 3808 ‹
2237 3754 2374 3811 Vide
2398 3765 2612 3810 tantum
2651 3772 2718 3811 ne
2750 3757 2856 3812 hoc
2882 3758 3010 3827 ipso
3049 3756 3197 3827 quod
3220 3756 3351 3810 talia
3382 3770 3510 3811 sus-

1927 3851 2186 3914 tinemus,
2213 3849 2280 3904 ad
2307 3848 2411 3904 hoc
2434 3848 2613 3904 solum
2646 3849 2930 3904 videamur
2963 3863 3274 3919 erumpere,
3313 3856 3373 3904 ut
3403 3847 3512 3904 hoc

1924 3943 2103 4011 ipsum
2141 3941 2478 4012 probemus,
2526 3958 2627 3997 nos
2666 3943 2784 3998 haec
2828 3958 2936 3996 non
2971 3943 3184 4003 timere.
3220 3942 3316 3998 sed
3367 3941 3514 3996 ultro

1924 4050 2141 4089 vocare.
2170 4035 2334 4088 Arius
2385 4034 2662 4090 Antonius
2690 4035 2746 4093 in
2772 4035 2905 4091 Asia
2929 4051 3057 4089 cum
3086 4042 3512 4105 persequeretur

1925 4128 2213 4195 instanter,
2245 4144 2438 4184 omnes
2469 4129 2618 4183 illius
2638 4128 2883 4185 civitatis
2918 4128 3216 4185 Christiani
3253 4136 3376 4183 ante
3409 4127 3512 4184 tri-

1916 4219 2142 4273 burmlia
2171 4236 2230 4274 se
2261 4236 2428 4277 manu
2452 4220 2596 4277 facta
2636 4220 2987 4289 obtulerunt;
3014 4236 3139 4277 cum
3180 4222 3293 4287 ille,
3319 4220 3512 4291 paucis

1916 4310 2051 4365 .duci
2080 4311 2285 4380 jussis,
2318 4313 2546 4383 reliquis
2596 4313 2672 4367 ait
2715 4328 2727 4363 :
2765 4308 2835 4366 Ὦ
2864 4312 3052 4376 δειλοὶ,
3088 4314 3137 4364 εἰ
3170 4311 3351 4366 θέλετε
3383 4313 3513 4367 ἀπο-

1924 4402 2197 4475 θνήσκειν,
2233 4406 2510 4475 κρημνοὺς
2542 4404 2575 4475 ἢ
2612 4404 2839 4475 βρόχους
2868 4403 3040 4475 ἔχετε.
3081 4402 3193 4457 Hoc
3216 4404 3263 4458 si
3292 4403 3488 4473 placue

217 4488 431 4543 Christi
474 4489 696 4544 nomine
731 4492 1094 4560 appetivisse,
1142 4510 1268 4548 eum
1308 4494 1365 4549 in
1401 4495 1643 4553 hostium
1664 4510 1820 4567 pote-
1851 4487 1897 4542 Ι)
1926 4498 1997 4549 rit
2026 4494 2202 4551 et-hic
2237 4495 2378 4561 ﬁeri,
2405 4496 2538 4567 quid
2568 4497 2735 4553 facies
2762 4498 2828 4551 de
2858 4496 3025 4551 tantis
3054 4496 3299 4551 millibus
3328 4496 3509 4550 homi-

218 4588 365 4634 state
396 4594 509 4635 non
535 4591 739 4646 essent,
766 4582 980 4652 seipsos
1013 4583 1317 4652 indicasse,
1351 4587 1644 4658 hostesque
1674 4589 1822 4659 ipsos

216 4675 289 4727 ad
318 4673 653 4742 supplicium
684 4674 1042 4746 inﬂigendum
1068 4692 1421 4747 provocasse.
1449 4679 1526 4736 De
1550 4680 1824 4738 Christia-

214 4765 308 4820 nis
342 4766 431 4819 sui
469 4766 733 4835 temporis
762 4765 1042 4824 Lueianus
1073 4769 1124 4823 in
1156 4770 1442 4840 Peregrina
1469 4787 1487 4825 .'
1518 4774 1821 4830 Πεπεικασι

215 4856 331 4927 γὰρ
369 4856 576 4921 αὐτοὺς
618 4858 668 4910 οἱ
715 4858 1111 4929 κακοδαίμονες
1153 4860 1215 4913 τὸ
1260 4862 1358 4932 μὲν
1397 4862 1519 4916 ὅλον
1562 4864 1821 4920 ἀθάνατοι

216 4948 446 5003 ἔσεσθαι
492 4949 588 5003 καὶ
641 4948 933 5020 βιώσεσθαι
976 4952 1068 5006 τὸν
1111 4955 1197 5008 ἀεὶ
1229 4956 1441 5026 χρόνον·
1492 4958 1623 5029 παρ’
1667 4959 1697 5011 ὃ
1729 4961 1823 5014 καί

216 5043 633 5116 καταφρονοῦσι
664 5043 759 5099 τοῦ
793 5044 1025 5100 θανάτου
1044 5089 1059 5112 ,
1095 5049 1192 5103 καὶ
1223 5050 1440 5114 ἑκόντες
1470 5052 1669 5117 αὐτοὺς
1702 5053 1822 5107 ὲπι-

215 5136 461 5190 διδόασιν
491 5138 542 5190 οἱ
576 5136 782 5191 πολλοι.
822 5157 846 5188 ‹
884 5137 1069 5193 Miseri
1103 5139 1356 5197 homines
1391 5158 1422 5196 a
1470 5143 1669 5212 scipsis
1697 5159 1822 5213 per-

216 5231 397 5295 suasi,
426 5229 549 5285 fore
574 5246 634 5286 se
658 5230 869 5301 integre
896 5231 1256 5297 immortales,
1294 5250 1620 5305 semperque
1647 5236 1821 5292 victu-

217 5338 335 5385 ras,
360 5330 598 5378 mortem
618 5330 1005 5388 contemnunt,
1033 5324 1306 5393 multique
1330 5324 1475 5378 ultro
1495 5326 1706 5395 seipsos
1727 5326 1821 5380 de-

216 5415 380 5468 dunt.
421 5433 441 5465 ι
482 5412 816 5471 Tiberianus
862 5413 1172 5473 Palaestinae
1215 5432 1418 5484 praeses
1449 5418 1555 5472 sub
1582 5417 1821 5487 imperio

219 5504 450 5571 Trajaui
476 5504 547 5559 de
569 5504 810 5562 Gallia-is
839 5507 954 5561 sive
974 5505 1317 5563 Christianis
1350 5508 1420 5562 ita
1445 5509 1722 5577 loquitur:
1758 5510 1818 5563 οὐ

220 5613 490 5649 παυονται
524 5597 754 5660 ἑαυτοὺς
791 5597 1086 5668 μηνύοντες
1103 5600 1184 5661 εἰς
1198 5598 1259 5651 τὸ
1293 5599 1654 5670 ἀναιρεῖσθαι,
1678 5617 1819 5655 «non

218 5698 445 5743 uessant
477 5689 547 5742 ad
587 5690 790 5749 caedem
844 5705 965 5746 sese
1006 5690 1367 5759 patefacere.»
1419 5692 1545 5748 llaac
1575 5693 1643 5747 de
1674 5695 1820 5749 auti-

219 5781 512 5853 quissimis
547 5781 883 5853 martyribus
910 5783 1140 5853 gentiles
1167 5790 1437 5841 testantur
1472 5801 1483 5837 :
1519 5784 1818 5842 Christiani

1925 4604 2054 4642 ttum
2091 4597 2167 4643 tot
2199 4588 2333 4644 viris
2362 4597 2417 4643 et.
2444 4587 2688 4655 feminis,
2718 4590 2901 4643 omnis
2945 4603 3111 4643 sexus
3136 4630 3155 4654 ,
3202 4589 3507 4660 dignitatis,

1914 4680 2281 4736 efferentibus
2323 4697 2384 4738 se
2407 4682 2540 4735 tibi?
2567 4700 2586 4733 ι
2636 4681 2695 4736 S.
2738 4680 3095 4751 Cyprianus,
3130 4696 3259 4735 cum
3302 4690 3509 4752 marty-

1924 4775 2068 4829 rium
2097 4775 2345 4844 impense
2368 4775 2670 4841 laudasset,
2699 4775 2780 4830 sic
2798 4773 3176 4845 praefationem
3200 4774 3502 4829 concludit:

1928 4887 1947 4918 ‹
1977 4867 2364 4936 Amplecteuda
2411 4882 2501 4922 res
2527 4875 2615 4922 est
2659 4874 2716 4921 et
2746 4867 3006 4936 optanda,
3036 4875 3091 4921 et
3120 4866 3378 4923 omnibus
3407 4882 3509 4936 po-
3586 4918 3591 4921 .

1920 4958 2284 5012 sudationum
2318 4970 2630 5011 nostrarum
2679 4954 2935 5024 precibus
2965 4953 3299 5023 expetenda,
3330 4952 3510 5022 utqui

1918 5052 2064 5105 servi
2101 5049 2197 5106 Dei
2232 5066 2445 5115 sumus,
2479 5050 2655 5105 simus
2684 5056 2743 5103 et
2762 5047 2947 5103 amici.
2980 5067 3000 5099 ι
3029 5046 3107 5102 Ac
3131 5063 3323 5102 rursus
3348 5046 3418 5100 ad
3436 5045 3509 5099 ti-

1924 5160 2045 5197 nem
2077 5143 2243 5197 libri:
2278 5162 2296 5193 ι
2334 5141 2468 5207 Quis
2506 5142 2671 5213 igitur
2700 5154 2810 5195 non
2852 5139 3111 5194 omnibus
3148 5137 3359 5195 viribus
3396 5137 3510 5191 ela-

1923 5235 2102 5299 borat,
2132 5235 2199 5288 ad
2244 5243 2451 5288 tantam
2496 5234 2800 5289 claritatem
2848 5229 3134 5299 pervenire
3159 5270 3173 5294 ,
3209 5238 3269 5283 ut
3292 5228 3508 5282 amicus

1922 5324 2019 5380 Dei
2046 5326 2161 5391 ﬁat,
2203 5334 2261 5378 ut
2293 5340 2420 5377 cum
2451 5322 2672 5377 Christo
2705 5322 2891 5376 statim
2948 5320 3182 5391 gaudeat
3209 5360 3224 5381 ,
3285 5328 3344 5373 ut
3382 5330 3509 5389 post

1922 5425 2197 5471 tormenta
2222 5424 2278 5470 et
2305 5416 2571 5485 supplicia
2601 5424 2815 5469 terrena
2852 5414 3077 5483 praantia
3105 5411 3290 5466 divina
3323 5411 3507 5482 ρει·θί-

1922 5508 2071 5579 piat?
2100 5528 2118 5559 ι
2152 5509 2228 5563 De
2258 5524 2404 5562 nona
2435 5507 2815 5575 persecutione
2838 5506 3116 5577 Sulpicius
3143 5521 3158 5558 :
3194 5524 3216 5557 ι
3241 5503 3507 5561 Certatim

1921 5601 2164 5673 gloriosa
2208 5601 2261 5654 in
2285 5600 2590 5654 certamina
2625 5600 2922 5666 ruebatur;
2964 5586 3250 5668 multoque
3286 5598 3508 5654 avidius

1922 5703 2039 5747 tum
2064 5692 2325 5763 martyria
2346 5690 2601 5762 gloriosus
2626 5692 2897 5746 mortibus
2915 5692 3323 5762 qurerehantur,
3340 5706 3505 5760 quam

1922 5799 2069 5842 nunc
2099 5784 2448 5855 episcopatus
2480 5784 2669 5854 pronis
2696 5783 3089 5841 ambitionibus
3118 5792 3507 5853 appetuntur.»
