3848 6204
373 305 470 361 371

1327 306 1386 363 S.
1421 306 1774 365 [GNATIUS
1819 341 1884 348 —-
1925 308 2456 366 PROLEGOMENA.

3522 309 3631 363 372

375 425 521 482 idem
549 428 713 497 epist.
751 428 813 504 ιι
863 429 931 486 de
959 429 1020 485 Β.
1054 428 1289 487 Martino
1322 448 1334 484 :
1381 450 1400 483 ι
1428 430 1582 497 Quod
1621 431 1669 486 si
1704 431 1754 486 ei
1781 430 1951 487 Nero-
1980 440 2025 494 Λ
2055 441 2170 486 tum
2207 433 2260 486 in
2305 432 2628 502 sanguinem
2675 432 2890 502 piorum
2934 429 3250 495 desaaviret,
3286 427 3583 498 obiurgant
3613 441 3626 477 :

375 519 558 575 nianis
585 518 948 592 Dccianisque
971 523 1312 592 temporibus
1341 523 1396 577 in
1427 523 1518 576 illa
1550 537 1674 592 quae
1704 529 1835 576 tunc
1856 537 1952 576 ex-

378 609 522 666 stitit
549 609 814 668 dimicare
843 613 1237 684 congressione
1275 614 1542 681 licuisset,
1580 622 1749 669 testor
1786 612 1954 668 Deum

372 702 500 760 cteli
533 711 697 772 atque
733 711 911 770 terrae,
941 715 1136 776 sponte
1162 706 1454 776 equuleum
1481 706 1839 772 ascendisset,
1873 707 1956 761 ul-

376 799 464 848 tro
503 808 563 849 se
595 794 812 865 ignibus
843 797 1186 853 intulisset...
1223 796 1281 852 Si
1312 812 1444 853 vero
1478 797 1720 868 gentium
1755 797 1954 852 Docto-

376 887 456 943 ris
489 888 739 958 exemplo
765 876 947 960 gladio
991 891 1308 962 deputatus,
1338 893 1481 946 inter
1509 891 1677 957 alias,
1719 900 1778 946 ut
1813 874 1956 962 saap'e

373 979 648 1048 provenit,
671 976 922 1060 victimas
951 983 1264 1050 duceretur,
1294 983 1507 1055 primus
1536 983 1804 1049 omnium,
1829 999 1954 1038 car-

375 1071 540 1153 nilice
581 1074 864 1144 compulso
889 1116 905 1141 ,
949 1075 1186 1145 palmam
1230 1076 1516 1149 sanguinis
1552 1086 1894 1147 occupasset.
1929 1094 1947 1127 ι

374 1161 708 1221 Valerianus
738 1164 1097 1240 Cemeliensis
1118 1168 1431 1240 episcopus,
1459 1154 1687 1224 bomilia
1715 1167 1794 1222 De
1822 1167 1954 1222 bona

373 1257 625 1326 martyrii
679 1274 699 1314 :
746 1276 766 1310 ι
823 1258 960 1326 Quis
1000 1275 1112 1315 non
1153 1261 1374 1331 sapiens
1421 1269 1732 1332 contempta
1791 1261 1956 1331 hujus

372 1350 511 1406 lucis
570 1367 775 1420 usura,
833 1353 881 1410 si
927 1355 1002 1410 ita
1044 1371 1181 1410 usus
1236 1356 1466 1424 venerit,
1516 1357 1585 1412 ad
1633 1345 1954 1428 martyrium

371 1430 663 1498 ambitiose
688 1441 930 1508 festinet,
963 1460 1088 1500 cum
1120 1445 1302 1500 videat
1328 1447 1395 1500 ad
1422 1447 1639 1502 lucrum
1678 1448 1802 1502 vitae
1831 1461 1954 1517 per-

368 1533 542 1590 tinere
563 1534 762 1589 anima:
790 1545 1019 1590 mortem
1046 1537 1378 1607 deputasse?
1410 1537 1594 1605 Quare
1622 1549 1805 1595 autem
1842 1555 1953 1595 non

371 1625 535 1681 homo
563 1626 629 1681 ad
661 1636 772 1708 tam
798 1628 1103 1697 pretiosum
1133 1645 1274 1706 opus
1301 1631 1535 1687 devotus
1579 1641 1856 1701 occurrat,
1889 1650 1955 1690 ac

372 1732 431 1772 se
462 1717 517 1771 in
542 1718 843 1799 impiorum
866 1735 1064 1776 manus
1093 1723 1355 1778 audacter
1376 1724 1624 1795 objiciat,
1652 1739 1814 1795 quem
1851 1741 1955 1782 c03-

2056 540 2196 594 quos
2220 525 2310 579 ille
2338 524 2600 579 continuo
2622 538 2722 593 pro
2759 521 2963 578 Christi
2993 522 3216 576 nomine
3241 519 3432 575 bestiis
3461 518 3634 573 tradi—-

2056 613 2138 669 dit
2165 615 2526 669 devorandos.
2557 632 2576 664 ι
2612 612 2892 667 Romanus
2937 610 3302 666 Caesareensis
3339 609 3630 669 diaconus,

2061 709 2253 764 videns
2289 709 2492 763 multos
2523 706 2914 769 sacriﬁcantes,
2944 704 3089 776 ζήλῳ
3121 703 3430 766 θεοσεϐείας
3461 701 3634 774 πρόσ-

2057 818 2198 865 εισι,
2241 801 2398 856 ιῑειο
2443 800 2612 856 divini
2654 800 2836 855 cultus
2880 799 3058 868 ipsum
3102 799 3364 854 incitante
3403 797 3633 868 propius

2059 892 2289 959 accedit,
2310 913 2328 944 ι
2373 901 2428 947 et
2469 901 2728 947 contenta
2751 905 2882 946 voce
2912 890 3217 946 inclamans
3244 905 3340 946 eos
3371 877 3636 960 objurga-

2058 985 2153 1053 vit,
2173 984 2367 1054 judici,
2396 993 2456 1038 ut
2484 993 2608 1038 ante
2642 984 2916 1049 diximus,
2944 983 3054 1038 vim
3099 982 3246 1047 fecit,
3281 992 3336 1036 et
3364 981 3435 1036 ob
3460 980 3636 1035 auda-

2057 1077 2197 1132 ciam
2229 1077 2679 1146 compreliensus,
2711 1075 3086 1144 γενναιότατος
3125 1078 3174 1129 εί
3213 1073 3308 1130 καί
3347 1091 3431 1137 τις
3474 1071 3638 1135 ἄλλος

2055 1169 2428 1224 ἀποδέδεικται
2483 1170 2691 1241 μάρτυς
2742 1170 2844 1240 τῆς
2888 1167 3175 1241 ἀληθείας,
3216 1187 3234 1218 ι
3280 1179 3548 1238 generoso
3585 1165 3634 1219 si

2055 1264 2181 1335 quis
2219 1263 2360 1319 alius
2394 1262 2656 1334 martyrio
2696 1280 2714 1314 ι
2767 1272 3066 1318 coronatus
3108 1268 3213 1316 est.
3248 1259 3449 1314 Euseb.
3482 1259 3520 1313 l.
3553 1273 3634 1320 ix,

2055 1371 2106 1411 c.
2147 1356 2202 1412 2.
2247 1354 2554 1422 Quinetiam
2599 1355 2918 1426 Apphianus
2977 1351 3218 1408 fervente
3257 1350 3638 1422 persecutione

2056 1449 2194 1504 clam
2217 1447 2474 1504 omnibus
2497 1448 2550 1502 in
2571 1448 2762 1502 eadem
2789 1445 2955 1501 domo
2978 1443 3301 1516 degentibus
3320 1450 3375 1498 et
3396 1441 3636 1496 militum

2055 1541 2218 1596 etiam
2253 1540 2500 1606 cohorte,
2535 1537 2744 1594 Urbani
2770 1537 3018 1608 prtesidis
3068 1537 3258 1592 dextra
3291 1534 3639 1606 apprehensa

2056 1632 2387 1689 sacriﬁcium
2417 1633 2672 1687 omittere
2701 1629 2901 1702 coegit,
2937 1638 2991 1684 et
3015 1628 3358 1699 gravissimis
3387 1635 3640 1680 tormen-

2057 1727 2126 1782 tis
2153 1740 2274 1781 sese
2300 1724 2504 1780 dedens
2529 1739 2728 1795 passus
2760 1731 2867 1778 est.
2905 1721 2962 1776 ld
3001 1730 3184 1776 autem
3222 1719 3490 1775 Eusebius
3510 1758 3525 1782 ,
3557 1717 3639 1771 illi

370 1810 526 1888 [estis
564 1813 739 1882 gratia
775 1814 1234 1894 remunerationis
1257 1805 1596 1886 exspectat?
1625 1837 1643 1870 ι
1691 1816 1748 1872 S.
1783 1817 1958 1890 Chry-
1989 1808 2031 1863 Β
2060 1819 2366 1884 familiaris,
2391 1833 2517 1873 eum
2548 1817 2744 1873 fecisse
2772 1814 3070 1887 judicavit,
3101 1814 3202 1884 τῆς
3233 1813 3324 1864 ἐπὶ
3355 1811 3502 1865 τοῦτ’
3537 1812 3640 1864 αὑ-

370 1912 654 1960 sostomus
680 1905 1008 1961 observabat
1031 1906 1134 1962 sub
1163 1907 1393 1978 imperio
1413 1907 1616 1964 Juliani
1637 1912 1818 1964 πᾶσαν
1844 1911 1952 1982 ἡλι-

368 1997 495 2050 κίαν
527 1997 716 2062 ἁπλῶς
767 2000 860 2052 καὶ
910 1999 1070 2068 φύσιν
1103 2001 1368 2072 ἑκατέραν
1388 2043 1404 2068 ,
1438 2002 1698 2074 πηδῶσαν
1731 2004 1822 2058 ἐπὶ
1853 2005 1952 2070 τὰς

368 2080 510 2158 ὑπὲρ
561 2088 661 2159 τῆς
707 2083 992 2168 εὐσεϐείας
1038 2093 1288 2162 σφαγάς,
1331 2108 1592 2150 «omnem
1639 2105 1851 2150 aetatem
1900 2106 1954 2151 et

367 2173 663 2253 utrumque
687 2199 876 2240 sexum
906 2186 974 2240 ad
1000 2199 1230 2240 mortem
1259 2201 1359 2258 pro
1385 2203 1512 2244 vera
1538 2189 1800 2259 religione
1825 2192 1954 2246 sub-

365 2275 602 2329 eundam
648 2276 1012 2332 exsilientem.
1043 2297 1063 2329 ι
1105 2277 1258 2335 Hanc
1300 2281 1566 2336 rationem
1613 2280 1822 2350 reddit,
1853 2297 1954 2337 cur

365 2367 617 2424 Julianus
647 2368 906 2444 Apostata
938 2379 1183 2440 apertam
1229 2381 1423 2428 contra
1450 2357 1797 2442 Christianos
1832 2389 1954 2444 per-

367 2448 705 2515 secutionem
747 2461 928 2516 moliri
971 2463 1240 2527 noluerit,
1285 2463 1405 2536 ᾔδει
1437 2463 1578 2535 γὰρ,
1615 2463 1731 2534 ᾔδει
1767 2464 1952 2534 σαφῶς

365 2551 449 2626 ὅτι
480 2552 639 2608 τοῦτο
669 2554 1042 2627 τολμήσαντος
1075 2555 1241 2610 αὑτοῦ
1267 2600 1282 2624 ,
1330 2557 1531 2623 πάντες
1578 2559 1644 2613 ἂν
1686 2559 1827 2630 ὑπὲρ
1857 2557 1952 2612 τοῦ

365 2641 605 2714 Χριστοῦ
635 2643 734 2710 τὰς
767 2646 976 2700 ἑαυτῶν
994 2646 1314 2726 προῦδωκαν
1333 2647 1530 2720 ψυχάς.
1562 2668 1580 2699 ι
1601 2647 1762 2704 Novit
1779 2643 1949 2714 enim,

368 2743 554 2803 aperte
587 2738 758 2805 novit,
795 2739 964 2808 quod,
993 2739 1040 2794 si
1073 2739 1178 2795 hoc
1219 2741 1445 2796 auderet
1488 2739 1604 2805 ille,
1635 2730 1828 2796 omnes
1854 2755 1952 2810 pro

365 2825 588 2882 Christo
621 2829 834 2884 animas
875 2845 1005 2885 suas
1051 2831 1437 2902 prodidissent.
1483 2852 1502 2884 ›
1565 2833 1773 2897 Πάντες
1804 2832 1948 2905 γὰρ,

367 2921 555 2994 φησὶν,
588 2921 665 2986 ὡς
695 2925 788 2977 ἐπὶ
821 2925 1012 2997 κηρίον
1048 2924 1292 2996 μέλιτται
1323 2925 1541 2997 ἥξουσιν
1573 2927 1649 2991 ὼς
1681 2927 1772 2980 ἐπὶ
1808 2935 1950 2999 μαρ-

364 3012 551 3086 ¹τύριον
584 3016 892 3088 πετόμενοι,
933 3037 952 3069 ι
987 3016 1194 3074 Omnes
1237 3019 1405 3086 enim,
1443 3019 1642 3090 inquit,
1673 3028 1731 3073 ut
1773 3018 1841 3074 ad
1868 3018 1949 3074 fa-

363 3120 493 3168 vum
526 3107 676 3178 apes,
710 3110 776 3165 ad
806 3111 1132 3184 martyrium
1167 3112 1557 3167 convolabunt.
1590 3131 1609 3164 ι

435 3195 623 3268 Neque
643 3215 776 3254 vero
804 3207 1018 3255 tantum
1043 3200 1206 3257 fortia
1228 3196 1398 3258 locuti
1430 3213 1559 3258 sunt
1579 3199 1819 3277 antiqua:
1840 3204 1941 3261 Ec-

366 3289 548 3365 clesiae
569 3288 894 3358 Christiani.
928 3293 1023 3351 sed
1055 3305 1109 3350 et
1141 3295 1321 3351 fecere
1350 3305 1404 3351 et
1428 3297 1575 3366 passi
1611 3307 1757 3354 sunt.
1789 3297 1942 3356 Cele-

366 3379 464 3440 bre
502 3385 755 3456 inprimis
786 3385 892 3441 fuit
925 3402 1125 3444 nomen
1155 3387 1353 3444 Phocae
1377 3390 1655 3462 martyris,
1693 3392 1787 3461 qui
1814 3407 1939 3447 cum

364 3478 588 3562 lictores
639 3477 781 3562 forte
832 3479 1068 3550 hospitio
1119 3482 1459 3553 accepisset,
1508 3483 1601 3554 qui
1647 3485 1944 3540 narrabant

367 3560 569 3628 missos
595 3589 654 3628 se
680 3560 748 3628 ad
793 3573 1232 3630 interficiendum
1267 3575 1539 3643 Phocam,
1573 3577 1826 3647 promisit
1853 3577 1943 3634 die

365 3654 606 3719 crastino
633 3679 692 3720 se
714 3663 953 3720 Phocam
981 3665 1088 3721 illis
1114 3675 1487 3734 ostensurum,
1517 3676 1570 3724 et
1592 3665 1726 3724 loco
1750 3658 1816 3724 ad
1857 3683 1943 3724 se-

364 3755 640 3826 pulturam
661 3745 668 3748 ’
689 3757 842 3827 prius
883 3767 1188 3828 praeparato
1233 3767 1423 3815 astans
1451 3760 1532 3815 eis
1559 3760 1699 3816 dixit
1727 3779 1740 3814 :
1781 3779 1800 3813 ι
1828 3759 1942 3832 Ego

363 3845 456 3902 i‘lle
480 3844 714 3903 Phocas.
742 3866 762 3898 »
793 3848 873 3902 11ιί
909 3863 1034 3904 cum
1063 3849 1178 3919 jam
1209 3839 1529 3906 haesitarent
1551 3893 1567 3917 ,
1611 3852 1828 3907 animos
1861 3853 1942 3908 eis

365 3945 427 3992 ut
456 3931 634 4008 ipsum
663 3939 1032 3995 interficerent
1054 3941 1438 3997 exhortatione
1478 3941 1732 4010 addebat,
1768 3939 1939 4009 εἶπεν,

361 4031 602 4096 ἔπεισεν,
638 4030 858 4098 ἔπαθεν,
895 4033 986 4086 val.
1017 4033 1115 4105 τὴν
1133 4035 1376 4106 κεφαλὴν
1391 4035 1732 4108 ἀποτμηθεὶς
1749 4039 1942 4108 ἱερεῖον

359 4115 441 4193 τῷ
472 4122 593 4194 Θεῷ
625 4117 1020 4196 κεχαρισμένον
1053 4125 1360 4198 προσήχθη,
1402 4145 1420 4178 ι
1449 4127 1609 4193 dixit,
1643 4132 1939 4198 persuasit,

360 4230 560 4286 passus
583 4224 686 4282 est,
711 4217 978 4287 ac‘capite
1001 4225 1290 4274 truncatus
1317 4228 1470 4290 grata
1495 4218 1608 4275 Deo
1636 4220 1815 4276 hostia
1845 4221 1942 4276 ob-

362 4307 508 4388 latus
552 4316 670 4375 est;
709 4326 732 4382 »τ
785 4317 846 4377 ut
879 4309 1122 4380 loquitur
1166 4310 1418 4367 Asterius
1448 4312 1780 4376 Amasenus,
1815 4307 1941 4382 Epi-

361 4403 568 4473 phanio
595 4387 960 4474 synchronus.
981 4401 1096 4459 Sub
1122 4392 1395 4459 Valeriani
1420 4408 1799 4476 persecutione
1820 4405 1940 4460 Pri-

1968 3165 2013 3226 C

2053 1911 2145 1966 τὸν
2179 1911 2524 1984 προαγούσης
2565 1911 2752 1964 ἐνθέου
2795 1907 3077 1980 δυνάμεως
3111 1907 3388 1980 μονονουχὶ
3423 1905 3639 1978 βοώσης

2053 2004 2140 2058 διὰ
2170 2004 2264 2058 τοῦ
2297 2003 2606 2075 γινομένου,
2649 2023 2668 2056 ι
2721 2003 2905 2058 divina
2951 2002 3157 2055 virtute
3199 2001 3264 2055 ad
3306 2000 3411 2055 hoc
3450 1999 3636 2069 ipsum

2055 2096 2365 2166 impellente
2386 2137 2402 2162 ,
2421 2104 2633 2150 tantum
2662 2111 2770 2151 non
2796 2110 2892 2166 per
2922 2094 3027 2149 hoc
3051 2091 3264 2148 facinus
3294 2092 3633 2155 clamante»

2053 2189 2149 2259 qui
2180 2199 2234 2244 et
2257 2187 2566 2256 Edesium,
2595 2189 2738 2244 idem
2769 2187 2917 2259 quod
2945 2203 2976 2242 a
3002 2185 3170 2242 fratre
3198 2185 3403 2241 factum
3428 2192 3534 2251 est,
3553 2183 3639 2239 fa-

2054 2297 2176 2338 cere
2200 2290 2480 2349 conatum,
2505 2281 2695 2336 eodem
2721 2281 2883 2336 modo
2905 2294 3128 2351 passum
3157 2286 3358 2332 narrat.
3382 2275 3634 2348 Longum

2054 2384 2200 2429 esset
2227 2389 2418 2430 omnes
2441 2389 2748 2439 recensere,
2776 2389 2914 2445 quos
2942 2371 3214 2428 Eusebius
3241 2371 3443 2441 aliique
3469 2385 3529 2426 se
3550 2369 3637 2424 al-

2055 2476 2140 2522 tro
2157 2476 2210 2522 et
2221 2468 2286 2522 de
2307 2468 2575 2544 industria
2605 2467 2864 2538 martyrio
2885 2466 3150 2522 obtulisse
3173 2474 3630 2520 commemorant.

2126 2558 2233 2615 Sed
2270 2547 2512 2616 «Christi
2551 2570 2837 2632 martyres,
2871 2560 3146 2630 inquiunt,
3180 2566 3410 2612 mortem
3441 2572 3635 2627 exspe-

2053 2660 2222 2719 ctant,
2248 2668 2358 2708 non
2392 2661 2702 2709 accersunt.
2737 2673 2757 2706 ι
2800 2651 2940 2708 Eant
2988 2651 3189 2723 igitur,
3223 2661 3276 2706 et
3312 2665 3502 2705 omnes
3535 2649 3632 2719 qui

2054 2757 2115 2798 sc
2135 2727 2488 2813 passionibus
2521 2744 2668 2798 ultro
2696 2742 3043 2821 obtulerunt,
3079 2757 3147 2796 ex
3187 2740 3390 2797 Christi
3423 2749 3633 2811 marty-

2054 2849 2175 2889 rum
2216 2850 2447 2889 numero
2491 2844 2832 2906 expungant,
2891 2843 2945 2889 et
2997 2843 3202 2904 tropaea
3257 2834 3324 2888 de
3374 2831 3631 2902 gentibus

2052 2915 2235 2983 erecta
2262 2927 2503 2994 diruant,
2535 2936 2590 2982 et
2617 2927 2781 2982 unius
2803 2927 3086 2982 modestia:
3121 2932 3403 2995 praetextu,
3435 2939 3632 2978 omnes

2055 3017 2309 3074 heroicas
2337 3019 2571 3074 virtutes
2613 3017 2935 3072 obliterent!
2981 3016 3154 3071 Aliter
3190 3014 3399 3084 antiqui
3437 3010 3631 3068 Patres

2051 3107 2381 3180 loquuntur,
2417 3108 2511 3180 qui
2540 3109 2818 3163 cruciatus
2858 3114 2913 3161 et
2945 3113 3218 3161 tormenta
3257 3104 3342 3159 vel
3369 3102 3472 3174 ipsi
3502 3118 3630 3173 per-

2045 3203 2190 3275 pessi
2213 3213 2360 3268 sunt,
2389 3203 2471 3258 vel
2507 3203 2648 3259 alios
2690 3203 2896 3273 perpeti
2929 3201 3205 3256 viderunt.
3235 3197 3357 3254 Non
3392 3197 3472 3252 illi
3498 3213 3626 3252 mo—

2042 3289 2597 3368 destiam‘martyrum
2623 3295 2785 3351 nobis
2824 3295 3062 3350 maxime
3085 3294 3262 3350 solent
3289 3305 3628 3361 proponere,

2043 3387 2139 3445 sed
2171 3387 2393 3459 ἀρετὴν,
2430 3385 2702 3458 ἀνδρείαν,
2727 3373 3100 3455 γενναιότητα,
3120 3381 3281 3452 ζῆλον
3297 3378 3627 3442 θεοσεϐείας,

2042 3477 2430 3550 ἀνδραγαθίαν,
2465 3475 2799 3550 παρρησίαν,
2817 3475 2877 3528 τὸ
2897 3473 3116 3546 θάρσος,
3140 3473 3238 3544 τὴν
3269 3471 3494 3542 τόλμαν,
3528 3469 3630 3539 τὴν

2043 3571 2452 3644 προθυμότητα,
2485 3571 2586 3643 τὴν
2619 3569 2935 3643 προαίρεσιν
2966 3566 3240 3638 γενναίαν,
3274 3565 3342 3619 τά
3376 3564 3632 3635 ἐγχειρή-

2047 3682 2213 3736 ματα,
2249 3663 2318 3717 τὰ
2349 3663 2837 3735 ἁνδραγαθήματα,
2873 3661 2949 3721 τὰ,
2973 3658 3374 3731 κατορθώματα
3409 3656 3632 3725 aliaque

2043 3756 2357 3829 huiusmodi
2418 3765 2677 3826 tanquam
2719 3753 3022 3810 certissima
3072 3749 3167 3804 τοῦ
3201 3749 3510 3820 πνεύματος
3539 3764 3634 3800 τε-

2043 3851 2257 3922 κμήρια
2287 3847 2591 3911 celcbrare,
2633 3845 2838 3916 quibus
2874 3840 2998 3900 haec
3028 3843 3260 3914 epistola
3294 3840 3494 3896 referta
3517 3850 3628 3895 est.

2043 3937 2171 3995 Haec
2195 3949 2378 3994 autem
2408 3937 2685 4009 praecipue
2722 3937 2777 3990 in
2827 3934 3037 4006 lgnatio
3065 3933 3252 3988 laudat
3287 3931 3629 4004 Cbrysosto-

2043 4047 2188 4088 mus.
2251 4031 2357 4085 Τοῦ
2407 4028 2646 4102 Χριστοῦ
2681 4029 2958 4098 λέγοντος,
2993 4027 3076 4081 ὅτι
3121 4025 3175 4079 '0
3208 4024 3435 4094 ποιμὴν
3465 4027 3500 4077 ὀ
3533 4041 3637 4079 κα-

2042 4125 2153 4191 λὸς
2185 4123 2300 4192 τὴν
2329 4122 2543 4193 ψυχὴν
2573 4121 2761 4176 αὐτοῦ
2803 4121 3044 4188 τίθησιν
3074 4115 3228 4185 ὑπὲρ
3259 4115 3379 4171 τῶν
3408 4115 3634 4184 προϐά-

2044 4233 2188 4281 των,
2238 4215 2379 4288 μετὰ
2420 4215 2600 4284 πάσης
2650 4213 2901 4284 ἀνδρείας
2945 4209 3112 4281 αὐτὴν
3157 4209 3436 4262 ἀπέδωκεν
3486 4208 3634 4280 ὑπὲρ

2042 4307 2150 4362 τῶν
2183 4306 2490 4379 προϐάτων.
2531 4324 2550 4356 ι
2574 4303 2714 4359 Cum
2747 4302 3002 4358 Christus
3028 4301 3233 4357 diceret
3261 4317 3275 4353 :
3307 4299 3506 4354 Pastor
3531 4299 3633 4352 bo-

2045 4416 2144 4453 nus
2191 4398 2340 4468 ponit
2373 4397 2608 4450 animam
2643 4411 2796 4448 suam
2829 4409 2926 4464 pro
2966 4393 3144 4447 ovibus
3162 4391 3255 4458 “,'
3295 4407 3422 4446 cum
3474 4393 3635 4448 omni

361 4510 512 4560 scus,
544 4493 810 4560 Malcbus,
837 4504 892 4550 et
928 4495 1258 4562 Alexander,
1297 4499 1512 4568 seipsos
1541 4484 1774 4554 invicem
1817 4499 1945 4554 insi-
1978 4509 2021 4564 ι)
2046 4491 2365 4548 fortitudine
2392 4491 2567 4560 ipsam
2591 4501 2692 4559 pro
2729 4480 2927 4569 ovibus
2951 4485 3198 4540 tradidit.
3229 4503 3250 4537 ι
3287 4483 3474 4539 Monet
3497 4486 3632 4554 qui-

361 4576 649 4639 mulabant
673 4591 939 4654 tanquam
985 4586 1216 4657 ignavos
1255 4597 1310 4642 et
1339 4583 1576 4657 desides,
1606 4590 1754 4660 quod
1786 4606 1946 4646 occa-
2047 4585 2171 4639 dem
2203 4582 2262 4638 S.
2297 4581 2604 4654 Cyprianus
2635 4580 2870 4651 epistola
2897 4578 2951 4645 6,
2985 4577 3334 4634 confessores
3364 4577 3633 4645 humiles,

360 4685 521 4736 sione
559 4672 741 4734 oblata
787 4678 967 4734 adhuc
997 4674 1342 4746 cessassent,
1389 4682 1463 4756 μὴ
1510 4683 1633 4754 οὐχὶ
1665 4671 1942 4756 προαρπά-

357 4769 544 4836 ζοντες
575 4769 668 4824 τὸν
698 4769 792 4823 τοῦ
831 4772 1132 4844 μαρτυρίου
1167 4772 1458 4843 στέφανον,
1499 4794 1520 4826 ‹
1561 4791 1663 4830 nec
1697 4774 1942 4847 martyrii

358 4877 621 4918 coronam
657 4862 1100 4932 praeripuissent;
1141 4884 1160 4918 ι
1186 4877 1357 4935 quare
1382 4866 1620 4936 iudicem
1645 4866 1844 4932 adorti,
1872 4867 1941 4922 ad

357 4955 569 5012 bestias
613 4952 962 5010 condemnati
1001 4955 1130 5028 θείῳ
1183 4958 1676 5032 κατεκοσμήθησαν
1728 4977 1939 5031 μαρτυ-

362 5047 464 5122 ρίῳ
491 5068 509 5101 ι
530 5047 717 5104 divino
735 5051 999 5121 martyrio
1022 5049 1269 5105 coronati
1297 5059 1449 5116 sunt,
1476 5061 1510 5104 ι’
1532 5060 1593 5106 ιιι
1618 5061 1807 5106 narrat
1828 5036 1938 5106 Eu;

360 5141 544 5197 sebius
581 5139 676 5195 lib.
707 5157 806 5207 vn,
841 5157 892 5196 c.
923 5141 1010 5194 l2.
1044 5138 1198 5196 Unde
1243 5131 1691 5214 Martyrologium
1733 5141 1939 5196 Roma-

357 5250 491 5289 num
513 5236 708 5304 quinto
730 5233 849 5288 Kal.
869 5233 1102 5304 Aprilis:
1129 5252 1148 5285 ‹
1171 5233 1436 5290 Caesarea:
1459 5234 1515 5289 in
1530 5233 1822 5290 Palaestina
1841 5251 1940 5289 na-

361 5327 485 5381 talis
513 5327 614 5380 SS.
650 5320 954 5397 martyrum
1007 5312 1203 5392 Prisci,
1238 5325 1438 5382 Malchi
1465 5367 1480 5393 ,
1515 5337 1570 5383 et
1603 5318 1934 5391 Alexandri,

360 5415 455 5485 qui
487 5415 543 5469 in
571 5415 953 5485 persecutione
991 5413 1290 5482 Valeriani,
1342 5409 1468 5471 cum
1515 5415 1570 5470 in
1617 5415 1937 5470 suburbano

357 5503 535 5574 agello
563 5505 888 5573 supradictae
917 5505 1069 5561 urbis
1096 5505 1426 5570 habitarent,
1461 5515 1627 5577 atque
1651 5507 1708 5560 in
1732 5521 1796 5560 ea
1824 5520 1937 5560 cu:-

360 5593 525 5647 lestes
557 5596 804 5664 martyrii
840 5603 1278 5666 proponerentur
1305 5610 1549 5664 coronae;
1580 5595 1769 5651 divino
1810 5596 1934 5652 lidci

355 5683 546 5738 calore
571 5685 856 5751 succensi,
891 5686 1038 5741 ultro
1075 5686 1313 5756 iudicem
1343 5689 1608 5746 adeuntes
1628 5730 1643 5755 ,
1683 5703 1782 5744 cur
1814 5696 1936 5743 tan-

433 5799 479 5834 "
505 5797 663 5888 ζοιιιι.
695 5819 748 5872 x,
785 5784 871 5859 ll.
933 5805 994 5882 _"
1028 5805 1160 5870 Luc.
1198 5823 1310 5878 xiv,
1335 5806 1427 5869 ‘26.

2041 4677 2423 4743 ot'modestos,
2471 4685 2526 4730 et
2563 4675 2778 4746 quietos
2815 4689 2939 4730 esse
2970 4672 3197 4736 debere;
3237 4671 3332 4728 sed
3375 4672 3637 4744 intelligit

2047 4770 2372 4826 modestiam
2410 4784 2538 4840 erga
2567 4768 2879 4838 superiores
2907 4767 2962 4821 in
2996 4765 3280 4822 Ecclesia:
3317 4765 3374 4820 in
3403 4766 3495 4831 iis,
3519 4767 3633 4822 sci-

2046 4865 2190 4932 licet,
2237 4884 2256 4916 ‹
2284 4879 2405 4935 quae
2443 4863 2743 4919 secundum
2786 4860 3198 4932 Scripturarum
3242 4859 3629 4930 magisterium

2044 4957 2414 5012 ecclesiastica
2431 4955 2722 5026 disciplina
2748 4954 3032 5024 deposcat.
3067 4971 3087 5004 ι
3117 4951 3381 5018 Quamvis
3410 4966 3513 5006 nec
3534 4951 3632 5008 hic

2046 5051 2247 5106 desunt
2268 5051 2422 5121 signa
2450 5049 2735 5106 modestiae
2758 5045 3070 5113 manifesta,
3093 5045 3262 5100 ut'ubi
3290 5045 3397 5100 ait:
3423 5064 3443 5097 ι
3467 5044 3632 5102 Nunc

2045 5143 2247 5213 incipio
2275 5143 2577 5214 discipulus
2610 5157 2754 5208 esse,
2779 5159 2798 5194 ι
2837 5139 2984 5211 quod
3014 5154 3303 5210 perperam
3333 5147 3389 5194 et
3412 5139 3630 5194 incomc

2045 5235 2205 5289 mode
2240 5235 2446 5289 dictum
2470 5233 3002 5304 pronuntiatcensor
3033 5230 3357 5286 acerrimus.
3389 5230 3474 5284 An
3489 5246 3629 5286 vero

2043 5329 2152 5399 qui!
2183 5327 2360 5398 probe
2391 5327 2545 5382 novit
2581 5320 2864 5389 Christum
2909 5323 3089 5394 ipsum
3122 5322 3360 5390 dixisse,
3401 5320 3463 5376 Si
3501 5323 3629 5393 quis

2043 5421 2184 5474 venit
2223 5419 2292 5472 ad
2326 5435 2406 5473 me
2433 5427 2483 5472 et
2513 5433 2618 5470 non
2655 5416 2770 5471 odit
2793 5415 3046 5485 {animum
3075 5429 3263 5481 suam,
3300 5430 3408 5469 non
3445 5425 3626 5484 potest

2042 5527 2188 5566 meus
2218 5528 2330 5566 esse
2365 5494 2657 5580 discipulus
2672 5508 2759 5574 ³⁷;
2809 5522 2936 5564 cum
2964 5505 3081 5577 jam
3124 5505 3278 5561 novit
3327 5505 3496 5561 etiam
3535 5521 3627 5560 se-

2042 5605 2224 5674 ipsum
2256 5603 2412 5674 plene
2451 5615 2776 5672 persuasum
2816 5614 2938 5656 esse
2979 5598 3048 5654 ad
3081 5597 3250 5652 vitam
3279 5611 3379 5667 pro
3397 5594 3634 5669 Christo,

2043 5691 2419 5771 deponendam
2446 5708 2545 5750 nec
2574 5691 2877 5749 terroribus
2901 5698 2997 5748 aut
3027 5687 3308 5769 blanditiis
3331 5687 3401 5769 ab
3429 5703 3492 5747 ea
3525 5704 3611 5768 vo,
