3848 6204
405 256 511 312 575

1362 254 1420 309 S.
1462 255 1812 310 lGiiA'l'lUS.
1853 285 1920 292 -—
1971 253 2507 310 PROLEGOMENA.

3560 262 3669 316 376

402 378 551 433 cnim
582 395 600 428 ι
633 379 686 431 iu
718 377 867 432 omni
899 377 1128 434 eDistola
1161 396 1178 428 ι
1219 377 1360 431 idem
1385 393 1508 432 esse
1541 377 1688 447 quod
1724 396 1741 428 ι
1773 379 1827 430 in
1866 393 1988 431 om-
2018 382 2064 440 Α
2095 377 2201 447 psit
2228 377 2284 431 8.
2319 377 2581 448 lgnatius,
2609 377 2667 431 S.
2695 376 2922 432 Paulum
2964 378 3017 430 in
3051 385 3159 432 tota
3192 379 3423 447 epistola
3457 394 3672 433 memo-
3735 440 3737 442 η

405 471 568 526 nibus
599 472 865 541 epistolis.
891 490 908 522 ι
949 471 1053 525 Sed
1091 472 1290 526 mirum
1340 472 1497 526 nobis
1543 471 1865 541 scriptorem
1897 487 1985 525 re-

403 573 774 631 prtesentant;
813 564 928 618 sive
954 565 1000 618 is
1027 563 1290 634 lgnatius,
1319 565 1432 619 sive
1463 565 1589 635 quis
1623 565 1764 619 alius
1799 562 1983 618 fuerit.

404 650 541 717 Quis
588 652 733 706 enim
787 653 889 707 vel.
914 653 1016 707 sub
1052 653 1312 724 Trajano,
1344 655 1427 708 vel
1475 656 1578 710 sub
1625 655 1987 710 Constantino

405 745 484 800 sic
523 746 820 801 scriberet?
849 747 929 800 An
962 746 1205 801 ﬁctorem
1255 763 1414 802 suum
1473 748 1634 802 talem
1664 749 1844 803 virum
1880 750 1985 802 lin-

404 848 532 903 gere
580 844 894 904 potuerunt,
931 835 1025 905 qui
1073 835 1130 890 S.
1164 835 1393 893 Paulum
1442 839 1497 892 in
1545 839 1801 895 omnibus
1846 856 1986 911 quas

402 925 625 994 scripsit
653 927 900 996 epistolis
938 926 1301 997 Ephesiorum
1334 931 1652 987 meminisse
1690 933 1984 1002 putaverit,

401 1007 499 1072 aut
533 1019 693 1072 talem
733 1020 1057 1074 sententiam
1098 1022 1309 1092 lgnatio
1340 1024 1584 1080 tribuere
1614 1041 1682 1080 ex
1713 1027 1984 1082 industria

399 1110 673 1164 voluerit?
704 1110 828 1166 Sive
857 1111 1048 1166 Latina
1092 1124 1326 1183 spectes,
1358 1135 1378 1168 ‹
1406 1116 1462 1170 in
1493 1118 1643 1172 omni
1675 1119 1928 1188 epistola,
1960 1140 1979 1172 ι

399 1203 514 1257 sive
556 1203 780 1270 Graeca,
824 1207 882 1258 ὲν
917 1206 1066 1278 πάσῃ
1099 1206 1390 1279 ἐπιστολῇ,
1432 1209 1579 1264 aliud
1616 1212 1846 1265 omnino
1895 1228 1985 1267 so-

397 1303 551 1361 nant,
585 1295 723 1349 idem
758 1312 951 1367 nempe
993 1299 1139 1367 quod
1181 1298 1236 1352 in
1291 1309 1404 1355 tota
1449 1301 1700 1371 epistola.
1731 1304 1891 1360 Certe
1923 1305 1980 1359 S.

395 1384 604 1452 lgnatio
634 1388 782 1439 πᾶσα
813 1390 1091 1460 ἐπιστολή,
1122 1401 1202 1446 est
1233 1411 1250 1442 ι
1283 1399 1395 1446 tota
1425 1395 1675 1462 epistola,
1704 1413 1722 1446 ι
1750 1405 1810 1450 ut
1836 1398 1984 1450 πᾶσα

393 1477 714 1549 Ἐκκλησία,
756 1497 775 1530 ι
808 1490 918 1535 tota
949 1482 1212 1538 Ecclesia.
1237 1505 1255 1537 ι
1294 1485 1370 1539 lta
1397 1488 1542 1540 enim
1572 1486 1839 1557 Ephesios
1870 1490 1985 1560 ipse

395 1569 698 1639 alloquitur
743 1592 754 1625 :
800 1573 862 1626 Et
915 1574 1023 1647 γὰρ
1075 1577 1193 1641 ἐνὸς
1254 1579 1347 1632 καὶ
1395 1579 1651 1650 δευτέρου
1704 1583 1982 1656 προσευχὴ

390 1664 661 1735 τοσαύτην
697 1667 850 1736 ἰσχὺν
882 1668 1014 1739 ἔχει,
1055 1673 1206 1742 πόσῳ
1243 1673 1442 1743 μᾶλλον
1483 1675 1517 1745 ἦ
1547 1685 1602 1724 τε
1624 1675 1719 1728 τοῦ
1764 1679 1983 1732 ἐπισκό-

393 1772 498 1808 ⁴ιιου
533 1758 626 1810 καὶ
659 1758 838 1829 πάσης
871 1759 1219 1832 Ἐκκλησίας.
1255 1782 1274 1815 ‹
1301 1763 1359 1818 Si
1390 1764 1537 1818 enim
1567 1765 1733 1821 unius
1771 1777 1824 1822 et
1852 1769 1981 1822 alte-
2012 1747 2056 1806 Β

392 1847 512 1901 rius
559 1850 736 1903 oratio
777 1858 982 1906 tantam
1025 1853 1134 1908 vim
1180 1855 1376 1925 habet,
1418 1865 1628 1926 quanto
1670 1861 1844 1930 magis
1887 1862 1978 1916 illa

392 1939 636 2010 episcopi
692 1951 747 1998 et
791 1946 972 2002 omnis
1032 1946 1314 2004 Ecclesiae!
1342 1968 1361 2002 ι
1405 1947 1507 2004 Ubi
1559 1954 1708 2005 πᾶσα
1751 1954 1979 2026 Ἐκκλη-

395 2033 488 2086 σία
527 2045 609 2088 est
643 2053 661 2085 ι
694 2046 806 2091 tota
858 2037 1100 2095 Ecclesia
1130 2060 1147 2092 ι
1183 2041 1286 2096 sub
1329 2044 1587 2115 episcopo
1617 2061 1718 2101 suo
1748 2062 1978 2118 congre-

393 2137 538 2197 gata.
575 2127 668 2185 Sic
705 2130 906 2199 Latini,
935 2132 1016 2188 sic
1057 2132 1232 2190 Grzeci
1269 2135 1593 2206 loquuntur.
1637 2137 1713 2193 lta
1747 2139 1974 2194 Cicero:

400 2241 419 2271 ι
453 2219 688 2292 Sanguis
719 2239 815 2295 per
858 2241 1026 2282 venas
1055 2225 1109 2280 in
1141 2242 1304 2283 omne
1334 2245 1535 2301 corpus
1574 2233 1914 2301 diﬁunditur,
1951 2255 1969 2288 υ

391 2311 446 2365 id
468 2322 552 2367 est
587 2329 694 2368 non
727 2315 781 2368 in
813 2317 997 2371 omnia
1026 2333 1280 2389 corpora,
1302 2321 1488 2378 sedrin
1514 2333 1686 2379 totum
1712 2341 1968 2396 corpus.»

391 2396 538 2477 idem
568 2419 581 2455 :
609 2421 626 2453 ι
661 2401 719 2457 ln
745 2403 849 2459 hoc
881 2405 1161 2476 singulare
1184 2409 1452 2479 judicium
1483 2429 1648 2470 causa
1681 2419 1863 2473 omnis
1891 2419 1976 2472 in-

390 2493 699 2550 cluderetur
723 2515 782 2564 ,ι
824 2498 878 2553 id
931 2511 1015 2556 est
1057 2517 1164 2556 non
1197 2519 1387 2561 omnes
1428 2522 1640 2576 causae,
1672 2511 1765 2565 sed
1820 2531 1839 2564 ι
1861 2522 1971 2568 tota

389 2600 615 2649 causa.»
635 2587 739 2654 Qui
773 2591 938 2647 etiam
979 2612 996 2645 ι
1023 2604 1133 2650 tota
1163 2606 1363 2664 mente,
1394 2617 1411 2650 ι
1433 2609 1484 2654 et
1513 2618 1532 2651 ι
1565 2604 1711 2656 οηιηὶ
1744 2605 1929 2658 animo
1950 2625 1967 2656 ι

387 2679 577 2742 eadem
624 2681 1025 2750 signiﬁcatione
1075 2687 1233 2743 dixit.
1284 2688 1626 2762 Hesychius,
1660 2695 1795 2759 Πᾶς,
1831 2696 1970 2761 ὅλος,

385 2767 639 2835 ἕκαστος.
677 2771 999 2844 Homerum,
1025 2786 1085 2832 ut
1108 2781 1268 2845 solet,
1296 2784 1616 2853 respiciens,
1642 2788 1786 2857 apud
1809 2805 1971 2859 quem

385 2871 623 2934 utroque
653 2882 818 2923 sensu
842 2883 905 2924 ea
943 2885 1047 2924 vox
1083 2874 1384 2944 accipitur;
1422 2887 1612 2933 nostro
1641 2891 1844 2948 autem,
1877 2883 1972 2945 ubi

385 2953 453 3008 de
486 2953 721 3013 Hectore
760 2961 891 3031 agit.
956 2963 1071 3027 Πᾶς
1104 2965 1150 3018 δ’
1172 2965 1281 3038 ἄρα
1313 2968 1500 3040 χαλκῷ
1531 2969 1722 3042 λάμφ’,
1765 2993 1784 3024 ι
1825 2984 1970 3032 totus

384 3059 491 3099 tere
525 3047 860 3128 Splendebat,
886 3068 904 3102 ι
943 3061 1000 3106 ut
1027 3053 1093 3107 de
1115 3055 1305 3108 eodem
1345 3054 1642 3125 Sophocles
1671 3079 1684 3114 :

588 3139 801 3208 Κεῖνος
831 3141 899 3195 δὲ
924 3145 1088 3214 λύπῃ
1114 3145 1233 3212 πᾶς
1257 3147 1546 3214 ἐλήλαται
1577 3150 1750 3220 κακῇ.

383 3224 488 3294 Ubi
505 3228 800 3286 Triclinius
817 3251 829 3286 :
849 3233 922 3285 Τὸ
942 3234 1060 3301 πᾶς
1079 3232 1253 3301 εἶπεν,
1271 3237 1357 3290 ἵνα
1373 3237 1521 3312 δείξῃ
1537 3240 1612 3304 ὡς
1627 3241 1746 3306 ὅλος
1758 3244 1856 3314 τῆς
1872 3244 1967 3297 λύ-

381 3330 493 3386 πης
525 3317 734 3386 γέγονε.
778 3337 796 3370 ι
822 3317 969 3374 Dixit
1005 3324 1131 3388 πᾶς,
1175 3334 1233 3379 ut
1283 3327 1595 3381 ostenderet
1637 3343 1762 3382 eum
1794 3339 1965 3384 totum

381 3405 552 3463 fuisse
566 3410 757 3466 dolore
775 3413 1116 3483 absorptum.
1133 3435 1150 3470 ι
1175 3415 1415 3472 Hincilla
1443 3419 1700 3488 loquendi
1731 3420 1964 3477 formula

380 3500 584 3558 Graecis
602 3503 908 3573 familiaris,
925 3507 1106 3564 Suidae
1119 3510 1402 3566 observata
1429 3530 1441 3565 :
1464 3512 1621 3576 ’Ὀλος
1643 3515 1737 3567 καὶ
1750 3517 1875 3579 πᾶς.
1900 3515 1965 3570 Ut

379 3593 547 3666 igitur
564 3597 713 3651 πᾶσα
737 3601 945 3672 γραφή,
961 3602 1130 3657 veteri
1147 3603 1449 3674 interpreti,
1481 3624 1499 3655 ‹
1521 3607 1700 3661 omnis
1728 3607 1965 3676 scriptu-

378 3701 458 3750 ra,
475 3706 491 3738 ι
523 3687 811 3746 Theodoro
822 3691 995 3760 Βοιαὶ,
1017 3712 1035 3744 ι
1055 3703 1168 3749 tota
1183 3696 1452 3764 scriptura
1473 3713 1486 3762 ;
1513 3716 1530 3747 ›
1555 3697 1624 3750 ita
1642 3698 1728 3752 hic
1740 3701 1797 3751 ὲν
1812 3700 1962 3774 πάσῃ

379 3779 657 3852 ἐπιστολῇ,
690 3804 708 3832 ι
739 3783 795 3836 in
830 3786 1002 3853 omni,
1025 3806 1043 3838 ι
1071 3787 1175 3843 hoc
1190 3800 1276 3843 est
1304 3807 1321 3840 ι
1351 3789 1407 3843 in
1441 3798 1548 3844 tota
1574 3791 1858 3860 epistola.»
1893 3790 1963 3844 Ut

377 3873 631 3929 Clemens
660 3875 1060 3934 Alexandrinus
1089 3877 1350 3935 Stromat.
1386 3883 1479 3936 lib.
1517 3900 1572 3948 v,
1600 3884 1689 3940 illa
1719 3885 1776 3939 S.
1804 3885 1958 3942 Pauli

376 3969 478 4016 ἵνα
487 3965 966 4038 παραστήσωμεν
978 3970 1173 4026 πάντα
1187 3973 1498 4042 ἄνθρωπον
1510 3976 1740 4030 τέλειον
1749 3978 1819 4031 ἐν
1829 3981 1909 4047 Χρ
1915 3999 1959 4031 ι-

373 4056 519 4118 στῷ,
546 4059 951 4130 interpretatur,
981 4066 1041 4118 οὐ
1078 4067 1258 4121 πάντα
1287 4068 1477 4132 ἁπλῶς
1493 4069 1800 4141 ἄνθρωπον,
1835 4075 1958 4125 ἐπεὶ

373 4148 546 4213 οὐδεὶς
590 4151 656 4205 ἂν
685 4148 755 4224 ἦν
789 4154 1035 4221 ἄπιστοςο
1073 4159 1192 4212 οὐδὲ
1239 4162 1344 4232 μὴν
1378 4162 1557 4217 πάντα
1595 4164 1686 4217 τὸν
1730 4166 1956 4218 πιστεύ-

371 4256 502 4295 οντα
529 4243 731 4298 τέλειον
763 4249 822 4300 ὲν
855 4250 1104 4321 Χριστῷ,
1135 4252 1270 4306 ἀλλὰ
1302 4254 1498 4310 πάντα
1528 4257 1843 4326 ἄνθρωπον
1874 4261 1958 4313 λέ-

371 4351 479 4402 γει,
514 4337 591 4401 ὼς
623 4341 818 4407 εἰπεῖν,
853 4342 972 4396 ὅλον
1003 4344 1095 4399 τὸν
1127 4346 1434 4420 ἄνθρωπον,
1470 4347 1581 4404 οἷον
1617 4352 1830 4424 σώματι
1865 4359 1955 4410 καὶ

2092 471 2229 525 riam
2259 486 2448 524 eorum
2477 470 2654 526 facere
2681 471 2736 524 in
2769 469 2898 525 Jesu
2928 471 3181 526 Christo?
3214 471 3335 525 Haec
3364 487 3392 524 a
3428 483 3671 544 martyre

2092 580 2200 618 non
2229 564 2409 619 otiose
2440 572 2537 619 aut
2564 563 2780 631 frigide,
2809 563 2900 618 sed
2946 579 3093 628 vere,
3124 564 3236 618 imo
3287 564 3569 635 signanter
3613 573 3670 620 et

2090 658 2377 728 vigilanter
2409 657 2552 712 dicta
2598 667 2745 711 sunt.
2784 656 2920 712 Tota
2951 657 3096 710 enim
3139 657 3369 726 epistola
3401 657 3467 711 ad
3492 655 3673 726 Ephe-
3723 643 3725 645 1

2089 751 2203 806 sios
2235 753 2459 822 scripta,
2487 753 2637 822 ipsos
2674 752 2960 823 Ephesios,
2992 767 3291 821 eorumque
3317 751 3582 806 honorem
3613 758 3667 805 et
3684 749 3705 816 ,⁷

2087 861 2277 900 curam
2309 846 2551 900 maxime
2583 855 2810 916 spectat,
2840 854 2896 900 et
2925 860 3138 900 summe
3183 844 3539 898 honoriﬁcam
3569 857 3672 896 eo-

2088 955 2208 993 rum
2259 939 2581 994 memoriam
2640 941 2708 994 ad
2752 948 2998 1009 posteros
3047 937 3384 992 transmittit.
3431 935 3486 990 In
3539 936 3668 992 aliis

2086 1032 2331 1102 epistolis
2356 1031 2651 1101 Apostolus
2683 1047 2778 1086 eos
2799 1031 2864 1086 ad
2897 1047 3036 1102 quos
3061 1030 3271 1094 scribit,
3295 1043 3436 1098 saepe
3464 1027 3670 1082 acriter

2087 1126 2361 1196 objurgat,
2393 1134 2487 1179 aut
2515 1134 2659 1179 certe
2701 1124 2843 1178 haud
2868 1124 3112 1187 omnino,
3141 1123 3224 1177 vel
3254 1137 3416 1192 parce
3443 1121 3667 1188 laudat;

2085 1218 2169 1269 vel
2197 1217 2265 1271 de
2293 1217 2458 1271 rebus
2487 1216 2557 1270 ad
2590 1216 2748 1270 ﬁdem
2799 1215 3221 1286 pertinentibus,
3264 1222 3361 1267 aut
3409 1213 3476 1267 de
3515 1228 3672 1282 qua:-

2087 1311 2362 1367 stionibus
2406 1309 2722 1365 decidendis
2755 1308 2920 1363 latius
2960 1308 3221 1376 disputat.
3277 1305 3378 1359 Hic
3406 1305 3668 1360 omnibus

2085 1403 2266 1460 modis
2305 1410 2568 1472 perpetuo
2600 1415 2658 1455 se
2691 1398 2944 1469 Ephesiis
2983 1397 3238 1468 applicat,
3271 1396 3504 1464 illosque
3540 1403 3668 1447 tan-

2084 1511 2249 1566 quam
2273 1494 2522 1565 egregios
2550 1492 2896 1548 Christianos
2923 1498 3143 1551 tractat,
3174 1487 3472 1557 Evangelia
3510 1487 3669 1542 salu-

2084 1591 2154 1645 tis
2187 1590 2413 1643 tirmiter
2455 1587 2760 1652 credentes,
2783 1594 2837 1640 et
2861 1584 3056 1654 spiritu
3102 1582 3483 1653 promissionis
3514 1582 3670 1636 ohsi-

2085 1695 2299 1752 gnatos,
2325 1681 2582 1736 concives
2607 1687 2923 1734 sanctorum
2953 1686 3009 1731 et
3045 1676 3376 1731 domesticos
3405 1674 3533 1742 Dei;
3566 1691 3670 1745 pro

2087 1777 2154 1832 iis
2183 1792 2324 1846 saepe
2367 1775 2623 1829 ardenter
2668 1780 2811 1837 orat,
2841 1771 2990 1841 ipsos
3036 1771 3305 1834 hortatur,
3333 1769 3668 1836 obtestatur,

2085 1869 2292 1934 laudat,
2342 1881 2562 1920 omnem
2608 1873 2846 1929 aetatem,
2877 1872 3170 1931 utrumque
3222 1876 3416 1916 sexum
3467 1860 3669 1915 sedulo

2083 1961 2325 2025 instruit,
2352 1973 2512 2012 suum
2539 1973 2667 2026 erga
2695 1971 2787 2012 eos
2819 1953 3149 2024 singularem
3182 1952 3431 2008 allectum
3459 1953 3666 2022 ubique

2081 2054 2280 2124 prodit.
2328 2051 2538 2122 Πολλῆς
2571 2049 2678 2102 ἔδει
2710 2047 2787 2118 τῷ
2819 2046 3015 2118 Παύλῳ
3058 2046 3291 2116 σπουδῆς
3334 2045 3473 2118 πρὸς
3513 2044 3667 2099 ὲκεί-

2081 2164 2202 2210 νους
2245 2145 2540 2216 γράφοντι,
2576 2142 2755 2212 inquit
2806 2138 2864 2196 S.
2912 2139 3358 2210 Chrysostomus,
3407 2157 3428 2190 ι
3457 2153 3664 2209 magno

2078 2256 2204 2294 cum
2255 2239 2439 2293 studio
2485 2237 2553 2293 ad
2596 2233 2863 2306 Ephesios
2916 2233 3124 2288 scribit.
3149 2252 3168 2284 ι
3199 2233 3431 2301 Λέγεται
3463 2232 3521 2285 δὲ
3564 2237 3664 2288 καὶ

2080 2333 2352 2404 βαθύτερα
2401 2329 2509 2383 τῶν
2557 2329 2843 2401 νοημάτων
2891 2328 3075 2389 αὐτοῖς
3119 2324 3510 2397 ὲμπιστεῦσαι,
3561 2326 3661 2380 ἅτε

2075 2424 2177 2494 ἤδη
2211 2422 2630 2492 κατηχημένοις.
2668 2438 2687 2472 ι
2726 2418 2934 2474 Dicitur
2979 2426 3160 2472 autem
3202 2426 3256 2471 et
3288 2415 3662 2486 profundissi-

2076 2529 2200 2568 mos
2246 2522 2543 2581 conceptus
2574 2512 2640 2566 iis
2669 2509 3094 2575 concredidisse,
3122 2508 3271 2578 quod
3298 2507 3411 2577 jam
3450 2505 3661 2562 fuerint

2077 2609 2145 2663 ab
2175 2609 2294 2678 ipso
2319 2607 2573 2671 instituti,
2597 2623 2616 2656 ι
2637 2614 2690 2658 et
2710 2619 2834 2660 cum
2853 2604 2920 2658 iis
2941 2601 3291 2658 Timotheum
3321 2601 3656 2671 reliquisset,

2077 2697 2218 2751 unde
2245 2711 2339 2749 eos
2361 2693 2576 2747 Παύλου
2613 2693 2940 2764 συμμύστας
2963 2699 3119 2746 vocat.
3138 2691 3399 2762 lgnatius,
3427 2691 3655 2761 quibus,

2075 2788 2283 2843 scilicet
2315 2787 2405 2840 ille
2438 2795 2616 2840 totum
2664 2783 2960 2839 consilium
2995 2781 3090 2838 Dei
3125 2782 3492 2853 patefecisset.
3530 2781 3658 2837 Ori-

2074 2897 2238 2952 genes
2254 2881 2476 2935 homilia
2501 2880 2589 2946 15,
2607 2895 2866 2950 magnum
2891 2879 3148 2932 observat
3173 2877 3314 2932 inter
3334 2875 3655 2932 Corinthios

2071 2984 2126 3029 et
2156 2973 2424 3044 Ephesios
2465 2973 2764 3027 discrimen
2793 2989 2805 3024 :
2838 2989 2855 3022 ι
2887 2969 3023 3025 Vide
3054 2968 3333 3039 quomodo
3357 2969 3425 3023 ad
3458 2967 3655 3023 Corino

2073 3067 2218 3121 thios
2251 3065 2456 3120 Paulus
2486 3065 2759 3134 loquitur:
2780 3062 2946 3118 Lacte
2972 3078 3071 3118 vos
3104 3063 3310 3133 potavi,
3341 3077 3452 3116 non
3480 3063 3649 3118 cibo:

2075 3161 2294 3214 necdum
2322 3161 2460 3213 enim
2494 3161 2782 3228 poteratis;
2812 3159 2902 3214 sed
2947 3175 3107 3230 neque
3151 3174 3286 3212 nunc
3325 3159 3548 3227 potestis
3583 3158 3649 3211 ⁸⁵.

2073 3251 2139 3306 Ει
2189 3253 2318 3322 quia
2361 3253 2500 3306 lacte
2552 3252 2730 3307 adhuc
2780 3251 3122 3323 indigebant,
3158 3267 3222 3306 ea
3263 3251 3485 3307 discunt
3524 3266 3652 3320 qua:

2070 3343 2281 3397 discere
2314 3343 2524 3412 parvuli
2576 3343 2754 3398 solent
2793 3361 2807 3398 :
2853 3342 3060 3396 Bonum
3103 3353 3183 3397 est
3233 3342 3507 3396 mulierem
3544 3359 3652 3396 non

2071 3447 2285 3506 tangere
2319 3451 2338 3489 :
2373 3447 2586 3505 propter
2622 3436 3028 3505 fornicationem
3067 3447 3245 3490 autem
3273 3436 3467 3502 “,etc.
3503 3434 3652 3489 Rur-

2069 3540 2301 3594 sumque
2334 3525 2717 3592 instituuntur,
2755 3541 2820 3580 ne
2847 3525 3147 3596 idol0thyta
3189 3527 3499 3582 comedent.
3538 3525 3649 3581 Ista

2069 3618 2250 3672 omnis
2291 3617 2538 3672 doctrina
2569 3617 2668 3687 “lac
2708 3618 3062 3688 parvulorum
3110 3629 3228 3685 est,
3260 3628 3315 3673 et
3347 3619 3528 3673 adhuc
3561 3619 3649 3672 in-

2066 3707 2296 3762 fantium
2322 3709 2375 3762 in
2399 3709 2639 3764 Christo.
2675 3710 2906 3776 Quando
2929 3726 3058 3766 vero
3079 3710 3332 3781 Ephesiis
3359 3712 3647 3776 scribitur,

2045 3803 2301 3858 solidum
2347 3803 2455 3858 illis
2502 3804 2706 3874 praebet
2749 3803 2955 3859 cibum.
2998 3803 3118 3859 Non
3175 3805 3397 3859 auditur
3441 3805 3649 3875 quippe

2066 3897 2118 3949 in
2155 3895 2371 3965 Epheso
2418 3895 2738 3962 fornicatio;
2773 3912 2881 3950 non
2915 3898 3136 3952 auditur
3179 3898 3236 3952 in
3276 3897 3491 3967 Epheso
3523 3898 3648 3954 ido-

2065 3987 2303 4052 lolatria,
2327 3998 2380 4043 et
2403 4004 2531 4045 esus
2563 3989 3010 4060 idolothytorum.
3050 4009 3070 4041 ›

2134 4081 2269 4136 Mira
2313 4093 2440 4138 sunt
2471 4099 2594 4152 qua:
2624 4083 2714 4137 hic
2745 4084 2813 4137 de
2851 4084 3239 4153 interpolatore
3266 4085 3645 4142 comminisci-

2062 4184 2151 4228 tur
2199 4173 2453 4228 Dallaaus.
2505 4172 2599 4228 llle
2643 4174 2818 4241 enim,
2851 4173 3065 4244 inquit,
3092 4175 3224 4245 quia
3274 4174 3642 4246 Ephesiorum

2061 4264 2260 4320 factam
2304 4265 2359 4318 in
2393 4265 2543 4319 omni
2577 4265 2807 4334 epistola
2833 4281 2862 4319 a
2894 4265 3066 4321 Paulo
3099 4267 3429 4322 mentionem
3473 4284 3640 4338 repe-

2060 4358 2261 4424 riebat,
2296 4373 2396 4426 pro
2442 4357 2605 4423 vobis,
2651 4374 2777 4422 nos;
2817 4373 2916 4427 pro
2960 4359 3207 4429 epistola,
3247 4362 3514 4416 orationes
3553 4363 3640 4419 sic

368 4427 890 4527 ψυχῇ-ἡγνισμένον.
919 4454 938 4488 ι
971 4435 1088 4492 Νοη
1115 4455 1334 4495 omnem
1368 4443 1643 4500 hominem
1671 4447 1948 4511 absolute,

2071 4453 2371 4518 substituit,
2416 4450 2476 4514 ὃς
2510 4451 2741 4504 πάντοτε
2774 4454 2833 4505 ἐν
2864 4454 2985 4517 ταῖς
3016 4453 3263 4524 δεήσεσιν
3296 4454 3460 4508 αὑτοῦ
3498 4473 3638 4527 μνη-

370 4521 633 4588 quoniam
662 4527 847 4581 nullus
881 4537 1028 4584 esset
1057 4529 1322 4600 inﬁdelis;
1355 4536 1448 4589 sed
1477 4551 1578 4592 nec
1601 4552 1821 4591 onmem
1855 4541 1950 4609 qui

369 4615 559 4678 credit,
587 4616 883 4685 perfectum
930 4621 984 4676 in
1029 4622 1281 4694 Christo;
1313 4629 1409 4683 sed
1451 4646 1656 4684 omnem
1691 4631 1822 4686 dicit
1857 4633 1952 4686 ho-

367 4703 582 4772 minem,
616 4709 841 4776 perinde
870 4727 936 4767 ac
967 4714 1012 4768 si
1053 4714 1280 4782 diceret,
1315 4727 1490 4774 totum
1525 4722 1825 4789 hominem,
1859 4732 1947 4778 ut-

367 4806 493 4865 pote
530 4814 759 4870 corpore
789 4812 844 4858 et
873 4805 1056 4860 anima
1087 4810 1509 4866 sanctiﬁcatum.
1535 4833 1554 4864 ι

439 4889 585 4946 Vidit
622 4893 738 4948 haec
765 4899 1254 4965 praestantissimus
1276 4903 1496 4961 lsaacus
1525 4906 1773 4974 Vossius,
1799 4928 1949 4966 eam-

363 4981 599 5053 demque
625 4984 1126 5060 interpretationem
1154 4992 1433 5052 Bloudello
1459 4999 1682 5068 objecit.
1714 5002 1815 5058 Cui
1851 5005 1948 5060 ille

363 5073 481 5130 haec
514 5079 797 5146 reposuit:
832 5099 851 5131 ‹
879 5080 960 5135 Au
992 5099 1122 5139 vero
1165 5083 1433 5155 lgnatium
1473 5091 1764 5162 quisquam
1810 5097 1946 5151 adeo

362 5169 668 5238 desipuisse
689 5171 996 5242 crediderit,
1025 5185 1086 5230 ut
1106 5176 1374 5248 Ephesios
1398 5183 1466 5237 ad
1494 5200 1552 5238 se
1581 5194 1750 5241 totam
1777 5204 1943 5258 quam

361 5257 566 5316 Paulus
598 5263 818 5332 scripsit
851 5265 1137 5334 epistolam
1181 5271 1406 5326 missam
1437 5278 1744 5333 monendos
1775 5257 1905 5348 puta
1926 5310 1940 5323 -

363 5352 507 5407 rit?»
543 5355 654 5408 lmo
687 5371 815 5411 vero
850 5373 919 5411 an
949 5359 1038 5413 ille
1081 5376 1184 5415 nos
1225 5363 1361 5418 adeo
1407 5365 1654 5437 desipere
1686 5371 1939 5438 credidit,

363 5452 424 5495 ut
450 5444 659 5498 nullum
691 5447 983 5503 discrimen
1009 5453 1444 5512 animadvertere
1469 5475 1774 5528 possemus,
1799 5464 1942 5519 inter

361 5552 423 5590 ea
459 5553 579 5605 qua:
611 5540 723 5609 ipse
755 5543 908 5609 dicit,
943 5555 1112 5600 totam
1145 5565 1308 5617 quam
1338 5550 1542 5610 Paulus
1579 5557 1799 5626 scripsit
1825 5560 1940 5630 epi-

364 5630 557 5683 stolam
589 5633 656 5686 ad
696 5635 959 5704 Ephesios
992 5641 1216 5696 missam
1247 5660 1389 5712 esse,
1418 5658 1474 5702 et
1506 5649 1597 5704 illa
1637 5667 1759 5721 qua:
1796 5655 1937 5710 scri-

434 5742 475 5775 ³⁹
501 5742 520 5796 Ι
547 5745 672 5802 Cor.
709 5763 790 5814 tu,
822 5751 874 5805 εὶ.
955 5754 999 5788 ⁸ο
1041 5754 1214 5812 lCor.
1248 5775 1344 5822 vti,
1375 5760 1423 5824 l.

2059 4545 2273 4616 μονεύει
2309 4545 2485 4616 ἡμῶν,
2515 4563 2532 4596 ι
2559 4546 2650 4613 qui
2677 4561 2893 4616 semper
2923 4547 2976 4600 in
3001 4547 3117 4602 suis
3144 4548 3488 4604 orationibus
3513 4565 3634 4604 me-

2055 4654 2178 4693 mor
2209 4647 2294 4692 est
2323 4638 2516 4693 nostri.
2546 4659 2566 4690 )
2593 4637 2728 4694 Nam
2755 4641 2956 4709 primo,
2985 4657 3080 4710 pro
3107 4661 3125 4693 ι
3157 4641 3363 4710 vobis,»
3388 4657 3482 4696 nos
3520 4658 3633 4697 non

2055 4731 2341 4785 substituit
2365 4732 2743 4802 interpolator.
2783 4731 2910 4787 Tria
2943 4734 3210 4788 habemus
3233 4732 3418 4788 Graeca
3455 4734 3633 4788 inter-

2050 4825 2316 4892 polatoris
2369 4825 2735 4894 exemplaria;
2773 4827 2828 4880 in
2881 4843 2995 4882 uno
3023 4829 3270 4897 quidem,
3307 4828 3630 4897 Augustano

2051 4916 2292 4981 scilicet,
2324 4916 2524 4988 legitur
2556 4919 2735 4990 ἡμῶν,
2770 4921 2865 4976 sed
2897 4929 3186 4988 corrupte;
3221 4934 3346 4974 cum
3381 4919 3440 4988 in
3480 4919 3631 4991 Nyd-

2048 5010 2344 5077 prucciano
2379 5021 2435 5065 et
2461 5012 2764 5083 Anglicauo
2797 5013 3007 5081 legatur
3039 5011 3193 5082 ὑμῶν
3214 5052 3230 5075 ,
3265 5019 3326 5065 ut
3367 5010 3629 5082 Vulgatus

2048 5102 2314 5172 interpres
2348 5104 2495 5174 legit,
2522 5107 2617 5175 qui
2645 5107 2877 5161 reddidit
2902 5125 2921 5158 ι
2949 5107 3134 5162 vestri.
3158 5125 3176 5157 ι
3218 5104 3362 5171 Quin
3395 5115 3451 5160 et
3483 5106 3630 5162 hanc

2048 5194 2493 5256 substitutionem
2528 5199 2845 5254 vetustioris
2877 5199 3161 5268 scriptoris
3191 5199 3492 5254 auctoritas
3535 5215 3630 5254 re-

2047 5287 2210 5354 fellit,
2242 5306 2368 5346 cum
2414 5291 2469 5345 in
2503 5290 2747 5347 Mediceo
2795 5292 2979 5347 codice
3019 5292 3227 5362 legatur
3260 5291 3445 5363 ὑμῶν,
3480 5303 3536 5348 et
3567 5295 3628 5350 iu

2045 5383 2210 5436 veteri
2245 5385 2542 5453 interprete
2580 5404 2599 5436 ι
2628 5385 2816 5440 vestri.
2842 5404 2860 5436 ι
2899 5385 3077 5440 Causa
3111 5386 3277 5455 igitur
3306 5386 3457 5441 nulla
3490 5387 3626 5455 fuit,

2044 5490 2142 5527 cur
2171 5475 2335 5531 unius
2363 5477 2571 5532 codicis
2590 5478 2877 5533 lectionem
2901 5487 3092 5533 contra
3113 5479 3358 5534 omnium
3383 5481 3626 5552 reliquo-

2043 5581 2165 5620 rum
2199 5582 2530 5625 consensum
2567 5571 2988 5640 amplecteretur
3036 5569 3322 5638 Usserius,
3354 5581 3452 5627 aut
3482 5574 3625 5627 arri-

2041 5667 2193 5727 peret
2216 5657 2467 5719 Dallteus.
2506 5660 2778 5730 Secundo,
2803 5677 2912 5718 non
2937 5671 3152 5720 constat
3177 5662 3626 5735 interpolatorem
