  <div class='ocr_page' id='page_1' title='image "/cluster/home/n/w/nwhite01/storage/ocr_20150623/5/nnc1.0046978607/196.png"; bbox 0 0 3848 6204; ppageno 0'>
   <div class='ocr_carea' id='block_1_1' title="bbox 201 283 293 339">
    <p class='ocr_par' dir='ltr' id='par_1_1' title="bbox 201 283 293 339">
     <span class='ocr_line' id='line_1_1' title="bbox 201 283 293 339; baseline -0.011 0"><span class='ocrx_word' id='word_1_1' title='bbox 201 283 293 339; x_wconf 73' lang='lat'><strong>577</strong></span> 
     </span>
    </p>
   </div>
   <div class='ocr_carea' id='block_1_2' title="bbox 893 276 2611 337">
    <p class='ocr_par' dir='ltr' id='par_1_2' title="bbox 893 276 2611 337">
     <span class='ocr_line' id='line_1_2' title="bbox 893 276 2611 337; baseline -0.001 -3"><span class='ocrx_word' id='word_1_2' title='bbox 893 278 945 334; x_wconf 88' lang='lat' dir='ltr'><strong>J.</strong></span> <span class='ocrx_word' id='word_1_3' title='bbox 990 278 1363 337; x_wconf 80' lang='lat' dir='ltr'><strong>PEARSONII</strong></span> <span class='ocrx_word' id='word_1_4' title='bbox 1406 280 1734 337; x_wconf 69' lang='lat' dir='ltr'><strong>VlNDlCl/E</strong></span> <span class='ocrx_word' id='word_1_5' title='bbox 1776 280 2196 337; x_wconf 73' lang='grc' dir='ltr'><strong>ῘΟΝΑΤΙΑΝΑΞ.</strong></span> <span class='ocrx_word' id='word_1_6' title='bbox 2229 311 2299 322; x_wconf 88' lang='lat'><strong>-—</strong></span> <span class='ocrx_word' id='word_1_7' title='bbox 2333 278 2515 334; x_wconf 72' lang='lat' dir='ltr'><strong>PARS</strong></span> <span class='ocrx_word' id='word_1_8' title='bbox 2548 276 2611 333; x_wconf 85' lang='lat' dir='ltr'><strong>ll.</strong></span> 
     </span>
    </p>
   </div>
   <div class='ocr_carea' id='block_1_3' title="bbox 3308 278 3417 333">
    <p class='ocr_par' dir='ltr' id='par_1_3' title="bbox 3308 278 3417 333">
     <span class='ocr_line' id='line_1_3' title="bbox 3308 278 3417 333; baseline -0.018 0"><span class='ocrx_word' id='word_1_9' title='bbox 3308 278 3417 333; x_wconf 77' lang='lat'><strong>578</strong></span> 
     </span>
    </p>
   </div>
   <div class='ocr_carea' id='block_1_4' title="bbox 202 396 3420 480">
    <p class='ocr_par' dir='ltr' id='par_1_4' title="bbox 202 396 3420 480">
     <span class='ocr_line' id='line_1_4' title="bbox 202 396 3420 480; baseline -0.002 -21"><span class='ocrx_word' id='word_1_10' title='bbox 202 420 288 480; x_wconf 88' lang='lat' dir='ltr'><strong>pro</strong></span> <span class='ocrx_word' id='word_1_11' title='bbox 329 401 570 473; x_wconf 74' lang='lat' dir='ltr'><strong>epistola,</strong></span> <span class='ocrx_word' id='word_1_12' title='bbox 622 402 890 455; x_wconf 66' lang='lat' dir='ltr'><strong>orationes</strong></span> <span class='ocrx_word' id='word_1_13' title='bbox 940 401 1329 468; x_wconf 85' lang='lat' dir='ltr'><strong>substituisse;</strong></span> <span class='ocrx_word' id='word_1_14' title='bbox 1386 418 1514 457; x_wconf 88' lang='lat' dir='ltr'><strong>nam</strong></span> <span class='ocrx_word' id='word_1_15' title='bbox 1558 404 1743 473; x_wconf 87' lang='lat' dir='ltr'><strong>potius</strong></span> <span class='ocrx_word' id='word_1_16' title='bbox 1774 409 1820 463; x_wconf 78' lang='grc' dir='ltr'>Α</span> <span class='ocrx_word' id='word_1_17' title='bbox 1846 414 2018 465; x_wconf 87' lang='lat' dir='ltr'><strong>ratur,</strong></span> <span class='ocrx_word' id='word_1_18' title='bbox 2039 401 2185 472; x_wconf 89' lang='lat' dir='ltr'><strong>quod</strong></span> <span class='ocrx_word' id='word_1_19' title='bbox 2210 399 2512 456; x_wconf 57' lang='lat' dir='ltr'><strong>foedissime</strong></span> <span class='ocrx_word' id='word_1_20' title='bbox 2545 397 2873 466; x_wconf 83' lang='lat' dir='ltr'><strong>interpolata</strong></span> <span class='ocrx_word' id='word_1_21' title='bbox 2900 397 2990 452; x_wconf 90' lang='lat' dir='ltr'><strong>sit.</strong></span> <span class='ocrx_word' id='word_1_22' title='bbox 3017 416 3037 449; x_wconf 70' lang='grc' dir='ltr'>ι</span> <span class='ocrx_word' id='word_1_23' title='bbox 3072 396 3143 452; x_wconf 81' lang='lat' dir='ltr'><strong>At</strong></span> <span class='ocrx_word' id='word_1_24' title='bbox 3170 413 3274 452; x_wconf 70' lang='lat' dir='ltr'><strong>nos</strong></span> <span class='ocrx_word' id='word_1_25' title='bbox 3297 397 3420 452; x_wconf 55' lang='lat' dir='ltr'><strong>haec</strong></span> 
     </span>
    </p>
   </div>
   <div class='ocr_carea' id='block_1_5' title="bbox 198 492 1738 565">
    <p class='ocr_par' dir='ltr' id='par_1_5' title="bbox 198 492 1738 565">
     <span class='ocr_line' id='line_1_5' title="bbox 198 492 1738 565; baseline -0.003 -13"><span class='ocrx_word' id='word_1_26' title='bbox 198 500 384 554; x_wconf 83' lang='lat' dir='ltr'><strong>videtur</strong></span> <span class='ocrx_word' id='word_1_27' title='bbox 418 498 474 550; x_wconf 80' lang='grc' dir='ltr'>ὲν</span> <span class='ocrx_word' id='word_1_28' title='bbox 516 494 665 565; x_wconf 81' lang='grc' dir='ltr'>πάσῃ</span> <span class='ocrx_word' id='word_1_29' title='bbox 709 492 967 565; x_wconf 72' lang='grc' dir='ltr'><strong>ἐπιστολῇ</strong></span> <span class='ocrx_word' id='word_1_30' title='bbox 1017 494 1321 550; x_wconf 79' lang='lat' dir='ltr'><strong>reddidisse</strong></span> <span class='ocrx_word' id='word_1_31' title='bbox 1352 510 1450 564; x_wconf 88' lang='lat' dir='ltr'><strong>per</strong></span> <span class='ocrx_word' id='word_1_32' title='bbox 1482 495 1738 556; x_wconf 78' lang='grc' dir='ltr'>πάντοτε,</span> 
     </span>
    </p>
   </div>
   <div class='ocr_carea' id='block_1_6' title="bbox 200 583 1740 656">
    <p class='ocr_par' dir='ltr' id='par_1_6' title="bbox 200 583 1740 656">
     <span class='ocr_line' id='line_1_6' title="bbox 200 583 1740 656; baseline -0.003 -12"><span class='ocrx_word' id='word_1_33' title='bbox 200 596 247 645; x_wconf 87' lang='lat' dir='ltr'><strong>et</strong></span> <span class='ocrx_word' id='word_1_34' title='bbox 270 590 324 640; x_wconf 80' lang='grc' dir='ltr'>ὲν</span> <span class='ocrx_word' id='word_1_35' title='bbox 350 587 462 648; x_wconf 84' lang='grc' dir='ltr'>ταῖς</span> <span class='ocrx_word' id='word_1_36' title='bbox 491 584 705 656; x_wconf 84' lang='grc' dir='ltr'>δεήσεσι</span> <span class='ocrx_word' id='word_1_37' title='bbox 748 583 1025 639; x_wconf 75' lang='lat' dir='ltr'><strong>addidisse</strong></span> <span class='ocrx_word' id='word_1_38' title='bbox 1073 584 1142 639; x_wconf 88' lang='lat' dir='ltr'><strong>ad</strong></span> <span class='ocrx_word' id='word_1_39' title='bbox 1186 585 1610 655; x_wconf 75' lang='lat' dir='ltr'><strong>explicationem</strong></span> <span class='ocrx_word' id='word_1_40' title='bbox 1643 585 1740 640; x_wconf 81' lang='grc' dir='ltr'><strong>τοῦ</strong></span> 
     </span>
    </p>
   </div>
   <div class='ocr_carea' id='block_1_7' title="bbox 203 675 1742 752">
    <p class='ocr_par' dir='ltr' id='par_1_7' title="bbox 203 675 1742 752">
     <span class='ocr_line' id='line_1_7' title="bbox 203 675 1742 752; baseline 0 -19"><span class='ocrx_word' id='word_1_41' title='bbox 203 676 512 752; x_wconf 78' lang='grc' dir='ltr'><strong>μνημονεύει,</strong></span> <span class='ocrx_word' id='word_1_42' title='bbox 546 676 693 746; x_wconf 87' lang='lat' dir='ltr'><strong>quod</strong></span> <span class='ocrx_word' id='word_1_43' title='bbox 722 676 934 732; x_wconf 81' lang='lat' dir='ltr'><strong>videret</strong></span> <span class='ocrx_word' id='word_1_44' title='bbox 965 675 1025 731; x_wconf 93' lang='lat' dir='ltr'><strong>S.</strong></span> <span class='ocrx_word' id='word_1_45' title='bbox 1052 675 1283 739; x_wconf 81' lang='lat' dir='ltr'><strong>Paulum</strong></span> <span class='ocrx_word' id='word_1_46' title='bbox 1312 678 1368 732; x_wconf 85' lang='lat' dir='ltr'><strong>in</strong></span> <span class='ocrx_word' id='word_1_47' title='bbox 1394 678 1742 733; x_wconf 77' lang='lat' dir='ltr'><strong>orationibus</strong></span> 
     </span>
    </p>
   </div>
   <div class='ocr_carea' id='block_1_8' title="bbox 199 768 1743 840">
    <p class='ocr_par' dir='ltr' id='par_1_8' title="bbox 199 768 1743 840">
     <span class='ocr_line' id='line_1_8' title="bbox 199 768 1743 840; baseline 0.001 -17"><span class='ocrx_word' id='word_1_48' title='bbox 199 786 280 840; x_wconf 85' lang='lat' dir='ltr'><strong>per</strong></span> <span class='ocrx_word' id='word_1_49' title='bbox 298 777 454 825; x_wconf 83' lang='lat' dir='ltr'><strong>totam</strong></span> <span class='ocrx_word' id='word_1_50' title='bbox 487 769 768 837; x_wconf 77' lang='lat' dir='ltr'><strong>epistolam</strong></span> <span class='ocrx_word' id='word_1_51' title='bbox 797 768 1005 838; x_wconf 79' lang='lat' dir='ltr'><strong>sparsis</strong></span> <span class='ocrx_word' id='word_1_52' title='bbox 1029 768 1297 839; x_wconf 76' lang='lat' dir='ltr'><strong>Ephesios</strong></span> <span class='ocrx_word' id='word_1_53' title='bbox 1324 769 1434 825; x_wconf 82' lang='lat' dir='ltr'><strong>Deo</strong></span> <span class='ocrx_word' id='word_1_54' title='bbox 1462 787 1743 827; x_wconf 77' lang='lat' dir='ltr'><strong>commen-</strong></span> 
     </span>
    </p>
   </div>
   <div class='ocr_carea' id='block_1_9' title="bbox 198 859 1742 935">
    <p class='ocr_par' dir='ltr' id='par_1_9' title="bbox 198 859 1742 935">
     <span class='ocr_line' id='line_1_9' title="bbox 198 859 1742 935; baseline 0.001 -17"><span class='ocrx_word' id='word_1_55' title='bbox 198 864 335 919; x_wconf 83' lang='lat' dir='ltr'><strong>dasse</strong></span> <span class='ocrx_word' id='word_1_56' title='bbox 363 862 414 917; x_wconf 90' lang='lat' dir='ltr'><strong>in</strong></span> <span class='ocrx_word' id='word_1_57' title='bbox 434 859 561 917; x_wconf 81' lang='lat' dir='ltr'><strong>Jesu</strong></span> <span class='ocrx_word' id='word_1_58' title='bbox 577 861 818 930; x_wconf 85' lang='lat' dir='ltr'><strong>Christo;</strong></span> <span class='ocrx_word' id='word_1_59' title='bbox 838 864 926 918; x_wconf 82' lang='lat' dir='ltr'><strong>vel</strong></span> <span class='ocrx_word' id='word_1_60' title='bbox 949 864 1016 919; x_wconf 91' lang='lat' dir='ltr'><strong>ad</strong></span> <span class='ocrx_word' id='word_1_61' title='bbox 1038 864 1190 917; x_wconf 90' lang='lat' dir='ltr'><strong>illum</strong></span> <span class='ocrx_word' id='word_1_62' title='bbox 1216 863 1550 920; x_wconf 78' lang='lat' dir='ltr'><strong>versiculum</strong></span> <span class='ocrx_word' id='word_1_63' title='bbox 1568 867 1742 935; x_wconf 90' lang='lat' dir='ltr'><strong>respi-</strong></span> 
     </span>
    </p>
   </div>
   <div class='ocr_carea' id='block_1_10' title="bbox 199 953 1741 1030">
    <p class='ocr_par' dir='ltr' id='par_1_10' title="bbox 199 953 1741 1030">
     <span class='ocr_line' id='line_1_10' title="bbox 199 953 1741 1030; baseline 0.001 -20"><span class='ocrx_word' id='word_1_64' title='bbox 199 964 338 1020; x_wconf 84' lang='lat' dir='ltr'><strong>ceret,</strong></span> <span class='ocrx_word' id='word_1_65' title='bbox 351 956 405 1008; x_wconf 73' lang='grc' dir='ltr'><strong>(οὐ</strong></span> <span class='ocrx_word' id='word_1_66' title='bbox 424 953 662 1025; x_wconf 73' lang='grc' dir='ltr'>παύομαι</span> <span class='ocrx_word' id='word_1_67' title='bbox 679 955 1016 1029; x_wconf 76' lang='grc' dir='ltr'>εὐχαριστῶν</span> <span class='ocrx_word' id='word_1_68' title='bbox 1032 957 1173 1029; x_wconf 84' lang='grc' dir='ltr'>ὑπὲρ</span> <span class='ocrx_word' id='word_1_69' title='bbox 1196 956 1350 1028; x_wconf 77' lang='grc' dir='ltr'>ὑμῶν</span> <span class='ocrx_word' id='word_1_70' title='bbox 1372 958 1564 1028; x_wconf 84' lang='grc' dir='ltr'>μνείαν</span> <span class='ocrx_word' id='word_1_71' title='bbox 1587 959 1741 1030; x_wconf 82' lang='grc' dir='ltr'>ὑμῶν</span> 
     </span>
    </p>
   </div>
   <div class='ocr_carea' id='block_1_11' title="bbox 196 1050 1742 1123">
    <p class='ocr_par' dir='ltr' id='par_1_11' title="bbox 196 1050 1742 1123">
     <span class='ocr_line' id='line_1_11' title="bbox 196 1050 1742 1123; baseline 0.003 -20"><span class='ocrx_word' id='word_1_72' title='bbox 196 1050 485 1121; x_wconf 78' lang='grc' dir='ltr'><strong>ποιούμενος</strong></span> <span class='ocrx_word' id='word_1_73' title='bbox 533 1051 626 1104; x_wconf 75' lang='grc' dir='ltr'><strong>ἐπὶ</strong></span> <span class='ocrx_word' id='word_1_74' title='bbox 668 1050 777 1104; x_wconf 83' lang='grc' dir='ltr'><strong>τῶν</strong></span> <span class='ocrx_word' id='word_1_75' title='bbox 829 1050 1147 1123; x_wconf 78' lang='grc' dir='ltr'>προσευχῶν</span> <span class='ocrx_word' id='word_1_76' title='bbox 1178 1068 1301 1123; x_wconf 82' lang='grc' dir='ltr'><strong>μου.</strong></span> <span class='ocrx_word' id='word_1_77' title='bbox 1345 1072 1364 1103; x_wconf 80' lang='grc' dir='ltr'>ι</span> <span class='ocrx_word' id='word_1_78' title='bbox 1411 1050 1531 1106; x_wconf 89' lang='lat' dir='ltr'><strong>Non</strong></span> <span class='ocrx_word' id='word_1_79' title='bbox 1582 1068 1742 1108; x_wconf 81' lang='lat' dir='ltr'><strong>cesso</strong></span> 
     </span>
    </p>
   </div>
   <div class='ocr_carea' id='block_1_12' title="bbox 198 1143 1739 1213">
    <p class='ocr_par' dir='ltr' id='par_1_12' title="bbox 198 1143 1739 1213">
     <span class='ocr_line' id='line_1_12' title="bbox 198 1143 1739 1213; baseline 0.004 -17"><span class='ocrx_word' id='word_1_80' title='bbox 198 1144 375 1213; x_wconf 77' lang='lat' dir='ltr'><strong>gratias</strong></span> <span class='ocrx_word' id='word_1_81' title='bbox 393 1158 553 1213; x_wconf 76' lang='lat' dir='ltr'><strong>agens</strong></span> <span class='ocrx_word' id='word_1_82' title='bbox 573 1159 673 1212; x_wconf 91' lang='lat' dir='ltr'><strong>pro</strong></span> <span class='ocrx_word' id='word_1_83' title='bbox 692 1143 853 1199; x_wconf 82' lang='lat' dir='ltr'><strong>vobis</strong></span> <span class='ocrx_word' id='word_1_84' title='bbox 871 1183 885 1208; x_wconf 91' lang='lat'><strong>,</strong></span> <span class='ocrx_word' id='word_1_85' title='bbox 906 1146 1231 1200; x_wconf 75' lang='lat' dir='ltr'><strong>memoriam</strong></span> <span class='ocrx_word' id='word_1_86' title='bbox 1254 1148 1424 1202; x_wconf 75' lang='lat' dir='ltr'><strong>vestri</strong></span> <span class='ocrx_word' id='word_1_87' title='bbox 1450 1148 1658 1205; x_wconf 80' lang='lat' dir='ltr'><strong>faciens</strong></span> <span class='ocrx_word' id='word_1_88' title='bbox 1682 1150 1739 1204; x_wconf 83' lang='lat' dir='ltr'><strong>in</strong></span> 
     </span>
    </p>
   </div>
   <div class='ocr_carea' id='block_1_13' title="bbox 198 1235 1738 1307">
    <p class='ocr_par' dir='ltr' id='par_1_13' title="bbox 198 1235 1738 1307">
     <span class='ocr_line' id='line_1_13' title="bbox 198 1235 1738 1307; baseline 0.005 -18"><span class='ocrx_word' id='word_1_89' title='bbox 198 1235 502 1291; x_wconf 70' lang='lat' dir='ltr'><strong>orationibus</strong></span> <span class='ocrx_word' id='word_1_90' title='bbox 534 1237 692 1290; x_wconf 87' lang='lat' dir='ltr'><strong>meis.</strong></span> <span class='ocrx_word' id='word_1_91' title='bbox 717 1255 735 1287; x_wconf 73' lang='grc' dir='ltr'><strong><em>ι</em></strong></span> <span class='ocrx_word' id='word_1_92' title='bbox 764 1235 1193 1292; x_wconf 80' lang='lat' dir='ltr'><strong>Laurentianum</strong></span> <span class='ocrx_word' id='word_1_93' title='bbox 1215 1239 1461 1294; x_wconf 89' lang='lat' dir='ltr'><strong>codicem</strong></span> <span class='ocrx_word' id='word_1_94' title='bbox 1483 1241 1738 1307; x_wconf 80' lang='lat' dir='ltr'><strong>defendo,</strong></span> 
     </span>
    </p>
   </div>
   <div class='ocr_carea' id='block_1_14' title="bbox 196 1326 1743 1401">
    <p class='ocr_par' dir='ltr' id='par_1_14' title="bbox 196 1326 1743 1401">
     <span class='ocr_line' id='line_1_14' title="bbox 196 1326 1743 1401; baseline 0.005 -18"><span class='ocrx_word' id='word_1_95' title='bbox 196 1326 542 1383; x_wconf 82' lang='lat' dir='ltr'><strong>confusionem</strong></span> <span class='ocrx_word' id='word_1_96' title='bbox 583 1330 874 1401; x_wconf 87' lang='lat' dir='ltr'><strong>utriusque</strong></span> <span class='ocrx_word' id='word_1_97' title='bbox 919 1330 1126 1388; x_wconf 85' lang='lat' dir='ltr'><strong>codicis</strong></span> <span class='ocrx_word' id='word_1_98' title='bbox 1158 1332 1230 1387; x_wconf 88' lang='lat' dir='ltr'><strong>ab</strong></span> <span class='ocrx_word' id='word_1_99' title='bbox 1277 1331 1627 1391; x_wconf 87' lang='lat' dir='ltr'><strong>Hammondo</strong></span> <span class='ocrx_word' id='word_1_100' title='bbox 1659 1334 1743 1391; x_wconf 87' lang='lat' dir='ltr'><strong>fa-</strong></span> 
     </span>
    </p>
   </div>
   <div class='ocr_carea' id='block_1_15' title="bbox 193 1422 670 1490">
    <p class='ocr_par' dir='ltr' id='par_1_15' title="bbox 193 1422 670 1490">
     <span class='ocr_line' id='line_1_15' title="bbox 193 1422 670 1490; baseline 0 -14"><span class='ocrx_word' id='word_1_101' title='bbox 193 1428 317 1476; x_wconf 85' lang='lat' dir='ltr'><strong>ctam</strong></span> <span class='ocrx_word' id='word_1_102' title='bbox 348 1437 447 1475; x_wconf 81' lang='lat' dir='ltr'><strong>non</strong></span> <span class='ocrx_word' id='word_1_103' title='bbox 476 1422 670 1490; x_wconf 88' lang='lat' dir='ltr'><strong>probo.</strong></span> 
     </span>
    </p>
   </div>
   <div class='ocr_carea' id='block_1_16' title="bbox 251 1513 1742 1591">
    <p class='ocr_par' dir='ltr' id='par_1_16' title="bbox 251 1513 1742 1591">
     <span class='ocr_line' id='line_1_16' title="bbox 251 1513 1742 1591; baseline 0.005 -24"><span class='ocrx_word' id='word_1_104' title='bbox 251 1513 423 1584; x_wconf 81' lang='lat' dir='ltr'><strong>Capite</strong></span> <span class='ocrx_word' id='word_1_105' title='bbox 450 1513 521 1568; x_wconf 70' lang='lat'><strong>20</strong></span> <span class='ocrx_word' id='word_1_106' title='bbox 551 1516 623 1570; x_wconf 90' lang='lat' dir='ltr'><strong>de</strong></span> <span class='ocrx_word' id='word_1_107' title='bbox 656 1514 777 1571; x_wconf 92' lang='lat' dir='ltr'><strong>solo</strong></span> <span class='ocrx_word' id='word_1_108' title='bbox 816 1514 973 1571; x_wconf 88' lang='lat' dir='ltr'><strong>Pauli</strong></span> <span class='ocrx_word' id='word_1_109' title='bbox 1015 1517 1273 1589; x_wconf 65' lang='lat' dir='ltr'><strong>coniugio</strong></span> <span class='ocrx_word' id='word_1_110' title='bbox 1308 1521 1441 1591; x_wconf 83' lang='lat' dir='ltr'><strong>agit,</strong></span> <span class='ocrx_word' id='word_1_111' title='bbox 1485 1528 1539 1576; x_wconf 90' lang='lat' dir='ltr'><strong>et</strong></span> <span class='ocrx_word' id='word_1_112' title='bbox 1570 1521 1742 1575; x_wconf 89' lang='lat' dir='ltr'><strong>inter-</strong></span> 
     </span>
    </p>
   </div>
   <div class='ocr_carea' id='block_1_17' title="bbox 192 1606 1742 1683">
    <p class='ocr_par' dir='ltr' id='par_1_17' title="bbox 192 1606 1742 1683">
     <span class='ocr_line' id='line_1_17' title="bbox 192 1606 1742 1683; baseline 0.006 -23"><span class='ocrx_word' id='word_1_113' title='bbox 192 1607 458 1678; x_wconf 84' lang='lat' dir='ltr'><strong>polatorem</strong></span> <span class='ocrx_word' id='word_1_114' title='bbox 492 1616 704 1662; x_wconf 85' lang='lat' dir='ltr'><strong>tantum</strong></span> <span class='ocrx_word' id='word_1_115' title='bbox 737 1606 879 1670; x_wconf 85' lang='lat' dir='ltr'><strong>ferit.</strong></span> <span class='ocrx_word' id='word_1_116' title='bbox 915 1608 1095 1679; x_wconf 86' lang='lat' dir='ltr'><strong>Caput</strong></span> <span class='ocrx_word' id='word_1_117' title='bbox 1113 1612 1176 1665; x_wconf 76' lang='grc'><strong>21</strong></span> <span class='ocrx_word' id='word_1_118' title='bbox 1207 1621 1445 1683; x_wconf 88' lang='lat' dir='ltr'><strong>quatuor</strong></span> <span class='ocrx_word' id='word_1_119' title='bbox 1477 1614 1742 1683; x_wconf 76' lang='lat' dir='ltr'><strong>objectio-</strong></span> 
     </span>
    </p>
   </div>
   <div class='ocr_carea' id='block_1_18' title="bbox 1847 488 3415 562">
    <p class='ocr_par' dir='ltr' id='par_1_18' title="bbox 1847 488 3415 562">
     <span class='ocr_line' id='line_1_18' title="bbox 1847 488 3415 562; baseline -0.004 -13"><span class='ocrx_word' id='word_1_120' title='bbox 1847 497 2009 552; x_wconf 75' lang='lat' dir='ltr'><strong>verba</strong></span> <span class='ocrx_word' id='word_1_121' title='bbox 2032 494 2182 548; x_wconf 88' lang='lat' dir='ltr'><strong>omni</strong></span> <span class='ocrx_word' id='word_1_122' title='bbox 2204 492 2626 562; x_wconf 72' lang='lat' dir='ltr'><strong>interpolatione</strong></span> <span class='ocrx_word' id='word_1_123' title='bbox 2647 490 2818 545; x_wconf 89' lang='lat' dir='ltr'><strong>libera</strong></span> <span class='ocrx_word' id='word_1_124' title='bbox 2840 504 2909 543; x_wconf 84' lang='lat' dir='ltr'><strong>ex</strong></span> <span class='ocrx_word' id='word_1_125' title='bbox 2942 504 3005 543; x_wconf 90' lang='lat' dir='ltr'><strong>ea</strong></span> <span class='ocrx_word' id='word_1_126' title='bbox 3031 488 3415 558; x_wconf 69' lang='lat' dir='ltr'><strong>producimus;</strong></span> 
     </span>
    </p>
   </div>
   <div class='ocr_carea' id='block_1_19' title="bbox 1842 575 3421 658">
    <p class='ocr_par' dir='ltr' id='par_1_19' title="bbox 1842 575 3421 658">
     <span class='ocr_line' id='line_1_19' title="bbox 1842 575 3421 658; baseline -0.008 -14"><span class='ocrx_word' id='word_1_127' title='bbox 1842 589 2050 645; x_wconf 83' lang='lat' dir='ltr'><strong>scilicet</strong></span> <span class='ocrx_word' id='word_1_128' title='bbox 2080 585 2235 642; x_wconf 80' lang='grc' dir='ltr'><strong>Μετὰ</strong></span> <span class='ocrx_word' id='word_1_129' title='bbox 2265 584 2365 658; x_wconf 83' lang='grc' dir='ltr'><strong>τὴν</strong></span> <span class='ocrx_word' id='word_1_130' title='bbox 2397 585 2690 639; x_wconf 71' lang='grc' dir='ltr'><strong>ἀνάστασιν</strong></span> <span class='ocrx_word' id='word_1_131' title='bbox 2721 584 2778 636; x_wconf 77' lang='grc' dir='ltr'>ὲν</span> <span class='ocrx_word' id='word_1_132' title='bbox 2801 582 2966 655; x_wconf 75' lang='grc' dir='ltr'>σαρκὶ</span> <span class='ocrx_word' id='word_1_133' title='bbox 2995 580 3157 634; x_wconf 76' lang='grc' dir='ltr'>αὐτὸν</span> <span class='ocrx_word' id='word_1_134' title='bbox 3184 575 3301 633; x_wconf 68' lang='lat' dir='ltr'><strong>eiad</strong></span> <span class='ocrx_word' id='word_1_135' title='bbox 3326 579 3421 632; x_wconf 70' lang='grc' dir='ltr'><strong>καὶ</strong></span> 
     </span>
    </p>
   </div>
   <div class='ocr_carea' id='block_1_20' title="bbox 1842 671 3418 746">
    <p class='ocr_par' dir='ltr' id='par_1_20' title="bbox 1842 671 3418 746">
     <span class='ocr_line' id='line_1_20' title="bbox 1842 671 3418 746; baseline -0.008 -11"><span class='ocrx_word' id='word_1_136' title='bbox 1842 679 2084 735; x_wconf 81' lang='grc' dir='ltr'>πιστεύω</span> <span class='ocrx_word' id='word_1_137' title='bbox 2132 679 2280 733; x_wconf 78' lang='grc' dir='ltr'>ὅντα.</span> <span class='ocrx_word' id='word_1_138' title='bbox 2315 676 2665 746; x_wconf 75' lang='lat' dir='ltr'><strong>Quaecunque</strong></span> <span class='ocrx_word' id='word_1_139' title='bbox 2716 674 2882 745; x_wconf 81' lang='lat' dir='ltr'><strong>igitur</strong></span> <span class='ocrx_word' id='word_1_140' title='bbox 2926 671 3252 742; x_wconf 83' lang='lat' dir='ltr'><strong>interpolata</strong></span> <span class='ocrx_word' id='word_1_141' title='bbox 3287 671 3418 734; x_wconf 89' lang='lat' dir='ltr'><strong>sint,</strong></span> 
     </span>
    </p>
   </div>
   <div class='ocr_carea' id='block_1_21' title="bbox 1844 762 3422 839">
    <p class='ocr_par' dir='ltr' id='par_1_21' title="bbox 1844 762 3422 839">
     <span class='ocr_line' id='line_1_21' title="bbox 1844 762 3422 839; baseline -0.006 -12"><span class='ocrx_word' id='word_1_142' title='bbox 1844 774 1960 827; x_wconf 67' lang='lat' dir='ltr'><strong>haec</strong></span> <span class='ocrx_word' id='word_1_143' title='bbox 2002 780 2149 828; x_wconf 88' lang='lat' dir='ltr'><strong>certe</strong></span> <span class='ocrx_word' id='word_1_144' title='bbox 2197 785 2330 827; x_wconf 90' lang='lat' dir='ltr'><strong>sana</strong></span> <span class='ocrx_word' id='word_1_145' title='bbox 2366 781 2424 825; x_wconf 85' lang='lat' dir='ltr'><strong>et</strong></span> <span class='ocrx_word' id='word_1_146' title='bbox 2467 770 2675 839; x_wconf 83' lang='lat' dir='ltr'><strong>integra</strong></span> <span class='ocrx_word' id='word_1_147' title='bbox 2710 774 3026 836; x_wconf 84' lang='lat' dir='ltr'><strong>supersunt,</strong></span> <span class='ocrx_word' id='word_1_148' title='bbox 3074 780 3198 819; x_wconf 89' lang='lat' dir='ltr'><strong>cum</strong></span> <span class='ocrx_word' id='word_1_149' title='bbox 3232 762 3422 817; x_wconf 85' lang='lat' dir='ltr'><strong>codice</strong></span> 
     </span>
    </p>
   </div>
   <div class='ocr_carea' id='block_1_22' title="bbox 1844 854 3417 929">
    <p class='ocr_par' dir='ltr' id='par_1_22' title="bbox 1844 854 3417 929">
     <span class='ocr_line' id='line_1_22' title="bbox 1844 854 3417 929; baseline -0.007 -9"><span class='ocrx_word' id='word_1_150' title='bbox 1844 864 2234 929; x_wconf 83' lang='lat' dir='ltr'><strong>Laurentiano,</strong></span> <span class='ocrx_word' id='word_1_151' title='bbox 2264 862 2522 926; x_wconf 89' lang='lat' dir='ltr'><strong>Eusebio,</strong></span> <span class='ocrx_word' id='word_1_152' title='bbox 2545 870 2599 916; x_wconf 90' lang='lat' dir='ltr'><strong>et</strong></span> <span class='ocrx_word' id='word_1_153' title='bbox 2633 859 2980 914; x_wconf 87' lang='lat' dir='ltr'><strong>Theodoreto</strong></span> <span class='ocrx_word' id='word_1_154' title='bbox 3003 854 3417 911; x_wconf 85' lang='lat' dir='ltr'><strong>conscnticntia.</strong></span> 
     </span>
    </p>
   </div>
   <div class='ocr_carea' id='block_1_23' title="bbox 1840 946 3422 1021">
    <p class='ocr_par' dir='ltr' id='par_1_23' title="bbox 1840 946 3422 1021">
     <span class='ocr_line' id='line_1_23' title="bbox 1840 946 3422 1021; baseline -0.008 -9"><span class='ocrx_word' id='word_1_155' title='bbox 1840 956 2120 1021; x_wconf 89' lang='lat' dir='ltr'><strong>Secundo,</strong></span> <span class='ocrx_word' id='word_1_156' title='bbox 2149 956 2205 1009; x_wconf 89' lang='lat' dir='ltr'><strong>in</strong></span> <span class='ocrx_word' id='word_1_157' title='bbox 2234 953 2474 1010; x_wconf 88' lang='lat' dir='ltr'><strong>Eusebio</strong></span> <span class='ocrx_word' id='word_1_158' title='bbox 2506 951 2808 1007; x_wconf 90' lang='lat' dir='ltr'><strong>hariolatur</strong></span> <span class='ocrx_word' id='word_1_159' title='bbox 2830 950 2918 1003; x_wconf 89' lang='lat' dir='ltr'><strong>vel</strong></span> <span class='ocrx_word' id='word_1_160' title='bbox 2949 947 3308 1017; x_wconf 83' lang='lat' dir='ltr'><strong>antiquarios,</strong></span> <span class='ocrx_word' id='word_1_161' title='bbox 3335 946 3422 1002; x_wconf 87' lang='lat' dir='ltr'><strong>vel</strong></span> 
     </span>
    </p>
   </div>
   <div class='ocr_carea' id='block_1_24' title="bbox 1843 1036 3423 1117">
    <p class='ocr_par' dir='ltr' id='par_1_24' title="bbox 1843 1036 3423 1117">
     <span class='ocr_line' id='line_1_24' title="bbox 1843 1036 3423 1117; baseline -0.008 -13"><span class='ocrx_word' id='word_1_162' title='bbox 1843 1048 2119 1104; x_wconf 81' lang='lat' dir='ltr'><strong>Bullinum</strong></span> <span class='ocrx_word' id='word_1_163' title='bbox 2161 1061 2263 1117; x_wconf 89' lang='lat' dir='ltr'><strong>pro</strong></span> <span class='ocrx_word' id='word_1_164' title='bbox 2320 1041 2460 1099; x_wconf 77' lang='grc' dir='ltr'>εἶδον</span> <span class='ocrx_word' id='word_1_165' title='bbox 2501 1042 2854 1112; x_wconf 84' lang='lat' dir='ltr'><strong>rescripsisse</strong></span> <span class='ocrx_word' id='word_1_166' title='bbox 2894 1036 3031 1094; x_wconf 76' lang='grc' dir='ltr'><strong>οἴδα·</strong></span> <span class='ocrx_word' id='word_1_167' title='bbox 3085 1056 3151 1094; x_wconf 83' lang='lat' dir='ltr'><strong>ex</strong></span> <span class='ocrx_word' id='word_1_168' title='bbox 3200 1038 3423 1093; x_wconf 79' lang='lat' dir='ltr'><strong>Eusebii.</strong></span> 
     </span>
    </p>
   </div>
   <div class='ocr_carea' id='block_1_25' title="bbox 1842 1128 3423 1204">
    <p class='ocr_par' dir='ltr' id='par_1_25' title="bbox 1842 1128 3423 1204">
     <span class='ocr_line' id='line_1_25' title="bbox 1842 1128 3423 1204; baseline -0.009 -8"><span class='ocrx_word' id='word_1_169' title='bbox 1842 1142 1999 1197; x_wconf 89' lang='lat' dir='ltr'><strong>libris</strong></span> <span class='ocrx_word' id='word_1_170' title='bbox 2045 1139 2114 1194; x_wconf 87' lang='lat' dir='ltr'><strong>ad</strong></span> <span class='ocrx_word' id='word_1_171' title='bbox 2167 1137 2570 1192; x_wconf 89' lang='lat' dir='ltr'><strong>Theodorctum</strong></span> <span class='ocrx_word' id='word_1_172' title='bbox 2595 1178 2611 1203; x_wconf 93' lang='lat'><strong>,</strong></span> <span class='ocrx_word' id='word_1_173' title='bbox 2645 1145 2700 1191; x_wconf 94' lang='lat' dir='ltr'><strong>et</strong></span> <span class='ocrx_word' id='word_1_174' title='bbox 2749 1134 3073 1204; x_wconf 87' lang='lat' dir='ltr'><strong>scriptorem</strong></span> <span class='ocrx_word' id='word_1_175' title='bbox 3120 1128 3423 1185; x_wconf 86' lang='lat' dir='ltr'><strong>Florentini</strong></span> 
     </span>
    </p>
   </div>
   <div class='ocr_carea' id='block_1_26' title="bbox 1843 1224 3422 1302">
    <p class='ocr_par' dir='ltr' id='par_1_26' title="bbox 1843 1224 3422 1302">
     <span class='ocr_line' id='line_1_26' title="bbox 1843 1224 3422 1302; baseline -0.009 -10"><span class='ocrx_word' id='word_1_176' title='bbox 1843 1236 2049 1292; x_wconf 88' lang='lat' dir='ltr'><strong>codicis</strong></span> <span class='ocrx_word' id='word_1_177' title='bbox 2081 1234 2414 1289; x_wconf 89' lang='lat' dir='ltr'><strong>dimanasse.</strong></span> <span class='ocrx_word' id='word_1_178' title='bbox 2449 1230 2495 1286; x_wconf 89' lang='grc' dir='ltr'><strong>Ο</strong></span> <span class='ocrx_word' id='word_1_179' title='bbox 2527 1230 2766 1302; x_wconf 88' lang='lat' dir='ltr'><strong>lepidum</strong></span> <span class='ocrx_word' id='word_1_180' title='bbox 2799 1227 3205 1285; x_wconf 87' lang='lat' dir='ltr'><strong>commentum!</strong></span> <span class='ocrx_word' id='word_1_181' title='bbox 3247 1224 3422 1279; x_wconf 81' lang='lat' dir='ltr'><strong>Euse-</strong></span> 
     </span>
    </p>
   </div>
   <div class='ocr_carea' id='block_1_27' title="bbox 1843 1315 3425 1390">
    <p class='ocr_par' dir='ltr' id='par_1_27' title="bbox 1843 1315 3425 1390">
     <span class='ocr_line' id='line_1_27' title="bbox 1843 1315 3425 1390; baseline -0.01 -6"><span class='ocrx_word' id='word_1_182' title='bbox 1843 1328 1920 1385; x_wconf 88' lang='lat' dir='ltr'><strong>bii</strong></span> <span class='ocrx_word' id='word_1_183' title='bbox 1951 1325 2189 1381; x_wconf 82' lang='lat' dir='ltr'><strong>Historia</strong></span> <span class='ocrx_word' id='word_1_184' title='bbox 2211 1332 2429 1378; x_wconf 87' lang='lat' dir='ltr'><strong>centum</strong></span> <span class='ocrx_word' id='word_1_185' title='bbox 2453 1322 2625 1377; x_wconf 83' lang='lat' dir='ltr'><strong>ferme</strong></span> <span class='ocrx_word' id='word_1_186' title='bbox 2652 1322 2811 1376; x_wconf 85' lang='lat' dir='ltr'><strong>annis</strong></span> <span class='ocrx_word' id='word_1_187' title='bbox 2829 1320 3150 1390; x_wconf 87' lang='lat' dir='ltr'><strong>priusquam</strong></span> <span class='ocrx_word' id='word_1_188' title='bbox 3176 1315 3425 1371; x_wconf 76' lang='lat' dir='ltr'><strong>Bullinus</strong></span> 
     </span>
    </p>
   </div>
   <div class='ocr_carea' id='block_1_28' title="bbox 1841 1407 3423 1479">
    <p class='ocr_par' dir='ltr' id='par_1_28' title="bbox 1841 1407 3423 1479">
     <span class='ocr_line' id='line_1_28' title="bbox 1841 1407 3423 1479; baseline -0.011 -2"><span class='ocrx_word' id='word_1_189' title='bbox 1841 1436 1960 1477; x_wconf 83' lang='lat' dir='ltr'><strong>eam</strong></span> <span class='ocrx_word' id='word_1_190' title='bbox 1998 1420 2053 1473; x_wconf 92' lang='lat' dir='ltr'><strong>in</strong></span> <span class='ocrx_word' id='word_1_191' title='bbox 2088 1417 2345 1473; x_wconf 84' lang='lat' dir='ltr'><strong>Latinum</strong></span> <span class='ocrx_word' id='word_1_192' title='bbox 2379 1415 2561 1479; x_wconf 85' lang='lat' dir='ltr'><strong>vertit,</strong></span> <span class='ocrx_word' id='word_1_193' title='bbox 2580 1414 2635 1468; x_wconf 85' lang='lat' dir='ltr'><strong>in</strong></span> <span class='ocrx_word' id='word_1_194' title='bbox 2664 1412 2919 1467; x_wconf 77' lang='lat' dir='ltr'><strong>manibUS</strong></span> <span class='ocrx_word' id='word_1_195' title='bbox 2945 1410 3191 1464; x_wconf 89' lang='lat' dir='ltr'><strong>omnium</strong></span> <span class='ocrx_word' id='word_1_196' title='bbox 3218 1407 3423 1473; x_wconf 83' lang='lat' dir='ltr'><strong>fuerat;</strong></span> 
     </span>
    </p>
   </div>
   <div class='ocr_carea' id='block_1_29' title="bbox 1842 1500 3428 1583">
    <p class='ocr_par' dir='ltr' id='par_1_29' title="bbox 1842 1500 3428 1583">
     <span class='ocr_line' id='line_1_29' title="bbox 1842 1500 3428 1583; baseline -0.009 -15"><span class='ocrx_word' id='word_1_197' title='bbox 1842 1513 2174 1583; x_wconf 80' lang='lat' dir='ltr'><strong>exemplaria</strong></span> <span class='ocrx_word' id='word_1_198' title='bbox 2208 1527 2305 1583; x_wconf 89' lang='lat' dir='ltr'><strong>per</strong></span> <span class='ocrx_word' id='word_1_199' title='bbox 2337 1519 2505 1564; x_wconf 88' lang='lat' dir='ltr'><strong>totam</strong></span> <span class='ocrx_word' id='word_1_200' title='bbox 2538 1505 2838 1571; x_wconf 74' lang='lat' dir='ltr'><strong>Ecclesium</strong></span> <span class='ocrx_word' id='word_1_201' title='bbox 2865 1502 3192 1558; x_wconf 84' lang='lat' dir='ltr'><strong>Orientalem</strong></span> <span class='ocrx_word' id='word_1_202' title='bbox 3226 1500 3428 1569; x_wconf 84' lang='lat' dir='ltr'><strong>ubique</strong></span> 
     </span>
    </p>
   </div>
   <div class='ocr_carea' id='block_1_30' title="bbox 1843 1590 3430 1671">
    <p class='ocr_par' dir='ltr' id='par_1_30' title="bbox 1843 1590 3430 1671">
     <span class='ocr_line' id='line_1_30' title="bbox 1843 1590 3430 1671; baseline -0.009 -15"><span class='ocrx_word' id='word_1_203' title='bbox 1843 1602 2092 1671; x_wconf 85' lang='lat' dir='ltr'><strong>dispersa</strong></span> <span class='ocrx_word' id='word_1_204' title='bbox 2122 1609 2177 1656; x_wconf 89' lang='lat' dir='ltr'><strong>et</strong></span> <span class='ocrx_word' id='word_1_205' title='bbox 2208 1614 2403 1670; x_wconf 83' lang='lat' dir='ltr'><strong>magna</strong></span> <span class='ocrx_word' id='word_1_206' title='bbox 2437 1597 2683 1652; x_wconf 92' lang='lat' dir='ltr'><strong>omnium</strong></span> <span class='ocrx_word' id='word_1_207' title='bbox 2718 1609 2844 1648; x_wconf 90' lang='lat' dir='ltr'><strong>cum</strong></span> <span class='ocrx_word' id='word_1_208' title='bbox 2871 1590 3235 1646; x_wconf 86' lang='lat' dir='ltr'><strong>admiratione</strong></span> <span class='ocrx_word' id='word_1_209' title='bbox 3271 1604 3430 1647; x_wconf 83' lang='lat' dir='ltr'><strong>acce-</strong></span> 
     </span>
    </p>
   </div>
   <div class='ocr_carea' id='block_1_31' title="bbox 190 1684 3427 1770">
    <p class='ocr_par' dir='ltr' id='par_1_31' title="bbox 190 1684 3427 1770">
     <span class='ocr_line' id='line_1_31' title="bbox 190 1684 3427 1770; baseline -0.002 -14"><span class='ocrx_word' id='word_1_210' title='bbox 190 1714 275 1756; x_wconf 83' lang='lat' dir='ltr'><strong>nes</strong></span> <span class='ocrx_word' id='word_1_211' title='bbox 303 1700 807 1770; x_wconf 83' lang='lat' dir='ltr'><strong>continet,quarum</strong></span> <span class='ocrx_word' id='word_1_212' title='bbox 838 1715 948 1755; x_wconf 85' lang='lat' dir='ltr'><strong>una</strong></span> <span class='ocrx_word' id='word_1_213' title='bbox 966 1703 1039 1756; x_wconf 87' lang='lat' dir='ltr'><strong>de</strong></span> <span class='ocrx_word' id='word_1_214' title='bbox 1067 1701 1360 1759; x_wconf 81' lang='lat' dir='ltr'><strong>Salomone</strong></span> <span class='ocrx_word' id='word_1_215' title='bbox 1390 1714 1444 1760; x_wconf 91' lang='lat' dir='ltr'><strong>et</strong></span> <span class='ocrx_word' id='word_1_216' title='bbox 1472 1703 1624 1761; x_wconf 86' lang='lat' dir='ltr'><strong>Josia</strong></span> <span class='ocrx_word' id='word_1_217' title='bbox 1658 1708 1743 1761; x_wconf 86' lang='lat' dir='ltr'><strong>iu-</strong></span> <span class='ocrx_word' id='word_1_218' title='bbox 1776 1753 1816 1770; x_wconf 84' lang='lat'><strong>_</strong></span> <span class='ocrx_word' id='word_1_219' title='bbox 1844 1704 1959 1766; x_wconf 76' lang='lat' dir='ltr'><strong>pla-</strong></span> <span class='ocrx_word' id='word_1_220' title='bbox 1994 1697 2077 1749; x_wconf 86' lang='grc' dir='ltr'><strong>Αη</strong></span> <span class='ocrx_word' id='word_1_221' title='bbox 2126 1695 2295 1766; x_wconf 66' lang='lat' dir='ltr'><strong>igitur</strong></span> <span class='ocrx_word' id='word_1_222' title='bbox 2339 1690 2590 1746; x_wconf 74' lang='lat' dir='ltr'><strong>Rumnus</strong></span> <span class='ocrx_word' id='word_1_223' title='bbox 2626 1690 2680 1744; x_wconf 77' lang='lat' dir='ltr'><strong>in</strong></span> <span class='ocrx_word' id='word_1_224' title='bbox 2730 1687 2976 1743; x_wconf 72' lang='lat' dir='ltr'><strong>ECOleSia</strong></span> <span class='ocrx_word' id='word_1_225' title='bbox 3008 1684 3205 1739; x_wconf 52' lang='lat' dir='ltr'><strong>Latina</strong></span> <span class='ocrx_word' id='word_1_226' title='bbox 3238 1698 3427 1738; x_wconf 67' lang='grc' dir='ltr'><strong>νοεθηι</strong></span> 
     </span>
    </p>
   </div>
   <div class='ocr_carea' id='block_1_32' title="bbox 191 1792 1743 1868">
    <p class='ocr_par' dir='ltr' id='par_1_32' title="bbox 191 1792 1743 1868">
     <span class='ocr_line' id='line_1_32' title="bbox 191 1792 1743 1868; baseline 0.006 -22"><span class='ocrx_word' id='word_1_227' title='bbox 191 1792 544 1857; x_wconf 69' lang='lat' dir='ltr'><strong>trrpolatorem</strong></span> <span class='ocrx_word' id='word_1_228' title='bbox 567 1832 582 1855; x_wconf 88' lang='lat'><strong>,</strong></span> <span class='ocrx_word' id='word_1_229' title='bbox 621 1794 846 1864; x_wconf 72' lang='lat' dir='ltr'><strong>reliqua:</strong></span> <span class='ocrx_word' id='word_1_230' title='bbox 877 1804 1158 1851; x_wconf 82' lang='lat' dir='ltr'><strong>auctorem</strong></span> <span class='ocrx_word' id='word_1_231' title='bbox 1193 1798 1374 1866; x_wconf 80' lang='lat' dir='ltr'><strong>ipsum</strong></span> <span class='ocrx_word' id='word_1_232' title='bbox 1416 1808 1628 1868; x_wconf 89' lang='lat' dir='ltr'><strong>petunt.</strong></span> <span class='ocrx_word' id='word_1_233' title='bbox 1666 1800 1743 1855; x_wconf 88' lang='lat' dir='ltr'><strong>De</strong></span> 
     </span>
    </p>
   </div>
   <div class='ocr_carea' id='block_1_33' title="bbox 190 1882 1741 1945">
    <p class='ocr_par' dir='ltr' id='par_1_33' title="bbox 190 1882 1741 1945">
     <span class='ocr_line' id='line_1_33' title="bbox 190 1882 1741 1945; baseline 0.007 -11"><span class='ocrx_word' id='word_1_234' title='bbox 190 1882 269 1935; x_wconf 89' lang='lat' dir='ltr'><strong>illo</strong></span> <span class='ocrx_word' id='word_1_235' title='bbox 293 1882 402 1937; x_wconf 59' lang='lat' dir='ltr'><strong>hac</strong></span> <span class='ocrx_word' id='word_1_236' title='bbox 433 1882 596 1938; x_wconf 86' lang='lat' dir='ltr'><strong>habet</strong></span> <span class='ocrx_word' id='word_1_237' title='bbox 624 1903 638 1938; x_wconf 90' lang='lat'><strong>:</strong></span> <span class='ocrx_word' id='word_1_238' title='bbox 670 1903 690 1936; x_wconf 85' lang='grc'><em>‹</em></span> <span class='ocrx_word' id='word_1_239' title='bbox 721 1882 895 1941; x_wconf 83' lang='lat' dir='ltr'><strong>Homo</strong></span> <span class='ocrx_word' id='word_1_240' title='bbox 926 1887 1328 1945; x_wconf 86' lang='lat' dir='ltr'><strong>audacissimus</strong></span> <span class='ocrx_word' id='word_1_241' title='bbox 1362 1890 1605 1945; x_wconf 87' lang='lat' dir='ltr'><strong>scribere</strong></span> <span class='ocrx_word' id='word_1_242' title='bbox 1628 1906 1741 1945; x_wconf 86' lang='lat' dir='ltr'><strong>non</strong></span> 
     </span>
    </p>
   </div>
   <div class='ocr_carea' id='block_1_34' title="bbox 190 1970 1740 2039">
    <p class='ocr_par' dir='ltr' id='par_1_34' title="bbox 190 1970 1740 2039">
     <span class='ocr_line' id='line_1_34' title="bbox 190 1970 1740 2039; baseline 0.009 -15"><span class='ocrx_word' id='word_1_243' title='bbox 190 1970 428 2027; x_wconf 81' lang='lat' dir='ltr'><strong>dubitavit</strong></span> <span class='ocrx_word' id='word_1_244' title='bbox 463 1972 748 2031; x_wconf 88' lang='lat' dir='ltr'><strong>Christum</strong></span> <span class='ocrx_word' id='word_1_245' title='bbox 779 1977 1074 2035; x_wconf 87' lang='lat' dir='ltr'><strong>Dominum</strong></span> <span class='ocrx_word' id='word_1_246' title='bbox 1107 1995 1140 2035; x_wconf 86' lang='lat' dir='ltr'><strong>a</strong></span> <span class='ocrx_word' id='word_1_247' title='bbox 1173 1997 1234 2037; x_wconf 91' lang='lat' dir='ltr'><strong>se</strong></span> <span class='ocrx_word' id='word_1_248' title='bbox 1261 1981 1317 2036; x_wconf 86' lang='lat' dir='ltr'><strong>in</strong></span> <span class='ocrx_word' id='word_1_249' title='bbox 1339 1998 1507 2038; x_wconf 76' lang='lat' dir='ltr'><strong>carne</strong></span> <span class='ocrx_word' id='word_1_250' title='bbox 1534 1984 1740 2039; x_wconf 90' lang='lat' dir='ltr'><strong>visum.</strong></span> 
     </span>
    </p>
   </div>
   <div class='ocr_carea' id='block_1_35' title="bbox 188 2064 1740 2145">
    <p class='ocr_par' dir='ltr' id='par_1_35' title="bbox 188 2064 1740 2145">
     <span class='ocr_line' id='line_1_35' title="bbox 188 2064 1740 2145; baseline 0.01 -26"><span class='ocrx_word' id='word_1_251' title='bbox 188 2064 584 2138; x_wconf 82' lang='lat' dir='ltr'><strong>Chrysostomus</strong></span> <span class='ocrx_word' id='word_1_252' title='bbox 643 2081 804 2143; x_wconf 81' lang='lat' dir='ltr'><strong>negat</strong></span> <span class='ocrx_word' id='word_1_253' title='bbox 856 2074 1127 2145; x_wconf 85' lang='lat' dir='ltr'><strong>Ignatium</strong></span> <span class='ocrx_word' id='word_1_254' title='bbox 1177 2076 1380 2131; x_wconf 78' lang='lat' dir='ltr'><strong>vidisse</strong></span> <span class='ocrx_word' id='word_1_255' title='bbox 1436 2076 1740 2134; x_wconf 78' lang='lat' dir='ltr'><strong>Christum.</strong></span> 
     </span>
    </p>
   </div>
   <div class='ocr_carea' id='block_1_36' title="bbox 188 2156 1744 2236">
    <p class='ocr_par' dir='ltr' id='par_1_36' title="bbox 188 2156 1744 2236">
     <span class='ocr_line' id='line_1_36' title="bbox 188 2156 1744 2236; baseline 0.01 -25"><span class='ocrx_word' id='word_1_256' title='bbox 188 2156 527 2228; x_wconf 81' lang='lat' dir='ltr'><strong>Epistolarum</strong></span> <span class='ocrx_word' id='word_1_257' title='bbox 558 2179 696 2236; x_wconf 85' lang='lat' dir='ltr'><strong>ergo</strong></span> <span class='ocrx_word' id='word_1_258' title='bbox 720 2166 960 2236; x_wconf 87' lang='lat' dir='ltr'><strong>scriptor</strong></span> <span class='ocrx_word' id='word_1_259' title='bbox 991 2166 1274 2223; x_wconf 76' lang='lat' dir='ltr'><strong>manifesti</strong></span> <span class='ocrx_word' id='word_1_260' title='bbox 1306 2170 1575 2226; x_wconf 84' lang='lat' dir='ltr'><strong>mendacii</strong></span> <span class='ocrx_word' id='word_1_261' title='bbox 1612 2187 1744 2226; x_wconf 91' lang='lat' dir='ltr'><strong>con-</strong></span> 
     </span>
    </p>
   </div>
   <div class='ocr_carea' id='block_1_37' title="bbox 186 2252 1745 2327">
    <p class='ocr_par' dir='ltr' id='par_1_37' title="bbox 186 2252 1745 2327">
     <span class='ocr_line' id='line_1_37' title="bbox 186 2252 1745 2327; baseline 0.011 -25"><span class='ocrx_word' id='word_1_262' title='bbox 186 2252 456 2308; x_wconf 51' lang='lat' dir='ltr'><strong>rincitur.’</strong></span> <span class='ocrx_word' id='word_1_263' title='bbox 493 2254 625 2311; x_wconf 70' lang='lat' dir='ltr'><strong>llaec</strong></span> <span class='ocrx_word' id='word_1_264' title='bbox 652 2260 959 2327; x_wconf 79' lang='lat' dir='ltr'><strong>argumenti</strong></span> <span class='ocrx_word' id='word_1_265' title='bbox 993 2275 1230 2315; x_wconf 90' lang='lat' dir='ltr'><strong>summa.</strong></span> <span class='ocrx_word' id='word_1_266' title='bbox 1265 2259 1384 2327; x_wconf 79' lang='lat' dir='ltr'><strong>Qua</strong></span> <span class='ocrx_word' id='word_1_267' title='bbox 1418 2263 1745 2319; x_wconf 80' lang='lat' dir='ltr'><strong>certitudine</strong></span> 
     </span>
    </p>
   </div>
   <div class='ocr_carea' id='block_1_38' title="bbox 187 2345 1747 2429">
    <p class='ocr_par' dir='ltr' id='par_1_38' title="bbox 187 2345 1747 2429">
     <span class='ocr_line' id='line_1_38' title="bbox 187 2345 1747 2429; baseline 0.009 -31"><span class='ocrx_word' id='word_1_268' title='bbox 187 2345 362 2401; x_wconf 81' lang='lat' dir='ltr'><strong>dixerit</strong></span> <span class='ocrx_word' id='word_1_269' title='bbox 390 2347 823 2421; x_wconf 82' lang='lat' dir='ltr'><strong>Chrysostomus</strong></span> <span class='ocrx_word' id='word_1_270' title='bbox 844 2351 1128 2408; x_wconf 84' lang='lat' dir='ltr'><strong>Christum</strong></span> <span class='ocrx_word' id='word_1_271' title='bbox 1160 2355 1232 2410; x_wconf 81' lang='lat' dir='ltr'><strong>ab</strong></span> <span class='ocrx_word' id='word_1_272' title='bbox 1262 2353 1472 2424; x_wconf 79' lang='lat' dir='ltr'><strong>lgnatio</strong></span> <span class='ocrx_word' id='word_1_273' title='bbox 1504 2367 1747 2429; x_wconf 87' lang='lat' dir='ltr'><strong>martyre</strong></span> 
     </span>
    </p>
   </div>
   <div class='ocr_carea' id='block_1_39' title="bbox 184 2444 1745 2517">
    <p class='ocr_par' dir='ltr' id='par_1_39' title="bbox 184 2444 1745 2517">
     <span class='ocr_line' id='line_1_39' title="bbox 184 2444 1745 2517; baseline 0.004 -21"><span class='ocrx_word' id='word_1_274' title='bbox 184 2457 439 2512; x_wconf 86' lang='lat' dir='ltr'><strong>nunquam</strong></span> <span class='ocrx_word' id='word_1_275' title='bbox 483 2445 671 2500; x_wconf 87' lang='lat' dir='ltr'><strong>visum</strong></span> <span class='ocrx_word' id='word_1_276' title='bbox 720 2444 929 2510; x_wconf 88' lang='lat' dir='ltr'><strong>fuisse,</strong></span> <span class='ocrx_word' id='word_1_277' title='bbox 967 2461 1069 2517; x_wconf 85' lang='lat' dir='ltr'><strong>ego</strong></span> <span class='ocrx_word' id='word_1_278' title='bbox 1110 2461 1220 2501; x_wconf 72' lang='lat' dir='ltr'><strong>non</strong></span> <span class='ocrx_word' id='word_1_279' title='bbox 1261 2463 1469 2517; x_wconf 64' lang='lat' dir='ltr'><strong>quaero.</strong></span> <span class='ocrx_word' id='word_1_280' title='bbox 1502 2446 1665 2503; x_wconf 84' lang='lat' dir='ltr'><strong>Certe</strong></span> <span class='ocrx_word' id='word_1_281' title='bbox 1699 2450 1745 2504; x_wconf 87' lang='lat' dir='ltr'><strong>si</strong></span> 
     </span>
    </p>
   </div>
   <div class='ocr_carea' id='block_1_40' title="bbox 184 2534 1749 2609">
    <p class='ocr_par' dir='ltr' id='par_1_40' title="bbox 184 2534 1749 2609">
     <span class='ocr_line' id='line_1_40' title="bbox 184 2534 1749 2609; baseline 0.007 -22"><span class='ocrx_word' id='word_1_282' title='bbox 184 2534 507 2603; x_wconf 81' lang='lat' dir='ltr'><strong>epistularum</strong></span> <span class='ocrx_word' id='word_1_283' title='bbox 559 2537 801 2607; x_wconf 87' lang='lat' dir='ltr'><strong>scriptor</strong></span> <span class='ocrx_word' id='word_1_284' title='bbox 841 2537 948 2592; x_wconf 75' lang='lat'><strong>200</strong></span> <span class='ocrx_word' id='word_1_285' title='bbox 983 2547 1107 2609; x_wconf 91' lang='lat' dir='ltr'><strong>post</strong></span> <span class='ocrx_word' id='word_1_286' title='bbox 1154 2538 1424 2609; x_wconf 82' lang='lat' dir='ltr'><strong>lgna‘tium</strong></span> <span class='ocrx_word' id='word_1_287' title='bbox 1458 2542 1639 2607; x_wconf 90' lang='lat' dir='ltr'><strong>annis,</strong></span> <span class='ocrx_word' id='word_1_288' title='bbox 1689 2551 1749 2598; x_wconf 86' lang='lat' dir='ltr'><strong>ut</strong></span> 
     </span>
    </p>
   </div>
   <div class='ocr_carea' id='block_1_41' title="bbox 184 2628 1745 2700">
    <p class='ocr_par' dir='ltr' id='par_1_41' title="bbox 184 2628 1745 2700">
     <span class='ocr_line' id='line_1_41' title="bbox 184 2628 1745 2700; baseline 0.005 -19"><span class='ocrx_word' id='word_1_289' title='bbox 184 2628 283 2683; x_wconf 84' lang='lat' dir='ltr'><strong>vult</strong></span> <span class='ocrx_word' id='word_1_290' title='bbox 310 2628 564 2695; x_wconf 68' lang='lat' dir='ltr'><strong>Dallaeus,</strong></span> <span class='ocrx_word' id='word_1_291' title='bbox 588 2629 793 2686; x_wconf 76' lang='lat' dir='ltr'><strong>dixerit</strong></span> <span class='ocrx_word' id='word_1_292' title='bbox 811 2631 1093 2687; x_wconf 87' lang='lat' dir='ltr'><strong>Christum</strong></span> <span class='ocrx_word' id='word_1_293' title='bbox 1124 2648 1153 2686; x_wconf 90' lang='lat' dir='ltr'><strong>a</strong></span> <span class='ocrx_word' id='word_1_294' title='bbox 1177 2648 1236 2688; x_wconf 91' lang='lat' dir='ltr'><strong>se</strong></span> <span class='ocrx_word' id='word_1_295' title='bbox 1260 2633 1313 2688; x_wconf 85' lang='lat' dir='ltr'><strong>in</strong></span> <span class='ocrx_word' id='word_1_296' title='bbox 1347 2649 1513 2688; x_wconf 88' lang='lat' dir='ltr'><strong>carne</strong></span> <span class='ocrx_word' id='word_1_297' title='bbox 1542 2636 1745 2700; x_wconf 81' lang='lat' dir='ltr'><strong>visum,</strong></span> 
     </span>
    </p>
   </div>
   <div class='ocr_carea' id='block_1_42' title="bbox 183 2718 1750 2795">
    <p class='ocr_par' dir='ltr' id='par_1_42' title="bbox 183 2718 1750 2795">
     <span class='ocr_line' id='line_1_42' title="bbox 183 2718 1750 2795; baseline 0.006 -25"><span class='ocrx_word' id='word_1_298' title='bbox 183 2725 231 2771; x_wconf 92' lang='lat' dir='ltr'><strong>et</strong></span> <span class='ocrx_word' id='word_1_299' title='bbox 252 2718 407 2774; x_wconf 83' lang='lat' dir='ltr'><strong>homo</strong></span> <span class='ocrx_word' id='word_1_300' title='bbox 427 2721 833 2778; x_wconf 78' lang='lat' dir='ltr'><strong>audacissimus</strong></span> <span class='ocrx_word' id='word_1_301' title='bbox 849 2732 905 2778; x_wconf 90' lang='lat' dir='ltr'><strong>et</strong></span> <span class='ocrx_word' id='word_1_302' title='bbox 922 2724 1382 2780; x_wconf 84' lang='lat' dir='ltr'><strong>mendacissimus</strong></span> <span class='ocrx_word' id='word_1_303' title='bbox 1405 2723 1536 2792; x_wconf 86' lang='lat' dir='ltr'><strong>fuit;</strong></span> <span class='ocrx_word' id='word_1_304' title='bbox 1557 2741 1718 2795; x_wconf 88' lang='lat' dir='ltr'><strong>quem</strong></span> <span class='ocrx_word' id='word_1_305' title='bbox 1734 2755 1750 2767; x_wconf 86' lang='lat'><strong>-</strong></span> 
     </span>
    </p>
   </div>
   <div class='ocr_carea' id='block_1_43' title="bbox 183 2809 1747 2873">
    <p class='ocr_par' dir='ltr' id='par_1_43' title="bbox 183 2809 1747 2873">
     <span class='ocr_line' id='line_1_43' title="bbox 183 2809 1747 2873; baseline 0.006 -11"><span class='ocrx_word' id='word_1_306' title='bbox 183 2809 448 2867; x_wconf 82' lang='lat' dir='ltr'><strong>admodum</strong></span> <span class='ocrx_word' id='word_1_307' title='bbox 478 2812 934 2872; x_wconf 75' lang='lat' dir='ltr'><strong>Pseudo-Abdias</strong></span> <span class='ocrx_word' id='word_1_308' title='bbox 967 2831 1077 2870; x_wconf 90' lang='lat' dir='ltr'><strong>non</strong></span> <span class='ocrx_word' id='word_1_309' title='bbox 1110 2816 1230 2872; x_wconf 90' lang='lat' dir='ltr'><strong>sine</strong></span> <span class='ocrx_word' id='word_1_310' title='bbox 1261 2832 1476 2872; x_wconf 88' lang='lat' dir='ltr'><strong>summa</strong></span> <span class='ocrx_word' id='word_1_311' title='bbox 1520 2818 1747 2873; x_wconf 85' lang='lat' dir='ltr'><strong>audacia</strong></span> 
     </span>
    </p>
   </div>
   <div class='ocr_carea' id='block_1_44' title="bbox 183 2907 1747 2976">
    <p class='ocr_par' dir='ltr' id='par_1_44' title="bbox 183 2907 1747 2976">
     <span class='ocr_line' id='line_1_44' title="bbox 183 2907 1747 2976; baseline 0.006 -21"><span class='ocrx_word' id='word_1_312' title='bbox 183 2911 429 2972; x_wconf 85' lang='lat' dir='ltr'><strong>etaperto</strong></span> <span class='ocrx_word' id='word_1_313' title='bbox 477 2907 772 2962; x_wconf 84' lang='lat' dir='ltr'><strong>mendacio</strong></span> <span class='ocrx_word' id='word_1_314' title='bbox 826 2908 1006 2976; x_wconf 91' lang='lat' dir='ltr'><strong>ipsum</strong></span> <span class='ocrx_word' id='word_1_315' title='bbox 1059 2909 1237 2964; x_wconf 92' lang='lat' dir='ltr'><strong>oculis</strong></span> <span class='ocrx_word' id='word_1_316' title='bbox 1268 2909 1408 2964; x_wconf 87' lang='lat' dir='ltr'><strong>suis</strong></span> <span class='ocrx_word' id='word_1_317' title='bbox 1451 2908 1747 2964; x_wconf 83' lang='lat' dir='ltr'><strong>Dominum</strong></span> 
     </span>
    </p>
   </div>
   <div class='ocr_carea' id='block_1_45' title="bbox 182 2994 1748 3069">
    <p class='ocr_par' dir='ltr' id='par_1_45' title="bbox 182 2994 1748 3069">
     <span class='ocr_line' id='line_1_45' title="bbox 182 2994 1748 3069; baseline 0.008 -22"><span class='ocrx_word' id='word_1_318' title='bbox 182 2994 360 3052; x_wconf 82' lang='lat' dir='ltr'><strong>vidisse</strong></span> <span class='ocrx_word' id='word_1_319' title='bbox 384 3008 579 3053; x_wconf 81' lang='lat' dir='ltr'><strong>narrat</strong></span> <span class='ocrx_word' id='word_1_320' title='bbox 609 2998 937 3069; x_wconf 80' lang='lat' dir='ltr'><strong>Apostolicae</strong></span> <span class='ocrx_word' id='word_1_321' title='bbox 968 3000 1212 3056; x_wconf 77' lang='lat' dir='ltr'><strong>historiae</strong></span> <span class='ocrx_word' id='word_1_322' title='bbox 1242 3002 1338 3056; x_wconf 89' lang='lat' dir='ltr'><strong>lib.</strong></span> <span class='ocrx_word' id='word_1_323' title='bbox 1372 3017 1456 3064; x_wconf 80' lang='lat' dir='ltr'><strong>vi,</strong></span> <span class='ocrx_word' id='word_1_324' title='bbox 1488 3017 1615 3057; x_wconf 90' lang='lat' dir='ltr'><strong>cum</strong></span> <span class='ocrx_word' id='word_1_325' title='bbox 1649 3018 1748 3059; x_wconf 93' lang='lat' dir='ltr'><strong>eo-</strong></span> 
     </span>
    </p>
   </div>
   <div class='ocr_carea' id='block_1_46' title="bbox 1846 1780 3427 1845">
    <p class='ocr_par' dir='ltr' id='par_1_46' title="bbox 1846 1780 3427 1845">
     <span class='ocr_line' id='line_1_46' title="bbox 1846 1780 3427 1845; baseline -0.008 -1"><span class='ocrx_word' id='word_1_326' title='bbox 1846 1790 2069 1845; x_wconf 87' lang='lat' dir='ltr'><strong>unicam</strong></span> <span class='ocrx_word' id='word_1_327' title='bbox 2101 1789 2157 1843; x_wconf 93' lang='lat' dir='ltr'><strong>in</strong></span> <span class='ocrx_word' id='word_1_328' title='bbox 2199 1802 2303 1843; x_wconf 84' lang='lat' dir='ltr'><strong>suo</strong></span> <span class='ocrx_word' id='word_1_329' title='bbox 2336 1787 2526 1842; x_wconf 86' lang='lat' dir='ltr'><strong>codice</strong></span> <span class='ocrx_word' id='word_1_330' title='bbox 2569 1785 2637 1839; x_wconf 92' lang='lat' dir='ltr'><strong>de</strong></span> <span class='ocrx_word' id='word_1_331' title='bbox 2670 1783 2937 1839; x_wconf 83' lang='lat' dir='ltr'><strong>industria</strong></span> <span class='ocrx_word' id='word_1_332' title='bbox 2970 1792 3186 1836; x_wconf 87' lang='lat' dir='ltr'><strong>mutare</strong></span> <span class='ocrx_word' id='word_1_333' title='bbox 3229 1780 3427 1845; x_wconf 87' lang='lat' dir='ltr'><strong>voluit,</strong></span> 
     </span>
    </p>
   </div>
   <div class='ocr_carea' id='block_1_47' title="bbox 1840 1869 3430 1945">
    <p class='ocr_par' dir='ltr' id='par_1_47' title="bbox 1840 1869 3430 1945">
     <span class='ocr_line' id='line_1_47' title="bbox 1840 1869 3430 1945; baseline -0.006 -8"><span class='ocrx_word' id='word_1_334' title='bbox 1840 1890 1943 1936; x_wconf 86' lang='lat' dir='ltr'><strong>aut</strong></span> <span class='ocrx_word' id='word_1_335' title='bbox 1983 1882 2377 1936; x_wconf 84' lang='lat' dir='ltr'><strong>correctionem</strong></span> <span class='ocrx_word' id='word_1_336' title='bbox 2411 1893 2567 1934; x_wconf 88' lang='lat' dir='ltr'><strong>suam</strong></span> <span class='ocrx_word' id='word_1_337' title='bbox 2615 1878 2671 1931; x_wconf 91' lang='lat' dir='ltr'><strong>in</strong></span> <span class='ocrx_word' id='word_1_338' title='bbox 2720 1876 2932 1945; x_wconf 83' lang='lat' dir='ltr'><strong>reliqua</strong></span> <span class='ocrx_word' id='word_1_339' title='bbox 2967 1873 3152 1928; x_wconf 84' lang='lat' dir='ltr'><strong>omnia</strong></span> <span class='ocrx_word' id='word_1_340' title='bbox 3187 1869 3430 1927; x_wconf 78' lang='lat' dir='ltr'><strong>Orientis</strong></span> 
     </span>
    </p>
   </div>
   <div class='ocr_carea' id='block_1_48' title="bbox 1840 1950 3430 2044">
    <p class='ocr_par' dir='ltr' id='par_1_48' title="bbox 1840 1950 3430 2044">
     <span class='ocr_line' id='line_1_48' title="bbox 1840 1950 3430 2044; baseline -0.007 -14"><span class='ocrx_word' id='word_1_341' title='bbox 1840 1974 2178 2044; x_wconf 80' lang='lat' dir='ltr'><strong>exemplaria</strong></span> <span class='ocrx_word' id='word_1_342' title='bbox 2222 1972 2591 2042; x_wconf 88' lang='lat' dir='ltr'><strong>recipiendam</strong></span> <span class='ocrx_word' id='word_1_343' title='bbox 2631 1969 2750 2024; x_wconf 93' lang='lat' dir='ltr'><strong>fore</strong></span> <span class='ocrx_word' id='word_1_344' title='bbox 2794 1950 3016 2038; x_wconf 84' lang='lat' dir='ltr'><strong>sperare</strong></span> <span class='ocrx_word' id='word_1_345' title='bbox 3059 1965 3277 2035; x_wconf 82' lang='lat' dir='ltr'><strong>potuit?</strong></span> <span class='ocrx_word' id='word_1_346' title='bbox 3308 1962 3430 2019; x_wconf 83' lang='lat' dir='ltr'><strong>Non</strong></span> 
     </span>
    </p>
   </div>
   <div class='ocr_carea' id='block_1_49' title="bbox 1846 2054 3424 2129">
    <p class='ocr_par' dir='ltr' id='par_1_49' title="bbox 1846 2054 3424 2129">
     <span class='ocr_line' id='line_1_49' title="bbox 1846 2054 3424 2129; baseline -0.01 -6"><span class='ocrx_word' id='word_1_347' title='bbox 1846 2067 1984 2123; x_wconf 91' lang='lat' dir='ltr'><strong>adeo</strong></span> <span class='ocrx_word' id='word_1_348' title='bbox 2032 2068 2258 2123; x_wconf 84' lang='lat' dir='ltr'><strong>demens</strong></span> <span class='ocrx_word' id='word_1_349' title='bbox 2307 2064 2411 2119; x_wconf 89' lang='lat' dir='ltr'><strong>fuit</strong></span> <span class='ocrx_word' id='word_1_350' title='bbox 2460 2062 2742 2127; x_wconf 71' lang='lat' dir='ltr'><strong>Bullinus;</strong></span> <span class='ocrx_word' id='word_1_351' title='bbox 2791 2058 3094 2129; x_wconf 56' lang='lat' dir='ltr'><strong>praesertim</strong></span> <span class='ocrx_word' id='word_1_352' title='bbox 3145 2071 3270 2111; x_wconf 89' lang='lat' dir='ltr'><strong>cum</strong></span> <span class='ocrx_word' id='word_1_353' title='bbox 3310 2054 3424 2125; x_wconf 87' lang='lat' dir='ltr'><strong>jam</strong></span> 
     </span>
    </p>
   </div>
   <div class='ocr_carea' id='block_1_50' title="bbox 1846 2147 3429 2226">
    <p class='ocr_par' dir='ltr' id='par_1_50' title="bbox 1846 2147 3429 2226">
     <span class='ocr_line' id='line_1_50' title="bbox 1846 2147 3429 2226; baseline -0.011 -11"><span class='ocrx_word' id='word_1_354' title='bbox 1846 2159 2152 2215; x_wconf 78' lang='lat' dir='ltr'><strong>acerrimus</strong></span> <span class='ocrx_word' id='word_1_355' title='bbox 2200 2156 2323 2226; x_wconf 89' lang='lat' dir='ltr'><strong>ejus</strong></span> <span class='ocrx_word' id='word_1_356' title='bbox 2370 2154 2550 2209; x_wconf 85' lang='lat' dir='ltr'><strong>hostis</strong></span> <span class='ocrx_word' id='word_1_357' title='bbox 2594 2151 2958 2221; x_wconf 84' lang='lat' dir='ltr'><strong>Hieronymus</strong></span> <span class='ocrx_word' id='word_1_358' title='bbox 2999 2156 3081 2202; x_wconf 90' lang='lat' dir='ltr'><strong>tot</strong></span> <span class='ocrx_word' id='word_1_359' title='bbox 3111 2147 3273 2201; x_wconf 90' lang='lat' dir='ltr'><strong>annis</strong></span> <span class='ocrx_word' id='word_1_360' title='bbox 3303 2157 3429 2199; x_wconf 85' lang='lat' dir='ltr'><strong>ante</strong></span> 
     </span>
    </p>
   </div>
   <div class='ocr_carea' id='block_1_51' title="bbox 1847 2234 3429 2315">
    <p class='ocr_par' dir='ltr' id='par_1_51' title="bbox 1847 2234 3429 2315">
     <span class='ocr_line' id='line_1_51' title="bbox 1847 2234 3429 2315; baseline -0.009 -9"><span class='ocrx_word' id='word_1_361' title='bbox 1847 2253 1992 2307; x_wconf 84' lang='lat' dir='ltr'><strong>hanc</strong></span> <span class='ocrx_word' id='word_1_362' title='bbox 2040 2249 2351 2303; x_wconf 83' lang='lat' dir='ltr'><strong>versionem</strong></span> <span class='ocrx_word' id='word_1_363' title='bbox 2406 2245 2721 2315; x_wconf 83' lang='lat' dir='ltr'><strong>catalogum</strong></span> <span class='ocrx_word' id='word_1_364' title='bbox 2771 2256 2932 2297; x_wconf 89' lang='lat' dir='ltr'><strong>suum</strong></span> <span class='ocrx_word' id='word_1_365' title='bbox 2973 2240 3258 2293; x_wconf 84' lang='lat' dir='ltr'><strong>edidisset.</strong></span> <span class='ocrx_word' id='word_1_366' title='bbox 3310 2234 3429 2291; x_wconf 86' lang='lat' dir='ltr'><strong>Non</strong></span> 
     </span>
    </p>
   </div>
   <div class='ocr_carea' id='block_1_52' title="bbox 1847 2327 3429 2412">
    <p class='ocr_par' dir='ltr' id='par_1_52' title="bbox 1847 2327 3429 2412">
     <span class='ocr_line' id='line_1_52' title="bbox 1847 2327 3429 2412; baseline -0.011 -12"><span class='ocrx_word' id='word_1_367' title='bbox 1847 2353 1932 2400; x_wconf 88' lang='lat' dir='ltr'><strong>est</strong></span> <span class='ocrx_word' id='word_1_368' title='bbox 1968 2343 2155 2412; x_wconf 88' lang='lat' dir='ltr'><strong>itaque</strong></span> <span class='ocrx_word' id='word_1_369' title='bbox 2182 2341 2333 2410; x_wconf 87' lang='lat' dir='ltr'><strong>justa</strong></span> <span class='ocrx_word' id='word_1_370' title='bbox 2382 2336 2646 2406; x_wconf 87' lang='lat' dir='ltr'><strong>suspicio,</strong></span> <span class='ocrx_word' id='word_1_371' title='bbox 2682 2332 2958 2389; x_wconf 76' lang='lat' dir='ltr'><strong>Bullinum</strong></span> <span class='ocrx_word' id='word_1_372' title='bbox 2990 2330 3207 2385; x_wconf 86' lang='lat' dir='ltr'><strong>Eusebii</strong></span> <span class='ocrx_word' id='word_1_373' title='bbox 3241 2327 3429 2383; x_wconf 75' lang='lat' dir='ltr'><strong>Histo-</strong></span> 
     </span>
    </p>
   </div>
   <div class='ocr_carea' id='block_1_53' title="bbox 1848 2420 3430 2496">
    <p class='ocr_par' dir='ltr' id='par_1_53' title="bbox 1848 2420 3430 2496">
     <span class='ocr_line' id='line_1_53' title="bbox 1848 2420 3430 2496; baseline -0.011 -4"><span class='ocrx_word' id='word_1_374' title='bbox 1848 2437 1990 2492; x_wconf 90' lang='lat' dir='ltr'><strong>riam</strong></span> <span class='ocrx_word' id='word_1_375' title='bbox 2047 2433 2213 2488; x_wconf 88' lang='lat' dir='ltr'><strong>verba</strong></span> <span class='ocrx_word' id='word_1_376' title='bbox 2264 2429 2609 2485; x_wconf 81' lang='lat' dir='ltr'><strong>immutando</strong></span> <span class='ocrx_word' id='word_1_377' title='bbox 2669 2425 3004 2496; x_wconf 85' lang='lat' dir='ltr'><strong>corrupisse.</strong></span> <span class='ocrx_word' id='word_1_378' title='bbox 3061 2423 3138 2477; x_wconf 87' lang='lat' dir='ltr'><strong>De</strong></span> <span class='ocrx_word' id='word_1_379' title='bbox 3192 2420 3430 2475; x_wconf 88' lang='lat' dir='ltr'><strong>librariis</strong></span> 
     </span>
    </p>
   </div>
   <div class='ocr_carea' id='block_1_54' title="bbox 1849 2512 3432 2595">
    <p class='ocr_par' dir='ltr' id='par_1_54' title="bbox 1849 2512 3432 2595">
     <span class='ocr_line' id='line_1_54' title="bbox 1849 2512 3432 2595; baseline -0.012 -11"><span class='ocrx_word' id='word_1_380' title='bbox 1849 2537 2029 2584; x_wconf 87' lang='lat' dir='ltr'><strong>autem</strong></span> <span class='ocrx_word' id='word_1_381' title='bbox 2061 2524 2209 2595; x_wconf 83' lang='lat' dir='ltr'><strong>quod</strong></span> <span class='ocrx_word' id='word_1_382' title='bbox 2254 2522 2499 2593; x_wconf 90' lang='lat' dir='ltr'><strong>conjicit,</strong></span> <span class='ocrx_word' id='word_1_383' title='bbox 2524 2519 2690 2575; x_wconf 90' lang='lat' dir='ltr'><strong>verba</strong></span> <span class='ocrx_word' id='word_1_384' title='bbox 2722 2517 2917 2589; x_wconf 82' lang='lat' dir='ltr'><strong>lgnatii</strong></span> <span class='ocrx_word' id='word_1_385' title='bbox 2946 2515 3016 2570; x_wconf 86' lang='lat' dir='ltr'><strong>ab</strong></span> <span class='ocrx_word' id='word_1_386' title='bbox 3053 2512 3291 2569; x_wconf 81' lang='lat' dir='ltr'><strong>Eusebio</strong></span> <span class='ocrx_word' id='word_1_387' title='bbox 3319 2519 3432 2566; x_wconf 87' lang='lat' dir='ltr'><strong>tra-</strong></span> 
     </span>
    </p>
   </div>
   <div class='ocr_carea' id='block_1_55' title="bbox 1847 2605 3431 2674">
    <p class='ocr_par' dir='ltr' id='par_1_55' title="bbox 1847 2605 3431 2674">
     <span class='ocr_line' id='line_1_55' title="bbox 1847 2605 3431 2674; baseline -0.011 0"><span class='ocrx_word' id='word_1_388' title='bbox 1847 2619 1960 2674; x_wconf 90' lang='lat' dir='ltr'><strong>dita</strong></span> <span class='ocrx_word' id='word_1_389' title='bbox 1984 2616 2242 2672; x_wconf 88' lang='lat' dir='ltr'><strong>consulto</strong></span> <span class='ocrx_word' id='word_1_390' title='bbox 2273 2630 2369 2671; x_wconf 89' lang='lat' dir='ltr'><strong>eos</strong></span> <span class='ocrx_word' id='word_1_391' title='bbox 2395 2611 2775 2668; x_wconf 84' lang='lat' dir='ltr'><strong>animadversa</strong></span> <span class='ocrx_word' id='word_1_392' title='bbox 2807 2609 2888 2663; x_wconf 85' lang='lat' dir='ltr'><strong>rei</strong></span> <span class='ocrx_word' id='word_1_393' title='bbox 2920 2605 3285 2671; x_wconf 87' lang='lat' dir='ltr'><strong>absurditate,</strong></span> <span class='ocrx_word' id='word_1_394' title='bbox 3306 2619 3431 2658; x_wconf 85' lang='lat' dir='ltr'><strong>cor-</strong></span> 
     </span>
    </p>
   </div>
   <div class='ocr_carea' id='block_1_56' title="bbox 1840 2695 3432 2777">
    <p class='ocr_par' dir='ltr' id='par_1_56' title="bbox 1840 2695 3432 2777">
     <span class='ocr_line' id='line_1_56' title="bbox 1840 2695 3432 2777; baseline -0.011 -10"><span class='ocrx_word' id='word_1_395' title='bbox 1840 2710 2090 2777; x_wconf 80' lang='lat' dir='ltr'><strong>rexisse,</strong></span> <span class='ocrx_word' id='word_1_396' title='bbox 2135 2708 2205 2763; x_wconf 87' lang='lat' dir='ltr'><strong>ab</strong></span> <span class='ocrx_word' id='word_1_397' title='bbox 2249 2705 2403 2761; x_wconf 92' lang='lat' dir='ltr'><strong>omni</strong></span> <span class='ocrx_word' id='word_1_398' title='bbox 2442 2700 2920 2759; x_wconf 85' lang='lat' dir='ltr'><strong>verisimilitudine</strong></span> <span class='ocrx_word' id='word_1_399' title='bbox 2966 2698 3248 2753; x_wconf 88' lang='lat' dir='ltr'><strong>abhorret.</strong></span> <span class='ocrx_word' id='word_1_400' title='bbox 3290 2695 3432 2764; x_wconf 81' lang='lat' dir='ltr'><strong>Quis</strong></span> 
     </span>
    </p>
   </div>
   <div class='ocr_carea' id='block_1_57' title="bbox 1846 2791 3433 2866">
    <p class='ocr_par' dir='ltr' id='par_1_57' title="bbox 1846 2791 3433 2866">
     <span class='ocr_line' id='line_1_57' title="bbox 1846 2791 3433 2866; baseline -0.009 -9"><span class='ocrx_word' id='word_1_401' title='bbox 1846 2802 1994 2858; x_wconf 91' lang='lat' dir='ltr'><strong>enim</strong></span> <span class='ocrx_word' id='word_1_402' title='bbox 2047 2815 2148 2856; x_wconf 91' lang='lat' dir='ltr'><strong>eos</strong></span> <span class='ocrx_word' id='word_1_403' title='bbox 2195 2798 2448 2854; x_wconf 90' lang='lat' dir='ltr'><strong>librarios</strong></span> <span class='ocrx_word' id='word_1_404' title='bbox 2499 2809 2743 2866; x_wconf 88' lang='lat' dir='ltr'><strong>unquam</strong></span> <span class='ocrx_word' id='word_1_405' title='bbox 2796 2791 3133 2848; x_wconf 83' lang='lat' dir='ltr'><strong>existimabit</strong></span> <span class='ocrx_word' id='word_1_406' title='bbox 3171 2794 3229 2845; x_wconf 81' lang='lat' dir='ltr'><strong>in</strong></span> <span class='ocrx_word' id='word_1_407' title='bbox 3279 2805 3433 2845; x_wconf 88' lang='lat' dir='ltr'><strong>com-</strong></span> 
     </span>
    </p>
   </div>
   <div class='ocr_carea' id='block_1_58' title="bbox 1848 2881 3429 2955">
    <p class='ocr_par' dir='ltr' id='par_1_58' title="bbox 1848 2881 3429 2955">
     <span class='ocr_line' id='line_1_58' title="bbox 1848 2881 3429 2955; baseline -0.007 -7"><span class='ocrx_word' id='word_1_408' title='bbox 1848 2908 2017 2948; x_wconf 88' lang='lat' dir='ltr'><strong>mune</strong></span> <span class='ocrx_word' id='word_1_409' title='bbox 2066 2890 2445 2953; x_wconf 83' lang='lat' dir='ltr'><strong>consuluisse,</strong></span> <span class='ocrx_word' id='word_1_410' title='bbox 2488 2888 2557 2942; x_wconf 90' lang='lat' dir='ltr'><strong>de</strong></span> <span class='ocrx_word' id='word_1_411' title='bbox 2609 2885 2827 2955; x_wconf 85' lang='lat' dir='ltr'><strong>scriptis</strong></span> <span class='ocrx_word' id='word_1_412' title='bbox 2881 2883 3104 2939; x_wconf 79' lang='lat' dir='ltr'><strong>Eusebii</strong></span> <span class='ocrx_word' id='word_1_413' title='bbox 3159 2881 3429 2953; x_wconf 81' lang='lat' dir='ltr'><strong>judiciqu</strong></span> 
     </span>
    </p>
   </div>
   <div class='ocr_carea' id='block_1_59' title="bbox 1847 2968 3431 3048">
    <p class='ocr_par' dir='ltr' id='par_1_59' title="bbox 1847 2968 3431 3048">
     <span class='ocr_line' id='line_1_59' title="bbox 1847 2968 3431 3048; baseline -0.011 -8"><span class='ocrx_word' id='word_1_414' title='bbox 1847 2985 2062 3048; x_wconf 88' lang='lat' dir='ltr'><strong>tulisse,</strong></span> <span class='ocrx_word' id='word_1_415' title='bbox 2104 2990 2160 3037; x_wconf 89' lang='lat' dir='ltr'><strong>et</strong></span> <span class='ocrx_word' id='word_1_416' title='bbox 2206 2982 2277 3037; x_wconf 90' lang='lat' dir='ltr'><strong>de</strong></span> <span class='ocrx_word' id='word_1_417' title='bbox 2327 2977 2632 3033; x_wconf 84' lang='lat' dir='ltr'><strong>mutatione</strong></span> <span class='ocrx_word' id='word_1_418' title='bbox 2673 2974 2826 3028; x_wconf 82' lang='lat' dir='ltr'><strong>vocis</strong></span> <span class='ocrx_word' id='word_1_419' title='bbox 2875 2969 3256 3026; x_wconf 85' lang='lat' dir='ltr'><strong>consensisse?</strong></span> <span class='ocrx_word' id='word_1_420' title='bbox 3297 2968 3431 3035; x_wconf 84' lang='lat' dir='ltr'><strong>Quis</strong></span> 
     </span>
    </p>
   </div>
   <div class='ocr_carea' id='block_1_60' title="bbox 184 3060 1745 3164">
    <p class='ocr_par' dir='ltr' id='par_1_60' title="bbox 184 3060 1745 3164">
     <span class='ocr_line' id='line_1_60' title="bbox 184 3060 1745 3164; baseline 0.006 -23"><span class='ocrx_word' id='word_1_421' title='bbox 184 3087 289 3141; x_wconf 86' lang='lat' dir='ltr'><strong>dem</strong></span> <span class='ocrx_word' id='word_1_422' title='bbox 324 3089 461 3145; x_wconf 76' lang='lat' dir='ltr'><strong>libro</strong></span> <span class='ocrx_word' id='word_1_423' title='bbox 498 3105 616 3145; x_wconf 86' lang='lat' dir='ltr'><strong>non</strong></span> <span class='ocrx_word' id='word_1_424' title='bbox 669 3099 879 3147; x_wconf 87' lang='lat' dir='ltr'><strong>tantum</strong></span> <span class='ocrx_word' id='word_1_425' title='bbox 933 3092 1299 3164; x_wconf 80' lang='lat' dir='ltr'><strong>Hegesippum</strong></span> <span class='ocrx_word' id='word_1_426' title='bbox 1356 3060 1745 3163; x_wconf 80' lang='lat' dir='ltr'><strong>nominaverit,</strong></span> 
     </span>
    </p>
   </div>
   <div class='ocr_carea' id='block_1_61' title="bbox 1847 3060 3430 3164">
    <p class='ocr_par' dir='ltr' id='par_1_61' title="bbox 1849 3060 3430 3141">
     <span class='ocr_line' id='line_1_61' title="bbox 1849 3060 3430 3141; baseline -0.012 -9"><span class='ocrx_word' id='word_1_427' title='bbox 1849 3092 1947 3132; x_wconf 91' lang='lat' dir='ltr'><strong>eos</strong></span> <span class='ocrx_word' id='word_1_428' title='bbox 2008 3074 2247 3129; x_wconf 84' lang='lat' dir='ltr'><strong>Eusebio</strong></span> <span class='ocrx_word' id='word_1_429' title='bbox 2312 3072 2468 3141; x_wconf 89' lang='lat' dir='ltr'><strong>ipso,</strong></span> <span class='ocrx_word' id='word_1_430' title='bbox 2545 3074 2771 3123; x_wconf 82' lang='lat' dir='ltr'><strong>auctore</strong></span> <span class='ocrx_word' id='word_1_431' title='bbox 2832 3064 2919 3120; x_wconf 89' lang='lat' dir='ltr'><strong>sui</strong></span> <span class='ocrx_word' id='word_1_432' title='bbox 2984 3060 3246 3131; x_wconf 88' lang='lat' dir='ltr'><strong>temporis</strong></span> <span class='ocrx_word' id='word_1_433' title='bbox 3312 3074 3430 3114; x_wconf 60' lang='grc' dir='ltr'><strong>ωας</strong></span> 
     </span>
    </p>
   </div>
   <div class='ocr_carea' id='block_1_62' title="bbox 184 3180 1749 3253">
    <p class='ocr_par' dir='ltr' id='par_1_62' title="bbox 184 3180 1749 3253">
     <span class='ocr_line' id='line_1_62' title="bbox 184 3180 1749 3253; baseline 0.004 -18"><span class='ocrx_word' id='word_1_434' title='bbox 184 3180 262 3235; x_wconf 85' lang='lat' dir='ltr'><strong>sed</strong></span> <span class='ocrx_word' id='word_1_435' title='bbox 289 3192 342 3237; x_wconf 92' lang='lat' dir='ltr'><strong>et</strong></span> <span class='ocrx_word' id='word_1_436' title='bbox 383 3184 505 3253; x_wconf 85' lang='lat' dir='ltr'><strong>ejus</strong></span> <span class='ocrx_word' id='word_1_437' title='bbox 540 3184 710 3239; x_wconf 85' lang='lat' dir='ltr'><strong>verba</strong></span> <span class='ocrx_word' id='word_1_438' title='bbox 742 3200 810 3238; x_wconf 78' lang='lat' dir='ltr'><strong>ex</strong></span> <span class='ocrx_word' id='word_1_439' title='bbox 845 3187 1205 3242; x_wconf 78' lang='lat' dir='ltr'><strong>translatione</strong></span> <span class='ocrx_word' id='word_1_440' title='bbox 1238 3185 1437 3241; x_wconf 77' lang='lat' dir='ltr'><strong>Bullini</strong></span> <span class='ocrx_word' id='word_1_441' title='bbox 1482 3189 1749 3243; x_wconf 80' lang='lat' dir='ltr'><strong>transcri-</strong></span> 
     </span>
    </p>
   </div>
   <div class='ocr_carea' id='block_1_63' title="bbox 182 3274 1749 3351">
    <p class='ocr_par' dir='ltr' id='par_1_63' title="bbox 182 3274 1749 3351">
     <span class='ocr_line' id='line_1_63' title="bbox 182 3274 1749 3351; baseline 0.006 -25"><span class='ocrx_word' id='word_1_442' title='bbox 182 3274 347 3341; x_wconf 75' lang='lat' dir='ltr'><strong>pserit.</strong></span> <span class='ocrx_word' id='word_1_443' title='bbox 381 3277 596 3332; x_wconf 77' lang='lat' dir='ltr'><strong>Auctor</strong></span> <span class='ocrx_word' id='word_1_444' title='bbox 635 3276 851 3334; x_wconf 71' lang='lat' dir='ltr'><strong>Politia</strong></span> <span class='ocrx_word' id='word_1_445' title='bbox 892 3277 997 3335; x_wconf 88' lang='lat' dir='ltr'><strong>SS.</strong></span> <span class='ocrx_word' id='word_1_446' title='bbox 1030 3277 1261 3334; x_wconf 82' lang='lat' dir='ltr'><strong>Patrum</strong></span> <span class='ocrx_word' id='word_1_447' title='bbox 1300 3280 1660 3351; x_wconf 79' lang='lat' dir='ltr'><strong>Metrophanis</strong></span> <span class='ocrx_word' id='word_1_448' title='bbox 1698 3291 1749 3336; x_wconf 85' lang='lat' dir='ltr'><strong>et</strong></span> 
     </span>
    </p>
   </div>
   <div class='ocr_carea' id='block_1_64' title="bbox 180 3365 1750 3440">
    <p class='ocr_par' dir='ltr' id='par_1_64' title="bbox 180 3365 1750 3440">
     <span class='ocr_line' id='line_1_64' title="bbox 180 3365 1750 3440; baseline 0.005 -19"><span class='ocrx_word' id='word_1_449' title='bbox 180 3365 451 3422; x_wconf 62' lang='lat' dir='ltr'><strong>Alexandri</strong></span> <span class='ocrx_word' id='word_1_450' title='bbox 490 3370 642 3440; x_wconf 78' lang='lat' dir='ltr'><strong>apud</strong></span> <span class='ocrx_word' id='word_1_451' title='bbox 673 3369 930 3427; x_wconf 88' lang='lat' dir='ltr'><strong>Photium</strong></span> <span class='ocrx_word' id='word_1_452' title='bbox 964 3372 1154 3428; x_wconf 89' lang='lat' dir='ltr'><strong>codice</strong></span> <span class='ocrx_word' id='word_1_453' title='bbox 1192 3372 1331 3440; x_wconf 77' lang='lat'><strong>256,</strong></span> <span class='ocrx_word' id='word_1_454' title='bbox 1363 3382 1419 3427; x_wconf 89' lang='lat' dir='ltr'><strong>et</strong></span> <span class='ocrx_word' id='word_1_455' title='bbox 1455 3375 1619 3430; x_wconf 89' lang='lat' dir='ltr'><strong>homo</strong></span> <span class='ocrx_word' id='word_1_456' title='bbox 1650 3390 1750 3429; x_wconf 91' lang='lat' dir='ltr'><strong>au-</strong></span> 
     </span>
    </p>
   </div>
   <div class='ocr_carea' id='block_1_65' title="bbox 182 3458 1749 3538">
    <p class='ocr_par' dir='ltr' id='par_1_65' title="bbox 182 3458 1749 3538">
     <span class='ocr_line' id='line_1_65' title="bbox 182 3458 1749 3538; baseline 0.008 -27"><span class='ocrx_word' id='word_1_457' title='bbox 182 3458 485 3519; x_wconf 84' lang='lat' dir='ltr'><strong>dacissimus</strong></span> <span class='ocrx_word' id='word_1_458' title='bbox 517 3473 577 3519; x_wconf 85' lang='lat' dir='ltr'><strong>et</strong></span> <span class='ocrx_word' id='word_1_459' title='bbox 608 3465 1072 3522; x_wconf 86' lang='lat' dir='ltr'><strong>mendacissimus</strong></span> <span class='ocrx_word' id='word_1_460' title='bbox 1109 3464 1234 3531; x_wconf 89' lang='lat' dir='ltr'><strong>fuit,</strong></span> <span class='ocrx_word' id='word_1_461' title='bbox 1275 3468 1323 3522; x_wconf 90' lang='lat' dir='ltr'><strong>si</strong></span> <span class='ocrx_word' id='word_1_462' title='bbox 1372 3468 1658 3538; x_wconf 85' lang='lat' dir='ltr'><strong>scripserit</strong></span> <span class='ocrx_word' id='word_1_463' title='bbox 1690 3484 1749 3524; x_wconf 90' lang='lat' dir='ltr'><strong>se</strong></span> 
     </span>
    </p>
   </div>
   <div class='ocr_carea' id='block_1_66' title="bbox 181 3552 1748 3628">
    <p class='ocr_par' dir='ltr' id='par_1_66' title="bbox 181 3552 1748 3628">
     <span class='ocr_line' id='line_1_66' title="bbox 181 3552 1748 3628; baseline 0.007 -24"><span class='ocrx_word' id='word_1_464' title='bbox 181 3552 359 3610; x_wconf 75' lang='lat' dir='ltr'><strong>vidisse</strong></span> <span class='ocrx_word' id='word_1_465' title='bbox 405 3555 837 3612; x_wconf 87' lang='lat' dir='ltr'><strong>Constantinum</strong></span> <span class='ocrx_word' id='word_1_466' title='bbox 891 3558 1035 3613; x_wconf 88' lang='lat' dir='ltr'><strong>inter</strong></span> <span class='ocrx_word' id='word_1_467' title='bbox 1066 3558 1310 3628; x_wconf 85' lang='lat' dir='ltr'><strong>ephebos</strong></span> <span class='ocrx_word' id='word_1_468' title='bbox 1356 3570 1656 3616; x_wconf 86' lang='lat' dir='ltr'><strong>merentem</strong></span> <span class='ocrx_word' id='word_1_469' title='bbox 1692 3562 1748 3615; x_wconf 92' lang='lat' dir='ltr'><strong>in</strong></span> 
     </span>
    </p>
   </div>
   <div class='ocr_carea' id='block_1_67' title="bbox 181 3641 1750 3721">
    <p class='ocr_par' dir='ltr' id='par_1_67' title="bbox 181 3641 1750 3721">
     <span class='ocr_line' id='line_1_67' title="bbox 181 3641 1750 3721; baseline 0.006 -24"><span class='ocrx_word' id='word_1_470' title='bbox 181 3641 443 3704; x_wconf 67' lang='lat' dir='ltr'><strong>Palaestina</strong></span> <span class='ocrx_word' id='word_1_471' title='bbox 470 3649 581 3705; x_wconf 90' lang='lat' dir='ltr'><strong>sub</strong></span> <span class='ocrx_word' id='word_1_472' title='bbox 613 3648 974 3705; x_wconf 87' lang='lat' dir='ltr'><strong>Diocletiano.</strong></span> <span class='ocrx_word' id='word_1_473' title='bbox 1014 3648 1214 3704; x_wconf 81' lang='lat' dir='ltr'><strong>Verum</strong></span> <span class='ocrx_word' id='word_1_474' title='bbox 1240 3650 1346 3705; x_wconf 81' lang='lat' dir='ltr'><strong>hoc</strong></span> <span class='ocrx_word' id='word_1_475' title='bbox 1370 3652 1605 3721; x_wconf 89' lang='lat' dir='ltr'><strong>scriptor</strong></span> <span class='ocrx_word' id='word_1_476' title='bbox 1634 3652 1750 3721; x_wconf 90' lang='lat' dir='ltr'><strong>ipse</strong></span> 
     </span>
    </p>
   </div>
   <div class='ocr_carea' id='block_1_68' title="bbox 183 3739 1747 3808">
    <p class='ocr_par' dir='ltr' id='par_1_68' title="bbox 183 3739 1747 3808">
     <span class='ocr_line' id='line_1_68' title="bbox 183 3739 1747 3808; baseline 0.006 -20"><span class='ocrx_word' id='word_1_477' title='bbox 183 3750 274 3791; x_wconf 88' lang='lat' dir='ltr'><strong>non</strong></span> <span class='ocrx_word' id='word_1_478' title='bbox 316 3739 481 3808; x_wconf 78' lang='lat' dir='ltr'><strong>dixit,</strong></span> <span class='ocrx_word' id='word_1_479' title='bbox 513 3741 616 3796; x_wconf 89' lang='lat' dir='ltr'><strong>sed</strong></span> <span class='ocrx_word' id='word_1_480' title='bbox 668 3742 1045 3796; x_wconf 88' lang='lat' dir='ltr'><strong>obscuriorem</strong></span> <span class='ocrx_word' id='word_1_481' title='bbox 1093 3740 1271 3796; x_wconf 89' lang='lat' dir='ltr'><strong>Photii</strong></span> <span class='ocrx_word' id='word_1_482' title='bbox 1317 3743 1747 3798; x_wconf 87' lang='lat' dir='ltr'><strong>contractionem</strong></span> 
     </span>
    </p>
   </div>
   <div class='ocr_carea' id='block_1_69' title="bbox 184 3826 1751 3904">
    <p class='ocr_par' dir='ltr' id='par_1_69' title="bbox 184 3826 1751 3904">
     <span class='ocr_line' id='line_1_69' title="bbox 184 3826 1751 3904; baseline 0.005 -22"><span class='ocrx_word' id='word_1_483' title='bbox 184 3826 246 3883; x_wconf 82' lang='lat' dir='ltr'><strong>ita</strong></span> <span class='ocrx_word' id='word_1_484' title='bbox 274 3834 549 3888; x_wconf 84' lang='lat' dir='ltr'><strong>transtulit</strong></span> <span class='ocrx_word' id='word_1_485' title='bbox 593 3832 887 3900; x_wconf 87' lang='lat' dir='ltr'><strong>Scbottus,</strong></span> <span class='ocrx_word' id='word_1_486' title='bbox 919 3834 1080 3904; x_wconf 88' lang='lat' dir='ltr'><strong>cujus</strong></span> <span class='ocrx_word' id='word_1_487' title='bbox 1129 3835 1628 3904; x_wconf 83' lang='lat' dir='ltr'><strong>interpretationem</strong></span> <span class='ocrx_word' id='word_1_488' title='bbox 1665 3851 1751 3890; x_wconf 84' lang='lat' dir='ltr'><strong>re-</strong></span> 
     </span>
    </p>
   </div>
   <div class='ocr_carea' id='block_1_70' title="bbox 185 3918 1750 3997">
    <p class='ocr_par' dir='ltr' id='par_1_70' title="bbox 185 3918 1750 3997">
     <span class='ocr_line' id='line_1_70' title="bbox 185 3918 1750 3997; baseline 0.003 -21"><span class='ocrx_word' id='word_1_489' title='bbox 185 3918 352 3978; x_wconf 70' lang='lat' dir='ltr'><strong>fellunt</strong></span> <span class='ocrx_word' id='word_1_490' title='bbox 406 3927 604 3981; x_wconf 87' lang='lat' dir='ltr'><strong>eadem</strong></span> <span class='ocrx_word' id='word_1_491' title='bbox 657 3926 793 3982; x_wconf 81' lang='lat' dir='ltr'><strong>Acta</strong></span> <span class='ocrx_word' id='word_1_492' title='bbox 838 3928 1056 3997; x_wconf 89' lang='lat' dir='ltr'><strong>plenius</strong></span> <span class='ocrx_word' id='word_1_493' title='bbox 1108 3942 1140 3981; x_wconf 87' lang='lat' dir='ltr'><strong>a</strong></span> <span class='ocrx_word' id='word_1_494' title='bbox 1190 3926 1526 3982; x_wconf 86' lang='lat' dir='ltr'><strong>Combeﬁsio</strong></span> <span class='ocrx_word' id='word_1_495' title='bbox 1575 3942 1750 3996; x_wconf 86' lang='lat' dir='ltr'><strong>nuper</strong></span> 
     </span>
    </p>
   </div>
   <div class='ocr_carea' id='block_1_71' title="bbox 185 4013 1757 4088">
    <p class='ocr_par' dir='ltr' id='par_1_71' title="bbox 185 4013 1757 4088">
     <span class='ocr_line' id='line_1_71' title="bbox 185 4013 1757 4088; baseline 0.004 -21"><span class='ocrx_word' id='word_1_496' title='bbox 185 4013 335 4083; x_wconf 83' lang='lat' dir='ltr'><strong>edita;</strong></span> <span class='ocrx_word' id='word_1_497' title='bbox 366 4032 431 4071; x_wconf 77' lang='lat' dir='ltr'><strong>ex</strong></span> <span class='ocrx_word' id='word_1_498' title='bbox 465 4019 676 4088; x_wconf 87' lang='lat' dir='ltr'><strong>quibus</strong></span> <span class='ocrx_word' id='word_1_499' title='bbox 734 4027 951 4074; x_wconf 87' lang='lat' dir='ltr'><strong>constat</strong></span> <span class='ocrx_word' id='word_1_500' title='bbox 983 4032 1090 4072; x_wconf 87' lang='lat' dir='ltr'><strong>non</strong></span> <span class='ocrx_word' id='word_1_501' title='bbox 1124 4020 1475 4088; x_wconf 84' lang='lat' dir='ltr'><strong>scriptorem,</strong></span> <span class='ocrx_word' id='word_1_502' title='bbox 1504 4018 1598 4073; x_wconf 92' lang='lat' dir='ltr'><strong>sed</strong></span> <span class='ocrx_word' id='word_1_503' title='bbox 1640 4018 1757 4074; x_wconf 69' lang='lat' dir='ltr'><strong>Ma—</strong></span> 
     </span>
    </p>
   </div>
   <div class='ocr_carea' id='block_1_72' title="bbox 187 4106 1750 4182">
    <p class='ocr_par' dir='ltr' id='par_1_72' title="bbox 187 4106 1750 4182">
     <span class='ocr_line' id='line_1_72' title="bbox 187 4106 1750 4182; baseline 0.006 -25"><span class='ocrx_word' id='word_1_504' title='bbox 187 4106 460 4163; x_wconf 76' lang='lat' dir='ltr'><strong>ximianum</strong></span> <span class='ocrx_word' id='word_1_505' title='bbox 486 4119 629 4166; x_wconf 90' lang='lat' dir='ltr'><strong>tunc</strong></span> <span class='ocrx_word' id='word_1_506' title='bbox 659 4111 862 4167; x_wconf 88' lang='lat' dir='ltr'><strong>vidisse</strong></span> <span class='ocrx_word' id='word_1_507' title='bbox 890 4112 1340 4167; x_wconf 85' lang='lat' dir='ltr'><strong>Constantinum.</strong></span> <span class='ocrx_word' id='word_1_508' title='bbox 1376 4110 1510 4166; x_wconf 84' lang='lat' dir='ltr'><strong>Illud</strong></span> <span class='ocrx_word' id='word_1_509' title='bbox 1545 4114 1750 4182; x_wconf 86' lang='lat' dir='ltr'><strong>pariter</strong></span> 
     </span>
    </p>
   </div>
   <div class='ocr_carea' id='block_1_73' title="bbox 188 4201 1749 4272">
    <p class='ocr_par' dir='ltr' id='par_1_73' title="bbox 188 4201 1749 4272">
     <span class='ocr_line' id='line_1_73' title="bbox 188 4201 1749 4272; baseline 0.004 -23"><span class='ocrx_word' id='word_1_510' title='bbox 188 4205 232 4249; x_wconf 87' lang='lat' dir='ltr'><strong>et</strong></span> <span class='ocrx_word' id='word_1_511' title='bbox 251 4212 342 4267; x_wconf 80' lang='lat' dir='ltr'><strong>ego</strong></span> <span class='ocrx_word' id='word_1_512' title='bbox 373 4215 589 4267; x_wconf 82' lang='lat' dir='ltr'><strong>assero,</strong></span> <span class='ocrx_word' id='word_1_513' title='bbox 638 4212 919 4257; x_wconf 87' lang='lat' dir='ltr'><strong>auctorem</strong></span> <span class='ocrx_word' id='word_1_514' title='bbox 966 4201 1351 4272; x_wconf 87' lang='lat' dir='ltr'><strong>epistolarum,</strong></span> <span class='ocrx_word' id='word_1_515' title='bbox 1381 4217 1521 4270; x_wconf 87' lang='lat' dir='ltr'><strong>quas</strong></span> <span class='ocrx_word' id='word_1_516' title='bbox 1560 4202 1749 4257; x_wconf 80' lang='lat' dir='ltr'><strong>defen-</strong></span> 
     </span>
    </p>
   </div>
   <div class='ocr_carea' id='block_1_74' title="bbox 190 4287 1750 4364">
    <p class='ocr_par' dir='ltr' id='par_1_74' title="bbox 190 4287 1750 4364">
     <span class='ocr_line' id='line_1_74' title="bbox 190 4287 1750 4364; baseline 0.006 -23"><span class='ocrx_word' id='word_1_517' title='bbox 190 4287 365 4361; x_wconf 87' lang='lat' dir='ltr'><strong>dimus,</strong></span> <span class='ocrx_word' id='word_1_518' title='bbox 384 4310 674 4364; x_wconf 90' lang='lat' dir='ltr'><strong>nunquam</strong></span> <span class='ocrx_word' id='word_1_519' title='bbox 707 4294 1016 4364; x_wconf 86' lang='lat' dir='ltr'><strong>scripsisse,</strong></span> <span class='ocrx_word' id='word_1_520' title='bbox 1039 4294 1323 4349; x_wconf 86' lang='lat' dir='ltr'><strong>Christum</strong></span> <span class='ocrx_word' id='word_1_521' title='bbox 1348 4309 1378 4347; x_wconf 90' lang='lat' dir='ltr'><strong>a</strong></span> <span class='ocrx_word' id='word_1_522' title='bbox 1410 4310 1469 4350; x_wconf 91' lang='lat' dir='ltr'><strong>se</strong></span> <span class='ocrx_word' id='word_1_523' title='bbox 1497 4294 1552 4348; x_wconf 92' lang='lat' dir='ltr'><strong>in</strong></span> <span class='ocrx_word' id='word_1_524' title='bbox 1584 4310 1750 4350; x_wconf 90' lang='lat' dir='ltr'><strong>carne</strong></span> 
     </span>
    </p>
   </div>
   <div class='ocr_carea' id='block_1_75' title="bbox 191 4381 1747 4455">
    <p class='ocr_par' dir='ltr' id='par_1_75' title="bbox 191 4381 1747 4455">
     <span class='ocr_line' id='line_1_75' title="bbox 191 4381 1747 4455; baseline 0.003 -18"><span class='ocrx_word' id='word_1_525' title='bbox 191 4381 361 4438; x_wconf 66' lang='lat' dir='ltr'><strong>risum.</strong></span> <span class='ocrx_word' id='word_1_526' title='bbox 396 4385 457 4440; x_wconf 88' lang='lat' dir='ltr'><strong>Si</strong></span> <span class='ocrx_word' id='word_1_527' title='bbox 489 4386 614 4441; x_wconf 73' lang='lat' dir='ltr'><strong>haec</strong></span> <span class='ocrx_word' id='word_1_528' title='bbox 647 4386 983 4455; x_wconf 89' lang='lat' dir='ltr'><strong>scripsisset,</strong></span> <span class='ocrx_word' id='word_1_529' title='bbox 1021 4385 1326 4441; x_wconf 85' lang='lat' dir='ltr'><strong>Salmasius</strong></span> <span class='ocrx_word' id='word_1_530' title='bbox 1351 4395 1407 4441; x_wconf 85' lang='lat' dir='ltr'><strong>et</strong></span> <span class='ocrx_word' id='word_1_531' title='bbox 1432 4385 1747 4442; x_wconf 87' lang='lat' dir='ltr'><strong>Blondellus</strong></span> 
     </span>
    </p>
   </div>
   <div class='ocr_carea' id='block_1_76' title="bbox 190 4476 1744 4546">
    <p class='ocr_par' dir='ltr' id='par_1_76' title="bbox 190 4476 1744 4546">
     <span class='ocr_line' id='line_1_76' title="bbox 190 4476 1744 4546; baseline -0.001 -17"><span class='ocrx_word' id='word_1_532' title='bbox 190 4485 273 4541; x_wconf 80' lang='lat' dir='ltr'><strong>pro</strong></span> <span class='ocrx_word' id='word_1_533' title='bbox 301 4489 394 4529; x_wconf 81' lang='lat' dir='ltr'><strong>sua</strong></span> <span class='ocrx_word' id='word_1_534' title='bbox 426 4476 480 4529; x_wconf 88' lang='lat' dir='ltr'><strong>in</strong></span> <span class='ocrx_word' id='word_1_535' title='bbox 514 4476 605 4531; x_wconf 82' lang='lat' dir='ltr'><strong>his</strong></span> <span class='ocrx_word' id='word_1_536' title='bbox 639 4476 802 4531; x_wconf 90' lang='lat' dir='ltr'><strong>rebus</strong></span> <span class='ocrx_word' id='word_1_537' title='bbox 833 4476 1074 4542; x_wconf 87' lang='lat' dir='ltr'><strong>solertia,</strong></span> <span class='ocrx_word' id='word_1_538' title='bbox 1112 4476 1164 4531; x_wconf 88' lang='lat' dir='ltr'><strong>id</strong></span> <span class='ocrx_word' id='word_1_539' title='bbox 1199 4476 1495 4546; x_wconf 67' lang='lat' dir='ltr'><strong>praeterire,</strong></span> <span class='ocrx_word' id='word_1_540' title='bbox 1527 4476 1744 4545; x_wconf 87' lang='lat' dir='ltr'><strong>opinor,</strong></span> 
     </span>
    </p>
   </div>
   <div class='ocr_carea' id='block_1_77' title="bbox 194 4566 1749 4638">
    <p class='ocr_par' dir='ltr' id='par_1_77' title="bbox 194 4566 1749 4638">
     <span class='ocr_line' id='line_1_77' title="bbox 194 4566 1749 4638; baseline 0.003 -21"><span class='ocrx_word' id='word_1_541' title='bbox 194 4566 499 4635; x_wconf 84' lang='lat' dir='ltr'><strong>noluissent;</strong></span> <span class='ocrx_word' id='word_1_542' title='bbox 543 4568 642 4623; x_wconf 90' lang='lat' dir='ltr'><strong>sed</strong></span> <span class='ocrx_word' id='word_1_543' title='bbox 669 4569 895 4623; x_wconf 85' lang='lat' dir='ltr'><strong>omnino</strong></span> <span class='ocrx_word' id='word_1_544' title='bbox 924 4583 1034 4623; x_wconf 91' lang='lat' dir='ltr'><strong>non</strong></span> <span class='ocrx_word' id='word_1_545' title='bbox 1062 4569 1300 4637; x_wconf 85' lang='lat' dir='ltr'><strong>scripsit.</strong></span> <span class='ocrx_word' id='word_1_546' title='bbox 1344 4569 1602 4623; x_wconf 84' lang='lat' dir='ltr'><strong>Auctoris</strong></span> <span class='ocrx_word' id='word_1_547' title='bbox 1634 4570 1749 4638; x_wconf 81' lang='lat' dir='ltr'><strong>cpi--</strong></span> 
     </span>
    </p>
   </div>
   <div class='ocr_carea' id='block_1_78' title="bbox 192 4659 1748 4734">
    <p class='ocr_par' dir='ltr' id='par_1_78' title="bbox 192 4659 1748 4734">
     <span class='ocr_line' id='line_1_78' title="bbox 192 4659 1748 4734; baseline 0.001 -23"><span class='ocrx_word' id='word_1_548' title='bbox 192 4659 318 4714; x_wconf 61' lang='lat' dir='ltr'><strong>stola</strong></span> <span class='ocrx_word' id='word_1_549' title='bbox 358 4662 522 4716; x_wconf 83' lang='lat' dir='ltr'><strong>verba</strong></span> <span class='ocrx_word' id='word_1_550' title='bbox 560 4662 679 4715; x_wconf 63' lang='lat' dir='ltr'><strong>haec</strong></span> <span class='ocrx_word' id='word_1_551' title='bbox 710 4669 841 4715; x_wconf 92' lang='lat' dir='ltr'><strong>sunt</strong></span> <span class='ocrx_word' id='word_1_552' title='bbox 889 4662 957 4716; x_wconf 90' lang='lat' dir='ltr'><strong>de</strong></span> <span class='ocrx_word' id='word_1_553' title='bbox 996 4660 1420 4730; x_wconf 43' lang='lat' dir='ltr'><strong>Christo?pr</strong></span> <span class='ocrx_word' id='word_1_554' title='bbox 1464 4660 1574 4734; x_wconf 79' lang='grc' dir='ltr'><strong>γὰρ</strong></span> <span class='ocrx_word' id='word_1_555' title='bbox 1610 4660 1748 4732; x_wconf 76' lang='grc' dir='ltr'><strong>μετὰ</strong></span> 
     </span>
    </p>
   </div>
   <div class='ocr_carea' id='block_1_79' title="bbox 191 4745 1750 4823">
    <p class='ocr_par' dir='ltr' id='par_1_79' title="bbox 191 4745 1750 4823">
     <span class='ocr_line' id='line_1_79' title="bbox 191 4745 1750 4823; baseline 0.004 -24"><span class='ocrx_word' id='word_1_556' title='bbox 191 4745 271 4817; x_wconf 74' lang='grc' dir='ltr'>τὴν</span> <span class='ocrx_word' id='word_1_557' title='bbox 314 4749 611 4804; x_wconf 79' lang='grc' dir='ltr'>ἀνάστασιν</span> <span class='ocrx_word' id='word_1_558' title='bbox 661 4753 720 4803; x_wconf 79' lang='grc' dir='ltr'><strong>ὲν</strong></span> <span class='ocrx_word' id='word_1_559' title='bbox 771 4751 933 4823; x_wconf 78' lang='grc' dir='ltr'>σαρκὶ</span> <span class='ocrx_word' id='word_1_560' title='bbox 985 4751 1148 4805; x_wconf 78' lang='grc' dir='ltr'>αὐτὸν</span> <span class='ocrx_word' id='word_1_561' title='bbox 1197 4747 1315 4805; x_wconf 78' lang='grc' dir='ltr'><strong>οἶδα</strong></span> <span class='ocrx_word' id='word_1_562' title='bbox 1365 4751 1459 4806; x_wconf 82' lang='grc' dir='ltr'><strong>καὶ</strong></span> <span class='ocrx_word' id='word_1_563' title='bbox 1509 4751 1750 4806; x_wconf 79' lang='grc' dir='ltr'>πιστεύω</span> 
     </span>
    </p>
   </div>
   <div class='ocr_carea' id='block_1_80' title="bbox 192 4838 1747 4916">
    <p class='ocr_par' dir='ltr' id='par_1_80' title="bbox 192 4838 1747 4916">
     <span class='ocr_line' id='line_1_80' title="bbox 192 4838 1747 4916; baseline 0.005 -23"><span class='ocrx_word' id='word_1_564' title='bbox 192 4838 316 4895; x_wconf 71' lang='grc' dir='ltr'>ὄντα.</span> <span class='ocrx_word' id='word_1_565' title='bbox 346 4842 423 4898; x_wconf 90' lang='lat' dir='ltr'><strong>lta</strong></span> <span class='ocrx_word' id='word_1_566' title='bbox 456 4846 513 4899; x_wconf 89' lang='lat' dir='ltr'><strong>in</strong></span> <span class='ocrx_word' id='word_1_567' title='bbox 550 4845 742 4900; x_wconf 89' lang='lat' dir='ltr'><strong>codice</strong></span> <span class='ocrx_word' id='word_1_568' title='bbox 775 4843 1143 4899; x_wconf 83' lang='lat' dir='ltr'><strong>Laurentiano</strong></span> <span class='ocrx_word' id='word_1_569' title='bbox 1175 4845 1406 4916; x_wconf 78' lang='lat' dir='ltr'><strong>legitur;</strong></span> <span class='ocrx_word' id='word_1_570' title='bbox 1443 4846 1633 4901; x_wconf 88' lang='lat' dir='ltr'><strong>eadem</strong></span> <span class='ocrx_word' id='word_1_571' title='bbox 1668 4846 1747 4900; x_wconf 85' lang='lat' dir='ltr'><strong>le-</strong></span> 
     </span>
    </p>
   </div>
   <div class='ocr_carea' id='block_1_81' title="bbox 194 4932 1748 5007">
    <p class='ocr_par' dir='ltr' id='par_1_81' title="bbox 194 4932 1748 5007">
     <span class='ocr_line' id='line_1_81' title="bbox 194 4932 1748 5007; baseline 0.006 -21"><span class='ocrx_word' id='word_1_572' title='bbox 194 4932 283 4988; x_wconf 87' lang='lat' dir='ltr'><strong>ctio</strong></span> <span class='ocrx_word' id='word_1_573' title='bbox 306 4937 444 5006; x_wconf 85' lang='lat' dir='ltr'><strong>apud</strong></span> <span class='ocrx_word' id='word_1_574' title='bbox 481 4937 786 4993; x_wconf 85' lang='lat' dir='ltr'><strong>Eusebium</strong></span> <span class='ocrx_word' id='word_1_575' title='bbox 819 4937 1127 5004; x_wconf 89' lang='lat' dir='ltr'><strong>invenitur;</strong></span> <span class='ocrx_word' id='word_1_576' title='bbox 1162 4938 1411 4993; x_wconf 77' lang='lat' dir='ltr'><strong>eamdem</strong></span> <span class='ocrx_word' id='word_1_577' title='bbox 1446 4954 1748 5007; x_wconf 67' lang='lat' dir='ltr'><strong>rcprmsen-</strong></span> 
     </span>
    </p>
   </div>
   <div class='ocr_carea' id='block_1_82' title="bbox 196 5026 1749 5097">
    <p class='ocr_par' dir='ltr' id='par_1_82' title="bbox 196 5026 1749 5097">
     <span class='ocr_line' id='line_1_82' title="bbox 196 5026 1749 5097; baseline 0.003 -19"><span class='ocrx_word' id='word_1_578' title='bbox 196 5033 260 5079; x_wconf 80' lang='lat' dir='ltr'><strong>tat</strong></span> <span class='ocrx_word' id='word_1_579' title='bbox 282 5026 695 5097; x_wconf 82' lang='lat' dir='ltr'><strong>Theodoretus;</strong></span> <span class='ocrx_word' id='word_1_580' title='bbox 720 5030 968 5084; x_wconf 90' lang='lat' dir='ltr'><strong>eamdem</strong></span> <span class='ocrx_word' id='word_1_581' title='bbox 1004 5031 1350 5084; x_wconf 86' lang='lat' dir='ltr'><strong>retinuerunt</strong></span> <span class='ocrx_word' id='word_1_582' title='bbox 1381 5028 1556 5084; x_wconf 68' lang='lat' dir='ltr'><strong>Graeci</strong></span> <span class='ocrx_word' id='word_1_583' title='bbox 1594 5030 1749 5085; x_wconf 86' lang='lat' dir='ltr'><strong>codi-</strong></span> 
     </span>
    </p>
   </div>
   <div class='ocr_carea' id='block_1_83' title="bbox 196 5121 1744 5196">
    <p class='ocr_par' dir='ltr' id='par_1_83' title="bbox 196 5121 1744 5196">
     <span class='ocr_line' id='line_1_83' title="bbox 196 5121 1744 5196; baseline 0.001 -19"><span class='ocrx_word' id='word_1_584' title='bbox 196 5134 269 5177; x_wconf 81' lang='lat' dir='ltr'><strong>ces</strong></span> <span class='ocrx_word' id='word_1_585' title='bbox 300 5124 525 5196; x_wconf 69' lang='lat' dir='ltr'><strong>vulgati,</strong></span> <span class='ocrx_word' id='word_1_586' title='bbox 561 5134 679 5180; x_wconf 92' lang='lat' dir='ltr'><strong>tum</strong></span> <span class='ocrx_word' id='word_1_587' title='bbox 712 5121 1188 5195; x_wconf 83' lang='lat' dir='ltr'><strong>Nydpruccianus,</strong></span> <span class='ocrx_word' id='word_1_588' title='bbox 1222 5133 1339 5178; x_wconf 91' lang='lat' dir='ltr'><strong>tum</strong></span> <span class='ocrx_word' id='word_1_589' title='bbox 1386 5123 1744 5195; x_wconf 77' lang='lat' dir='ltr'><strong>Tylinganus,</strong></span> 
     </span>
    </p>
   </div>
   <div class='ocr_carea' id='block_1_84' title="bbox 196 5216 1749 5288">
    <p class='ocr_par' dir='ltr' id='par_1_84' title="bbox 196 5216 1749 5288">
     <span class='ocr_line' id='line_1_84' title="bbox 196 5216 1749 5288; baseline 0.003 -22"><span class='ocrx_word' id='word_1_590' title='bbox 196 5221 290 5267; x_wconf 77' lang='lat' dir='ltr'><strong>tnui</strong></span> <span class='ocrx_word' id='word_1_591' title='bbox 317 5216 677 5288; x_wconf 83' lang='lat' dir='ltr'><strong>Anglicanus,</strong></span> <span class='ocrx_word' id='word_1_592' title='bbox 701 5232 895 5271; x_wconf 91' lang='lat' dir='ltr'><strong>omnes</strong></span> <span class='ocrx_word' id='word_1_593' title='bbox 928 5233 960 5271; x_wconf 91' lang='lat' dir='ltr'><strong>a</strong></span> <span class='ocrx_word' id='word_1_594' title='bbox 1005 5232 1174 5271; x_wconf 88' lang='lat' dir='ltr'><strong>manu</strong></span> <span class='ocrx_word' id='word_1_595' title='bbox 1204 5216 1613 5286; x_wconf 88' lang='lat' dir='ltr'><strong>interpolatoris</strong></span> <span class='ocrx_word' id='word_1_596' title='bbox 1648 5219 1749 5271; x_wconf 89' lang='lat' dir='ltr'><strong>hoc</strong></span> 
     </span>
    </p>
   </div>
   <div class='ocr_carea' id='block_1_85' title="bbox 198 5306 1748 5379">
    <p class='ocr_par' dir='ltr' id='par_1_85' title="bbox 198 5306 1748 5379">
     <span class='ocr_line' id='line_1_85' title="bbox 198 5306 1748 5379; baseline 0.001 -17"><span class='ocrx_word' id='word_1_597' title='bbox 198 5306 297 5362; x_wconf 81' lang='lat' dir='ltr'><strong>loco</strong></span> <span class='ocrx_word' id='word_1_598' title='bbox 325 5309 498 5364; x_wconf 89' lang='lat' dir='ltr'><strong>liberi.</strong></span> <span class='ocrx_word' id='word_1_599' title='bbox 538 5307 803 5365; x_wconf 87' lang='lat' dir='ltr'><strong>Summus</strong></span> <span class='ocrx_word' id='word_1_600' title='bbox 837 5309 927 5364; x_wconf 89' lang='lat' dir='ltr'><strong>hic</strong></span> <span class='ocrx_word' id='word_1_601' title='bbox 959 5308 1127 5379; x_wconf 81' lang='lat' dir='ltr'><strong>igitur</strong></span> <span class='ocrx_word' id='word_1_602' title='bbox 1157 5317 1213 5362; x_wconf 90' lang='lat' dir='ltr'><strong>et</strong></span> <span class='ocrx_word' id='word_1_603' title='bbox 1243 5307 1521 5373; x_wconf 85' lang='lat' dir='ltr'><strong>codicum,</strong></span> <span class='ocrx_word' id='word_1_604' title='bbox 1552 5316 1606 5362; x_wconf 91' lang='lat' dir='ltr'><strong>et</strong></span> <span class='ocrx_word' id='word_1_605' title='bbox 1652 5322 1748 5363; x_wconf 80' lang='lat' dir='ltr'><strong>ex-</strong></span> 
     </span>
    </p>
   </div>
   <div class='ocr_carea' id='block_1_86' title="bbox 197 5401 1749 5473">
    <p class='ocr_par' dir='ltr' id='par_1_86' title="bbox 197 5401 1749 5473">
     <span class='ocr_line' id='line_1_86' title="bbox 197 5401 1749 5473; baseline -0.001 -17"><span class='ocrx_word' id='word_1_606' title='bbox 197 5409 476 5468; x_wconf 74' lang='lat' dir='ltr'><strong>cerptorum</strong></span> <span class='ocrx_word' id='word_1_607' title='bbox 500 5416 838 5470; x_wconf 88' lang='lat' dir='ltr'><strong>consensus;</strong></span> <span class='ocrx_word' id='word_1_608' title='bbox 872 5417 1037 5473; x_wconf 86' lang='lat' dir='ltr'><strong>quem</strong></span> <span class='ocrx_word' id='word_1_609' title='bbox 1070 5411 1255 5456; x_wconf 90' lang='lat' dir='ltr'><strong>tamen</strong></span> <span class='ocrx_word' id='word_1_610' title='bbox 1284 5401 1440 5457; x_wconf 84' lang='lat' dir='ltr'><strong>miris</strong></span> <span class='ocrx_word' id='word_1_611' title='bbox 1470 5401 1749 5471; x_wconf 86' lang='lat' dir='ltr'><strong>conjectu-</strong></span> 
     </span>
    </p>
   </div>
   <div class='ocr_carea' id='block_1_87' title="bbox 198 5488 1747 5565">
    <p class='ocr_par' dir='ltr' id='par_1_87' title="bbox 198 5488 1747 5565">
     <span class='ocr_line' id='line_1_87' title="bbox 198 5488 1747 5565; baseline 0.003 -21"><span class='ocrx_word' id='word_1_612' title='bbox 198 5488 259 5544; x_wconf 88' lang='lat' dir='ltr'><strong>ris</strong></span> <span class='ocrx_word' id='word_1_613' title='bbox 294 5491 622 5550; x_wconf 83' lang='lat' dir='ltr'><strong>labefactare</strong></span> <span class='ocrx_word' id='word_1_614' title='bbox 668 5504 901 5550; x_wconf 87' lang='lat' dir='ltr'><strong>conatur</strong></span> <span class='ocrx_word' id='word_1_615' title='bbox 936 5495 1010 5549; x_wconf 78' lang='lat' dir='ltr'><strong>vii</strong></span> <span class='ocrx_word' id='word_1_616' title='bbox 1060 5495 1434 5559; x_wconf 85' lang='lat' dir='ltr'><strong>doctissimus,</strong></span> <span class='ocrx_word' id='word_1_617' title='bbox 1473 5494 1567 5565; x_wconf 90' lang='lat' dir='ltr'><strong>qui</strong></span> <span class='ocrx_word' id='word_1_618' title='bbox 1617 5495 1747 5549; x_wconf 83' lang='lat' dir='ltr'><strong>alibi</strong></span> 
     </span>
    </p>
   </div>
   <div class='ocr_carea' id='block_1_88' title="bbox 200 5584 1745 5659">
    <p class='ocr_par' dir='ltr' id='par_1_88' title="bbox 200 5584 1745 5659">
     <span class='ocr_line' id='line_1_88' title="bbox 200 5584 1745 5659; baseline 0.002 -23"><span class='ocrx_word' id='word_1_619' title='bbox 200 5584 478 5642; x_wconf 74' lang='lat' dir='ltr'><strong>exclamare</strong></span> <span class='ocrx_word' id='word_1_620' title='bbox 531 5587 692 5655; x_wconf 90' lang='lat' dir='ltr'><strong>solet,</strong></span> <span class='ocrx_word' id='word_1_621' title='bbox 735 5587 951 5659; x_wconf 86' lang='lat' dir='ltr'><strong>quoties</strong></span> <span class='ocrx_word' id='word_1_622' title='bbox 983 5587 1166 5657; x_wconf 88' lang='lat' dir='ltr'><strong>aliqua</strong></span> <span class='ocrx_word' id='word_1_623' title='bbox 1214 5597 1458 5642; x_wconf 87' lang='lat' dir='ltr'><strong>veterum</strong></span> <span class='ocrx_word' id='word_1_624' title='bbox 1492 5584 1745 5641; x_wconf 89' lang='lat' dir='ltr'><strong>codicum</strong></span> 
     </span>
    </p>
   </div>
   <div class='ocr_carea' id='block_1_89' title="bbox 200 5664 1408 5741">
    <p class='ocr_par' dir='ltr' id='par_1_89' title="bbox 200 5664 1408 5741">
     <span class='ocr_line' id='line_1_89' title="bbox 200 5664 1408 5741; baseline -0.001 -9"><span class='ocrx_word' id='word_1_625' title='bbox 200 5672 334 5741; x_wconf 62' lang='lat' dir='ltr'><strong>lectio</strong></span> <span class='ocrx_word' id='word_1_626' title='bbox 358 5679 703 5735; x_wconf 83' lang='lat' dir='ltr'><strong>sollicitatur.</strong></span> <span class='ocrx_word' id='word_1_627' title='bbox 1405 5664 1408 5667; x_wconf 49' lang='grc'>’</span> 
     </span>
    </p>
   </div>
   <div class='ocr_carea' id='block_1_90' title="bbox 254 5764 1746 5843">
    <p class='ocr_par' dir='ltr' id='par_1_90' title="bbox 254 5764 1746 5843">
     <span class='ocr_line' id='line_1_90' title="bbox 254 5764 1746 5843; baseline 0.001 -21"><span class='ocrx_word' id='word_1_628' title='bbox 254 5764 466 5841; x_wconf 60' lang='lat' dir='ltr'><strong>Brimo:</strong></span> <span class='ocrx_word' id='word_1_629' title='bbox 500 5791 519 5824; x_wconf 75' lang='grc' dir='ltr'>ι</span> <span class='ocrx_word' id='word_1_630' title='bbox 552 5770 855 5843; x_wconf 83' lang='lat' dir='ltr'><strong>Editionem</strong></span> <span class='ocrx_word' id='word_1_631' title='bbox 889 5770 1135 5840; x_wconf 71' lang='lat' dir='ltr'><strong>Graecam</strong></span> <span class='ocrx_word' id='word_1_632' title='bbox 1168 5771 1443 5840; x_wconf 74' lang='lat' dir='ltr'><strong>vulgatam</strong></span> <span class='ocrx_word' id='word_1_633' title='bbox 1475 5768 1609 5836; x_wconf 82' lang='lat' dir='ltr'><strong>nihil</strong></span> <span class='ocrx_word' id='word_1_634' title='bbox 1630 5784 1746 5827; x_wconf 79' lang='lat' dir='ltr'><strong>mo-</strong></span> 
     </span>
    </p>
   </div>
   <div class='ocr_carea' id='block_1_91' title="bbox 1841 3153 3429 3237">
    <p class='ocr_par' dir='ltr' id='par_1_91' title="bbox 1841 3153 3429 3237">
     <span class='ocr_line' id='line_1_91' title="bbox 1841 3153 3429 3237; baseline -0.011 -12"><span class='ocrx_word' id='word_1_635' title='bbox 1841 3171 2002 3225; x_wconf 18' lang='lat' dir='ltr'><strong>‘ximo</strong></span> <span class='ocrx_word' id='word_1_636' title='bbox 2033 3165 2394 3237; x_wconf 87' lang='lat' dir='ltr'><strong>sapientiores</strong></span> <span class='ocrx_word' id='word_1_637' title='bbox 2428 3159 2724 3232; x_wconf 88' lang='lat' dir='ltr'><strong>judicabit,</strong></span> <span class='ocrx_word' id='word_1_638' title='bbox 2761 3171 2903 3228; x_wconf 87' lang='lat' dir='ltr'><strong>quos</strong></span> <span class='ocrx_word' id='word_1_639' title='bbox 2940 3154 3095 3209; x_wconf 78' lang='lat' dir='ltr'><strong>omni</strong></span> <span class='ocrx_word' id='word_1_640' title='bbox 3138 3168 3255 3208; x_wconf 70' lang='lat' dir='ltr'><strong>aevo</strong></span> <span class='ocrx_word' id='word_1_641' title='bbox 3281 3153 3429 3207; x_wconf 81' lang='lat' dir='ltr'><strong>viros</strong></span> 
     </span>
    </p>
   </div>
   <div class='ocr_carea' id='block_1_92' title="bbox 1851 3246 3430 3323">
    <p class='ocr_par' dir='ltr' id='par_1_92' title="bbox 1851 3246 3430 3323">
     <span class='ocr_line' id='line_1_92' title="bbox 1851 3246 3430 3323; baseline -0.012 -4"><span class='ocrx_word' id='word_1_642' title='bbox 1851 3263 2023 3319; x_wconf 89' lang='lat' dir='ltr'><strong>fuisse</strong></span> <span class='ocrx_word' id='word_1_643' title='bbox 2072 3261 2343 3316; x_wconf 83' lang='lat' dir='ltr'><strong>bonarum</strong></span> <span class='ocrx_word' id='word_1_644' title='bbox 2396 3257 2706 3311; x_wconf 81' lang='lat' dir='ltr'><strong>litterarum</strong></span> <span class='ocrx_word' id='word_1_645' title='bbox 2756 3252 3011 3323; x_wconf 84' lang='lat' dir='ltr'><strong>ignaros,</strong></span> <span class='ocrx_word' id='word_1_646' title='bbox 3058 3247 3309 3304; x_wconf 87' lang='lat' dir='ltr'><strong>mercede</strong></span> <span class='ocrx_word' id='word_1_647' title='bbox 3359 3246 3430 3301; x_wconf 86' lang='lat' dir='ltr'><strong>ad</strong></span> 
     </span>
    </p>
   </div>
   <div class='ocr_carea' id='block_1_93' title="bbox 1840 3340 3429 3428">
    <p class='ocr_par' dir='ltr' id='par_1_93' title="bbox 1840 3340 3429 3428">
     <span class='ocr_line' id='line_1_93' title="bbox 1840 3340 3429 3428; baseline -0.01 -18"><span class='ocrx_word' id='word_1_648' title='bbox 1840 3352 2273 3411; x_wconf 81' lang='lat' dir='ltr'><strong>exscribendum</strong></span> <span class='ocrx_word' id='word_1_649' title='bbox 2321 3346 2698 3428; x_wconf 86' lang='lat' dir='ltr'><strong>tantummodo</strong></span> <span class='ocrx_word' id='word_1_650' title='bbox 2748 3345 3072 3408; x_wconf 88' lang='lat' dir='ltr'><strong>conductos,</strong></span> <span class='ocrx_word' id='word_1_651' title='bbox 3101 3340 3203 3396; x_wconf 86' lang='lat' dir='ltr'><strong>viri</strong></span> <span class='ocrx_word' id='word_1_652' title='bbox 3236 3352 3429 3395; x_wconf 82' lang='lat' dir='ltr'><strong>omnes</strong></span> 
     </span>
    </p>
   </div>
   <div class='ocr_carea' id='block_1_94' title="bbox 1850 3438 3429 3504">
    <p class='ocr_par' dir='ltr' id='par_1_94' title="bbox 1850 3438 3429 3504">
     <span class='ocr_line' id='line_1_94' title="bbox 1850 3438 3429 3504; baseline -0.009 -1"><span class='ocrx_word' id='word_1_653' title='bbox 1850 3448 1993 3503; x_wconf 89' lang='lat' dir='ltr'><strong>docti</strong></span> <span class='ocrx_word' id='word_1_654' title='bbox 2014 3456 2067 3501; x_wconf 92' lang='lat' dir='ltr'><strong>et</strong></span> <span class='ocrx_word' id='word_1_655' title='bbox 2102 3447 2159 3500; x_wconf 87' lang='lat' dir='ltr'><strong>in</strong></span> <span class='ocrx_word' id='word_1_656' title='bbox 2204 3445 2290 3500; x_wconf 91' lang='lat' dir='ltr'><strong>his</strong></span> <span class='ocrx_word' id='word_1_657' title='bbox 2323 3443 2489 3498; x_wconf 90' lang='lat' dir='ltr'><strong>rebus</strong></span> <span class='ocrx_word' id='word_1_658' title='bbox 2517 3441 2719 3496; x_wconf 88' lang='lat' dir='ltr'><strong>versati</strong></span> <span class='ocrx_word' id='word_1_659' title='bbox 2752 3447 2807 3494; x_wconf 92' lang='lat' dir='ltr'><strong>et</strong></span> <span class='ocrx_word' id='word_1_660' title='bbox 2844 3438 3173 3492; x_wconf 71' lang='lat' dir='ltr'><strong>eorrlitentur</strong></span> <span class='ocrx_word' id='word_1_661' title='bbox 3200 3443 3259 3490; x_wconf 81' lang='lat' dir='ltr'><strong>et</strong></span> <span class='ocrx_word' id='word_1_662' title='bbox 3287 3448 3429 3504; x_wconf 89' lang='lat' dir='ltr'><strong>que-</strong></span> 
     </span>
    </p>
   </div>
   <div class='ocr_carea' id='block_1_95' title="bbox 1851 3524 3431 3605">
    <p class='ocr_par' dir='ltr' id='par_1_95' title="bbox 1851 3524 3431 3605">
     <span class='ocr_line' id='line_1_95' title="bbox 1851 3524 3431 3605; baseline -0.01 -11"><span class='ocrx_word' id='word_1_663' title='bbox 1851 3539 2083 3595; x_wconf 83' lang='lat' dir='ltr'><strong>runtur?</strong></span> <span class='ocrx_word' id='word_1_664' title='bbox 2117 3537 2175 3592; x_wconf 90' lang='lat' dir='ltr'><strong>Si</strong></span> <span class='ocrx_word' id='word_1_665' title='bbox 2201 3535 2407 3605; x_wconf 87' lang='lat' dir='ltr'><strong>aliquid</strong></span> <span class='ocrx_word' id='word_1_666' title='bbox 2437 3534 2491 3587; x_wconf 91' lang='lat' dir='ltr'><strong>in</strong></span> <span class='ocrx_word' id='word_1_667' title='bbox 2523 3531 2745 3588; x_wconf 89' lang='lat' dir='ltr'><strong>Eusebii</strong></span> <span class='ocrx_word' id='word_1_668' title='bbox 2772 3528 2958 3585; x_wconf 81' lang='lat' dir='ltr'><strong>codice</strong></span> <span class='ocrx_word' id='word_1_669' title='bbox 2988 3535 3260 3582; x_wconf 86' lang='lat' dir='ltr'><strong>tentatum</strong></span> <span class='ocrx_word' id='word_1_670' title='bbox 3291 3524 3431 3579; x_wconf 84' lang='lat' dir='ltr'><strong>fuis-</strong></span> 
     </span>
    </p>
   </div>
   <div class='ocr_carea' id='block_1_96' title="bbox 1852 3622 3429 3707">
    <p class='ocr_par' dir='ltr' id='par_1_96' title="bbox 1852 3622 3429 3707">
     <span class='ocr_line' id='line_1_96' title="bbox 1852 3622 3429 3707; baseline -0.011 -15"><span class='ocrx_word' id='word_1_671' title='bbox 1852 3646 1954 3700; x_wconf 88' lang='lat' dir='ltr'><strong>set,</strong></span> <span class='ocrx_word' id='word_1_672' title='bbox 1997 3636 2122 3707; x_wconf 87' lang='lat' dir='ltr'><strong>quis</strong></span> <span class='ocrx_word' id='word_1_673' title='bbox 2153 3634 2306 3690; x_wconf 85' lang='lat' dir='ltr'><strong>dabit</strong></span> <span class='ocrx_word' id='word_1_674' title='bbox 2337 3648 2400 3688; x_wconf 90' lang='lat' dir='ltr'><strong>ea</strong></span> <span class='ocrx_word' id='word_1_675' title='bbox 2434 3628 2776 3687; x_wconf 90' lang='lat' dir='ltr'><strong>correctione</strong></span> <span class='ocrx_word' id='word_1_676' title='bbox 2812 3623 3166 3680; x_wconf 82' lang='lat' dir='ltr'><strong>Theodoreto</strong></span> <span class='ocrx_word' id='word_1_677' title='bbox 3200 3622 3429 3693; x_wconf 84' lang='lat' dir='ltr'><strong>imposi-</strong></span> 
     </span>
    </p>
   </div>
   <div class='ocr_carea' id='block_1_97' title="bbox 1850 3716 3429 3796">
    <p class='ocr_par' dir='ltr' id='par_1_97' title="bbox 1850 3716 3429 3796">
     <span class='ocr_line' id='line_1_97' title="bbox 1850 3716 3429 3796; baseline -0.009 -12"><span class='ocrx_word' id='word_1_678' title='bbox 1850 3740 1964 3784; x_wconf 88' lang='lat' dir='ltr'><strong>tum</strong></span> <span class='ocrx_word' id='word_1_679' title='bbox 2001 3728 2191 3794; x_wconf 90' lang='lat' dir='ltr'><strong>fuisse,</strong></span> <span class='ocrx_word' id='word_1_680' title='bbox 2225 3726 2319 3796; x_wconf 91' lang='lat' dir='ltr'><strong>qui</strong></span> <span class='ocrx_word' id='word_1_681' title='bbox 2365 3734 2449 3780; x_wconf 86' lang='lat' dir='ltr'><strong>tot</strong></span> <span class='ocrx_word' id='word_1_682' title='bbox 2479 3722 2586 3778; x_wconf 90' lang='lat' dir='ltr'><strong>alia</strong></span> <span class='ocrx_word' id='word_1_683' title='bbox 2626 3722 2744 3777; x_wconf 88' lang='lat' dir='ltr'><strong>loca</strong></span> <span class='ocrx_word' id='word_1_684' title='bbox 2792 3736 2903 3775; x_wconf 92' lang='lat' dir='ltr'><strong>non</strong></span> <span class='ocrx_word' id='word_1_685' title='bbox 2940 3736 3006 3774; x_wconf 73' lang='lat' dir='ltr'><strong>ex</strong></span> <span class='ocrx_word' id='word_1_686' title='bbox 3042 3717 3300 3784; x_wconf 76' lang='lat' dir='ltr'><strong>Eusebio,</strong></span> <span class='ocrx_word' id='word_1_687' title='bbox 3334 3716 3429 3771; x_wconf 80' lang='lat' dir='ltr'><strong>sed</strong></span> 
     </span>
    </p>
   </div>
   <div class='ocr_carea' id='block_1_98' title="bbox 1848 3811 3430 3892">
    <p class='ocr_par' dir='ltr' id='par_1_98' title="bbox 1848 3811 3430 3892">
     <span class='ocr_line' id='line_1_98' title="bbox 1848 3811 3430 3892; baseline -0.011 -14"><span class='ocrx_word' id='word_1_688' title='bbox 1848 3840 1915 3878; x_wconf 84' lang='lat' dir='ltr'><strong>ex</strong></span> <span class='ocrx_word' id='word_1_689' title='bbox 1941 3823 2078 3892; x_wconf 90' lang='lat' dir='ltr'><strong>ipsis</strong></span> <span class='ocrx_word' id='word_1_690' title='bbox 2110 3819 2303 3890; x_wconf 78' lang='lat' dir='ltr'><strong>lgnatii</strong></span> <span class='ocrx_word' id='word_1_691' title='bbox 2334 3818 2581 3888; x_wconf 89' lang='lat' dir='ltr'><strong>epistolis</strong></span> <span class='ocrx_word' id='word_1_692' title='bbox 2615 3813 3002 3884; x_wconf 86' lang='lat' dir='ltr'><strong>transcripsit?</strong></span> <span class='ocrx_word' id='word_1_693' title='bbox 3028 3811 3165 3878; x_wconf 84' lang='lat' dir='ltr'><strong>Quis</strong></span> <span class='ocrx_word' id='word_1_694' title='bbox 3200 3817 3430 3881; x_wconf 71' lang='lat' dir='ltr'><strong>praesta-</strong></span> 
     </span>
    </p>
   </div>
   <div class='ocr_carea' id='block_1_99' title="bbox 1850 3903 3428 3983">
    <p class='ocr_par' dir='ltr' id='par_1_99' title="bbox 1850 3903 3428 3983">
     <span class='ocr_line' id='line_1_99' title="bbox 1850 3903 3428 3983; baseline -0.012 -13"><span class='ocrx_word' id='word_1_695' title='bbox 1850 3916 1930 3971; x_wconf 89' lang='lat' dir='ltr'><strong>bit</strong></span> <span class='ocrx_word' id='word_1_696' title='bbox 1961 3914 2285 3983; x_wconf 86' lang='lat' dir='ltr'><strong>scriptorem</strong></span> <span class='ocrx_word' id='word_1_697' title='bbox 2337 3908 2695 3965; x_wconf 80' lang='lat' dir='ltr'><strong>Laurentiani</strong></span> <span class='ocrx_word' id='word_1_698' title='bbox 2744 3906 2980 3970; x_wconf 86' lang='lat' dir='ltr'><strong>codicis,</strong></span> <span class='ocrx_word' id='word_1_699' title='bbox 3012 3903 3206 3957; x_wconf 85' lang='lat' dir='ltr'><strong>relicto</strong></span> <span class='ocrx_word' id='word_1_700' title='bbox 3238 3915 3428 3954; x_wconf 82' lang='lat' dir='ltr'><strong>exem-</strong></span> 
     </span>
    </p>
   </div>
   <div class='ocr_carea' id='block_1_100' title="bbox 1848 3991 3430 4078">
    <p class='ocr_par' dir='ltr' id='par_1_100' title="bbox 1848 3991 3430 4078">
     <span class='ocr_line' id='line_1_100' title="bbox 1848 3991 3430 4078; baseline -0.01 -17"><span class='ocrx_word' id='word_1_701' title='bbox 1848 4006 1987 4078; x_wconf 88' lang='lat' dir='ltr'><strong>plari</strong></span> <span class='ocrx_word' id='word_1_702' title='bbox 2022 4021 2153 4068; x_wconf 91' lang='lat' dir='ltr'><strong>suo,</strong></span> <span class='ocrx_word' id='word_1_703' title='bbox 2192 4011 2288 4057; x_wconf 86' lang='lat' dir='ltr'><strong>aut</strong></span> <span class='ocrx_word' id='word_1_704' title='bbox 2334 4001 2553 4057; x_wconf 88' lang='lat' dir='ltr'><strong>Eusebii</strong></span> <span class='ocrx_word' id='word_1_705' title='bbox 2600 3999 2921 4062; x_wconf 83' lang='lat' dir='ltr'><strong>Historiam,</strong></span> <span class='ocrx_word' id='word_1_706' title='bbox 2961 4006 3055 4051; x_wconf 89' lang='lat' dir='ltr'><strong>aut</strong></span> <span class='ocrx_word' id='word_1_707' title='bbox 3102 3991 3430 4048; x_wconf 83' lang='lat' dir='ltr'><strong>Theodoreti</strong></span> 
     </span>
    </p>
   </div>
   <div class='ocr_carea' id='block_1_101' title="bbox 1849 4085 3427 4170">
    <p class='ocr_par' dir='ltr' id='par_1_101' title="bbox 1849 4085 3427 4170">
     <span class='ocr_line' id='line_1_101' title="bbox 1849 4085 3427 4170; baseline -0.011 -15"><span class='ocrx_word' id='word_1_708' title='bbox 1849 4098 2249 4170; x_wconf 89' lang='lat' dir='ltr'><strong>disputationes</strong></span> <span class='ocrx_word' id='word_1_709' title='bbox 2294 4096 2350 4151; x_wconf 92' lang='lat' dir='ltr'><strong>in</strong></span> <span class='ocrx_word' id='word_1_710' title='bbox 2392 4095 2685 4150; x_wconf 89' lang='lat' dir='ltr'><strong>consilium</strong></span> <span class='ocrx_word' id='word_1_711' title='bbox 2720 4090 3060 4147; x_wconf 81' lang='lat' dir='ltr'><strong>adhibuisse.</strong></span> <span class='ocrx_word' id='word_1_712' title='bbox 3116 4085 3292 4141; x_wconf 82' lang='lat' dir='ltr'><strong>Nimis</strong></span> <span class='ocrx_word' id='word_1_713' title='bbox 3338 4085 3427 4139; x_wconf 84' lang='lat' dir='ltr'><strong>di-</strong></span> 
     </span>
    </p>
   </div>
   <div class='ocr_carea' id='block_1_102' title="bbox 1849 4178 3428 4258">
    <p class='ocr_par' dir='ltr' id='par_1_102' title="bbox 1849 4178 3428 4258">
     <span class='ocr_line' id='line_1_102' title="bbox 1849 4178 3428 4258; baseline -0.011 -10"><span class='ocrx_word' id='word_1_714' title='bbox 1849 4193 1979 4247; x_wconf 63' lang='lat' dir='ltr'><strong>lutae</strong></span> <span class='ocrx_word' id='word_1_715' title='bbox 2011 4198 2142 4247; x_wconf 87' lang='lat' dir='ltr'><strong>sunt</strong></span> <span class='ocrx_word' id='word_1_716' title='bbox 2182 4191 2267 4244; x_wconf 68' lang='lat' dir='ltr'><strong>hae</strong></span> <span class='ocrx_word' id='word_1_717' title='bbox 2303 4188 2662 4258; x_wconf 64' lang='lat' dir='ltr'><strong>conjecturae;</strong></span> <span class='ocrx_word' id='word_1_718' title='bbox 2694 4197 2748 4240; x_wconf 90' lang='lat' dir='ltr'><strong>et</strong></span> <span class='ocrx_word' id='word_1_719' title='bbox 2790 4183 3103 4254; x_wconf 71' lang='lat' dir='ltr'><strong>aequissima</strong></span> <span class='ocrx_word' id='word_1_720' title='bbox 3134 4178 3428 4250; x_wconf 87' lang='lat' dir='ltr'><strong>postulatio</strong></span> 
     </span>
    </p>
   </div>
   <div class='ocr_carea' id='block_1_103' title="bbox 1850 4271 3431 4354">
    <p class='ocr_par' dir='ltr' id='par_1_103' title="bbox 1850 4271 3431 4354">
     <span class='ocr_line' id='line_1_103' title="bbox 1850 4271 3431 4354; baseline -0.012 -13"><span class='ocrx_word' id='word_1_721' title='bbox 1850 4296 1956 4354; x_wconf 87' lang='lat' dir='ltr'><strong>est,</strong></span> <span class='ocrx_word' id='word_1_722' title='bbox 1993 4292 2053 4339; x_wconf 88' lang='lat' dir='ltr'><strong>ut</strong></span> <span class='ocrx_word' id='word_1_723' title='bbox 2082 4299 2145 4339; x_wconf 88' lang='lat' dir='ltr'><strong>ea</strong></span> <span class='ocrx_word' id='word_1_724' title='bbox 2180 4299 2279 4353; x_wconf 91' lang='lat' dir='ltr'><strong>pro</strong></span> <span class='ocrx_word' id='word_1_725' title='bbox 2308 4281 2490 4336; x_wconf 90' lang='lat' dir='ltr'><strong>verbis</strong></span> <span class='ocrx_word' id='word_1_726' title='bbox 2521 4278 2875 4349; x_wconf 84' lang='lat' dir='ltr'><strong>epistularum</strong></span> <span class='ocrx_word' id='word_1_727' title='bbox 2922 4273 3162 4329; x_wconf 87' lang='lat' dir='ltr'><strong>auctoris</strong></span> <span class='ocrx_word' id='word_1_728' title='bbox 3191 4271 3431 4325; x_wconf 84' lang='lat' dir='ltr'><strong>habean—</strong></span> 
     </span>
    </p>
   </div>
   <div class='ocr_carea' id='block_1_104' title="bbox 1850 4365 3428 4445">
    <p class='ocr_par' dir='ltr' id='par_1_104' title="bbox 1850 4365 3428 4445">
     <span class='ocr_line' id='line_1_104' title="bbox 1850 4365 3428 4445; baseline -0.011 -13"><span class='ocrx_word' id='word_1_729' title='bbox 1850 4391 1961 4444; x_wconf 78' lang='lat' dir='ltr'><strong>tur,</strong></span> <span class='ocrx_word' id='word_1_730' title='bbox 1991 4390 2114 4445; x_wconf 71' lang='lat' dir='ltr'><strong>qua:</strong></span> <span class='ocrx_word' id='word_1_731' title='bbox 2160 4374 2230 4428; x_wconf 89' lang='lat' dir='ltr'><strong>ab</strong></span> <span class='ocrx_word' id='word_1_732' title='bbox 2260 4372 2516 4427; x_wconf 91' lang='lat' dir='ltr'><strong>omnibus</strong></span> <span class='ocrx_word' id='word_1_733' title='bbox 2542 4369 2752 4425; x_wconf 56' lang='lat' dir='ltr'><strong>Grazcis</strong></span> <span class='ocrx_word' id='word_1_734' title='bbox 2784 4365 3208 4437; x_wconf 80' lang='lat' dir='ltr'><strong>exemplaribus,</strong></span> <span class='ocrx_word' id='word_1_735' title='bbox 3244 4370 3299 4416; x_wconf 83' lang='lat' dir='ltr'><strong>et</strong></span> <span class='ocrx_word' id='word_1_736' title='bbox 3330 4377 3428 4416; x_wconf 88' lang='lat' dir='ltr'><strong>ve-</strong></span> 
     </span>
    </p>
   </div>
   <div class='ocr_carea' id='block_1_105' title="bbox 1778 4443 3427 4535">
    <p class='ocr_par' dir='ltr' id='par_1_105' title="bbox 1778 4443 3427 4535">
     <span class='ocr_line' id='line_1_105' title="bbox 1778 4443 3427 4535; baseline -0.008 -12"><span class='ocrx_word' id='word_1_737' title='bbox 1778 4443 1823 4497; x_wconf 64' lang='grc' dir='ltr'><strong>ι)</strong></span> <span class='ocrx_word' id='word_1_738' title='bbox 1853 4443 2057 4523; x_wconf 78' lang='lat' dir='ltr'><strong>teribus</strong></span> <span class='ocrx_word' id='word_1_739' title='bbox 2080 4463 2347 4535; x_wconf 78' lang='lat' dir='ltr'><strong>excerptis</strong></span> <span class='ocrx_word' id='word_1_740' title='bbox 2369 4470 2761 4533; x_wconf 87' lang='lat' dir='ltr'><strong>agnoscuntur.</strong></span> <span class='ocrx_word' id='word_1_741' title='bbox 2796 4458 2868 4513; x_wconf 89' lang='lat' dir='ltr'><strong>lis</strong></span> <span class='ocrx_word' id='word_1_742' title='bbox 2895 4467 3076 4512; x_wconf 90' lang='lat' dir='ltr'><strong>autem</strong></span> <span class='ocrx_word' id='word_1_743' title='bbox 3107 4455 3290 4510; x_wconf 90' lang='lat' dir='ltr'><strong>verbis</strong></span> <span class='ocrx_word' id='word_1_744' title='bbox 3316 4469 3427 4509; x_wconf 82' lang='lat' dir='ltr'><strong>non</strong></span> 
     </span>
    </p>
   </div>
   <div class='ocr_carea' id='block_1_106' title="bbox 1849 4545 3429 4629">
    <p class='ocr_par' dir='ltr' id='par_1_106' title="bbox 1849 4545 3429 4629">
     <span class='ocr_line' id='line_1_106' title="bbox 1849 4545 3429 4629; baseline -0.011 -14"><span class='ocrx_word' id='word_1_745' title='bbox 1849 4561 2048 4615; x_wconf 86' lang='lat' dir='ltr'><strong>dicitur</strong></span> <span class='ocrx_word' id='word_1_746' title='bbox 2073 4559 2125 4613; x_wconf 92' lang='lat' dir='ltr'><strong>id</strong></span> <span class='ocrx_word' id='word_1_747' title='bbox 2152 4558 2293 4629; x_wconf 84' lang='lat' dir='ltr'><strong>quod</strong></span> <span class='ocrx_word' id='word_1_748' title='bbox 2321 4573 2351 4612; x_wconf 90' lang='lat' dir='ltr'><strong>a</strong></span> <span class='ocrx_word' id='word_1_749' title='bbox 2386 4557 2505 4612; x_wconf 91' lang='lat' dir='ltr'><strong>solo</strong></span> <span class='ocrx_word' id='word_1_750' title='bbox 2528 4553 2729 4608; x_wconf 61' lang='lat' dir='ltr'><strong>Dallaio</strong></span> <span class='ocrx_word' id='word_1_751' title='bbox 2749 4552 3022 4622; x_wconf 87' lang='lat' dir='ltr'><strong>objectum</strong></span> <span class='ocrx_word' id='word_1_752' title='bbox 3050 4557 3154 4614; x_wconf 89' lang='lat' dir='ltr'><strong>est,</strong></span> <span class='ocrx_word' id='word_1_753' title='bbox 3180 4547 3238 4602; x_wconf 89' lang='lat' dir='ltr'><strong>S.</strong></span> <span class='ocrx_word' id='word_1_754' title='bbox 3271 4545 3429 4615; x_wconf 80' lang='lat' dir='ltr'><strong>lgna-</strong></span> 
     </span>
    </p>
   </div>
   <div class='ocr_carea' id='block_1_107' title="bbox 1850 4635 3422 4707">
    <p class='ocr_par' dir='ltr' id='par_1_107' title="bbox 1850 4635 3422 4707">
     <span class='ocr_line' id='line_1_107' title="bbox 1850 4635 3422 4707; baseline -0.01 -1"><span class='ocrx_word' id='word_1_755' title='bbox 1850 4653 1985 4707; x_wconf 89' lang='lat' dir='ltr'><strong>tium</strong></span> <span class='ocrx_word' id='word_1_756' title='bbox 2008 4652 2064 4704; x_wconf 88' lang='lat' dir='ltr'><strong>in</strong></span> <span class='ocrx_word' id='word_1_757' title='bbox 2086 4665 2254 4705; x_wconf 90' lang='lat' dir='ltr'><strong>carne</strong></span> <span class='ocrx_word' id='word_1_758' title='bbox 2270 4648 2550 4703; x_wconf 90' lang='lat' dir='ltr'><strong>Christum</strong></span> <span class='ocrx_word' id='word_1_759' title='bbox 2574 4646 2797 4701; x_wconf 87' lang='lat' dir='ltr'><strong>vidisse.</strong></span> <span class='ocrx_word' id='word_1_760' title='bbox 2828 4643 2987 4697; x_wconf 84' lang='lat' dir='ltr'><strong>Aliud</strong></span> <span class='ocrx_word' id='word_1_761' title='bbox 3011 4642 3155 4695; x_wconf 89' lang='lat' dir='ltr'><strong>enim</strong></span> <span class='ocrx_word' id='word_1_762' title='bbox 3179 4648 3262 4694; x_wconf 88' lang='lat' dir='ltr'><strong>est</strong></span> <span class='ocrx_word' id='word_1_763' title='bbox 3283 4635 3422 4704; x_wconf 79' lang='grc' dir='ltr'>οῖδα,</span> 
     </span>
    </p>
   </div>
   <div class='ocr_carea' id='block_1_108' title="bbox 1849 4728 3427 4806">
    <p class='ocr_par' dir='ltr' id='par_1_108' title="bbox 1849 4728 3427 4806">
     <span class='ocr_line' id='line_1_108' title="bbox 1849 4728 3427 4806; baseline -0.007 -8"><span class='ocrx_word' id='word_1_764' title='bbox 1849 4744 1996 4799; x_wconf 87' lang='lat' dir='ltr'><strong>aliud</strong></span> <span class='ocrx_word' id='word_1_765' title='bbox 2029 4739 2163 4797; x_wconf 77' lang='grc' dir='ltr'>εἶδον</span> <span class='ocrx_word' id='word_1_766' title='bbox 2210 4742 2295 4796; x_wconf 91' lang='lat' dir='ltr'><strong>vel</strong></span> <span class='ocrx_word' id='word_1_767' title='bbox 2329 4741 2456 4795; x_wconf 79' lang='grc' dir='ltr'><strong>ι’δον⁸</strong></span> <span class='ocrx_word' id='word_1_768' title='bbox 2492 4755 2602 4793; x_wconf 86' lang='lat' dir='ltr'><strong>non</strong></span> <span class='ocrx_word' id='word_1_769' title='bbox 2642 4737 2907 4806; x_wconf 83' lang='lat' dir='ltr'><strong>scriptum</strong></span> <span class='ocrx_word' id='word_1_770' title='bbox 2951 4741 3034 4788; x_wconf 89' lang='lat' dir='ltr'><strong>est</strong></span> <span class='ocrx_word' id='word_1_771' title='bbox 3073 4728 3241 4800; x_wconf 79' lang='grc' dir='ltr'>εἶδον,</span> <span class='ocrx_word' id='word_1_772' title='bbox 3277 4733 3427 4802; x_wconf 86' lang='lat' dir='ltr'><strong>quod</strong></span> 
     </span>
    </p>
   </div>
   <div class='ocr_carea' id='block_1_109' title="bbox 1848 4826 3426 4901">
    <p class='ocr_par' dir='ltr' id='par_1_109' title="bbox 1848 4826 3426 4901">
     <span class='ocr_line' id='line_1_109' title="bbox 1848 4826 3426 4901; baseline -0.01 -8"><span class='ocrx_word' id='word_1_773' title='bbox 1848 4847 1934 4893; x_wconf 90' lang='lat' dir='ltr'><strong>est</strong></span> <span class='ocrx_word' id='word_1_774' title='bbox 1964 4836 2169 4892; x_wconf 66' lang='lat' dir='ltr'><strong>Graecis</strong></span> <span class='ocrx_word' id='word_1_775' title='bbox 2209 4854 2228 4886; x_wconf 87' lang='grc'><strong><em>‹</em></strong></span> <span class='ocrx_word' id='word_1_776' title='bbox 2255 4835 2387 4901; x_wconf 87' lang='lat' dir='ltr'><strong>vidi,</strong></span> <span class='ocrx_word' id='word_1_777' title='bbox 2416 4852 2435 4884; x_wconf 69' lang='grc' dir='ltr'><strong>ι</strong></span> <span class='ocrx_word' id='word_1_778' title='bbox 2473 4832 2569 4887; x_wconf 90' lang='lat' dir='ltr'><strong>sed</strong></span> <span class='ocrx_word' id='word_1_779' title='bbox 2612 4826 2756 4895; x_wconf 79' lang='grc' dir='ltr'>οἶδα,</span> <span class='ocrx_word' id='word_1_780' title='bbox 2790 4827 2937 4899; x_wconf 92' lang='lat' dir='ltr'><strong>quod</strong></span> <span class='ocrx_word' id='word_1_781' title='bbox 2971 4826 3162 4881; x_wconf 90' lang='lat' dir='ltr'><strong>iisdem</strong></span> <span class='ocrx_word' id='word_1_782' title='bbox 3210 4840 3426 4894; x_wconf 88' lang='lat' dir='ltr'><strong>semper</strong></span> 
     </span>
    </p>
   </div>
   <div class='ocr_carea' id='block_1_110' title="bbox 1849 4924 3424 4998">
    <p class='ocr_par' dir='ltr' id='par_1_110' title="bbox 1849 4924 3424 4998">
     <span class='ocr_line' id='line_1_110' title="bbox 1849 4924 3424 4998; baseline -0.008 -7"><span class='ocrx_word' id='word_1_783' title='bbox 1849 4943 1934 4991; x_wconf 90' lang='lat' dir='ltr'><strong>est</strong></span> <span class='ocrx_word' id='word_1_784' title='bbox 1987 4952 2007 4986; x_wconf 68' lang='grc' dir='ltr'>ι</span> <span class='ocrx_word' id='word_1_785' title='bbox 2036 4933 2229 4998; x_wconf 65' lang='lat' dir='ltr'><strong>novi,»</strong></span> <span class='ocrx_word' id='word_1_786' title='bbox 2275 4932 2360 4986; x_wconf 89' lang='lat' dir='ltr'><strong>vel</strong></span> <span class='ocrx_word' id='word_1_787' title='bbox 2408 4930 2586 4985; x_wconf 70' lang='lat' dir='ltr'><strong>«scio.</strong></span> <span class='ocrx_word' id='word_1_788' title='bbox 2616 4947 2635 4980; x_wconf 72' lang='grc' dir='ltr'><strong><em>ι</em></strong></span> <span class='ocrx_word' id='word_1_789' title='bbox 2692 4927 2767 4981; x_wconf 87' lang='lat' dir='ltr'><strong>Ita</strong></span> <span class='ocrx_word' id='word_1_790' title='bbox 2824 4927 3020 4980; x_wconf 87' lang='lat' dir='ltr'><strong>harum</strong></span> <span class='ocrx_word' id='word_1_791' title='bbox 3067 4924 3424 4994; x_wconf 80' lang='lat' dir='ltr'><strong>epistularum</strong></span> 
     </span>
    </p>
   </div>
   <div class='ocr_carea' id='block_1_111' title="bbox 1848 5012 3428 5094">
    <p class='ocr_par' dir='ltr' id='par_1_111' title="bbox 1848 5012 3428 5094">
     <span class='ocr_line' id='line_1_111' title="bbox 1848 5012 3428 5094; baseline -0.008 -12"><span class='ocrx_word' id='word_1_792' title='bbox 1848 5035 2041 5082; x_wconf 81' lang='lat' dir='ltr'><strong>auctor</strong></span> <span class='ocrx_word' id='word_1_793' title='bbox 2082 5026 2211 5080; x_wconf 88' lang='lat' dir='ltr'><strong>alibi</strong></span> <span class='ocrx_word' id='word_1_794' title='bbox 2245 5023 2549 5094; x_wconf 84' lang='lat' dir='ltr'><strong>distinguit.</strong></span> <span class='ocrx_word' id='word_1_795' title='bbox 2584 5021 2666 5076; x_wconf 86' lang='lat' dir='ltr'><strong>Ad</strong></span> <span class='ocrx_word' id='word_1_796' title='bbox 2694 5020 2956 5091; x_wconf 88' lang='lat' dir='ltr'><strong>Ephesios</strong></span> <span class='ocrx_word' id='word_1_797' title='bbox 2983 5018 3091 5073; x_wconf 70' lang='lat' dir='ltr'><strong>:Az‘</strong></span> <span class='ocrx_word' id='word_1_798' title='bbox 3112 5012 3185 5071; x_wconf 85' lang='grc' dir='ltr'>ὧν</span> <span class='ocrx_word' id='word_1_799' title='bbox 3216 5019 3428 5079; x_wconf 73' lang='grc' dir='ltr'>πάντας</span> 
     </span>
    </p>
   </div>
   <div class='ocr_carea' id='block_1_112' title="bbox 1850 5111 3425 5191">
    <p class='ocr_par' dir='ltr' id='par_1_112' title="bbox 1850 5111 3425 5191">
     <span class='ocr_line' id='line_1_112' title="bbox 1850 5111 3425 5191; baseline -0.006 -18"><span class='ocrx_word' id='word_1_800' title='bbox 1850 5121 1994 5191; x_wconf 81' lang='grc' dir='ltr'>ὑμᾶς</span> <span class='ocrx_word' id='word_1_801' title='bbox 2026 5118 2170 5173; x_wconf 81' lang='grc' dir='ltr'>κατὰ</span> <span class='ocrx_word' id='word_1_802' title='bbox 2202 5117 2422 5188; x_wconf 76' lang='grc' dir='ltr'>ἀγάπην</span> <span class='ocrx_word' id='word_1_803' title='bbox 2455 5111 2614 5179; x_wconf 78' lang='grc' dir='ltr'>εἶδον,</span> <span class='ocrx_word' id='word_1_804' title='bbox 2655 5133 2674 5164; x_wconf 82' lang='grc'><em>‹</em></span> <span class='ocrx_word' id='word_1_805' title='bbox 2698 5129 2793 5183; x_wconf 89' lang='lat' dir='ltr'><strong>per</strong></span> <span class='ocrx_word' id='word_1_806' title='bbox 2824 5127 2964 5181; x_wconf 90' lang='lat' dir='ltr'><strong>quos</strong></span> <span class='ocrx_word' id='word_1_807' title='bbox 2987 5127 3083 5165; x_wconf 89' lang='lat' dir='ltr'><strong>vos</strong></span> <span class='ocrx_word' id='word_1_808' title='bbox 3117 5124 3307 5164; x_wconf 90' lang='lat' dir='ltr'><strong>omnes</strong></span> <span class='ocrx_word' id='word_1_809' title='bbox 3337 5124 3425 5164; x_wconf 91' lang='lat' dir='ltr'><strong>se-</strong></span> 
     </span>
    </p>
   </div>
   <div class='ocr_carea' id='block_1_113' title="bbox 1849 5196 3424 5275">
    <p class='ocr_par' dir='ltr' id='par_1_113' title="bbox 1849 5196 3424 5275">
     <span class='ocr_line' id='line_1_113' title="bbox 1849 5196 3424 5275; baseline -0.01 -8"><span class='ocrx_word' id='word_1_810' title='bbox 1849 5212 2088 5267; x_wconf 90' lang='lat' dir='ltr'><strong>cundum</strong></span> <span class='ocrx_word' id='word_1_811' title='bbox 2120 5210 2439 5265; x_wconf 89' lang='lat' dir='ltr'><strong>charitatem</strong></span> <span class='ocrx_word' id='word_1_812' title='bbox 2473 5205 2604 5261; x_wconf 89' lang='lat' dir='ltr'><strong>vidi.</strong></span> <span class='ocrx_word' id='word_1_813' title='bbox 2630 5224 2649 5257; x_wconf 72' lang='grc' dir='ltr'><strong><em>ι</em></strong></span> <span class='ocrx_word' id='word_1_814' title='bbox 2679 5205 2760 5259; x_wconf 85' lang='lat' dir='ltr'><strong>Ad</strong></span> <span class='ocrx_word' id='word_1_815' title='bbox 2791 5201 3096 5275; x_wconf 85' lang='lat' dir='ltr'><strong>Magnesios</strong></span> <span class='ocrx_word' id='word_1_816' title='bbox 3128 5219 3142 5254; x_wconf 92' lang='lat'><strong>:</strong></span> <span class='ocrx_word' id='word_1_817' title='bbox 3176 5196 3307 5253; x_wconf 76' lang='grc' dir='ltr'><strong>Οἶδα</strong></span> <span class='ocrx_word' id='word_1_818' title='bbox 3339 5199 3424 5253; x_wconf 79' lang='grc' dir='ltr'><strong>ὅτι</strong></span> 
     </span>
    </p>
   </div>
   <div class='ocr_carea' id='block_1_114' title="bbox 1846 5290 3420 5373">
    <p class='ocr_par' dir='ltr' id='par_1_114' title="bbox 1846 5290 3420 5373">
     <span class='ocr_line' id='line_1_114' title="bbox 1846 5290 3420 5373; baseline -0.009 -15"><span class='ocrx_word' id='word_1_819' title='bbox 1846 5306 1907 5358; x_wconf 85' lang='grc' dir='ltr'>οὐ</span> <span class='ocrx_word' id='word_1_820' title='bbox 1942 5301 2253 5373; x_wconf 81' lang='grc' dir='ltr'>φυσιοῦσθε,</span> <span class='ocrx_word' id='word_1_821' title='bbox 2311 5318 2329 5351; x_wconf 85' lang='grc'><strong>‹</strong></span> <span class='ocrx_word' id='word_1_822' title='bbox 2354 5299 2481 5353; x_wconf 90' lang='lat' dir='ltr'><strong>novi</strong></span> <span class='ocrx_word' id='word_1_823' title='bbox 2514 5297 2773 5368; x_wconf 89' lang='lat' dir='ltr'><strong>quoniam</strong></span> <span class='ocrx_word' id='word_1_824' title='bbox 2808 5309 2916 5349; x_wconf 91' lang='lat' dir='ltr'><strong>non</strong></span> <span class='ocrx_word' id='word_1_825' title='bbox 2960 5290 3244 5356; x_wconf 82' lang='lat' dir='ltr'><strong>inflamini,</strong></span> <span class='ocrx_word' id='word_1_826' title='bbox 3266 5308 3284 5340; x_wconf 76' lang='grc' dir='ltr'><strong><em>ι</em></strong></span> <span class='ocrx_word' id='word_1_827' title='bbox 3323 5298 3420 5344; x_wconf 83' lang='lat' dir='ltr'><strong>et:</strong></span> 
     </span>
    </p>
   </div>
   <div class='ocr_carea' id='block_1_115' title="bbox 1849 5380 3424 5464">
    <p class='ocr_par' dir='ltr' id='par_1_115' title="bbox 1849 5380 3424 5464">
     <span class='ocr_line' id='line_1_115' title="bbox 1849 5380 3424 5464; baseline -0.01 -15"><span class='ocrx_word' id='word_1_828' title='bbox 1849 5391 1979 5449; x_wconf 78' lang='grc' dir='ltr'>Οἶδα</span> <span class='ocrx_word' id='word_1_829' title='bbox 2026 5395 2109 5448; x_wconf 81' lang='grc' dir='ltr'><strong>ὅτι</strong></span> <span class='ocrx_word' id='word_1_830' title='bbox 2155 5389 2511 5464; x_wconf 75' lang='grc' dir='ltr'>ἐντρέπεσθε,</span> <span class='ocrx_word' id='word_1_831' title='bbox 2552 5407 2571 5440; x_wconf 71' lang='grc' dir='ltr'>ι</span> <span class='ocrx_word' id='word_1_832' title='bbox 2601 5388 2724 5443; x_wconf 86' lang='lat' dir='ltr'><strong>novi</strong></span> <span class='ocrx_word' id='word_1_833' title='bbox 2773 5385 3034 5456; x_wconf 82' lang='lat' dir='ltr'><strong>quoniam</strong></span> <span class='ocrx_word' id='word_1_834' title='bbox 3081 5380 3424 5437; x_wconf 75' lang='lat' dir='ltr'><strong>verecunda-</strong></span> 
     </span>
    </p>
   </div>
   <div class='ocr_carea' id='block_1_116' title="bbox 1848 5471 3423 5550">
    <p class='ocr_par' dir='ltr' id='par_1_116' title="bbox 1848 5471 3423 5550">
     <span class='ocr_line' id='line_1_116' title="bbox 1848 5471 3423 5550; baseline -0.011 -9"><span class='ocrx_word' id='word_1_835' title='bbox 1848 5486 2045 5541; x_wconf 66' lang='lat' dir='ltr'><strong>mini.)</strong></span> <span class='ocrx_word' id='word_1_836' title='bbox 2079 5483 2159 5538; x_wconf 85' lang='lat' dir='ltr'><strong>Ad</strong></span> <span class='ocrx_word' id='word_1_837' title='bbox 2203 5480 2676 5550; x_wconf 87' lang='lat' dir='ltr'><strong>Philadelphicos,</strong></span> <span class='ocrx_word' id='word_1_838' title='bbox 2709 5475 2848 5530; x_wconf 81' lang='grc' dir='ltr'>οἶδεν</span> <span class='ocrx_word' id='word_1_839' title='bbox 2896 5475 3007 5547; x_wconf 74' lang='grc' dir='ltr'><strong>γὰρ</strong></span> <span class='ocrx_word' id='word_1_840' title='bbox 3054 5473 3221 5527; x_wconf 72' lang='grc' dir='ltr'>πόθεν</span> <span class='ocrx_word' id='word_1_841' title='bbox 3262 5471 3423 5544; x_wconf 66' lang='grc' dir='ltr'><strong>ἔρχεν</strong></span> 
     </span>
    </p>
   </div>
   <div class='ocr_carea' id='block_1_117' title="bbox 1846 5568 3423 5645">
    <p class='ocr_par' dir='ltr' id='par_1_117' title="bbox 1846 5568 3423 5645">
     <span class='ocr_line' id='line_1_117' title="bbox 1846 5568 3423 5645; baseline -0.008 -10"><span class='ocrx_word' id='word_1_842' title='bbox 1846 5599 1957 5645; x_wconf 84' lang='grc' dir='ltr'><strong>ται,</strong></span> <span class='ocrx_word' id='word_1_843' title='bbox 1985 5580 2078 5633; x_wconf 75' lang='grc' dir='ltr'><strong>καὶ</strong></span> <span class='ocrx_word' id='word_1_844' title='bbox 2111 5576 2213 5631; x_wconf 76' lang='grc' dir='ltr'><strong>ποῦ</strong></span> <span class='ocrx_word' id='word_1_845' title='bbox 2246 5577 2469 5644; x_wconf 80' lang='grc' dir='ltr'>ὑπάγει,</span> <span class='ocrx_word' id='word_1_846' title='bbox 2494 5595 2512 5625; x_wconf 76' lang='grc' dir='ltr'>ι</span> <span class='ocrx_word' id='word_1_847' title='bbox 2538 5574 2688 5629; x_wconf 80' lang='lat' dir='ltr'><strong>novit</strong></span> <span class='ocrx_word' id='word_1_848' title='bbox 2717 5572 2862 5626; x_wconf 88' lang='lat' dir='ltr'><strong>enim</strong></span> <span class='ocrx_word' id='word_1_849' title='bbox 2886 5570 3029 5624; x_wconf 89' lang='lat' dir='ltr'><strong>unde</strong></span> <span class='ocrx_word' id='word_1_850' title='bbox 3048 5568 3220 5635; x_wconf 86' lang='lat' dir='ltr'><strong>venit,</strong></span> <span class='ocrx_word' id='word_1_851' title='bbox 3236 5574 3291 5621; x_wconf 90' lang='lat' dir='ltr'><strong>et</strong></span> <span class='ocrx_word' id='word_1_852' title='bbox 3311 5579 3423 5635; x_wconf 75' lang='lat' dir='ltr'><strong>quo</strong></span> 
     </span>
    </p>
   </div>
   <div class='ocr_carea' id='block_1_118' title="bbox 1847 5658 3418 5738">
    <p class='ocr_par' dir='ltr' id='par_1_118' title="bbox 1847 5658 3418 5738">
     <span class='ocr_line' id='line_1_118' title="bbox 1847 5658 3418 5738; baseline -0.01 -9"><span class='ocrx_word' id='word_1_853' title='bbox 1847 5673 2016 5728; x_wconf 82' lang='lat' dir='ltr'><strong>vadit.</strong></span> <span class='ocrx_word' id='word_1_854' title='bbox 2043 5690 2062 5722; x_wconf 73' lang='grc' dir='ltr'><strong><em>ι</em></strong></span> <span class='ocrx_word' id='word_1_855' title='bbox 2086 5670 2212 5726; x_wconf 67' lang='lat' dir='ltr'><strong>Haac</strong></span> <span class='ocrx_word' id='word_1_856' title='bbox 2247 5668 2425 5738; x_wconf 89' lang='lat' dir='ltr'><strong>primo</strong></span> <span class='ocrx_word' id='word_1_857' title='bbox 2458 5682 2556 5736; x_wconf 92' lang='lat' dir='ltr'><strong>pro</strong></span> <span class='ocrx_word' id='word_1_858' title='bbox 2587 5664 2752 5721; x_wconf 89' lang='lat' dir='ltr'><strong>certis</strong></span> <span class='ocrx_word' id='word_1_859' title='bbox 2779 5672 2835 5719; x_wconf 92' lang='lat' dir='ltr'><strong>et</strong></span> <span class='ocrx_word' id='word_1_860' title='bbox 2864 5658 3188 5717; x_wconf 87' lang='lat' dir='ltr'><strong>indubitatis</strong></span> <span class='ocrx_word' id='word_1_861' title='bbox 3221 5658 3418 5714; x_wconf 89' lang='lat' dir='ltr'><strong>habeo.</strong></span> 
     </span>
    </p>
   </div>
   <div class='ocr_carea' id='block_1_119' title="bbox 1928 5754 3429 5835">
    <p class='ocr_par' dir='ltr' id='par_1_119' title="bbox 1928 5754 3429 5835">
     <span class='ocr_line' id='line_1_119' title="bbox 1928 5754 3429 5835; baseline -0.01 -13"><span class='ocrx_word' id='word_1_862' title='bbox 1928 5764 2034 5832; x_wconf 85' lang='lat' dir='ltr'><strong>Sed</strong></span> <span class='ocrx_word' id='word_1_863' title='bbox 2084 5764 2326 5835; x_wconf 88' lang='lat' dir='ltr'><strong>disputat</strong></span> <span class='ocrx_word' id='word_1_864' title='bbox 2382 5761 2614 5827; x_wconf 59' lang='lat' dir='ltr'><strong>Dallicus</strong></span> <span class='ocrx_word' id='word_1_865' title='bbox 2657 5775 2725 5825; x_wconf 64' lang='lat' dir='ltr'><strong>ex</strong></span> <span class='ocrx_word' id='word_1_866' title='bbox 2768 5756 2935 5821; x_wconf 84' lang='lat' dir='ltr'><strong>veteri</strong></span> <span class='ocrx_word' id='word_1_867' title='bbox 2984 5754 3257 5820; x_wconf 81' lang='lat' dir='ltr'><strong>versione,</strong></span> <span class='ocrx_word' id='word_1_868' title='bbox 3302 5767 3429 5821; x_wconf 71' lang='lat' dir='ltr'><strong>qua:</strong></span> 
     </span>
    </p>
   </div>
  </div>
