3848 6204
387 262 495 320 379

1335 265 1393 321 S.
1433 264 1782 322 lGNATlUS.
1813 297 1879 307 —
1911 265 2448 324 PROLEGOMENA.

3524 259 3630 314 380

387 386 554 442 verba
583 385 829 441 auctoris
852 385 923 440 ita
953 389 1956 458 repraesentat,«postresurrectionem
1987 395 2034 453 Α
2059 391 2302 446 Athenas
2317 387 2604 454 subvertit,
2623 405 2643 439 ι
2663 400 2762 456 pro
2783 383 3051 455 καθαίρει,
3078 380 3329 447 «lustrat;
3351 399 3370 432 ι
3393 379 3488 450 qui
3510 381 3633 434 tte-

390 480 447 532 in
477 492 644 534 carne
666 493 791 532 eum
826 477 959 533 vidi.
985 497 1006 530 ι
1037 478 1239 534 Verum
1269 495 1380 534 non
1405 481 1687 550 quaeritur,
1718 482 1848 552 quid
1871 482 1957 536 in-

389 575 601 640 terpres
625 567 835 634 fecerit,
863 568 957 624 sed
983 568 1115 639 quid
1147 579 1340 626 auctor
1364 571 1608 640 epistolae
1649 573 1959 642 scripserit,

392 669 448 716 et
473 676 540 714 an
567 660 640 714 ita
668 660 934 729 interpres
959 660 1047 714 ille
1071 661 1314 716 auctoris
1335 663 1498 715 verba
1518 663 1743 717 reddere
1764 664 1967 717 debue-

392 755 485 808 rit.
516 752 928 822 Simplicitatem
963 763 1016 807 et
1041 754 1200 809 ﬁdem
1232 755 1284 808 in
1313 770 1379 810 eo
1408 756 1649 822 laudem,
1679 756 1731 809 in
1777 757 1961 826 lingua

393 845 579 901 Graeca
608 846 857 916 peritiam
883 845 1024 900 haud
1055 846 1203 900 item.
1227 846 1395 912 'Quod
1423 862 1612 901 errare
1640 851 1877 917 potuerit
1907 849 1960 904 ia

394 938 679 1008 scriptoris
716 937 886 992 Graeci
934 951 1113 992 mente
1163 939 1510 1007 explicanda,
1549 955 1748 1010 negare
1804 957 1964 996 nemo

392 1040 600 1104 potest;
627 1030 770 1101 quod
805 1031 908 1086 hoc
946 1032 1066 1086 loco
1107 1033 1392 1098 erraverit,
1420 1031 1653 1087 aﬁirmo.
1683 1031 1786 1087 Sed
1812 1043 1967 1089 vetu-

394 1123 640 1179 stissimo
667 1121 946 1190 interpreti
989 1122 1147 1190 plane
1171 1122 1425 1191 congruit
1452 1120 1819 1193 Hieronymus
1842 1165 1857 1189 ,
1885 1123 1966 1180 fa-

394 1221 555 1269 teor:
587 1227 775 1266 verum
804 1219 929 1281 post
970 1211 1362 1284 Hieronymum
1391 1213 1648 1268 dissentit
1682 1213 1960 1283 Ruﬁiuus;

392 1305 660 1374 quaeritur
708 1306 834 1374 quis
885 1315 1122 1359 mentem
1181 1306 1426 1360 auctoris
1477 1310 1661 1374 potius
1703 1309 1966 1378 attigerit,

395 1394 778 1465 Hieronymus,
811 1410 881 1448 an
929 1393 1201 1460 Bullinus,
1239 1395 1588 1464 Usserianus,
1621 1415 1690 1453 an
1718 1402 1968 1470 vulgatus

396 1489 693 1558 interpres;
727 1487 779 1540 id
821 1495 904 1542 est
961 1487 1028 1554 ad
1078 1488 1186 1542 vim
1219 1497 1275 1542 et
1321 1491 1776 1560 signiﬁcationem
1817 1495 1967 1549 vocis

395 1575 512 1632 οἶδα
548 1579 776 1633 omnino
806 1579 1145 1634 redeundum
1193 1589 1296 1635 est.
1332 1582 1452 1651 ipse
1501 1600 1605 1638 non
1641 1586 1804 1640 audet
1843 1602 1966 1640 cum

398 1671 467 1725 iis
489 1671 817 1726 contendere
839 1671 932 1739 qui
965 1679 1165 1742 negant
1193 1673 1416 1726 verbum
1451 1669 1566 1726 οἶδα
1609 1691 1706 1744 pro
1733 1677 1840 1730 vidi
1877 1693 1968 1732 ac-

397 1761 504 1830 cipi
531 1777 712 1831 posse.
734 1761 838 1816 Sed
858 1762 1044 1816 autilli
1063 1779 1186 1818 cum
1204 1764 1272 1818 iis
1296 1767 1730 1820 contendendum
1748 1778 1850 1832 est,
1871 1779 1966 1824 aut

397 1868 598 1907 manus
619 1853 833 1910 dandae.
863 1854 999 1908 Cum
1023 1856 1172 1910 enim
1201 1872 1326 1911 vera
1357 1859 1517 1913 lectio
1545 1859 1656 1929 jam
1687 1871 1841 1916 extra
1867 1864 1971 1916 du-

397 1945 548 1999 bium
593 1946 770 2014 posita
815 1947 905 2012 sit,
953 1935 1090 2001 nihil
1139 1949 1289 2004 aliud
1333 1951 1388 2004 in
1431 1955 1799 2009 controversia
1846 1955 1973 2023 poni

397 2047 598 2106 potest,
624 2039 730 2092 nisi
753 2055 876 2110 quae
910 2040 982 2094 sit
1009 2041 1261 2096 vocabuli
1293 2058 1419 2098 vera
1446 2052 1499 2098 et
1540 2047 1777 2113 genuina
1807 2047 1976 2119 signi-

399 2131 602 2185 ﬁcatio.
647 2130 750 2186 Sed
777 2141 832 2186 et
871 2151 891 2184 ι
927 2131 1300 2202 Sophronius,
1329 2135 1529 2207 inquit,
1561 2139 1611 2193 id
1641 2141 1817 2209 ipsum
1848 2156 1974 2210 per-

400 2222 589 2290 spicue
624 2223 856 2278 reddidit
885 2244 896 2279 :
930 2244 948 2277 ι
1002 2225 1142 2295 Ἐγὼ
1185 2227 1242 2280 δὲ
1279 2228 1419 2299 μετὰ
1455 2230 1554 2302 τὴν
1582 2231 1876 2284 ἀνάστασιν
1917 2234 1976 2285 ὲν

403 2314 616 2385 σώματι
642 2317 803 2371 αὑτὸν
831 2314 988 2373 εἶδον.
1017 2319 1181 2388 Quid,
1207 2338 1416 2391 quaeso,
1443 2333 1529 2378 est
1553 2325 1605 2378 id
1630 2325 1804 2394 ipsum
1830 2326 1975 2395 quod

401 2407 747 2477 Sophronius
791 2413 1080 2482 perspicue
1116 2413 1391 2470 reddidit?
1419 2415 1546 2470 'non
1583 2417 1714 2471 illud
1759 2417 1828 2472 de
1867 2434 1978 2487 quo

399 2501 698 2569 quaeritur;
731 2503 784 2556 id
808 2505 956 2558 enim
982 2515 1086 2572 est,
1114 2507 1245 2577 quid
1275 2519 1468 2562 auctor
1488 2511 1732 2579 epistolae
1753 2512 1981 2581 scripse-

401 2591 506 2658 rit;
543 2590 889 2663 Sophronius
919 2606 1104 2652 autem
1131 2614 1240 2652 non
1268 2601 1546 2655 transtulit
1571 2601 1858 2670 lgnatium,
1883 2604 1976 2657 sed

401 2681 599 2752 lgnatii
649 2685 1003 2756 interpretem
1051 2687 1469 2762 Hieronymum.
1536 2692 1592 2747 Si
1649 2709 1708 2748 se
1766 2693 1977 2765 lgnatio

403 2774 744 2832 Scholiasten
769 2779 1092 2848 praebuisset
1116 2781 1205 2834 ille
1227 2783 1480 2852 quisquis
1506 2794 1589 2838 est
1615 2785 1706 2854 qui
1736 2785 1981 2855 Sophro-

403 2867 528 2922 nius
562 2869 784 2933 dicitur,
827 2886 1108 2940 nunquam
1151 2868 1268 2926 οἶδα
1314 2890 1407 2943 per
1447 2871 1584 2929 εἶδον
1632 2877 1975 2934 reddidisset.

405 2958 511 3014 Sed
543 2977 667 3016 cum
700 2961 1017 3033 Hieronymi
1067 2964 1267 3019 librum
1301 2967 1690 3037 interpretatus
1737 2979 1850 3036 est,
1881 2970 1973 3040 qui

2063 485 2306 557 ροδόξους
2339 502 2357 534 σ
2387 481 2486 537 eos
2530 481 2624 551 qui
2667 480 2843 534 aliena
2887 494 2918 532 a
2951 477 3062 531 Deo
3106 473 3292 546 gloriae
3334 473 3633 543 cupiditate

2060 577 2200 646 rapti
2229 585 2378 639 sunt,
2412 595 2430 627 ι
2465 573 2740 626 διάλεκτον
2763 571 3106 643 ἀνθρωπίνην
3146 591 3166 623 ί
3199 571 3491 624 humanam
3522 565 3635 620 fra-

2061 670 2348 738 gilitatem,
2391 687 2409 719 ι
2447 668 2515 720 τὰ
2540 667 2888 736 διαφέροντα,
2932 683 2952 716 ι
2985 663 3311 727 diﬂ‘erentia,
3343 681 3362 712 ι
3409 657 3634 731 μείζυνα

2060 760 2155 815 τοῦ
2177 760 2354 813 λαλεῖν
2381 779 2400 811 ‹
2430 759 2640 829 majora
2677 759 2847 828 loqui,
2883 776 2902 810 ι
2943 756 3402 828 πεντηκόνταρχον
3429 773 3448 805 ε
3468 751 3633 821 quin-

2063 853 2478 923 quagcnarium,
2519 871 2537 903 ι
2562 852 2866 923 πυροφόρον
2890 870 2908 901 ο
2931 849 3378 912 frumentarium,
3399 865 3418 898 ι
3437 845 3631 899 ossea—

2063 943 2283 1007 τοῦντες
2308 943 2472 1014 ἀθετή
2481 961 2625 1014 ματα
2656 963 2674 995 ι
2695 945 2788 1014 qui
2829 952 3150 1014 spreverunt
3171 948 3580 997 contemnentes
3605 958 3625 988 ι

2065 1036 2456 1105 interpretatus
2505 1045 2618 1101 est;
2665 1035 2759 1105 qui
2786 1049 2851 1088 ex
2887 1033 3030 1088 male
3072 1032 3359 1088 intellectis
3407 1029 3635 1084 Eusebii

2065 1127 2268 1183 Gra‘cis
2302 1127 2648 1197 Apollonium
2677 1134 2980 1181 senatorem
3015 1123 3162 1184 fecit.
3209 1124 3419 1193 insigne
3452 1121 3500 1176 ei
3535 1135 3636 1175 vo-

2067 1215 2252 1272 lumen
2307 1219 2578 1281 attribuit,
2615 1217 2903 1287 ipsumque
2949 1216 3002 1270 in
3042 1215 3362 1285 Catalogum
3395 1215 3634 1284 scripto-

2067 1327 2191 1366 rum
2251 1311 2749 1364 ecclesiasticarum
2797 1307 3018 1362 retulit?
3061 1305 3137 1359 Ex
3169 1306 3329 1371 male,
3374 1305 3635 1373 inquam,

2067 1400 2357 1456 intellectis
2401 1399 2619 1454 Eusebii
2647 1399 2850 1456 Graecis
2880 1417 2894 1453 :
2933 1397 3247 1466 conjectura
3281 1398 3428 1452 enim
3474 1395 3638 1450 lose-

2068 1493 2161 1563 phi
2197 1493 2458 1564 Scaligeri
2491 1492 2718 1546 omnino
2744 1490 3077 1562 repudianda
3105 1498 3208 1556 est,
3236 1491 3328 1560 qui
3367 1488 3639 1559 Hierony-

2067 1601 2240 1652 mum,
2291 1599 2418 1639 cum
2472 1585 2564 1638 illa
2613 1584 2898 1649 scriberet,
2950 1598 3059 1638 non
3115 1582 3360 1638 Graecum
3410 1579 3639 1636 Eusebii

2069 1675 2367 1744 exemplar,
2427 1673 2522 1729 sed
2576 1673 2773 1727 Bullini
2825 1674 3328 1743 interpretationem
3379 1672 3644 1726 manibus

2074 1767 2335 1824 habuisse
2369 1766 2587 1822 asserit.
2623 1765 2677 1820 Id
2707 1765 2853 1820 enim
2887 1766 3003 1820 fieri
3037 1767 3188 1820 nullo
3232 1764 3394 1819 modo
3429 1764 3644 1833 potuit,

2074 1877 2200 1916 cum
2249 1869 2330 1914 tot
2377 1860 2536 1914 annis
2578 1857 2899 1929 Catalogum
2931 1858 3214 1928 scripserit
3244 1856 3642 1926 Hieronymus.

2076 1962 2370 2022 antequam
2417 1951 2636 2006 Eusebii
2672 1949 2972 2006 Historiam
3003 1960 3238 2006 verteret
3271 1949 3536 2004 Ruﬂinus.
3584 1947 3643 2002 Si

2078 2046 2131 2100 in
2161 2045 2419 2100 omnibus
2454 2045 2540 2099 his
2570 2044 2728 2109 locis,
2763 2043 2996 2114 aliisque
3035 2042 3404 2113 compluribus
3439 2062 3459 2094 ι
3497 2042 3544 2097 is
3573 2041 3647 2097 sit

2075 2139 2396 2195 verissimus
2449 2153 2666 2203 sensus,
2711 2153 2873 2208 quem
2923 2137 3145 2193 exhibet
3194 2136 3577 2208 Hieronymus,
3622 2155 3641 2187 ι

2076 2229 2327 2285 dabimus
2355 2238 2449 2283 aut
2478 2226 2594 2282 οἶδα
2625 2229 2934 2300 signiﬁcare
2967 2247 2986 2280 ι
3021 2229 3150 2295 vidi,
3182 2248 3199 2280 ι
3231 2237 3321 2283 aut
3351 2244 3534 2282 veram
3571 2228 3650 2283 le-

2077 2320 2313 2375 ctionem
2345 2335 2466 2376 esse
2512 2315 2669 2374 εἶδον.
2704 2320 2807 2375 Sed
2837 2324 2970 2374 'cum
3016 2319 3126 2386 ille,
3171 2319 3255 2374 vel
3303 2335 3400 2389 per
3448 2335 3650 2389 prope-

2077 2413 2355 2482 rantiam,
2423 2413 2510 2467 vel
2579 2429 2677 2483 per
2731 2413 3246 2474 halluciuatinnem.
3300 2429 3405 2466 non
3463 2413 3649 2467 minus

2078 2502 2228 2556 hunc
2275 2503 2454 2558 locum
2489 2518 2654 2572 quam
2709 2504 2848 2560 alios
2899 2503 3219 2559 innumeros
3263 2504 3446 2558 minus
3497 2513 3650 2556 recte

2077 2595 2304 2649 reddere
2331 2595 2592 2664 potuerit,
2624 2610 2752 2650 vera
2786 2595 2948 2651 lectio
2970 2596 3214 2666 epistolae
3235 2595 3436 2652 Grzecae
3467 2611 3649 2665 neque

2078 2686 2341 2742 mutanda
2373 2696 2561 2742 contra
2597 2688 2843 2742 omnium
2875 2687 3126 2743 codicum
3165 2704 3519 2752 consensum,
3549 2705 3648 2743 ne-

2077 2795 2186 2850 que
2214 2781 2390 2835 aliena
2429 2781 2872 2850 interpretatione
2899 2781 3269 2851 detorquenda
3299 2791 3402 2846 est,
3455 2791 3646 2836 contra

2077 2871 2335 2942 loquendi
2388 2873 2612 2925 modum
2668 2872 2874 2927 Graecis
2921 2872 3432 2929 familiarissimum.
3487 2872 3648 2928 Certe

2081 2965 2425 3035 Freculphus
2458 2966 2787 3036 praecellenti
2825 2965 3138 3036 Hieronymi
3187 2965 3493 3019 eruditione
3538 2962 3646 3016 mi-

400 3052 512 3105 vidi
543 3054 853 3133 scripserat,
891 3054 1022 3109 illud
1059 3072 1155 3126 per
1183 3052 1320 3110 εἶδον
1349 3060 1600 3125 reddidit,
1633 3075 1728 3129 per
1752 3057 1866 3114 οἶδα
1891 3076 1976 3114 re-
2004 3081 2047 3137 ο
2081 3058 2227 3113 nime
2257 3065 2460 3120 motus,
2495 3074 2618 3112 cum
2655 3073 2722 3112 ex
2757 3059 2850 3112 illo
2879 3059 3198 3129 plerumque
3227 3056 3409 3111 omnia
3442 3054 3626 3110 exscri

403 3152 488 3198 cte
533 3145 758 3200 reddere
790 3162 898 3200 non
931 3149 1125 3216 potuit.
1165 3146 1234 3202 Ut
1263 3163 1396 3204 voce
1442 3169 1460 3201 ι
1492 3151 1821 3216 Quadratus,
1851 3171 1870 3204 ι
1920 3154 1978 3204 ὲν

414 3234 677 3290 Ἐλευσῖνι
708 3240 995 3308 γενόμενος
1023 3240 1180 3306 dixit,
1209 3239 1522 3308 Hieronymi
1555 3242 1766 3309 Latina,
1792 3264 1808 3295 ι
1835 3245 1977 3298 invi-

403 3343 532 3382 sens
552 3326 890 3394 Eleusinam,
919 3331 1267 3400 irespiciens,
1285 3348 1392 3385 non
1420 3344 1596 3387 autem
1615 3334 1703 3388 illa
1726 3335 1980 3404 quaellie-

405 3436 668 3490 ronymns
704 3435 816 3490 prae
849 3423 1024 3477 oculis
1059 3424 1269 3485 habuit,
1313 3424 1610 3479 Ἐλευσίνια
1642 3428 1973 3481 ἐποπτεύων.

477 3511 703 3580 Verum,
735 3533 754 3566 ι
782 3523 1058 3585 utcunque
1082 3531 1140 3571 se
1160 3531 1249 3571 res
1273 3516 1492 3580 haheat,
1516 3520 1829 3587 praecellens
1853 3521 1977 3576 Hie-

407 3607 618 3676 ronymi
653 3607 889 3661 eruditio
916 3607 1170 3662 dubitare
1215 3623 1321 3662 non
1359 3609 1510 3672 sinit,
1538 3613 1670 3680 quin
1708 3612 1779 3668 sit
1809 3613 1856 3667 is
1887 3630 1978 3668 ve-

404 3696 659 3751 rissimus
688 3713 905 3764 sensus,
937 3715 1098 3768 quem
1134 3700 1246 3769 ipse
1271 3701 1513 3756 exhibet.
1544 3702 1698 3757 Absit
1737 3705 1881 3757 enim
1919 3715 1977 3758 ut

407 3783 584 3839 virum
631 3795 840 3841 tantum
877 3788 1176 3844 nescivisse
1219 3801 1436 3859 putem,
1466 3793 1595 3861 quid
1627 3793 1698 3845 sit
1721 3792 1813 3845 τοῦ
1845 3789 1977 3846 οἶδα

407 3877 478 3930 ab
500 3873 664 3929 εἶδον
689 3878 771 3931 vel
798 3877 1027 3946 ἑώρακα
1049 3880 1366 3935 discrimen!
1401 3899 1420 3931 ι
1445 3879 1556 3935 Hoc
1581 3892 1726 3935 certe
1753 3883 1972 3937 unicum

407 3976 788 4037 argumentum
825 3969 889 4022 ad
927 3969 1068 4024 hanc
1103 3985 1214 4024 rem
1249 3973 1592 4041 appositum;
1625 3975 1768 4043 quod
1794 3984 1975 4029 tamen

410 4057 724 4129 Hieronymi
753 4061 807 4113 in
837 4059 1024 4115 Graeca
1058 4061 1243 4132 lingua
1274 4064 1644 4133 perspicaciae.
1673 4075 1724 4119 et
1753 4067 1804 4119 in
1851 4084 1976 4121 ver-

409 4151 572 4205 tendo
619 4166 763 4204 curae
792 4160 956 4221 atque
981 4151 1275 4222 diligentiae
1313 4163 1572 4224 tanquam
1625 4155 1976 4212 fundamento

409 4242 680 4297 innititur.
717 4241 793 4297 De
823 4241 1112 4311 posteriori
1145 4245 1434 4300 audiamus
1461 4245 1637 4315 ipsum
1681 4245 1734 4299 in
1779 4247 1975 4316 praefa-

407 4336 558 4388 tione
586 4333 844 4388 Chronici
892 4334 1184 4390 Eusebiani
1222 4355 1234 4390 :
1274 4355 1292 4387 ‹
1329 4334 1589 4402 Obsecro,
1624 4346 1682 4390 ut
1711 4339 1974 4408 quidquid

2077 3151 2206 3205 bere
2239 3150 2459 3212 soleret,
2487 3149 2588 3204 ista
2625 3159 2804 3204 tamen
2830 3150 2882 3203 in
2907 3151 3022 3205 haec
3041 3152 3201 3206 verba
3230 3153 3480 3214 mutavit,
3509 3159 3645 3205 tom.

2077 3240 2142 3305 ll,
2175 3242 2270 3296 lib.
2308 3257 2368 3306 ll,
2406 3256 2527 3309 cap.
2566 3241 2623 3294 ll
2663 3259 2725 3294 τι
2765 3238 2878 3311 Ego
2905 3255 3036 3296 vero
3061 3249 3115 3296 et
3141 3250 3266 3310 post
3293 3243 3650 3296 resurrectio-

2078 3349 2200 3388 nem
2236 3333 2288 3387 in
2315 3348 2483 3388 carne
2508 3349 2630 3386 eum
2660 3333 2829 3387 fuisse
2852 3333 2988 3399 scio,
3021 3341 3074 3388 et
3103 3333 3267 3388 credo
3291 3333 3417 3402 quia
3450 3333 3588 3388 scio.
3621 3350 3642 3385 ›

2150 3423 2252 3478 Sed
2287 3439 2509 3479 sensum
2542 3423 2612 3478 ab
2633 3421 2964 3495 Hieronymo
2992 3423 3264 3478 redditum
3299 3425 3648 3480 verissimum

2076 3533 2199 3572 esse
2231 3517 2515 3571 contendit
2541 3517 2625 3570 vir
2663 3517 3017 3572 doctissimus
3047 3532 3112 3571 ex
3158 3537 3177 3567 ε
3215 3517 3355 3572 fama
3382 3518 3448 3572 de
3482 3518 3652 3574 Chri-

2077 3616 2162 3662 sto
2191 3608 2259 3661 ab
2287 3607 2494 3676 lguatio
2526 3607 2581 3661 in
2617 3622 2781 3661 carne
2814 3608 2952 3672 viso,
2979 3623 3101 3677 quae
3124 3609 3279 3662 Tunde
3309 3609 3412 3663 nisi
3440 3626 3506 3664 ex
3541 3611 3654 3666 hoc

2076 3698 2318 3766 epistolae
2367 3697 2488 3752 loco
2542 3705 2840 3766 propagata
2875 3696 2968 3762 sit,
3020 3697 3201 3752 dicere
3242 3700 3326 3753 vel
3377 3700 3653 3768 suspicari

2075 3788 2391 3842 difficillime
2432 3797 2536 3854 est,
2568 3787 2871 3857 praesertim
2906 3789 3048 3857 apud
3078 3788 3298 3844 Graecos
3329 3791 3654 3846 Latinorum

2077 3879 2190 3934 fere
2221 3880 2485 3933 librorum
2522 3879 2850 3935 incuriosos.
2887 3897 2910 3932 ι
2942 3879 3142 3937 Demus
3178 3880 3396 3936 Graecos
3426 3880 3658 3937 Latino-

2077 3986 2200 4026 rum
2253 3971 2517 4024 librorum
2573 3971 2884 4031 incuriosos
2933 3971 3124 4037 fuisse,
3164 3989 3347 4028 nonne
3393 3972 3657 4028 Graecum

2073 4063 2274 4116 librum
2331 4063 2662 4128 habuerunt,
2708 4079 2776 4118 ex
2827 4079 2936 4132 quo
2965 4079 3090 4117 eum
3132 4080 3376 4118 errorem
3428 4065 3662 4121 haurire

2078 4165 2390 4224 potuerunt.
2433 4153 2706 4223 Quidquid
2759 4171 2780 4204 ι
2813 4154 2918 4208 vidi
2947 4174 2965 4206 ι
3017 4154 3169 4222 apud.
3215 4153 3658 4226 Hieronymum,

2077 4246 2218 4300 idem
2252 4241 2388 4297 εἶδον
2416 4245 2554 4314 apud
2587 4243 2956 4313 Sophronium
2991 4245 3204 4300 efﬁcere
3251 4247 3432 4316 putuit
3469 4265 3482 4300 :
3531 4261 3662 4302 erat

2079 4347 2258 4392 autem
2295 4335 2591 4405 Sophronii
2615 4336 2798 4390 versio
2819 4334 3023 4391 Grmcis
3051 4337 3400 4405 sequentium
3426 4338 3664 4392 saeculo.

408 4425 514 4481 hoc
545 4427 888 4481 tumultuarii
914 4428 1097 4496 operis
1114 4437 1219 4493 est,
1244 4429 1572 4496 amicorum,
1597 4431 1971 4500 nonjudicum
2006 4445 2051 4500 υ
2079 4443 2200 4481 rum
2253 4428 2422 4496 probe
2467 4427 2705 4496 cognita.
2759 4425 2958 4481 Suidas
3001 4442 3124 4479 eum
3160 4426 3463 4496 saepissime
3499 4438 3664 4488 tran-

405 4521 595 4573 aniruo
627 4521 880 4590 relegatis
909 4543 921 4577 :
952 4523 1249 4591 praesertim
1281 4539 1405 4578 cum
1438 4533 1492 4578 et
1521 4527 1752 4587 notario,
1780 4535 1839 4578 ut
1865 4526 1974 4579 sci-

406 4610 497 4676 tis,
531 4611 873 4666 velocissime
900 4613 1238 4668 dictaverim.
1275 4634 1294 4666 ι
1328 4614 1538 4668 Mallem
1571 4615 1802 4669 aliorum
1829 4615 1976 4684 judi-

405 4704 551 4758 cium
603 4720 768 4773 quam
820 4721 1001 4759 meum
1045 4707 1112 4760 de
1159 4708 1402 4775 utraque'
1435 4706 1708 4775 accipiant
1753 4706 1973 4760 eruditi.

412 4817 434 4850 ι
469 4796 616 4863 Quot
645 4805 699 4851 et
726 4807 931 4867 quanta
962 4799 1206 4868 peccavit
1247 4799 1522 4852 maximus
1557 4800 1660 4860 vir,
1699 4814 1847 4852 nunc
1882 4814 1976 4867 per

406 4891 832 4962 properantiam,
875 4906 1022 4944 nunc
1065 4905 1162 4958 per
1195 4890 1699 4952 hallucinationem,
1732 4907 1750 4940 ι
1787 4890 1978 4944 obser-

406 4981 553 5036 vavit
594 4979 868 5048 Josephus
909 4980 1169 5051 Scaliger.
1222 4980 1287 5035 Et
1318 4981 1509 5050 quidni
1547 4982 1635 5035 ille
1679 4980 1974 5036 discrimen

408 5076 548 5130 inter
577 5070 694 5128 οἶδα
722 5083 775 5127 et
804 5069 942 5126 εἶδον
975 5089 1081 5126 non
1121 5072 1595 5135 animadverteret,
1624 5073 1716 5143 qui
1750 5090 1978 5145 στρατη-

407 5165 532 5234 γίαν
564 5180 688 5219 cum
733 5165 978 5234 στρατιᾷ,
1021 5161 1337 5232 στρατεύειν
1366 5178 1488 5217 cum
1529 5162 1817 5233 μάχεσθαι,
1872 5163 1976 5228 ἕως

407 5258 596 5310 τούτου
630 5273 756 5311 cum
787 5255 915 5327 περὶ
960 5254 1146 5308 τούτου
1192 5253 1470 5322 confudit;
1507 5257 1599 5326 qui
1629 5256 1871 5327 γνώμην,
1923 5257 1976 5309 id

409 5357 491 5401 est
527 5367 545 5398 ι
573 5348 920 5412 sententiam,
961 5365 980 5398 ›
1015 5362 1115 5416 pro
1151 5366 1169 5398 ‹
1200 5347 1447 5402 subsidio
1483 5367 1501 5400 ι
1539 5348 1762 5414 habuit;
1800 5349 1893 5418 qui
1917 5347 1976 5401 τὸ

413 5438 707 5509 βασιλειᾷν,
732 5438 782 5491 id
809 5447 892 5493 est
913 5439 1253 5493 affectionem
1279 5439 1454 5510 regni,
1490 5456 1588 5509 pro
1622 5441 1768 5510 regia
1797 5441 1976 5495 indole

410 5530 645 5597 accepit;
677 5531 770 5600 qui
788 5530 924 5602 μετὰ
946 5531 1053 5584 τῶν
1077 5531 1387 5584 ἀποστόλων
1423 5550 1442 5583 ‹
1471 5542 1593 5601 post
1623 5534 1926 5603 apostolos;
1951 5554 1967 5585 ι

413 5621 468 5686 ἐξ
509 5622 736 5685 ἐκείνου,
783 5623 888 5677 hoc
933 5630 1017 5677 est
1051 5641 1068 5673 c
1103 5623 1172 5677 ab
1220 5623 1314 5677 illo
1363 5633 1624 5693 tempore,
1660 5644 1677 5676 ι
1719 5626 1773 5678 in
1818 5625 1972 5694 hujus

418 5711 808 5781 (emutationem
858 5711 1123 5782 reddidit;
1172 5714 1267 5784 qui
1319 5715 1454 5770 dixit
1495 5733 1506 5768 :
1576 5713 1972 5794 «Epimenides

2081 4517 2274 4572 scribit
2313 4537 2325 4572 :
2363 4528 2418 4573 et
2452 4527 2580 4571 ante
2612 4517 2837 4572 Suidam
2885 4516 3116 4573 Photius
3153 4517 3406 4573 eumdem
3445 4535 3664 4591 cogno-

2078 4609 2223 4663 visse
2254 4610 2702 4679 deprehenditur.
2750 4607 2822 4663 Ut
2860 4609 3025 4679 igitur
3055 4608 3368 4681 Hieronymi
3406 4609 3662 4674 Latinis,

2080 4701 2152 4756 ita
2185 4700 2483 4771 SOphronii
2509 4701 2689 4755 versio
2718 4701 2924 4756 Graecis
2959 4700 3137 4755 fraudi
3163 4716 3285 4756 esse
3319 4701 3518 4769 potuit.
3545 4701 3663 4755 Sed

2075 4807 2197 4846 eam
2224 4792 2424 4846 fatuam
2452 4809 2517 4846 ex
2563 4794 2666 4846 hoc
2698 4793 2820 4846 loco
2843 4803 3016 4848 ortam
3045 4807 3169 4847 esse
3203 4793 3502 4847 verisimile
3540 4809 3661 4848 non

2077 4895 2162 4940 est
2202 4903 2215 4940 :
2270 4887 2358 4940 hic
2393 4887 2539 4940 enim
2591 4887 2846 4951 traditur,
2900 4893 2961 4939 ut
2996 4885 3075 4939 illi
3117 4885 3327 4949 volunt,
3378 4883 3662 4954 lgnatium

2077 4989 2201 5048 post
2233 4979 2688 5033 resurrectionem
2721 4979 3006 5032 Christuru
3036 4978 3089 5030 in
3116 4993 3282 5031 carne
3313 4977 3555 5032 vidisse:
3599 4988 3663 5032 at

2079 5069 2170 5123 illa
2191 5069 2342 5124 .fama
2369 5071 2506 5124 nihil
2533 5071 2639 5125 tale
2660 5070 2904 5134 tradidit,
2935 5069 3027 5124 sed
3051 5068 3321 5139 lgnatium
3349 5068 3495 5123 inter
3524 5085 3661 5138 par-

2076 5163 2232 5218 vulos
2265 5163 2334 5217 ad
2381 5163 2662 5218 Christum
2713 5162 2980 5216 adductos
3024 5160 3194 5216 fuisse
3233 5161 3407 5230 ipsius
3442 5160 3659 5218 Christi

2077 5255 2332 5310 manibus
2362 5264 2671 5324 exceptum.
2701 5253 2826 5310 Haec
2860 5264 3040 5309 autem
3072 5253 3182 5308 duo
3218 5264 3346 5308 sunt
3374 5254 3535 5324 plane
3573 5254 3664 5309 di-

2077 5363 2255 5403 versa.
2291 5347 2349 5402 Si
2382 5348 2624 5420 lgnatius
2652 5347 2883 5402 dixisset
2915 5362 2973 5402 se
3016 5345 3221 5402 vidisse
3267 5346 3552 5401 Christum
3599 5346 3661 5402 in

2077 5454 2242 5494 carne
2269 5449 2391 5510 post
2415 5437 2895 5505 resurrectionem,
2956 5454 3024 5492 an
3051 5438 3344 5508 quisquam
3376 5437 3504 5492 inde
3537 5439 3664 5492 col-

2078 5531 2286 5602 ligeret,
2317 5532 2568 5587 eumdem
2597 5530 2753 5601 quasi
2797 5530 3109 5600 puerulum,
3149 5529 3410 5584 manibus
3444 5527 3660 5584 Christi

2078 5633 2352 5695 gestatum
2408 5622 2580 5678 fuisse
2629 5631 2754 5677 ante
2811 5621 2933 5690 ejus
2977 5620 3251 5676 mortem?
3289 5634 3452 5674 nemo
3496 5634 3665 5678 sane.

2079 5715 2310 5781 Aliunde
2370 5715 2534 5788 igitur
2561 5730 2624 5770 ea
2669 5715 2810 5772 fama
2849 5722 2967 5769 orta
3007 5721 3121 5780 est;
3155 5726 3332 5787 neque
3372 5710 3426 5766 id
3470 5711 3666 5788 suspi-
