  <div class='ocr_page' id='page_1' title='image "/cluster/home/n/w/nwhite01/storage/ocr_20150623/5/nnc1.0046978607/198.png"; bbox 0 0 3848 6204; ppageno 0'>
   <div class='ocr_carea' id='block_1_1' title="bbox 129 304 232 361">
    <p class='ocr_par' dir='ltr' id='par_1_1' title="bbox 129 304 232 361">
     <span class='ocr_line' id='line_1_1' title="bbox 129 304 232 361; baseline 0 0"><span class='ocrx_word' id='word_1_1' title='bbox 129 304 232 361; x_wconf 74' lang='grc'><strong>881</strong></span> 
     </span>
    </p>
   </div>
   <div class='ocr_carea' id='block_1_2' title="bbox 847 302 2564 372">
    <p class='ocr_par' dir='ltr' id='par_1_2' title="bbox 847 302 2564 372">
     <span class='ocr_line' id='line_1_2' title="bbox 847 302 2564 372; baseline 0.005 -9"><span class='ocrx_word' id='word_1_2' title='bbox 847 308 902 364; x_wconf 78' lang='lat' dir='ltr'><strong>J.</strong></span> <span class='ocrx_word' id='word_1_3' title='bbox 961 302 1329 367; x_wconf 75' lang='lat' dir='ltr'><strong>PEARSONH</strong></span> <span class='ocrx_word' id='word_1_4' title='bbox 1370 311 1693 369; x_wconf 71' lang='lat' dir='ltr'><strong>VINDICLE</strong></span> <span class='ocrx_word' id='word_1_5' title='bbox 1733 313 2155 372; x_wconf 67' lang='lat' dir='ltr'><strong>IGNATIANAS.</strong></span> <span class='ocrx_word' id='word_1_6' title='bbox 2181 347 2250 355; x_wconf 95' lang='lat'><strong>—</strong></span> <span class='ocrx_word' id='word_1_7' title='bbox 2290 314 2473 372; x_wconf 83' lang='lat' dir='ltr'><strong>PARS</strong></span> <span class='ocrx_word' id='word_1_8' title='bbox 2501 314 2564 372; x_wconf 91' lang='lat' dir='ltr'><strong>ll.</strong></span> 
     </span>
    </p>
   </div>
   <div class='ocr_carea' id='block_1_3' title="bbox 3303 315 3410 372">
    <p class='ocr_par' dir='ltr' id='par_1_3' title="bbox 3303 315 3410 372">
     <span class='ocr_line' id='line_1_3' title="bbox 3303 315 3410 372; baseline -0.019 0"><span class='ocrx_word' id='word_1_9' title='bbox 3303 315 3410 372; x_wconf 67' lang='lat'><strong>582</strong></span> 
     </span>
    </p>
   </div>
   <div class='ocr_carea' id='block_1_4' title="bbox 137 423 3408 514">
    <p class='ocr_par' dir='ltr' id='par_1_4' title="bbox 137 423 3408 514">
     <span class='ocr_line' id='line_1_4' title="bbox 137 423 3408 514; baseline 0.004 -35"><span class='ocrx_word' id='word_1_10' title='bbox 137 424 249 480; x_wconf 85' lang='lat' dir='ltr'><strong>cari</strong></span> <span class='ocrx_word' id='word_1_11' title='bbox 274 423 518 495; x_wconf 81' lang='lat' dir='ltr'><strong>diﬁicile,</strong></span> <span class='ocrx_word' id='word_1_12' title='bbox 548 427 646 484; x_wconf 88' lang='lat' dir='ltr'><strong>sed</strong></span> <span class='ocrx_word' id='word_1_13' title='bbox 681 427 738 483; x_wconf 90' lang='lat' dir='ltr'><strong>in</strong></span> <span class='ocrx_word' id='word_1_14' title='bbox 765 440 1153 502; x_wconf 88' lang='lat' dir='ltr'><strong>promptu-est.</strong></span> <span class='ocrx_word' id='word_1_15' title='bbox 1191 432 1273 487; x_wconf 78' lang='lat' dir='ltr'><strong>Ex</strong></span> <span class='ocrx_word' id='word_1_16' title='bbox 1307 434 1535 491; x_wconf 87' lang='lat' dir='ltr'><strong>nomine</strong></span> <span class='ocrx_word' id='word_1_17' title='bbox 1573 436 1720 491; x_wconf 92' lang='lat' dir='ltr'><strong>enim</strong></span> <span class='ocrx_word' id='word_1_18' title='bbox 1752 445 1793 500; x_wconf 83' lang='grc' dir='ltr'><strong>Α</strong></span> <span class='ocrx_word' id='word_1_19' title='bbox 1824 453 2222 508; x_wconf 85' lang='lat' dir='ltr'><strong>pervacaneum</strong></span> <span class='ocrx_word' id='word_1_20' title='bbox 2249 447 2388 514; x_wconf 87' lang='lat' dir='ltr'><strong>est,</strong></span> <span class='ocrx_word' id='word_1_21' title='bbox 2444 438 2537 494; x_wconf 84' lang='lat' dir='ltr'><strong>sed</strong></span> <span class='ocrx_word' id='word_1_22' title='bbox 2588 451 2687 510; x_wconf 91' lang='lat' dir='ltr'><strong>per</strong></span> <span class='ocrx_word' id='word_1_23' title='bbox 2735 445 3032 509; x_wconf 87' lang='lat' dir='ltr'><strong>utrumque</strong></span> <span class='ocrx_word' id='word_1_24' title='bbox 3077 435 3408 493; x_wconf 78' lang='lat' dir='ltr'><strong>describitur</strong></span> 
     </span>
    </p>
   </div>
   <div class='ocr_carea' id='block_1_5' title="bbox 134 517 1723 590">
    <p class='ocr_par' dir='ltr' id='par_1_5' title="bbox 134 517 1723 590">
     <span class='ocr_line' id='line_1_5' title="bbox 134 517 1723 590; baseline 0.008 -20"><span class='ocrx_word' id='word_1_25' title='bbox 134 517 411 590; x_wconf 77' lang='grc' dir='ltr'><strong>Θεοφόρου</strong></span> <span class='ocrx_word' id='word_1_26' title='bbox 439 534 471 574; x_wconf 90' lang='lat' dir='ltr'><strong>a</strong></span> <span class='ocrx_word' id='word_1_27' title='bbox 507 521 903 590; x_wconf 78' lang='lat' dir='ltr'><strong>posterioribus</strong></span> <span class='ocrx_word' id='word_1_28' title='bbox 941 523 1207 581; x_wconf 70' lang='lat' dir='ltr'><strong>Graaculis</strong></span> <span class='ocrx_word' id='word_1_29' title='bbox 1237 526 1467 583; x_wconf 90' lang='lat' dir='ltr'><strong>conﬁcta</strong></span> <span class='ocrx_word' id='word_1_30' title='bbox 1493 537 1578 583; x_wconf 90' lang='lat' dir='ltr'><strong>est</strong></span> <span class='ocrx_word' id='word_1_31' title='bbox 1616 538 1723 584; x_wconf 86' lang='lat' dir='ltr'><strong>tra-</strong></span> 
     </span>
    </p>
   </div>
   <div class='ocr_carea' id='block_1_6' title="bbox 135 609 1724 691">
    <p class='ocr_par' dir='ltr' id='par_1_6' title="bbox 135 609 1724 691">
     <span class='ocr_line' id='line_1_6' title="bbox 135 609 1724 691; baseline 0.008 -28"><span class='ocrx_word' id='word_1_32' title='bbox 135 609 272 664; x_wconf 85' lang='lat' dir='ltr'><strong>ditio</strong></span> <span class='ocrx_word' id='word_1_33' title='bbox 299 611 417 678; x_wconf 89' lang='lat' dir='ltr'><strong>illa,</strong></span> <span class='ocrx_word' id='word_1_34' title='bbox 445 613 608 684; x_wconf 81' lang='lat' dir='ltr'><strong>cujus</strong></span> <span class='ocrx_word' id='word_1_35' title='bbox 639 615 786 671; x_wconf 89' lang='lat' dir='ltr'><strong>nulla</strong></span> <span class='ocrx_word' id='word_1_36' title='bbox 822 617 928 671; x_wconf 87' lang='lat' dir='ltr'><strong>alia</strong></span> <span class='ocrx_word' id='word_1_37' title='bbox 951 618 1188 689; x_wconf 77' lang='lat' dir='ltr'><strong>vestigia</strong></span> <span class='ocrx_word' id='word_1_38' title='bbox 1211 619 1354 690; x_wconf 90' lang='lat' dir='ltr'><strong>apud</strong></span> <span class='ocrx_word' id='word_1_39' title='bbox 1385 619 1724 691; x_wconf 69' lang='lat' dir='ltr'><strong>antiquiores</strong></span> 
     </span>
    </p>
   </div>
   <div class='ocr_carea' id='block_1_7' title="bbox 135 705 1726 782">
    <p class='ocr_par' dir='ltr' id='par_1_7' title="bbox 135 705 1726 782">
     <span class='ocr_line' id='line_1_7' title="bbox 135 705 1726 782; baseline 0.008 -24"><span class='ocrx_word' id='word_1_40' title='bbox 135 714 380 760; x_wconf 76' lang='lat' dir='ltr'><strong>exstant.</strong></span> <span class='ocrx_word' id='word_1_41' title='bbox 428 705 535 773; x_wconf 83' lang='lat' dir='ltr'><strong>Qui</strong></span> <span class='ocrx_word' id='word_1_42' title='bbox 590 708 740 762; x_wconf 83' lang='lat' dir='ltr'><strong>illam</strong></span> <span class='ocrx_word' id='word_1_43' title='bbox 796 709 1039 765; x_wconf 72' lang='lat' dir='ltr'><strong>fabulam</strong></span> <span class='ocrx_word' id='word_1_44' title='bbox 1092 713 1496 782; x_wconf 80' lang='lat' dir='ltr'><strong>excogitarunt,</strong></span> <span class='ocrx_word' id='word_1_45' title='bbox 1535 715 1726 770; x_wconf 92' lang='lat' dir='ltr'><strong>dicunt</strong></span> 
     </span>
    </p>
   </div>
   <div class='ocr_carea' id='block_1_8' title="bbox 133 795 1724 873">
    <p class='ocr_par' dir='ltr' id='par_1_8' title="bbox 133 795 1724 873">
     <span class='ocr_line' id='line_1_8' title="bbox 133 795 1724 873; baseline 0.009 -24"><span class='ocrx_word' id='word_1_46' title='bbox 133 795 260 852; x_wconf 84' lang='lat' dir='ltr'><strong>ideo</strong></span> <span class='ocrx_word' id='word_1_47' title='bbox 289 798 566 868; x_wconf 81' lang='lat' dir='ltr'><strong>lgnatium</strong></span> <span class='ocrx_word' id='word_1_48' title='bbox 600 800 869 873; x_wconf 73' lang='grc' dir='ltr'><strong>Θεοφόρον</strong></span> <span class='ocrx_word' id='word_1_49' title='bbox 908 803 1150 870; x_wconf 87' lang='lat' dir='ltr'><strong>dictum;</strong></span> <span class='ocrx_word' id='word_1_50' title='bbox 1197 805 1292 860; x_wconf 91' lang='lat' dir='ltr'><strong>sed</strong></span> <span class='ocrx_word' id='word_1_51' title='bbox 1323 807 1497 861; x_wconf 89' lang='lat' dir='ltr'><strong>multo</strong></span> <span class='ocrx_word' id='word_1_52' title='bbox 1526 808 1724 862; x_wconf 86' lang='lat' dir='ltr'><strong>verisi-</strong></span> 
     </span>
    </p>
   </div>
   <div class='ocr_carea' id='block_1_9' title="bbox 135 889 1722 968">
    <p class='ocr_par' dir='ltr' id='par_1_9' title="bbox 135 889 1722 968">
     <span class='ocr_line' id='line_1_9' title="bbox 135 889 1722 968; baseline 0.007 -27"><span class='ocrx_word' id='word_1_53' title='bbox 135 889 327 944; x_wconf 90' lang='lat' dir='ltr'><strong>milius</strong></span> <span class='ocrx_word' id='word_1_54' title='bbox 367 901 456 946; x_wconf 88' lang='lat' dir='ltr'><strong>est</strong></span> <span class='ocrx_word' id='word_1_55' title='bbox 479 892 626 959; x_wconf 67' lang='lat' dir='ltr'><strong>{ideo</strong></span> <span class='ocrx_word' id='word_1_56' title='bbox 657 908 780 947; x_wconf 85' lang='lat' dir='ltr'><strong>eam</strong></span> <span class='ocrx_word' id='word_1_57' title='bbox 810 892 1054 950; x_wconf 78' lang='lat' dir='ltr'><strong>fabulam</strong></span> <span class='ocrx_word' id='word_1_58' title='bbox 1098 897 1464 968; x_wconf 78' lang='lat' dir='ltr'><strong>excogitatam</strong></span> <span class='ocrx_word' id='word_1_59' title='bbox 1511 897 1682 954; x_wconf 81' lang='lat' dir='ltr'><strong>fuisse</strong></span> <span class='ocrx_word' id='word_1_60' title='bbox 1705 939 1722 966; x_wconf 90' lang='lat'><strong>,</strong></span> 
     </span>
    </p>
   </div>
   <div class='ocr_carea' id='block_1_10' title="bbox 134 981 1725 1060">
    <p class='ocr_par' dir='ltr' id='par_1_10' title="bbox 134 981 1725 1060">
     <span class='ocr_line' id='line_1_10' title="bbox 134 981 1725 1060; baseline 0.008 -26"><span class='ocrx_word' id='word_1_61' title='bbox 134 981 265 1050; x_wconf 85' lang='lat' dir='ltr'><strong>quia</strong></span> <span class='ocrx_word' id='word_1_62' title='bbox 295 997 424 1037; x_wconf 89' lang='lat' dir='ltr'><strong>eum</strong></span> <span class='ocrx_word' id='word_1_63' title='bbox 455 983 726 1056; x_wconf 76' lang='grc' dir='ltr'>Θεοφόρον</span> <span class='ocrx_word' id='word_1_64' title='bbox 760 985 966 1042; x_wconf 84' lang='lat' dir='ltr'><strong>dictum</strong></span> <span class='ocrx_word' id='word_1_65' title='bbox 1000 998 1393 1059; x_wconf 79' lang='lat' dir='ltr'><strong>cognoverant,</strong></span> <span class='ocrx_word' id='word_1_66' title='bbox 1443 990 1590 1060; x_wconf 92' lang='lat' dir='ltr'><strong>quod</strong></span> <span class='ocrx_word' id='word_1_67' title='bbox 1625 1007 1725 1045; x_wconf 91' lang='lat' dir='ltr'><strong>no-</strong></span> 
     </span>
    </p>
   </div>
   <div class='ocr_carea' id='block_1_11' title="bbox 135 1076 1725 1156">
    <p class='ocr_par' dir='ltr' id='par_1_11' title="bbox 135 1076 1725 1156">
     <span class='ocr_line' id='line_1_11' title="bbox 135 1076 1725 1156; baseline 0.008 -26"><span class='ocrx_word' id='word_1_68' title='bbox 135 1091 260 1131; x_wconf 87' lang='lat' dir='ltr'><strong>men</strong></span> <span class='ocrx_word' id='word_1_69' title='bbox 297 1077 416 1148; x_wconf 90' lang='lat' dir='ltr'><strong>ipsa</strong></span> <span class='ocrx_word' id='word_1_70' title='bbox 467 1076 652 1134; x_wconf 80' lang='lat' dir='ltr'><strong>fabula</strong></span> <span class='ocrx_word' id='word_1_71' title='bbox 706 1079 870 1151; x_wconf 83' lang='lat' dir='ltr'><strong>longe</strong></span> <span class='ocrx_word' id='word_1_72' title='bbox 913 1082 1197 1152; x_wconf 86' lang='lat' dir='ltr'><strong>antiquius</strong></span> <span class='ocrx_word' id='word_1_73' title='bbox 1237 1091 1324 1139; x_wconf 89' lang='lat' dir='ltr'><strong>est</strong></span> <span class='ocrx_word' id='word_1_74' title='bbox 1369 1086 1630 1156; x_wconf 45' lang='lat' dir='ltr'><strong>:dezqua</strong></span> <span class='ocrx_word' id='word_1_75' title='bbox 1662 1100 1725 1142; x_wconf 87' lang='lat' dir='ltr'><strong>re</strong></span> 
     </span>
    </p>
   </div>
   <div class='ocr_carea' id='block_1_12' title="bbox 133 1168 1108 1236">
    <p class='ocr_par' dir='ltr' id='par_1_12' title="bbox 133 1168 1108 1236">
     <span class='ocr_line' id='line_1_12' title="bbox 133 1168 1108 1236; baseline 0.006 -15"><span class='ocrx_word' id='word_1_76' title='bbox 133 1176 332 1236; x_wconf 89' lang='lat' dir='ltr'><strong>postea</strong></span> <span class='ocrx_word' id='word_1_77' title='bbox 369 1168 478 1223; x_wconf 90' lang='lat' dir='ltr'><strong>erit</strong></span> <span class='ocrx_word' id='word_1_78' title='bbox 498 1169 885 1226; x_wconf 88' lang='lat' dir='ltr'><strong>disserendum</strong></span> <span class='ocrx_word' id='word_1_79' title='bbox 920 1171 1108 1229; x_wconf 87' lang='lat' dir='ltr'><strong>latius.</strong></span> 
     </span>
    </p>
   </div>
   <div class='ocr_carea' id='block_1_13' title="bbox 204 1260 1723 1327">
    <p class='ocr_par' dir='ltr' id='par_1_13' title="bbox 204 1260 1723 1327">
     <span class='ocr_line' id='line_1_13' title="bbox 204 1260 1723 1327; baseline 0.008 -12"><span class='ocrx_word' id='word_1_80' title='bbox 204 1260 340 1316; x_wconf 57' lang='lat' dir='ltr'><strong>Haec</strong></span> <span class='ocrx_word' id='word_1_81' title='bbox 370 1277 501 1317; x_wconf 88' lang='lat' dir='ltr'><strong>cum</strong></span> <span class='ocrx_word' id='word_1_82' title='bbox 536 1263 605 1318; x_wconf 87' lang='lat' dir='ltr'><strong>ad</strong></span> <span class='ocrx_word' id='word_1_83' title='bbox 635 1264 798 1319; x_wconf 90' lang='lat' dir='ltr'><strong>ﬁdem</strong></span> <span class='ocrx_word' id='word_1_84' title='bbox 831 1264 1148 1322; x_wconf 72' lang='lat' dir='ltr'><strong>Graecorum</strong></span> <span class='ocrx_word' id='word_1_85' title='bbox 1180 1269 1432 1324; x_wconf 92' lang='lat' dir='ltr'><strong>codicum</strong></span> <span class='ocrx_word' id='word_1_86' title='bbox 1465 1271 1723 1327; x_wconf 81' lang='lat' dir='ltr'><strong>tuendam</strong></span> 
     </span>
    </p>
   </div>
   <div class='ocr_carea' id='block_1_14' title="bbox 131 1355 1726 1429">
    <p class='ocr_par' dir='ltr' id='par_1_14' title="bbox 131 1355 1726 1429">
     <span class='ocr_line' id='line_1_14' title="bbox 131 1355 1726 1429; baseline 0.008 -23"><span class='ocrx_word' id='word_1_87' title='bbox 131 1363 188 1408; x_wconf 84' lang='lat' dir='ltr'><strong>et</strong></span> <span class='ocrx_word' id='word_1_88' title='bbox 233 1369 430 1408; x_wconf 80' lang='lat' dir='ltr'><strong>verum</strong></span> <span class='ocrx_word' id='word_1_89' title='bbox 467 1355 754 1427; x_wconf 84' lang='lat' dir='ltr'><strong>scriptoris</strong></span> <span class='ocrx_word' id='word_1_90' title='bbox 803 1372 1025 1413; x_wconf 85' lang='lat' dir='ltr'><strong>sensum</strong></span> <span class='ocrx_word' id='word_1_91' title='bbox 1059 1375 1092 1414; x_wconf 91' lang='lat' dir='ltr'><strong>a</strong></span> <span class='ocrx_word' id='word_1_92' title='bbox 1140 1361 1328 1429; x_wconf 85' lang='lat' dir='ltr'><strong>pravis</strong></span> <span class='ocrx_word' id='word_1_93' title='bbox 1370 1363 1726 1419; x_wconf 85' lang='lat' dir='ltr'><strong>versionibus</strong></span> 
     </span>
    </p>
   </div>
   <div class='ocr_carea' id='block_1_15' title="bbox 131 1447 1727 1522">
    <p class='ocr_par' dir='ltr' id='par_1_15' title="bbox 131 1447 1727 1522">
     <span class='ocr_line' id='line_1_15' title="bbox 131 1447 1727 1522; baseline 0.007 -23"><span class='ocrx_word' id='word_1_94' title='bbox 131 1447 534 1504; x_wconf 82' lang='lat' dir='ltr'><strong>vindicandum</strong></span> <span class='ocrx_word' id='word_1_95' title='bbox 579 1449 828 1506; x_wconf 86' lang='lat' dir='ltr'><strong>suﬁicere</strong></span> <span class='ocrx_word' id='word_1_96' title='bbox 856 1461 1114 1522; x_wconf 90' lang='lat' dir='ltr'><strong>possent;</strong></span> <span class='ocrx_word' id='word_1_97' title='bbox 1152 1453 1382 1509; x_wconf 92' lang='lat' dir='ltr'><strong>ulterius</strong></span> <span class='ocrx_word' id='word_1_98' title='bbox 1421 1453 1727 1510; x_wconf 81' lang='lat' dir='ltr'><strong>observan-</strong></span> 
     </span>
    </p>
   </div>
   <div class='ocr_carea' id='block_1_16' title="bbox 127 1535 1726 1616">
    <p class='ocr_par' dir='ltr' id='par_1_16' title="bbox 127 1535 1726 1616">
     <span class='ocr_line' id='line_1_16' title="bbox 127 1535 1726 1616; baseline 0.004 -20"><span class='ocrx_word' id='word_1_99' title='bbox 127 1541 264 1596; x_wconf 87' lang='lat' dir='ltr'><strong>dum</strong></span> <span class='ocrx_word' id='word_1_100' title='bbox 315 1551 402 1598; x_wconf 89' lang='lat' dir='ltr'><strong>est</strong></span> <span class='ocrx_word' id='word_1_101' title='bbox 459 1535 947 1612; x_wconf 77' lang='lat' dir='ltr'><strong>prudentissimum</strong></span> <span class='ocrx_word' id='word_1_102' title='bbox 998 1545 1193 1600; x_wconf 88' lang='lat' dir='ltr'><strong>harum</strong></span> <span class='ocrx_word' id='word_1_103' title='bbox 1254 1561 1438 1601; x_wconf 92' lang='lat' dir='ltr'><strong>rerum</strong></span> <span class='ocrx_word' id='word_1_104' title='bbox 1482 1545 1726 1616; x_wconf 89' lang='lat' dir='ltr'><strong>judicem</strong></span> 
     </span>
    </p>
   </div>
   <div class='ocr_carea' id='block_1_17' title="bbox 128 1633 1728 1709">
    <p class='ocr_par' dir='ltr' id='par_1_17' title="bbox 128 1633 1728 1709">
     <span class='ocr_line' id='line_1_17' title="bbox 128 1633 1728 1709; baseline 0.004 -22"><span class='ocrx_word' id='word_1_105' title='bbox 128 1633 427 1705; x_wconf 82' lang='lat' dir='ltr'><strong>llugoncm</strong></span> <span class='ocrx_word' id='word_1_106' title='bbox 479 1633 729 1691; x_wconf 88' lang='lat' dir='ltr'><strong>Grotium</strong></span> <span class='ocrx_word' id='word_1_107' title='bbox 773 1637 842 1693; x_wconf 91' lang='lat' dir='ltr'><strong>de</strong></span> <span class='ocrx_word' id='word_1_108' title='bbox 889 1637 993 1693; x_wconf 89' lang='lat' dir='ltr'><strong>hac</strong></span> <span class='ocrx_word' id='word_1_109' title='bbox 1025 1639 1144 1709; x_wconf 91' lang='lat' dir='ltr'><strong>ipsa</strong></span> <span class='ocrx_word' id='word_1_110' title='bbox 1196 1639 1574 1694; x_wconf 84' lang='lat' dir='ltr'><strong>controversia</strong></span> <span class='ocrx_word' id='word_1_111' title='bbox 1623 1637 1728 1694; x_wconf 84' lang='lat' dir='ltr'><strong>ista</strong></span> 
     </span>
    </p>
   </div>
   <div class='ocr_carea' id='block_1_18' title="bbox 127 1727 1724 1802">
    <p class='ocr_par' dir='ltr' id='par_1_18' title="bbox 127 1727 1724 1802">
     <span class='ocr_line' id='line_1_18' title="bbox 127 1727 1724 1802; baseline 0.003 -20"><span class='ocrx_word' id='word_1_112' title='bbox 127 1727 198 1782; x_wconf 90' lang='lat' dir='ltr'><strong>ad</strong></span> <span class='ocrx_word' id='word_1_113' title='bbox 233 1727 484 1783; x_wconf 70' lang='lat' dir='ltr'><strong>Matthaai</strong></span> <span class='ocrx_word' id='word_1_114' title='bbox 513 1744 636 1799; x_wconf 85' lang='lat' dir='ltr'><strong>cap.</strong></span> <span class='ocrx_word' id='word_1_115' title='bbox 668 1746 841 1785; x_wconf 80' lang='lat' dir='ltr'><strong>xxvm</strong></span> <span class='ocrx_word' id='word_1_116' title='bbox 879 1730 1210 1787; x_wconf 89' lang='lat' dir='ltr'><strong>adnotasse:</strong></span> <span class='ocrx_word' id='word_1_117' title='bbox 1244 1751 1262 1784; x_wconf 83' lang='grc' dir='ltr'>ι</span> <span class='ocrx_word' id='word_1_118' title='bbox 1302 1730 1358 1787; x_wconf 90' lang='lat' dir='ltr'><strong>Si</strong></span> <span class='ocrx_word' id='word_1_119' title='bbox 1389 1732 1514 1802; x_wconf 88' lang='lat' dir='ltr'><strong>quis</strong></span> <span class='ocrx_word' id='word_1_120' title='bbox 1541 1732 1724 1787; x_wconf 91' lang='lat' dir='ltr'><strong>locum</strong></span> 
     </span>
    </p>
   </div>
   <div class='ocr_carea' id='block_1_19' title="bbox 128 1817 1729 1891">
    <p class='ocr_par' dir='ltr' id='par_1_19' title="bbox 128 1817 1729 1891">
     <span class='ocr_line' id='line_1_19' title="bbox 128 1817 1729 1891; baseline 0.005 -20"><span class='ocrx_word' id='word_1_121' title='bbox 128 1817 336 1888; x_wconf 86' lang='lat' dir='ltr'><strong>lgnatii</strong></span> <span class='ocrx_word' id='word_1_122' title='bbox 363 1834 492 1874; x_wconf 92' lang='lat' dir='ltr'><strong>cum</strong></span> <span class='ocrx_word' id='word_1_123' title='bbox 530 1835 663 1876; x_wconf 89' lang='lat' dir='ltr'><strong>cura</strong></span> <span class='ocrx_word' id='word_1_124' title='bbox 702 1820 979 1891; x_wconf 89' lang='lat' dir='ltr'><strong>inspiciat,</strong></span> <span class='ocrx_word' id='word_1_125' title='bbox 1023 1823 1228 1879; x_wconf 84' lang='lat' dir='ltr'><strong>videbit</strong></span> <span class='ocrx_word' id='word_1_126' title='bbox 1254 1832 1456 1879; x_wconf 90' lang='lat' dir='ltr'><strong>rectam</strong></span> <span class='ocrx_word' id='word_1_127' title='bbox 1491 1825 1729 1890; x_wconf 55' lang='lat' dir='ltr'><strong>essede-</strong></span> 
     </span>
    </p>
   </div>
   <div class='ocr_carea' id='block_1_20' title="bbox 128 1908 1729 1989">
    <p class='ocr_par' dir='ltr' id='par_1_20' title="bbox 128 1908 1729 1989">
     <span class='ocr_line' id='line_1_20' title="bbox 128 1908 1729 1989; baseline 0.006 -23"><span class='ocrx_word' id='word_1_128' title='bbox 128 1912 378 1968; x_wconf 85' lang='lat' dir='ltr'><strong>ctionem</strong></span> <span class='ocrx_word' id='word_1_129' title='bbox 409 1908 548 1978; x_wconf 85' lang='grc' dir='ltr'><strong>οἶδα,</strong></span> <span class='ocrx_word' id='word_1_130' title='bbox 580 1929 759 1984; x_wconf 87' lang='lat' dir='ltr'><strong>neque</strong></span> <span class='ocrx_word' id='word_1_131' title='bbox 783 1914 852 1970; x_wconf 89' lang='lat' dir='ltr'><strong>de</strong></span> <span class='ocrx_word' id='word_1_132' title='bbox 892 1916 1048 1973; x_wconf 90' lang='lat' dir='ltr'><strong>visus</strong></span> <span class='ocrx_word' id='word_1_133' title='bbox 1077 1932 1246 1973; x_wconf 90' lang='lat' dir='ltr'><strong>sensu</strong></span> <span class='ocrx_word' id='word_1_134' title='bbox 1276 1917 1352 1972; x_wconf 88' lang='lat' dir='ltr'><strong>ibi</strong></span> <span class='ocrx_word' id='word_1_135' title='bbox 1388 1919 1495 1989; x_wconf 86' lang='lat' dir='ltr'><strong>agi,</strong></span> <span class='ocrx_word' id='word_1_136' title='bbox 1533 1919 1626 1975; x_wconf 87' lang='lat' dir='ltr'><strong>sed</strong></span> <span class='ocrx_word' id='word_1_137' title='bbox 1659 1920 1729 1976; x_wconf 91' lang='lat' dir='ltr'><strong>de</strong></span> 
     </span>
    </p>
   </div>
   <div class='ocr_carea' id='block_1_21' title="bbox 131 2004 1731 2077">
    <p class='ocr_par' dir='ltr' id='par_1_21' title="bbox 131 2004 1731 2077">
     <span class='ocr_line' id='line_1_21' title="bbox 131 2004 1731 2077; baseline 0.006 -18"><span class='ocrx_word' id='word_1_138' title='bbox 131 2004 262 2074; x_wconf 86' lang='lat' dir='ltr'><strong>ﬁde,</strong></span> <span class='ocrx_word' id='word_1_139' title='bbox 313 2022 486 2077; x_wconf 89' lang='lat' dir='ltr'><strong>quam</strong></span> <span class='ocrx_word' id='word_1_140' title='bbox 519 2023 628 2062; x_wconf 94' lang='lat' dir='ltr'><strong>non</strong></span> <span class='ocrx_word' id='word_1_141' title='bbox 674 2023 796 2073; x_wconf 92' lang='lat' dir='ltr'><strong>suo,</strong></span> <span class='ocrx_word' id='word_1_142' title='bbox 831 2009 926 2065; x_wconf 92' lang='lat' dir='ltr'><strong>sed</strong></span> <span class='ocrx_word' id='word_1_143' title='bbox 969 2010 1204 2067; x_wconf 91' lang='lat' dir='ltr'><strong>aliorum</strong></span> <span class='ocrx_word' id='word_1_144' title='bbox 1249 2011 1564 2068; x_wconf 88' lang='lat' dir='ltr'><strong>testimonio</strong></span> <span class='ocrx_word' id='word_1_145' title='bbox 1595 2028 1731 2068; x_wconf 90' lang='lat' dir='ltr'><strong>con-</strong></span> 
     </span>
    </p>
   </div>
   <div class='ocr_carea' id='block_1_22' title="bbox 130 2099 1730 2162">
    <p class='ocr_par' dir='ltr' id='par_1_22' title="bbox 130 2099 1730 2162">
     <span class='ocr_line' id='line_1_22' title="bbox 130 2099 1730 2162; baseline 0.006 -9"><span class='ocrx_word' id='word_1_146' title='bbox 130 2099 341 2155; x_wconf 88' lang='lat' dir='ltr'><strong>ﬁrmat.</strong></span> <span class='ocrx_word' id='word_1_147' title='bbox 380 2119 401 2154; x_wconf 72' lang='grc' dir='ltr'>ι</span> <span class='ocrx_word' id='word_1_148' title='bbox 468 2099 814 2159; x_wconf 86' lang='lat' dir='ltr'><strong>Rectissime.</strong></span> <span class='ocrx_word' id='word_1_149' title='bbox 853 2101 1050 2160; x_wconf 79' lang='lat' dir='ltr'><strong>Adhuc</strong></span> <span class='ocrx_word' id='word_1_150' title='bbox 1100 2115 1282 2161; x_wconf 91' lang='lat' dir='ltr'><strong>tamen</strong></span> <span class='ocrx_word' id='word_1_151' title='bbox 1319 2104 1555 2162; x_wconf 83' lang='lat' dir='ltr'><strong>Dallaeus</strong></span> <span class='ocrx_word' id='word_1_152' title='bbox 1608 2107 1730 2162; x_wconf 88' lang='lat' dir='ltr'><strong>loco</strong></span> 
     </span>
    </p>
   </div>
   <div class='ocr_carea' id='block_1_23' title="bbox 129 2193 1730 2272">
    <p class='ocr_par' dir='ltr' id='par_1_23' title="bbox 129 2193 1730 2272">
     <span class='ocr_line' id='line_1_23' title="bbox 129 2193 1730 2272; baseline 0.003 -20"><span class='ocrx_word' id='word_1_153' title='bbox 129 2193 386 2263; x_wconf 84' lang='lat' dir='ltr'><strong>inspecto</strong></span> <span class='ocrx_word' id='word_1_154' title='bbox 416 2194 605 2251; x_wconf 89' lang='lat' dir='ltr'><strong>videre</strong></span> <span class='ocrx_word' id='word_1_155' title='bbox 639 2197 742 2252; x_wconf 91' lang='lat' dir='ltr'><strong>sibi</strong></span> <span class='ocrx_word' id='word_1_156' title='bbox 772 2199 926 2256; x_wconf 90' lang='lat' dir='ltr'><strong>visus</strong></span> <span class='ocrx_word' id='word_1_157' title='bbox 956 2208 1041 2255; x_wconf 87' lang='lat' dir='ltr'><strong>est</strong></span> <span class='ocrx_word' id='word_1_158' title='bbox 1073 2200 1250 2255; x_wconf 88' lang='lat' dir='ltr'><strong>multo</strong></span> <span class='ocrx_word' id='word_1_159' title='bbox 1275 2215 1397 2257; x_wconf 87' lang='lat' dir='ltr'><strong>csse</strong></span> <span class='ocrx_word' id='word_1_160' title='bbox 1427 2201 1730 2272; x_wconf 92' lang='lat' dir='ltr'><strong>appositio-</strong></span> 
     </span>
    </p>
   </div>
   <div class='ocr_carea' id='block_1_24' title="bbox 128 2285 1732 2360">
    <p class='ocr_par' dir='ltr' id='par_1_24' title="bbox 128 2285 1732 2360">
     <span class='ocr_line' id='line_1_24' title="bbox 128 2285 1732 2360; baseline 0.002 -19"><span class='ocrx_word' id='word_1_161' title='bbox 128 2301 247 2341; x_wconf 88' lang='lat' dir='ltr'><strong>rem</strong></span> <span class='ocrx_word' id='word_1_162' title='bbox 279 2285 774 2359; x_wconf 81' lang='lat' dir='ltr'><strong>Hieronymianum</strong></span> <span class='ocrx_word' id='word_1_163' title='bbox 807 2305 974 2360; x_wconf 89' lang='lat' dir='ltr'><strong>quam</strong></span> <span class='ocrx_word' id='word_1_164' title='bbox 1016 2287 1339 2351; x_wconf 84' lang='lat' dir='ltr'><strong>Grotianum</strong></span> <span class='ocrx_word' id='word_1_165' title='bbox 1368 2305 1628 2354; x_wconf 92' lang='lat' dir='ltr'><strong>sensum;</strong></span> <span class='ocrx_word' id='word_1_166' title='bbox 1655 2291 1732 2346; x_wconf 91' lang='lat' dir='ltr'><strong>id-</strong></span> 
     </span>
    </p>
   </div>
   <div class='ocr_carea' id='block_1_25' title="bbox 128 2378 1729 2452">
    <p class='ocr_par' dir='ltr' id='par_1_25' title="bbox 128 2378 1729 2452">
     <span class='ocr_line' id='line_1_25' title="bbox 128 2378 1729 2452; baseline 0.003 -20"><span class='ocrx_word' id='word_1_167' title='bbox 128 2393 241 2448; x_wconf 73' lang='lat' dir='ltr'><strong>que</strong></span> <span class='ocrx_word' id='word_1_168' title='bbox 270 2378 349 2434; x_wconf 91' lang='lat' dir='ltr'><strong>ob</strong></span> <span class='ocrx_word' id='word_1_169' title='bbox 389 2380 532 2436; x_wconf 90' lang='lat' dir='ltr'><strong>duas</strong></span> <span class='ocrx_word' id='word_1_170' title='bbox 561 2379 838 2446; x_wconf 85' lang='lat' dir='ltr'><strong>rationes,</strong></span> <span class='ocrx_word' id='word_1_171' title='bbox 887 2396 1138 2451; x_wconf 88' lang='lat' dir='ltr'><strong>quarum</strong></span> <span class='ocrx_word' id='word_1_172' title='bbox 1167 2381 1348 2452; x_wconf 92' lang='lat' dir='ltr'><strong>prima</strong></span> <span class='ocrx_word' id='word_1_173' title='bbox 1394 2397 1426 2436; x_wconf 90' lang='lat' dir='ltr'><strong>a</strong></span> <span class='ocrx_word' id='word_1_174' title='bbox 1458 2381 1729 2452; x_wconf 85' lang='lat' dir='ltr'><strong>particula</strong></span> 
     </span>
    </p>
   </div>
   <div class='ocr_carea' id='block_1_26' title="bbox 128 2469 1730 2544">
    <p class='ocr_par' dir='ltr' id='par_1_26' title="bbox 128 2469 1730 2544">
     <span class='ocr_line' id='line_1_26' title="bbox 128 2469 1730 2544; baseline 0.005 -22"><span class='ocrx_word' id='word_1_175' title='bbox 128 2469 242 2540; x_wconf 72' lang='grc' dir='ltr'><strong>γάρ</strong></span> <span class='ocrx_word' id='word_1_176' title='bbox 265 2470 504 2539; x_wconf 90' lang='lat' dir='ltr'><strong>petitur,</strong></span> <span class='ocrx_word' id='word_1_177' title='bbox 553 2488 716 2543; x_wconf 91' lang='lat' dir='ltr'><strong>quam</strong></span> <span class='ocrx_word' id='word_1_178' title='bbox 754 2473 1042 2528; x_wconf 88' lang='lat' dir='ltr'><strong>ostendere</strong></span> <span class='ocrx_word' id='word_1_179' title='bbox 1068 2471 1188 2528; x_wconf 88' lang='lat' dir='ltr'><strong>vult</strong></span> <span class='ocrx_word' id='word_1_180' title='bbox 1244 2473 1563 2544; x_wconf 87' lang='lat' dir='ltr'><strong>scriptorem</strong></span> <span class='ocrx_word' id='word_1_181' title='bbox 1603 2491 1730 2530; x_wconf 90' lang='lat' dir='ltr'><strong>ver-</strong></span> 
     </span>
    </p>
   </div>
   <div class='ocr_carea' id='block_1_27' title="bbox 130 2557 1726 2634">
    <p class='ocr_par' dir='ltr' id='par_1_27' title="bbox 130 2557 1726 2634">
     <span class='ocr_line' id='line_1_27' title="bbox 130 2557 1726 2634; baseline 0.004 -23"><span class='ocrx_word' id='word_1_182' title='bbox 130 2557 220 2612; x_wconf 88' lang='lat' dir='ltr'><strong>bis</strong></span> <span class='ocrx_word' id='word_1_183' title='bbox 255 2561 622 2628; x_wconf 83' lang='lat' dir='ltr'><strong>sequentibus</strong></span> <span class='ocrx_word' id='word_1_184' title='bbox 663 2561 785 2632; x_wconf 88' lang='lat' dir='ltr'><strong>ejus</strong></span> <span class='ocrx_word' id='word_1_185' title='bbox 829 2563 977 2633; x_wconf 86' lang='lat' dir='ltr'><strong>quod</strong></span> <span class='ocrx_word' id='word_1_186' title='bbox 1008 2564 1441 2634; x_wconf 66' lang='lat' dir='ltr'><strong>praecedentibus</strong></span> <span class='ocrx_word' id='word_1_187' title='bbox 1484 2563 1726 2632; x_wconf 84' lang='lat' dir='ltr'><strong>dixerat,</strong></span> 
     </span>
    </p>
   </div>
   <div class='ocr_carea' id='block_1_28' title="bbox 129 2651 1730 2712">
    <p class='ocr_par' dir='ltr' id='par_1_28' title="bbox 129 2651 1730 2712">
     <span class='ocr_line' id='line_1_28' title="bbox 129 2651 1730 2712; baseline 0.003 -5"><span class='ocrx_word' id='word_1_188' title='bbox 129 2651 409 2707; x_wconf 82' lang='lat' dir='ltr'><strong>rationem</strong></span> <span class='ocrx_word' id='word_1_189' title='bbox 469 2651 681 2709; x_wconf 82' lang='lat' dir='ltr'><strong>aﬁ‘erre.</strong></span> <span class='ocrx_word' id='word_1_190' title='bbox 740 2653 961 2711; x_wconf 79' lang='lat' dir='ltr'><strong>Dixerat</strong></span> <span class='ocrx_word' id='word_1_191' title='bbox 1017 2664 1201 2710; x_wconf 89' lang='lat' dir='ltr'><strong>autem</strong></span> <span class='ocrx_word' id='word_1_192' title='bbox 1256 2654 1540 2712; x_wconf 87' lang='lat' dir='ltr'><strong>Christum</strong></span> <span class='ocrx_word' id='word_1_193' title='bbox 1602 2672 1730 2712; x_wconf 91' lang='lat' dir='ltr'><strong>vere</strong></span> 
     </span>
    </p>
   </div>
   <div class='ocr_carea' id='block_1_29' title="bbox 129 2747 1731 2821">
    <p class='ocr_par' dir='ltr' id='par_1_29' title="bbox 129 2747 1731 2821">
     <span class='ocr_line' id='line_1_29' title="bbox 129 2747 1731 2821; baseline 0.006 -26"><span class='ocrx_word' id='word_1_194' title='bbox 129 2753 425 2798; x_wconf 88' lang='lat' dir='ltr'><strong>mortuum</strong></span> <span class='ocrx_word' id='word_1_195' title='bbox 459 2753 513 2800; x_wconf 90' lang='lat' dir='ltr'><strong>et</strong></span> <span class='ocrx_word' id='word_1_196' title='bbox 559 2747 946 2803; x_wconf 86' lang='lat' dir='ltr'><strong>resuscitatum</strong></span> <span class='ocrx_word' id='word_1_197' title='bbox 989 2767 1002 2803; x_wconf 95' lang='lat'>:</span> <span class='ocrx_word' id='word_1_198' title='bbox 1034 2748 1193 2818; x_wconf 88' lang='lat' dir='ltr'><strong>cujus</strong></span> <span class='ocrx_word' id='word_1_199' title='bbox 1221 2749 1300 2804; x_wconf 89' lang='lat' dir='ltr'><strong>rei</strong></span> <span class='ocrx_word' id='word_1_200' title='bbox 1335 2750 1603 2821; x_wconf 91' lang='lat' dir='ltr'><strong>optimum</strong></span> <span class='ocrx_word' id='word_1_201' title='bbox 1641 2766 1731 2805; x_wconf 84' lang='lat' dir='ltr'><strong>ar-</strong></span> 
     </span>
    </p>
   </div>
   <div class='ocr_carea' id='block_1_30' title="bbox 128 2839 1729 2911">
    <p class='ocr_par' dir='ltr' id='par_1_30' title="bbox 128 2839 1729 2911">
     <span class='ocr_line' id='line_1_30' title="bbox 128 2839 1729 2911; baseline 0.006 -22"><span class='ocrx_word' id='word_1_202' title='bbox 128 2846 489 2906; x_wconf 84' lang='lat' dir='ltr'><strong>gumentum,</strong></span> <span class='ocrx_word' id='word_1_203' title='bbox 510 2839 657 2909; x_wconf 91' lang='lat' dir='ltr'><strong>quod</strong></span> <span class='ocrx_word' id='word_1_204' title='bbox 686 2839 866 2911; x_wconf 91' lang='lat' dir='ltr'><strong>ipsum</strong></span> <span class='ocrx_word' id='word_1_205' title='bbox 895 2841 950 2895; x_wconf 90' lang='lat' dir='ltr'><strong>in</strong></span> <span class='ocrx_word' id='word_1_206' title='bbox 975 2855 1141 2898; x_wconf 87' lang='lat' dir='ltr'><strong>carne</strong></span> <span class='ocrx_word' id='word_1_207' title='bbox 1163 2844 1548 2898; x_wconf 88' lang='lat' dir='ltr'><strong>resuscitatum</strong></span> <span class='ocrx_word' id='word_1_208' title='bbox 1573 2842 1729 2899; x_wconf 90' lang='lat' dir='ltr'><strong>vide-</strong></span> 
     </span>
    </p>
   </div>
   <div class='ocr_carea' id='block_1_31' title="bbox 129 2927 1728 3006">
    <p class='ocr_par' dir='ltr' id='par_1_31' title="bbox 129 2927 1728 3006">
     <span class='ocr_line' id='line_1_31' title="bbox 129 2927 1728 3006; baseline 0.006 -23"><span class='ocrx_word' id='word_1_209' title='bbox 129 2929 222 2983; x_wconf 90' lang='lat' dir='ltr'><strong>rit.</strong></span> <span class='ocrx_word' id='word_1_210' title='bbox 247 2927 372 2983; x_wconf 87' lang='lat' dir='ltr'><strong>Imo</strong></span> <span class='ocrx_word' id='word_1_211' title='bbox 399 2944 531 2985; x_wconf 89' lang='lat' dir='ltr'><strong>vero</strong></span> <span class='ocrx_word' id='word_1_212' title='bbox 562 2946 663 2987; x_wconf 91' lang='lat' dir='ltr'><strong>nec</strong></span> <span class='ocrx_word' id='word_1_213' title='bbox 687 2933 959 3002; x_wconf 89' lang='lat' dir='ltr'><strong>particula</strong></span> <span class='ocrx_word' id='word_1_214' title='bbox 985 2937 1094 3006; x_wconf 86' lang='grc' dir='ltr'><strong>γάρ</strong></span> <span class='ocrx_word' id='word_1_215' title='bbox 1120 2936 1393 2991; x_wconf 90' lang='lat' dir='ltr'><strong>rationem</strong></span> <span class='ocrx_word' id='word_1_216' title='bbox 1426 2935 1728 3006; x_wconf 89' lang='lat' dir='ltr'><strong>superioris</strong></span> 
     </span>
    </p>
   </div>
   <div class='ocr_carea' id='block_1_32' title="bbox 129 3022 1726 3100">
    <p class='ocr_par' dir='ltr' id='par_1_32' title="bbox 129 3022 1726 3100">
     <span class='ocr_line' id='line_1_32' title="bbox 129 3022 1726 3100; baseline 0.006 -25"><span class='ocrx_word' id='word_1_217' title='bbox 129 3022 472 3078; x_wconf 83' lang='lat' dir='ltr'><strong>assertionis</strong></span> <span class='ocrx_word' id='word_1_218' title='bbox 501 3025 769 3089; x_wconf 88' lang='lat' dir='ltr'><strong>continet,</strong></span> <span class='ocrx_word' id='word_1_219' title='bbox 801 3041 980 3096; x_wconf 91' lang='lat' dir='ltr'><strong>neque</strong></span> <span class='ocrx_word' id='word_1_220' title='bbox 1029 3028 1173 3084; x_wconf 86' lang='lat' dir='ltr'><strong>visio</strong></span> <span class='ocrx_word' id='word_1_221' title='bbox 1205 3029 1320 3097; x_wconf 90' lang='lat' dir='ltr'><strong>illa,</strong></span> <span class='ocrx_word' id='word_1_222' title='bbox 1352 3044 1519 3099; x_wconf 91' lang='lat' dir='ltr'><strong>quam</strong></span> <span class='ocrx_word' id='word_1_223' title='bbox 1560 3027 1726 3100; x_wconf 88' lang='lat' dir='ltr'><strong>lgna-</strong></span> 
     </span>
    </p>
   </div>
   <div class='ocr_carea' id='block_1_33' title="bbox 1828 527 3399 602">
    <p class='ocr_par' dir='ltr' id='par_1_33' title="bbox 1828 527 3399 602">
     <span class='ocr_line' id='line_1_33' title="bbox 1828 527 3399 602; baseline -0.003 -17"><span class='ocrx_word' id='word_1_224' title='bbox 1828 532 2126 602; x_wconf 84' lang='lat' dir='ltr'><strong>Apostolus</strong></span> <span class='ocrx_word' id='word_1_225' title='bbox 2156 528 2608 602; x_wconf 81' lang='grc' dir='ltr'><strong>πληροφορηθείς.</strong></span> <span class='ocrx_word' id='word_1_226' title='bbox 2644 527 2788 596; x_wconf 82' lang='lat' dir='ltr'><strong>Quin</strong></span> <span class='ocrx_word' id='word_1_227' title='bbox 2811 537 2866 585; x_wconf 92' lang='lat' dir='ltr'><strong>et</strong></span> <span class='ocrx_word' id='word_1_228' title='bbox 2908 528 3038 583; x_wconf 89' lang='lat' dir='ltr'><strong>alibi</strong></span> <span class='ocrx_word' id='word_1_229' title='bbox 3061 528 3399 599; x_wconf 88' lang='lat' dir='ltr'><strong>conjunctim</strong></span> 
     </span>
    </p>
   </div>
   <div class='ocr_carea' id='block_1_34' title="bbox 1827 614 3405 692">
    <p class='ocr_par' dir='ltr' id='par_1_34' title="bbox 1827 614 3405 692">
     <span class='ocr_line' id='line_1_34' title="bbox 1827 614 3405 692; baseline -0.001 -16"><span class='ocrx_word' id='word_1_230' title='bbox 1827 622 2116 692; x_wconf 83' lang='lat' dir='ltr'><strong>expressit,</strong></span> <span class='ocrx_word' id='word_1_231' title='bbox 2150 620 2245 674; x_wconf 76' lang='grc' dir='ltr'><strong>καὶ</strong></span> <span class='ocrx_word' id='word_1_232' title='bbox 2289 618 2448 674; x_wconf 79' lang='grc' dir='ltr'>τοῦτο</span> <span class='ocrx_word' id='word_1_233' title='bbox 2488 618 2763 683; x_wconf 82' lang='grc' dir='ltr'>πεποιθὼς</span> <span class='ocrx_word' id='word_1_234' title='bbox 2810 614 2947 686; x_wconf 83' lang='grc' dir='ltr'><strong>οἶδα,</strong></span> <span class='ocrx_word' id='word_1_235' title='bbox 2996 617 3193 688; x_wconf 88' lang='lat' dir='ltr'><strong>Philip.</strong></span> <span class='ocrx_word' id='word_1_236' title='bbox 3243 634 3282 680; x_wconf 91' lang='lat' dir='ltr'><strong>l,</strong></span> 
     </span>
    </p>
   </div>
   <div class='ocr_carea' id='block_1_35' title="bbox 1815 710 3406 781">
    <p class='ocr_par' dir='ltr' id='par_1_35' title="bbox 1815 710 3406 781">
     <span class='ocr_line' id='line_1_35' title="bbox 1815 710 3406 781; baseline -0.003 -12"><span class='ocrx_word' id='word_1_237' title='bbox 1815 713 2002 781; x_wconf 72' lang='lat' dir='ltr'><strong>&#39;Quem</strong></span> <span class='ocrx_word' id='word_1_238' title='bbox 2050 714 2298 769; x_wconf 89' lang='lat' dir='ltr'><strong>imitatus</strong></span> <span class='ocrx_word' id='word_1_239' title='bbox 2343 720 2428 768; x_wconf 90' lang='lat' dir='ltr'><strong>est</strong></span> <span class='ocrx_word' id='word_1_240' title='bbox 2466 710 2526 768; x_wconf 93' lang='lat' dir='ltr'><strong>S.</strong></span> <span class='ocrx_word' id='word_1_241' title='bbox 2570 711 2904 768; x_wconf 84' lang='lat' dir='ltr'><strong>Athanasius</strong></span> <span class='ocrx_word' id='word_1_242' title='bbox 2950 719 3092 767; x_wconf 90' lang='lat' dir='ltr'><strong>orat.</strong></span> <span class='ocrx_word' id='word_1_243' title='bbox 3138 711 3165 765; x_wconf 82' lang='grc'><strong>1</strong></span> <span class='ocrx_word' id='word_1_244' title='bbox 3226 721 3406 764; x_wconf 77' lang='lat' dir='ltr'><strong>rontra</strong></span> 
     </span>
    </p>
   </div>
   <div class='ocr_carea' id='block_1_36' title="bbox 1827 801 3410 877">
    <p class='ocr_par' dir='ltr' id='par_1_36' title="bbox 1827 801 3410 877">
     <span class='ocr_line' id='line_1_36' title="bbox 1827 801 3410 877; baseline -0.003 -16"><span class='ocrx_word' id='word_1_245' title='bbox 1827 806 2055 861; x_wconf 80' lang='lat' dir='ltr'><strong>Arianos</strong></span> <span class='ocrx_word' id='word_1_246' title='bbox 2091 821 2110 859; x_wconf 91' lang='lat'><strong><em>:</em></strong></span> <span class='ocrx_word' id='word_1_247' title='bbox 2139 801 2268 860; x_wconf 79' lang='grc' dir='ltr'><strong>Οἶδα</strong></span> <span class='ocrx_word' id='word_1_248' title='bbox 2310 804 2420 877; x_wconf 83' lang='grc' dir='ltr'><strong>γὰρ</strong></span> <span class='ocrx_word' id='word_1_249' title='bbox 2463 805 2559 858; x_wconf 82' lang='grc' dir='ltr'><strong>καὶ</strong></span> <span class='ocrx_word' id='word_1_250' title='bbox 2590 803 2891 875; x_wconf 80' lang='grc' dir='ltr'><strong>πέπεισμαι</strong></span> <span class='ocrx_word' id='word_1_251' title='bbox 2937 805 3019 857; x_wconf 80' lang='grc' dir='ltr'><strong>ὅτι</strong></span> <span class='ocrx_word' id='word_1_252' title='bbox 3050 806 3164 868; x_wconf 82' lang='grc' dir='ltr'><strong>τοῖς</strong></span> <span class='ocrx_word' id='word_1_253' title='bbox 3202 803 3410 874; x_wconf 82' lang='grc' dir='ltr'>ὑπομέ-</span> 
     </span>
    </p>
   </div>
   <div class='ocr_carea' id='block_1_37' title="bbox 1828 895 3404 967">
    <p class='ocr_par' dir='ltr' id='par_1_37' title="bbox 1828 895 3404 967">
     <span class='ocr_line' id='line_1_37' title="bbox 1828 895 3404 967; baseline -0.001 -17"><span class='ocrx_word' id='word_1_254' title='bbox 1828 913 2011 950; x_wconf 81' lang='grc' dir='ltr'><strong>νουσιν</strong></span> <span class='ocrx_word' id='word_1_255' title='bbox 2052 896 2204 950; x_wconf 63' lang='lat' dir='ltr'><strong>Eata:</strong></span> <span class='ocrx_word' id='word_1_256' title='bbox 2241 895 2430 967; x_wconf 79' lang='grc' dir='ltr'><strong>μισθὸς</strong></span> <span class='ocrx_word' id='word_1_257' title='bbox 2475 895 2582 950; x_wconf 81' lang='grc' dir='ltr'><strong>ἀπὸ</strong></span> <span class='ocrx_word' id='word_1_258' title='bbox 2607 895 2700 949; x_wconf 80' lang='grc' dir='ltr'><strong>τοῦ</strong></span> <span class='ocrx_word' id='word_1_259' title='bbox 2725 896 2977 967; x_wconf 77' lang='grc' dir='ltr'><strong>Σωτῆρος</strong></span> <span class='ocrx_word' id='word_1_260' title='bbox 3003 913 3019 952; x_wconf 91' lang='lat'><strong>:</strong></span> <span class='ocrx_word' id='word_1_261' title='bbox 3051 915 3071 948; x_wconf 84' lang='grc' dir='ltr'>ι</span> <span class='ocrx_word' id='word_1_262' title='bbox 3106 896 3233 951; x_wconf 89' lang='lat' dir='ltr'><strong>Scio</strong></span> <span class='ocrx_word' id='word_1_263' title='bbox 3259 896 3404 951; x_wconf 87' lang='lat' dir='ltr'><strong>enim</strong></span> 
     </span>
    </p>
   </div>
   <div class='ocr_carea' id='block_1_38' title="bbox 1826 986 3411 1056">
    <p class='ocr_par' dir='ltr' id='par_1_38' title="bbox 1826 986 3411 1056">
     <span class='ocr_line' id='line_1_38' title="bbox 1826 986 3411 1056; baseline -0.001 -15"><span class='ocrx_word' id='word_1_264' title='bbox 1826 995 1882 1041; x_wconf 90' lang='lat' dir='ltr'><strong>et</strong></span> <span class='ocrx_word' id='word_1_265' title='bbox 1910 995 2119 1042; x_wconf 90' lang='lat' dir='ltr'><strong>certum</strong></span> <span class='ocrx_word' id='word_1_266' title='bbox 2163 986 2340 1041; x_wconf 87' lang='lat' dir='ltr'><strong>habeo</strong></span> <span class='ocrx_word' id='word_1_267' title='bbox 2383 987 2672 1056; x_wconf 68' lang='lat' dir='ltr'><strong>praemium</strong></span> <span class='ocrx_word' id='word_1_268' title='bbox 2706 986 2775 1041; x_wconf 91' lang='lat' dir='ltr'><strong>iis</strong></span> <span class='ocrx_word' id='word_1_269' title='bbox 2815 987 2909 1056; x_wconf 91' lang='lat' dir='ltr'><strong>qui</strong></span> <span class='ocrx_word' id='word_1_270' title='bbox 2951 986 3226 1042; x_wconf 84' lang='lat' dir='ltr'><strong>sustinent</strong></span> <span class='ocrx_word' id='word_1_271' title='bbox 3255 987 3411 1041; x_wconf 82' lang='lat' dir='ltr'><strong>retri-</strong></span> 
     </span>
    </p>
   </div>
   <div class='ocr_carea' id='block_1_39' title="bbox 1827 1079 3404 1149">
    <p class='ocr_par' dir='ltr' id='par_1_39' title="bbox 1827 1079 3404 1149">
     <span class='ocr_line' id='line_1_39' title="bbox 1827 1079 3404 1149; baseline -0.001 -15"><span class='ocrx_word' id='word_1_272' title='bbox 1827 1079 2104 1134; x_wconf 91' lang='lat' dir='ltr'><strong>buendum</strong></span> <span class='ocrx_word' id='word_1_273' title='bbox 2131 1095 2252 1136; x_wconf 90' lang='lat' dir='ltr'><strong>esse</strong></span> <span class='ocrx_word' id='word_1_274' title='bbox 2278 1095 2308 1134; x_wconf 94' lang='lat' dir='ltr'><strong>a</strong></span> <span class='ocrx_word' id='word_1_275' title='bbox 2341 1079 2648 1135; x_wconf 87' lang='lat' dir='ltr'><strong>Salvatore.</strong></span> <span class='ocrx_word' id='word_1_276' title='bbox 2682 1099 2703 1132; x_wconf 73' lang='grc' dir='ltr'>ι</span> <span class='ocrx_word' id='word_1_277' title='bbox 2739 1079 2811 1135; x_wconf 91' lang='lat' dir='ltr'><strong>Ut</strong></span> <span class='ocrx_word' id='word_1_278' title='bbox 2845 1081 2988 1134; x_wconf 92' lang='lat' dir='ltr'><strong>idem</strong></span> <span class='ocrx_word' id='word_1_279' title='bbox 3029 1080 3102 1134; x_wconf 92' lang='lat' dir='ltr'><strong>sit</strong></span> <span class='ocrx_word' id='word_1_280' title='bbox 3128 1080 3270 1149; x_wconf 90' lang='lat' dir='ltr'><strong>apud</strong></span> <span class='ocrx_word' id='word_1_281' title='bbox 3300 1096 3404 1134; x_wconf 51' lang='lat' dir='ltr'><strong>no,</strong></span> 
     </span>
    </p>
   </div>
   <div class='ocr_carea' id='block_1_40' title="bbox 1828 1166 3408 1240">
    <p class='ocr_par' dir='ltr' id='par_1_40' title="bbox 1828 1166 3408 1240">
     <span class='ocr_line' id='line_1_40' title="bbox 1828 1166 3408 1240; baseline 0.001 -15"><span class='ocrx_word' id='word_1_282' title='bbox 1828 1179 2022 1225; x_wconf 88' lang='lat' dir='ltr'><strong>strum.</strong></span> <span class='ocrx_word' id='word_1_283' title='bbox 2053 1166 2182 1224; x_wconf 83' lang='grc' dir='ltr'><strong>Οἶδα</strong></span> <span class='ocrx_word' id='word_1_284' title='bbox 2209 1171 2303 1224; x_wconf 77' lang='grc' dir='ltr'>καὶ</span> <span class='ocrx_word' id='word_1_285' title='bbox 2339 1170 2602 1236; x_wconf 76' lang='grc' dir='ltr'><strong>πιστεύω,</strong></span> <span class='ocrx_word' id='word_1_286' title='bbox 2634 1171 2781 1240; x_wconf 84' lang='lat' dir='ltr'><strong>quod</strong></span> <span class='ocrx_word' id='word_1_287' title='bbox 2815 1169 2970 1234; x_wconf 72' lang='grc' dir='ltr'><strong>εἰδὼς</strong></span> <span class='ocrx_word' id='word_1_288' title='bbox 3014 1169 3274 1236; x_wconf 82' lang='grc' dir='ltr'><strong>πιστεύω,</strong></span> <span class='ocrx_word' id='word_1_289' title='bbox 3311 1180 3408 1226; x_wconf 84' lang='lat' dir='ltr'><strong>aut</strong></span> 
     </span>
    </p>
   </div>
   <div class='ocr_carea' id='block_1_41' title="bbox 1828 1256 3409 1328">
    <p class='ocr_par' dir='ltr' id='par_1_41' title="bbox 1828 1256 3409 1328">
     <span class='ocr_line' id='line_1_41' title="bbox 1828 1256 3409 1328; baseline -0.001 -14"><span class='ocrx_word' id='word_1_290' title='bbox 1828 1260 2100 1315; x_wconf 80' lang='grc' dir='ltr'><strong>πιστεύων</strong></span> <span class='ocrx_word' id='word_1_291' title='bbox 2132 1256 2262 1314; x_wconf 79' lang='grc' dir='ltr'>οἶδα.</span> <span class='ocrx_word' id='word_1_292' title='bbox 2297 1258 2444 1313; x_wconf 89' lang='lat' dir='ltr'><strong>Nihil</strong></span> <span class='ocrx_word' id='word_1_293' title='bbox 2469 1259 2614 1314; x_wconf 91' lang='lat' dir='ltr'><strong>cnim</strong></span> <span class='ocrx_word' id='word_1_294' title='bbox 2643 1258 2788 1313; x_wconf 91' lang='lat' dir='ltr'><strong>aliud</strong></span> <span class='ocrx_word' id='word_1_295' title='bbox 2824 1273 2989 1328; x_wconf 90' lang='lat' dir='ltr'><strong>quam</strong></span> <span class='ocrx_word' id='word_1_296' title='bbox 3017 1257 3330 1311; x_wconf 89' lang='lat' dir='ltr'><strong>ﬁrmitatem</strong></span> <span class='ocrx_word' id='word_1_297' title='bbox 3353 1267 3409 1312; x_wconf 89' lang='lat' dir='ltr'><strong>et</strong></span> 
     </span>
    </p>
   </div>
   <div class='ocr_carea' id='block_1_42' title="bbox 1827 1349 3408 1422">
    <p class='ocr_par' dir='ltr' id='par_1_42' title="bbox 1827 1349 3408 1422">
     <span class='ocr_line' id='line_1_42' title="bbox 1827 1349 3408 1422; baseline -0.004 -12"><span class='ocrx_word' id='word_1_298' title='bbox 1827 1353 2212 1410; x_wconf 87' lang='lat' dir='ltr'><strong>certitudinem</strong></span> <span class='ocrx_word' id='word_1_299' title='bbox 2239 1352 2362 1406; x_wconf 90' lang='lat' dir='ltr'><strong>ﬁdei</strong></span> <span class='ocrx_word' id='word_1_300' title='bbox 2388 1352 2502 1406; x_wconf 83' lang='lat' dir='ltr'><strong>haec</strong></span> <span class='ocrx_word' id='word_1_301' title='bbox 2517 1352 2850 1422; x_wconf 87' lang='lat' dir='ltr'><strong>loquuntur:</strong></span> <span class='ocrx_word' id='word_1_302' title='bbox 2875 1369 2893 1401; x_wconf 83' lang='grc' dir='ltr'>ι</span> <span class='ocrx_word' id='word_1_303' title='bbox 2922 1350 3025 1405; x_wconf 89' lang='lat' dir='ltr'><strong>Sed</strong></span> <span class='ocrx_word' id='word_1_304' title='bbox 3051 1365 3175 1405; x_wconf 88' lang='lat' dir='ltr'><strong>cum</strong></span> <span class='ocrx_word' id='word_1_305' title='bbox 3195 1349 3304 1404; x_wconf 90' lang='lat' dir='ltr'><strong>duo</strong></span> <span class='ocrx_word' id='word_1_306' title='bbox 3324 1349 3408 1404; x_wconf 83' lang='lat' dir='ltr'><strong>di-</strong></span> 
     </span>
    </p>
   </div>
   <div class='ocr_carea' id='block_1_43' title="bbox 1826 1441 3409 1515">
    <p class='ocr_par' dir='ltr' id='par_1_43' title="bbox 1826 1441 3409 1515">
     <span class='ocr_line' id='line_1_43' title="bbox 1826 1441 3409 1515; baseline -0.003 -14"><span class='ocrx_word' id='word_1_307' title='bbox 1826 1461 1986 1501; x_wconf 91' lang='lat' dir='ltr'><strong>versa</strong></span> <span class='ocrx_word' id='word_1_308' title='bbox 2010 1445 2173 1500; x_wconf 89' lang='lat' dir='ltr'><strong>verba</strong></span> <span class='ocrx_word' id='word_1_309' title='bbox 2204 1444 2470 1515; x_wconf 88' lang='lat' dir='ltr'><strong>posuerit,</strong></span> <span class='ocrx_word' id='word_1_310' title='bbox 2501 1443 2742 1499; x_wconf 86' lang='lat' dir='ltr'><strong>ostendit</strong></span> <span class='ocrx_word' id='word_1_311' title='bbox 2769 1457 2827 1498; x_wconf 88' lang='lat' dir='ltr'><strong>se</strong></span> <span class='ocrx_word' id='word_1_312' title='bbox 2858 1441 3140 1498; x_wconf 90' lang='lat' dir='ltr'><strong>Christum</strong></span> <span class='ocrx_word' id='word_1_313' title='bbox 3169 1443 3222 1496; x_wconf 88' lang='lat' dir='ltr'><strong>in</strong></span> <span class='ocrx_word' id='word_1_314' title='bbox 3243 1456 3409 1497; x_wconf 89' lang='lat' dir='ltr'><strong>carne</strong></span> 
     </span>
    </p>
   </div>
   <div class='ocr_carea' id='block_1_44' title="bbox 1829 1534 3403 1607">
    <p class='ocr_par' dir='ltr' id='par_1_44' title="bbox 1829 1534 3403 1607">
     <span class='ocr_line' id='line_1_44' title="bbox 1829 1534 3403 1607; baseline -0.004 -16"><span class='ocrx_word' id='word_1_315' title='bbox 1829 1535 2002 1593; x_wconf 83' lang='lat' dir='ltr'><strong>fuisse</strong></span> <span class='ocrx_word' id='word_1_316' title='bbox 2024 1537 2180 1592; x_wconf 91' lang='lat' dir='ltr'><strong>aliter</strong></span> <span class='ocrx_word' id='word_1_317' title='bbox 2207 1551 2371 1592; x_wconf 90' lang='lat' dir='ltr'><strong>nosse</strong></span> <span class='ocrx_word' id='word_1_318' title='bbox 2396 1551 2562 1607; x_wconf 86' lang='lat' dir='ltr'><strong>quam</strong></span> <span class='ocrx_word' id='word_1_319' title='bbox 2591 1551 2718 1590; x_wconf 91' lang='lat' dir='ltr'><strong>eum</strong></span> <span class='ocrx_word' id='word_1_320' title='bbox 2742 1535 2795 1588; x_wconf 91' lang='lat' dir='ltr'><strong>in</strong></span> <span class='ocrx_word' id='word_1_321' title='bbox 2826 1534 3015 1589; x_wconf 89' lang='lat' dir='ltr'><strong>eadem</strong></span> <span class='ocrx_word' id='word_1_322' title='bbox 3034 1548 3180 1589; x_wconf 83' lang='lat' dir='ltr'><strong>nunc</strong></span> <span class='ocrx_word' id='word_1_323' title='bbox 3206 1547 3348 1588; x_wconf 90' lang='lat' dir='ltr'><strong>esse.</strong></span> <span class='ocrx_word' id='word_1_324' title='bbox 3382 1551 3403 1584; x_wconf 78' lang='grc'>›</span> 
     </span>
    </p>
   </div>
   <div class='ocr_carea' id='block_1_45' title="bbox 1829 1622 3406 1690">
    <p class='ocr_par' dir='ltr' id='par_1_45' title="bbox 1829 1622 3406 1690">
     <span class='ocr_line' id='line_1_45' title="bbox 1829 1622 3406 1690; baseline -0.003 -10"><span class='ocrx_word' id='word_1_325' title='bbox 1829 1625 1929 1682; x_wconf 82' lang='lat' dir='ltr'><strong>ilic</strong></span> <span class='ocrx_word' id='word_1_326' title='bbox 1942 1636 2089 1684; x_wconf 88' lang='lat' dir='ltr'><strong>certe</strong></span> <span class='ocrx_word' id='word_1_327' title='bbox 2108 1627 2355 1682; x_wconf 83' lang='lat' dir='ltr'><strong>omnium</strong></span> <span class='ocrx_word' id='word_1_328' title='bbox 2377 1627 2432 1681; x_wconf 91' lang='lat' dir='ltr'><strong>in</strong></span> <span class='ocrx_word' id='word_1_329' title='bbox 2450 1627 2552 1681; x_wconf 88' lang='lat' dir='ltr'><strong>hac</strong></span> <span class='ocrx_word' id='word_1_330' title='bbox 2570 1641 2628 1681; x_wconf 90' lang='lat' dir='ltr'><strong>re</strong></span> <span class='ocrx_word' id='word_1_331' title='bbox 2647 1641 2921 1690; x_wconf 91' lang='lat' dir='ltr'><strong>errorum,</strong></span> <span class='ocrx_word' id='word_1_332' title='bbox 2943 1633 3004 1680; x_wconf 90' lang='lat' dir='ltr'><strong>ut</strong></span> <span class='ocrx_word' id='word_1_333' title='bbox 3023 1625 3156 1678; x_wconf 88' lang='lat' dir='ltr'><strong>mihi</strong></span> <span class='ocrx_word' id='word_1_334' title='bbox 3173 1622 3406 1688; x_wconf 48' lang='lat' dir='ltr'><strong>videtnry</strong></span> 
     </span>
    </p>
   </div>
   <div class='ocr_carea' id='block_1_46' title="bbox 1830 1716 3410 1786">
    <p class='ocr_par' dir='ltr' id='par_1_46' title="bbox 1830 1716 3410 1786">
     <span class='ocr_line' id='line_1_46' title="bbox 1830 1716 3410 1786; baseline -0.003 -13"><span class='ocrx_word' id='word_1_335' title='bbox 1830 1718 1956 1776; x_wconf 79' lang='lat' dir='ltr'><strong>fons</strong></span> <span class='ocrx_word' id='word_1_336' title='bbox 1989 1729 2091 1776; x_wconf 91' lang='lat' dir='ltr'><strong>est.</strong></span> <span class='ocrx_word' id='word_1_337' title='bbox 2137 1716 2256 1774; x_wconf 80' lang='lat' dir='ltr'><strong>Non</strong></span> <span class='ocrx_word' id='word_1_338' title='bbox 2301 1719 2522 1773; x_wconf 84' lang='lat' dir='ltr'><strong>aliunde</strong></span> <span class='ocrx_word' id='word_1_339' title='bbox 2561 1717 2959 1773; x_wconf 89' lang='lat' dir='ltr'><strong>hallucinatum</strong></span> <span class='ocrx_word' id='word_1_340' title='bbox 3010 1716 3182 1773; x_wconf 82' lang='lat' dir='ltr'><strong>fuisse</strong></span> <span class='ocrx_word' id='word_1_341' title='bbox 3230 1716 3410 1786; x_wconf 92' lang='lat' dir='ltr'><strong>primo</strong></span> 
     </span>
    </p>
   </div>
   <div class='ocr_carea' id='block_1_47' title="bbox 1758 1786 3409 1884">
    <p class='ocr_par' dir='ltr' id='par_1_47' title="bbox 1758 1786 3409 1884">
     <span class='ocr_line' id='line_1_47' title="bbox 1758 1786 3409 1884; baseline -0.002 -18"><span class='ocrx_word' id='word_1_342' title='bbox 1758 1786 1801 1844; x_wconf 71' lang='grc' dir='ltr'><strong>Β</strong></span> <span class='ocrx_word' id='word_1_343' title='bbox 1829 1811 2244 1884; x_wconf 80' lang='lat' dir='ltr'><strong>Hieronymum,</strong></span> <span class='ocrx_word' id='word_1_344' title='bbox 2270 1811 2395 1866; x_wconf 89' lang='lat' dir='ltr'><strong>dein</strong></span> <span class='ocrx_word' id='word_1_345' title='bbox 2417 1811 2790 1881; x_wconf 88' lang='lat' dir='ltr'><strong>interpretem,</strong></span> <span class='ocrx_word' id='word_1_346' title='bbox 2816 1825 2881 1864; x_wconf 91' lang='lat' dir='ltr'><strong>ac</strong></span> <span class='ocrx_word' id='word_1_347' title='bbox 2904 1809 3120 1864; x_wconf 90' lang='lat' dir='ltr'><strong>tandem</strong></span> <span class='ocrx_word' id='word_1_348' title='bbox 3151 1807 3409 1862; x_wconf 84' lang='lat' dir='ltr'><strong>Dallaeum</strong></span> 
     </span>
    </p>
   </div>
   <div class='ocr_carea' id='block_1_48' title="bbox 1829 1901 3408 1976">
    <p class='ocr_par' dir='ltr' id='par_1_48' title="bbox 1829 1901 3408 1976">
     <span class='ocr_line' id='line_1_48' title="bbox 1829 1901 3408 1976; baseline -0.004 -15"><span class='ocrx_word' id='word_1_349' title='bbox 1829 1906 2090 1964; x_wconf 89' lang='lat' dir='ltr'><strong>arbitror.</strong></span> <span class='ocrx_word' id='word_1_350' title='bbox 2123 1905 2240 1960; x_wconf 86' lang='lat' dir='ltr'><strong>Duo</strong></span> <span class='ocrx_word' id='word_1_351' title='bbox 2271 1903 2571 1976; x_wconf 86' lang='lat' dir='ltr'><strong>signiﬁcari</strong></span> <span class='ocrx_word' id='word_1_352' title='bbox 2614 1903 2915 1958; x_wconf 71' lang='lat' dir='ltr'><strong>Dominica:</strong></span> <span class='ocrx_word' id='word_1_353' title='bbox 2947 1901 3130 1957; x_wconf 88' lang='lat' dir='ltr'><strong>carnis</strong></span> <span class='ocrx_word' id='word_1_354' title='bbox 3164 1911 3408 1971; x_wconf 86' lang='lat' dir='ltr'><strong>tempora</strong></span> 
     </span>
    </p>
   </div>
   <div class='ocr_carea' id='block_1_49' title="bbox 1827 1993 3411 2065">
    <p class='ocr_par' dir='ltr' id='par_1_49' title="bbox 1827 1993 3411 2065">
     <span class='ocr_line' id='line_1_49' title="bbox 1827 1993 3411 2065; baseline -0.003 -13"><span class='ocrx_word' id='word_1_355' title='bbox 1827 1998 2143 2063; x_wconf 87' lang='lat' dir='ltr'><strong>voluerunt,</strong></span> <span class='ocrx_word' id='word_1_356' title='bbox 2174 2004 2300 2065; x_wconf 89' lang='lat' dir='ltr'><strong>post</strong></span> <span class='ocrx_word' id='word_1_357' title='bbox 2343 1995 2805 2050; x_wconf 86' lang='lat' dir='ltr'><strong>resurrectionem</strong></span> <span class='ocrx_word' id='word_1_358' title='bbox 2850 1993 2906 2046; x_wconf 91' lang='lat' dir='ltr'><strong>in</strong></span> <span class='ocrx_word' id='word_1_359' title='bbox 2935 1993 3118 2057; x_wconf 88' lang='lat' dir='ltr'><strong>terris,</strong></span> <span class='ocrx_word' id='word_1_360' title='bbox 3153 2001 3280 2062; x_wconf 89' lang='lat' dir='ltr'><strong>post</strong></span> <span class='ocrx_word' id='word_1_361' title='bbox 3319 2009 3411 2047; x_wconf 85' lang='lat' dir='ltr'><strong>as—</strong></span> 
     </span>
    </p>
   </div>
   <div class='ocr_carea' id='block_1_50' title="bbox 1827 2083 3412 2156">
    <p class='ocr_par' dir='ltr' id='par_1_50' title="bbox 1827 2083 3412 2156">
     <span class='ocr_line' id='line_1_50' title="bbox 1827 2083 3412 2156; baseline -0.004 -12"><span class='ocrx_word' id='word_1_362' title='bbox 1827 2089 2140 2145; x_wconf 89' lang='lat' dir='ltr'><strong>censionem</strong></span> <span class='ocrx_word' id='word_1_363' title='bbox 2190 2087 2246 2141; x_wconf 91' lang='lat' dir='ltr'><strong>in</strong></span> <span class='ocrx_word' id='word_1_364' title='bbox 2273 2086 2450 2152; x_wconf 64' lang='lat' dir='ltr'><strong>caelis,</strong></span> <span class='ocrx_word' id='word_1_365' title='bbox 2485 2100 2608 2156; x_wconf 70' lang='lat' dir='ltr'><strong>quae</strong></span> <span class='ocrx_word' id='word_1_366' title='bbox 2637 2099 2668 2138; x_wconf 92' lang='lat' dir='ltr'><strong>a</strong></span> <span class='ocrx_word' id='word_1_367' title='bbox 2699 2091 2882 2138; x_wconf 88' lang='lat' dir='ltr'><strong>mente</strong></span> <span class='ocrx_word' id='word_1_368' title='bbox 2927 2083 3214 2154; x_wconf 89' lang='lat' dir='ltr'><strong>scriptoris</strong></span> <span class='ocrx_word' id='word_1_369' title='bbox 3254 2099 3412 2154; x_wconf 91' lang='lat' dir='ltr'><strong>pror-</strong></span> 
     </span>
    </p>
   </div>
   <div class='ocr_carea' id='block_1_51' title="bbox 1828 2175 3411 2247">
    <p class='ocr_par' dir='ltr' id='par_1_51' title="bbox 1828 2175 3411 2247">
     <span class='ocr_line' id='line_1_51' title="bbox 1828 2175 3411 2247; baseline -0.003 -8"><span class='ocrx_word' id='word_1_370' title='bbox 1828 2199 1925 2239; x_wconf 86' lang='lat' dir='ltr'><strong>sus</strong></span> <span class='ocrx_word' id='word_1_371' title='bbox 1947 2182 2123 2237; x_wconf 79' lang='lat' dir='ltr'><strong>aliena</strong></span> <span class='ocrx_word' id='word_1_372' title='bbox 2155 2189 2299 2237; x_wconf 90' lang='lat' dir='ltr'><strong>sunt.</strong></span> <span class='ocrx_word' id='word_1_373' title='bbox 2335 2178 2549 2234; x_wconf 89' lang='lat' dir='ltr'><strong>Fictum</strong></span> <span class='ocrx_word' id='word_1_374' title='bbox 2575 2188 2656 2232; x_wconf 87' lang='lat' dir='ltr'><strong>est</strong></span> <span class='ocrx_word' id='word_1_375' title='bbox 2682 2177 2813 2232; x_wconf 91' lang='lat' dir='ltr'><strong>illud</strong></span> <span class='ocrx_word' id='word_1_376' title='bbox 2848 2196 2866 2228; x_wconf 77' lang='grc' dir='ltr'>ι</span> <span class='ocrx_word' id='word_1_377' title='bbox 2898 2175 3088 2242; x_wconf 84' lang='lat' dir='ltr'><strong>fuisse,</strong></span> <span class='ocrx_word' id='word_1_378' title='bbox 3122 2196 3142 2228; x_wconf 72' lang='grc' dir='ltr'>ι</span> <span class='ocrx_word' id='word_1_379' title='bbox 3173 2179 3321 2247; x_wconf 92' lang='lat' dir='ltr'><strong>quod</strong></span> <span class='ocrx_word' id='word_1_380' title='bbox 3345 2195 3411 2234; x_wconf 81' lang='lat' dir='ltr'><strong>ex</strong></span> 
     </span>
    </p>
   </div>
   <div class='ocr_carea' id='block_1_52' title="bbox 1830 2270 3414 2345">
    <p class='ocr_par' dir='ltr' id='par_1_52' title="bbox 1830 2270 3414 2345">
     <span class='ocr_line' id='line_1_52' title="bbox 1830 2270 3414 2345; baseline -0.004 -13"><span class='ocrx_word' id='word_1_381' title='bbox 1830 2275 2108 2332; x_wconf 39' lang='lat' dir='ltr'><strong>’Vairlenio</strong></span> <span class='ocrx_word' id='word_1_382' title='bbox 2159 2273 2469 2345; x_wconf 84' lang='lat' dir='ltr'><strong>proferunt.</strong></span> <span class='ocrx_word' id='word_1_383' title='bbox 2522 2270 2771 2343; x_wconf 83' lang='lat' dir='ltr'><strong>lgnatius</strong></span> <span class='ocrx_word' id='word_1_384' title='bbox 2825 2279 3038 2326; x_wconf 86' lang='lat' dir='ltr'><strong>tantum</strong></span> <span class='ocrx_word' id='word_1_385' title='bbox 3095 2272 3232 2327; x_wconf 86' lang='lat' dir='ltr'><strong>dixit</strong></span> <span class='ocrx_word' id='word_1_386' title='bbox 3283 2272 3414 2326; x_wconf 74' lang='grc' dir='ltr'><strong>ὄντα</strong></span> 
     </span>
    </p>
   </div>
   <div class='ocr_carea' id='block_1_53' title="bbox 1828 2365 3415 2441">
    <p class='ocr_par' dir='ltr' id='par_1_53' title="bbox 1828 2365 3415 2441">
     <span class='ocr_line' id='line_1_53' title="bbox 1828 2365 3415 2441; baseline -0.002 -17"><span class='ocrx_word' id='word_1_387' title='bbox 1828 2370 1977 2441; x_wconf 87' lang='lat' dir='ltr'><strong>quod</strong></span> <span class='ocrx_word' id='word_1_388' title='bbox 2007 2385 2132 2424; x_wconf 92' lang='lat' dir='ltr'><strong>cum</strong></span> <span class='ocrx_word' id='word_1_389' title='bbox 2179 2370 2237 2422; x_wconf 72' lang='grc' dir='ltr'>ἐν</span> <span class='ocrx_word' id='word_1_390' title='bbox 2271 2368 2436 2440; x_wconf 79' lang='grc' dir='ltr'>σαρκί</span> <span class='ocrx_word' id='word_1_391' title='bbox 2470 2366 2915 2437; x_wconf 83' lang='lat' dir='ltr'><strong>conjungendum</strong></span> <span class='ocrx_word' id='word_1_392' title='bbox 2949 2375 3052 2422; x_wconf 89' lang='lat' dir='ltr'><strong>est.</strong></span> <span class='ocrx_word' id='word_1_393' title='bbox 3107 2365 3247 2422; x_wconf 87' lang='lat' dir='ltr'><strong>Illud</strong></span> <span class='ocrx_word' id='word_1_394' title='bbox 3287 2367 3415 2421; x_wconf 89' lang='lat' dir='ltr'><strong>uni-</strong></span> 
     </span>
    </p>
   </div>
   <div class='ocr_carea' id='block_1_54' title="bbox 1830 2456 3415 2528">
    <p class='ocr_par' dir='ltr' id='par_1_54' title="bbox 1830 2456 3415 2528">
     <span class='ocr_line' id='line_1_54' title="bbox 1830 2456 3415 2528; baseline -0.004 -11"><span class='ocrx_word' id='word_1_395' title='bbox 1830 2475 1956 2518; x_wconf 92' lang='lat' dir='ltr'><strong>cum</strong></span> <span class='ocrx_word' id='word_1_396' title='bbox 1981 2467 2065 2513; x_wconf 91' lang='lat' dir='ltr'><strong>est</strong></span> <span class='ocrx_word' id='word_1_397' title='bbox 2100 2458 2247 2527; x_wconf 90' lang='lat' dir='ltr'><strong>quod</strong></span> <span class='ocrx_word' id='word_1_398' title='bbox 2278 2458 2368 2513; x_wconf 91' lang='lat' dir='ltr'><strong>hic</strong></span> <span class='ocrx_word' id='word_1_399' title='bbox 2410 2456 2655 2527; x_wconf 83' lang='lat' dir='ltr'><strong>lgnatius</strong></span> <span class='ocrx_word' id='word_1_400' title='bbox 2682 2457 2820 2514; x_wconf 83' lang='lat' dir='ltr'><strong>dixit</strong></span> <span class='ocrx_word' id='word_1_401' title='bbox 2850 2475 2910 2514; x_wconf 92' lang='lat' dir='ltr'><strong>se</strong></span> <span class='ocrx_word' id='word_1_402' title='bbox 2954 2459 3113 2528; x_wconf 90' lang='lat' dir='ltr'><strong>plena</strong></span> <span class='ocrx_word' id='word_1_403' title='bbox 3147 2458 3252 2512; x_wconf 91' lang='lat' dir='ltr'><strong>ﬁde</strong></span> <span class='ocrx_word' id='word_1_404' title='bbox 3294 2473 3415 2511; x_wconf 82' lang='lat' dir='ltr'><strong>arn-</strong></span> 
     </span>
    </p>
   </div>
   <div class='ocr_carea' id='block_1_55' title="bbox 1829 2548 3416 2623">
    <p class='ocr_par' dir='ltr' id='par_1_55' title="bbox 1829 2548 3416 2623">
     <span class='ocr_line' id='line_1_55' title="bbox 1829 2548 3416 2623; baseline -0.001 -16"><span class='ocrx_word' id='word_1_405' title='bbox 1829 2553 2015 2623; x_wconf 89' lang='lat' dir='ltr'><strong>plecti,</strong></span> <span class='ocrx_word' id='word_1_406' title='bbox 2058 2548 2343 2605; x_wconf 87' lang='lat' dir='ltr'><strong>Christum</strong></span> <span class='ocrx_word' id='word_1_407' title='bbox 2390 2551 2449 2603; x_wconf 84' lang='grc' dir='ltr'>ὲν</span> <span class='ocrx_word' id='word_1_408' title='bbox 2498 2551 2663 2622; x_wconf 75' lang='grc' dir='ltr'>σαρκὶ</span> <span class='ocrx_word' id='word_1_409' title='bbox 2681 2550 2833 2618; x_wconf 76' lang='grc' dir='ltr'>ὄντα,</span> <span class='ocrx_word' id='word_1_410' title='bbox 2867 2551 3048 2606; x_wconf 89' lang='lat' dir='ltr'><strong>adhuc</strong></span> <span class='ocrx_word' id='word_1_411' title='bbox 3076 2551 3241 2606; x_wconf 89' lang='lat' dir='ltr'><strong>etiam</strong></span> <span class='ocrx_word' id='word_1_412' title='bbox 3287 2561 3416 2621; x_wconf 89' lang='lat' dir='ltr'><strong>post</strong></span> 
     </span>
    </p>
   </div>
   <div class='ocr_carea' id='block_1_56' title="bbox 1829 2641 3414 2701">
    <p class='ocr_par' dir='ltr' id='par_1_56' title="bbox 1829 2641 3414 2701">
     <span class='ocr_line' id='line_1_56' title="bbox 1829 2641 3414 2701; baseline -0.002 0"><span class='ocrx_word' id='word_1_413' title='bbox 1829 2645 2289 2701; x_wconf 86' lang='lat' dir='ltr'><strong>resurrectionem</strong></span> <span class='ocrx_word' id='word_1_414' title='bbox 2320 2661 2338 2694; x_wconf 83' lang='grc' dir='ltr'>ι</span> <span class='ocrx_word' id='word_1_415' title='bbox 2370 2641 2423 2696; x_wconf 89' lang='lat' dir='ltr'><strong>in</strong></span> <span class='ocrx_word' id='word_1_416' title='bbox 2447 2658 2612 2698; x_wconf 86' lang='lat' dir='ltr'><strong>carne</strong></span> <span class='ocrx_word' id='word_1_417' title='bbox 2643 2643 3018 2698; x_wconf 83' lang='lat' dir='ltr'><strong>exsistentcm.</strong></span> <span class='ocrx_word' id='word_1_418' title='bbox 3055 2662 3076 2696; x_wconf 73' lang='grc' dir='ltr'>ι</span> <span class='ocrx_word' id='word_1_419' title='bbox 3109 2643 3186 2700; x_wconf 90' lang='lat' dir='ltr'><strong>De</strong></span> <span class='ocrx_word' id='word_1_420' title='bbox 3224 2660 3414 2701; x_wconf 89' lang='lat' dir='ltr'><strong>ascen-</strong></span> 
     </span>
    </p>
   </div>
   <div class='ocr_carea' id='block_1_57' title="bbox 1830 2736 3412 2807">
    <p class='ocr_par' dir='ltr' id='par_1_57' title="bbox 1830 2736 3412 2807">
     <span class='ocr_line' id='line_1_57' title="bbox 1830 2736 3412 2807; baseline -0.001 -12"><span class='ocrx_word' id='word_1_421' title='bbox 1830 2739 1986 2796; x_wconf 90' lang='lat' dir='ltr'><strong>sione</strong></span> <span class='ocrx_word' id='word_1_422' title='bbox 2034 2737 2170 2792; x_wconf 90' lang='lat' dir='ltr'><strong>nihil</strong></span> <span class='ocrx_word' id='word_1_423' title='bbox 2225 2737 2316 2792; x_wconf 92' lang='lat' dir='ltr'><strong>hic</strong></span> <span class='ocrx_word' id='word_1_424' title='bbox 2373 2736 2534 2803; x_wconf 80' lang='lat' dir='ltr'><strong>dixit,</strong></span> <span class='ocrx_word' id='word_1_425' title='bbox 2585 2736 2720 2791; x_wconf 88' lang='lat' dir='ltr'><strong>nihil</strong></span> <span class='ocrx_word' id='word_1_426' title='bbox 2767 2737 3044 2807; x_wconf 89' lang='lat' dir='ltr'><strong>probavit.</strong></span> <span class='ocrx_word' id='word_1_427' title='bbox 3095 2737 3412 2795; x_wconf 84' lang='lat' dir='ltr'><strong>Ridiculum</strong></span> 
     </span>
    </p>
   </div>
   <div class='ocr_carea' id='block_1_58' title="bbox 1828 2829 3413 2900">
    <p class='ocr_par' dir='ltr' id='par_1_58' title="bbox 1828 2829 3413 2900">
     <span class='ocr_line' id='line_1_58' title="bbox 1828 2829 3413 2900; baseline -0.001 -13"><span class='ocrx_word' id='word_1_428' title='bbox 1828 2839 1916 2888; x_wconf 91' lang='lat' dir='ltr'><strong>est</strong></span> <span class='ocrx_word' id='word_1_429' title='bbox 1947 2831 2267 2900; x_wconf 90' lang='lat' dir='ltr'><strong>scriptorem</strong></span> <span class='ocrx_word' id='word_1_430' title='bbox 2302 2829 2413 2884; x_wconf 86' lang='lat' dir='ltr'><strong>duo</strong></span> <span class='ocrx_word' id='word_1_431' title='bbox 2442 2830 2648 2897; x_wconf 87' lang='lat' dir='ltr'><strong>dicere,</strong></span> <span class='ocrx_word' id='word_1_432' title='bbox 2692 2844 2927 2899; x_wconf 91' lang='lat' dir='ltr'><strong>quorum</strong></span> <span class='ocrx_word' id='word_1_433' title='bbox 2969 2831 3206 2886; x_wconf 91' lang='lat' dir='ltr'><strong>alterum</strong></span> <span class='ocrx_word' id='word_1_434' title='bbox 3244 2830 3413 2900; x_wconf 84' lang='lat' dir='ltr'><strong>vidit,</strong></span> 
     </span>
    </p>
   </div>
   <div class='ocr_carea' id='block_1_59' title="bbox 1830 2923 3415 2996">
    <p class='ocr_par' dir='ltr' id='par_1_59' title="bbox 1830 2923 3415 2996">
     <span class='ocr_line' id='line_1_59' title="bbox 1830 2923 3415 2996; baseline -0.001 -16"><span class='ocrx_word' id='word_1_435' title='bbox 1830 2925 2064 2980; x_wconf 90' lang='lat' dir='ltr'><strong>alterum</strong></span> <span class='ocrx_word' id='word_1_436' title='bbox 2109 2923 2372 2989; x_wconf 88' lang='lat' dir='ltr'><strong>credidit;</strong></span> <span class='ocrx_word' id='word_1_437' title='bbox 2406 2924 2607 2980; x_wconf 92' lang='lat' dir='ltr'><strong>deinde</strong></span> <span class='ocrx_word' id='word_1_438' title='bbox 2650 2926 2810 2996; x_wconf 90' lang='lat' dir='ltr'><strong>plura</strong></span> <span class='ocrx_word' id='word_1_439' title='bbox 2858 2925 3174 2980; x_wconf 88' lang='lat' dir='ltr'><strong>testimonia</strong></span> <span class='ocrx_word' id='word_1_440' title='bbox 3219 2925 3415 2979; x_wconf 81' lang='lat' dir='ltr'><strong>aﬁ‘erre</strong></span> 
     </span>
    </p>
   </div>
   <div class='ocr_carea' id='block_1_60' title="bbox 1829 3016 3411 3088">
    <p class='ocr_par' dir='ltr' id='par_1_60' title="bbox 1829 3016 3411 3088">
     <span class='ocr_line' id='line_1_60' title="bbox 1829 3016 3411 3088; baseline -0.001 -17"><span class='ocrx_word' id='word_1_441' title='bbox 1829 3032 1932 3088; x_wconf 91' lang='lat' dir='ltr'><strong>pro</strong></span> <span class='ocrx_word' id='word_1_442' title='bbox 1963 3031 2030 3072; x_wconf 90' lang='lat' dir='ltr'><strong>eo</strong></span> <span class='ocrx_word' id='word_1_443' title='bbox 2058 3016 2205 3087; x_wconf 91' lang='lat' dir='ltr'><strong>quod</strong></span> <span class='ocrx_word' id='word_1_444' title='bbox 2246 3016 2488 3084; x_wconf 89' lang='lat' dir='ltr'><strong>viderat;</strong></span> <span class='ocrx_word' id='word_1_445' title='bbox 2522 3031 2621 3087; x_wconf 87' lang='lat' dir='ltr'><strong>pro</strong></span> <span class='ocrx_word' id='word_1_446' title='bbox 2646 3033 2712 3072; x_wconf 91' lang='lat' dir='ltr'><strong>eo</strong></span> <span class='ocrx_word' id='word_1_447' title='bbox 2733 3016 2877 3088; x_wconf 91' lang='lat' dir='ltr'><strong>quod</strong></span> <span class='ocrx_word' id='word_1_448' title='bbox 2897 3016 3151 3081; x_wconf 90' lang='lat' dir='ltr'><strong>credidit,</strong></span> <span class='ocrx_word' id='word_1_449' title='bbox 3175 3016 3411 3071; x_wconf 90' lang='lat' dir='ltr'><strong>nullum.</strong></span> 
     </span>
    </p>
   </div>
   <div class='ocr_carea' id='block_1_61' title="bbox 132 3108 3415 3192">
    <p class='ocr_par' dir='ltr' id='par_1_61' title="bbox 132 3108 3415 3192">
     <span class='ocr_line' id='line_1_61' title="bbox 132 3108 3415 3192; baseline 0.002 -26"><span class='ocrx_word' id='word_1_450' title='bbox 132 3113 243 3167; x_wconf 88' lang='lat' dir='ltr'><strong>tius</strong></span> <span class='ocrx_word' id='word_1_451' title='bbox 274 3121 503 3183; x_wconf 90' lang='lat' dir='ltr'><strong>poterat</strong></span> <span class='ocrx_word' id='word_1_452' title='bbox 525 3115 846 3183; x_wconf 89' lang='lat' dir='ltr'><strong>obtendere,</strong></span> <span class='ocrx_word' id='word_1_453' title='bbox 874 3132 975 3187; x_wconf 93' lang='lat' dir='ltr'><strong>pro</strong></span> <span class='ocrx_word' id='word_1_454' title='bbox 1000 3118 1245 3190; x_wconf 86' lang='lat' dir='ltr'><strong>legitimo</strong></span> <span class='ocrx_word' id='word_1_455' title='bbox 1275 3129 1600 3192; x_wconf 90' lang='lat' dir='ltr'><strong>argumento</strong></span> <span class='ocrx_word' id='word_1_456' title='bbox 1625 3120 1728 3174; x_wconf 79' lang='lat' dir='ltr'><strong>ha-</strong></span> <span class='ocrx_word' id='word_1_457' title='bbox 1755 3133 1798 3192; x_wconf 76' lang='grc' dir='ltr'>ο</span> <span class='ocrx_word' id='word_1_458' title='bbox 1831 3108 2028 3166; x_wconf 72' lang='lat' dir='ltr'><strong>omnia</strong></span> <span class='ocrx_word' id='word_1_459' title='bbox 2052 3110 2198 3165; x_wconf 72' lang='lat' dir='ltr'><strong>enim</strong></span> <span class='ocrx_word' id='word_1_460' title='bbox 2231 3124 2355 3180; x_wconf 76' lang='lat' dir='ltr'><strong>quae</strong></span> <span class='ocrx_word' id='word_1_461' title='bbox 2391 3118 2700 3180; x_wconf 83' lang='lat' dir='ltr'><strong>sequuntur</strong></span> <span class='ocrx_word' id='word_1_462' title='bbox 2750 3110 3132 3166; x_wconf 76' lang='lat' dir='ltr'><strong>lantummOdO</strong></span> <span class='ocrx_word' id='word_1_463' title='bbox 3178 3109 3415 3181; x_wconf 69' lang='grc' dir='ltr'>ρνοῢωιι</span> 
     </span>
    </p>
   </div>
   <div class='ocr_carea' id='block_1_62' title="bbox 132 3206 1727 3282">
    <p class='ocr_par' dir='ltr' id='par_1_62' title="bbox 132 3206 1727 3282">
     <span class='ocr_line' id='line_1_62' title="bbox 132 3206 1727 3282; baseline 0.003 -22"><span class='ocrx_word' id='word_1_464' title='bbox 132 3206 250 3261; x_wconf 87' lang='lat' dir='ltr'><strong>beri</strong></span> <span class='ocrx_word' id='word_1_465' title='bbox 286 3207 495 3276; x_wconf 89' lang='lat' dir='ltr'><strong>potuit.</strong></span> <span class='ocrx_word' id='word_1_466' title='bbox 534 3206 809 3264; x_wconf 90' lang='lat' dir='ltr'><strong>Particula</strong></span> <span class='ocrx_word' id='word_1_467' title='bbox 858 3211 967 3282; x_wconf 81' lang='grc' dir='ltr'><strong>γάρ</strong></span> <span class='ocrx_word' id='word_1_468' title='bbox 1000 3210 1166 3267; x_wconf 87' lang='lat' dir='ltr'><strong>habet</strong></span> <span class='ocrx_word' id='word_1_469' title='bbox 1197 3212 1362 3267; x_wconf 89' lang='lat' dir='ltr'><strong>aliam</strong></span> <span class='ocrx_word' id='word_1_470' title='bbox 1395 3211 1727 3282; x_wconf 87' lang='lat' dir='ltr'><strong>particulam</strong></span> 
     </span>
    </p>
   </div>
   <div class='ocr_carea' id='block_1_63' title="bbox 132 3299 1730 3374">
    <p class='ocr_par' dir='ltr' id='par_1_63' title="bbox 132 3299 1730 3374">
     <span class='ocr_line' id='line_1_63' title="bbox 132 3299 1730 3374; baseline 0.003 -21"><span class='ocrx_word' id='word_1_471' title='bbox 132 3299 228 3353; x_wconf 76' lang='grc' dir='ltr'><strong>καί</strong></span> <span class='ocrx_word' id='word_1_472' title='bbox 255 3299 615 3368; x_wconf 81' lang='lat' dir='ltr'><strong>adjunctam,</strong></span> <span class='ocrx_word' id='word_1_473' title='bbox 657 3316 782 3371; x_wconf 72' lang='lat' dir='ltr'><strong>qua:</strong></span> <span class='ocrx_word' id='word_1_474' title='bbox 817 3303 1054 3358; x_wconf 88' lang='lat' dir='ltr'><strong>ostendit</strong></span> <span class='ocrx_word' id='word_1_475' title='bbox 1087 3303 1409 3374; x_wconf 89' lang='lat' dir='ltr'><strong>scriptorem</strong></span> <span class='ocrx_word' id='word_1_476' title='bbox 1464 3303 1532 3359; x_wconf 91' lang='lat' dir='ltr'><strong>ad</strong></span> <span class='ocrx_word' id='word_1_477' title='bbox 1565 3303 1730 3358; x_wconf 90' lang='lat' dir='ltr'><strong>aliam</strong></span> 
     </span>
    </p>
   </div>
   <div class='ocr_carea' id='block_1_64' title="bbox 131 3394 1733 3462">
    <p class='ocr_par' dir='ltr' id='par_1_64' title="bbox 131 3394 1733 3462">
     <span class='ocr_line' id='line_1_64' title="bbox 131 3394 1733 3462; baseline 0.001 -12"><span class='ocrx_word' id='word_1_478' title='bbox 131 3394 475 3450; x_wconf 84' lang='lat' dir='ltr'><strong>sententiam</strong></span> <span class='ocrx_word' id='word_1_479' title='bbox 526 3395 729 3462; x_wconf 85' lang='lat' dir='ltr'><strong>dilabi;</strong></span> <span class='ocrx_word' id='word_1_480' title='bbox 763 3397 879 3453; x_wconf 92' lang='lat' dir='ltr'><strong>sive</strong></span> <span class='ocrx_word' id='word_1_481' title='bbox 911 3397 980 3452; x_wconf 91' lang='lat' dir='ltr'><strong>ad</strong></span> <span class='ocrx_word' id='word_1_482' title='bbox 1016 3397 1335 3453; x_wconf 89' lang='lat' dir='ltr'><strong>ulteriorem</strong></span> <span class='ocrx_word' id='word_1_483' title='bbox 1383 3397 1733 3453; x_wconf 87' lang='lat' dir='ltr'><strong>adversario-</strong></span> 
     </span>
    </p>
   </div>
   <div class='ocr_carea' id='block_1_65' title="bbox 132 3488 1734 3561">
    <p class='ocr_par' dir='ltr' id='par_1_65' title="bbox 132 3488 1734 3561">
     <span class='ocr_line' id='line_1_65' title="bbox 132 3488 1734 3561; baseline 0.002 -20"><span class='ocrx_word' id='word_1_484' title='bbox 132 3503 256 3542; x_wconf 77' lang='lat' dir='ltr'><strong>rum</strong></span> <span class='ocrx_word' id='word_1_485' title='bbox 291 3488 735 3545; x_wconf 81' lang='lat' dir='ltr'><strong>confutationem</strong></span> <span class='ocrx_word' id='word_1_486' title='bbox 767 3490 1042 3561; x_wconf 81' lang='lat' dir='ltr'><strong>progredi.</strong></span> <span class='ocrx_word' id='word_1_487' title='bbox 1066 3490 1395 3546; x_wconf 83' lang='lat' dir='ltr'><strong>Asseruerat</strong></span> <span class='ocrx_word' id='word_1_488' title='bbox 1425 3499 1551 3546; x_wconf 90' lang='lat' dir='ltr'><strong>ante</strong></span> <span class='ocrx_word' id='word_1_489' title='bbox 1574 3489 1734 3545; x_wconf 88' lang='lat' dir='ltr'><strong>Chri-</strong></span> 
     </span>
    </p>
   </div>
   <div class='ocr_carea' id='block_1_66' title="bbox 134 3582 1734 3653">
    <p class='ocr_par' dir='ltr' id='par_1_66' title="bbox 134 3582 1734 3653">
     <span class='ocr_line' id='line_1_66' title="bbox 134 3582 1734 3653; baseline 0.002 -20"><span class='ocrx_word' id='word_1_490' title='bbox 134 3588 286 3641; x_wconf 87' lang='lat' dir='ltr'><strong>stum</strong></span> <span class='ocrx_word' id='word_1_491' title='bbox 319 3596 457 3635; x_wconf 85' lang='lat' dir='ltr'><strong>vere</strong></span> <span class='ocrx_word' id='word_1_492' title='bbox 487 3596 733 3651; x_wconf 89' lang='lat' dir='ltr'><strong>passum,</strong></span> <span class='ocrx_word' id='word_1_493' title='bbox 764 3590 820 3637; x_wconf 90' lang='lat' dir='ltr'><strong>et</strong></span> <span class='ocrx_word' id='word_1_494' title='bbox 847 3597 973 3637; x_wconf 87' lang='lat' dir='ltr'><strong>vere</strong></span> <span class='ocrx_word' id='word_1_495' title='bbox 1001 3582 1245 3653; x_wconf 88' lang='lat' dir='ltr'><strong>seipsum</strong></span> <span class='ocrx_word' id='word_1_496' title='bbox 1273 3582 1656 3648; x_wconf 91' lang='lat' dir='ltr'><strong>resuscitasse,</strong></span> <span class='ocrx_word' id='word_1_497' title='bbox 1679 3589 1734 3636; x_wconf 90' lang='lat' dir='ltr'><strong>et</strong></span> 
     </span>
    </p>
   </div>
   <div class='ocr_carea' id='block_1_67' title="bbox 135 3674 1732 3744">
    <p class='ocr_par' dir='ltr' id='par_1_67' title="bbox 135 3674 1732 3744">
     <span class='ocr_line' id='line_1_67' title="bbox 135 3674 1732 3744; baseline -0.001 -15"><span class='ocrx_word' id='word_1_498' title='bbox 135 3683 261 3744; x_wconf 85' lang='lat' dir='ltr'><strong>post</strong></span> <span class='ocrx_word' id='word_1_499' title='bbox 293 3674 506 3729; x_wconf 90' lang='lat' dir='ltr'><strong>nudam</strong></span> <span class='ocrx_word' id='word_1_500' title='bbox 539 3675 898 3730; x_wconf 88' lang='lat' dir='ltr'><strong>assertionem</strong></span> <span class='ocrx_word' id='word_1_501' title='bbox 944 3690 1102 3730; x_wconf 89' lang='lat' dir='ltr'><strong>suam</strong></span> <span class='ocrx_word' id='word_1_502' title='bbox 1139 3674 1446 3739; x_wconf 76' lang='lat' dir='ltr'><strong>haereticos,</strong></span> <span class='ocrx_word' id='word_1_503' title='bbox 1475 3674 1570 3744; x_wconf 92' lang='lat' dir='ltr'><strong>qui</strong></span> <span class='ocrx_word' id='word_1_504' title='bbox 1610 3689 1732 3729; x_wconf 86' lang='lat' dir='ltr'><strong>eam</strong></span> 
     </span>
    </p>
   </div>
   <div class='ocr_carea' id='block_1_68' title="bbox 139 3764 1729 3837">
    <p class='ocr_par' dir='ltr' id='par_1_68' title="bbox 139 3764 1729 3837">
     <span class='ocr_line' id='line_1_68' title="bbox 139 3764 1729 3837; baseline 0.001 -17"><span class='ocrx_word' id='word_1_505' title='bbox 139 3781 246 3820; x_wconf 89' lang='lat' dir='ltr'><strong>non</strong></span> <span class='ocrx_word' id='word_1_506' title='bbox 282 3764 678 3833; x_wconf 89' lang='lat' dir='ltr'><strong>admittebant,</strong></span> <span class='ocrx_word' id='word_1_507' title='bbox 705 3766 1074 3823; x_wconf 62' lang='lat' dir='ltr'><strong>damoniacos</strong></span> <span class='ocrx_word' id='word_1_508' title='bbox 1102 3773 1424 3833; x_wconf 88' lang='lat' dir='ltr'><strong>vocaverat;</strong></span> <span class='ocrx_word' id='word_1_509' title='bbox 1455 3766 1606 3821; x_wconf 91' lang='lat' dir='ltr'><strong>addit</strong></span> <span class='ocrx_word' id='word_1_510' title='bbox 1628 3767 1729 3837; x_wconf 80' lang='lat' dir='ltr'><strong>igi—</strong></span> 
     </span>
    </p>
   </div>
   <div class='ocr_carea' id='block_1_69' title="bbox 141 3858 1733 3930">
    <p class='ocr_par' dir='ltr' id='par_1_69' title="bbox 141 3858 1733 3930">
     <span class='ocr_line' id='line_1_69' title="bbox 141 3858 1733 3930; baseline 0 -18"><span class='ocrx_word' id='word_1_511' title='bbox 141 3869 227 3913; x_wconf 89' lang='lat' dir='ltr'><strong>tur</strong></span> <span class='ocrx_word' id='word_1_512' title='bbox 263 3869 379 3913; x_wconf 86' lang='lat' dir='ltr'><strong>tam</strong></span> <span class='ocrx_word' id='word_1_513' title='bbox 411 3872 616 3913; x_wconf 73' lang='lat' dir='ltr'><strong>severze</strong></span> <span class='ocrx_word' id='word_1_514' title='bbox 645 3858 1044 3930; x_wconf 83' lang='lat' dir='ltr'><strong>objurgationis</strong></span> <span class='ocrx_word' id='word_1_515' title='bbox 1076 3861 1342 3915; x_wconf 87' lang='lat' dir='ltr'><strong>rationem</strong></span> <span class='ocrx_word' id='word_1_516' title='bbox 1373 3858 1733 3914; x_wconf 89' lang='lat' dir='ltr'><strong>assertionem</strong></span> 
     </span>
    </p>
   </div>
   <div class='ocr_carea' id='block_1_70' title="bbox 137 3952 1732 4024">
    <p class='ocr_par' dir='ltr' id='par_1_70' title="bbox 137 3952 1732 4024">
     <span class='ocr_line' id='line_1_70' title="bbox 137 3952 1732 4024; baseline 0 -16"><span class='ocrx_word' id='word_1_517' title='bbox 137 3954 335 4018; x_wconf 82' lang='lat' dir='ltr'><strong>aliam,</strong></span> <span class='ocrx_word' id='word_1_518' title='bbox 384 3967 557 4021; x_wconf 90' lang='lat' dir='ltr'><strong>quam</strong></span> <span class='ocrx_word' id='word_1_519' title='bbox 595 3952 756 4022; x_wconf 92' lang='lat' dir='ltr'><strong>plena</strong></span> <span class='ocrx_word' id='word_1_520' title='bbox 784 3953 890 4009; x_wconf 89' lang='lat' dir='ltr'><strong>ﬁde</strong></span> <span class='ocrx_word' id='word_1_521' title='bbox 935 3954 1180 4024; x_wconf 90' lang='lat' dir='ltr'><strong>seipsum</strong></span> <span class='ocrx_word' id='word_1_522' title='bbox 1233 3953 1488 4024; x_wconf 89' lang='lat' dir='ltr'><strong>amplecti</strong></span> <span class='ocrx_word' id='word_1_523' title='bbox 1533 3953 1732 4019; x_wconf 89' lang='lat' dir='ltr'><strong>docet,</strong></span> 
     </span>
    </p>
   </div>
   <div class='ocr_carea' id='block_1_71' title="bbox 136 4043 1736 4114">
    <p class='ocr_par' dir='ltr' id='par_1_71' title="bbox 136 4043 1736 4114">
     <span class='ocr_line' id='line_1_71' title="bbox 136 4043 1736 4114; baseline -0.001 -15"><span class='ocrx_word' id='word_1_524' title='bbox 136 4045 380 4109; x_wconf 85' lang='lat' dir='ltr'><strong>scilicet,</strong></span> <span class='ocrx_word' id='word_1_525' title='bbox 418 4043 706 4098; x_wconf 86' lang='lat' dir='ltr'><strong>Christum</strong></span> <span class='ocrx_word' id='word_1_526' title='bbox 756 4051 880 4114; x_wconf 91' lang='lat' dir='ltr'><strong>post</strong></span> <span class='ocrx_word' id='word_1_527' title='bbox 929 4045 1394 4100; x_wconf 88' lang='lat' dir='ltr'><strong>resurrectionem</strong></span> <span class='ocrx_word' id='word_1_528' title='bbox 1451 4044 1632 4099; x_wconf 85' lang='lat' dir='ltr'><strong>adhuc</strong></span> <span class='ocrx_word' id='word_1_529' title='bbox 1679 4043 1736 4098; x_wconf 89' lang='lat' dir='ltr'><strong>in</strong></span> 
     </span>
    </p>
   </div>
   <div class='ocr_carea' id='block_1_72' title="bbox 140 4133 1738 4207">
    <p class='ocr_par' dir='ltr' id='par_1_72' title="bbox 140 4133 1738 4207">
     <span class='ocr_line' id='line_1_72' title="bbox 140 4133 1738 4207; baseline -0.003 -15"><span class='ocrx_word' id='word_1_530' title='bbox 140 4151 310 4192; x_wconf 85' lang='lat' dir='ltr'><strong>carne</strong></span> <span class='ocrx_word' id='word_1_531' title='bbox 370 4133 673 4200; x_wconf 78' lang='lat' dir='ltr'><strong>exsistere,</strong></span> <span class='ocrx_word' id='word_1_532' title='bbox 728 4134 960 4205; x_wconf 87' lang='lat' dir='ltr'><strong>ideoque</strong></span> <span class='ocrx_word' id='word_1_533' title='bbox 1008 4135 1197 4192; x_wconf 86' lang='lat' dir='ltr'><strong>statim</strong></span> <span class='ocrx_word' id='word_1_534' title='bbox 1255 4134 1510 4206; x_wconf 89' lang='lat' dir='ltr'><strong>plurimis</strong></span> <span class='ocrx_word' id='word_1_535' title='bbox 1569 4151 1738 4207; x_wconf 86' lang='lat' dir='ltr'><strong>argu-</strong></span> 
     </span>
    </p>
   </div>
   <div class='ocr_carea' id='block_1_73' title="bbox 140 4226 1738 4298">
    <p class='ocr_par' dir='ltr' id='par_1_73' title="bbox 140 4226 1738 4298">
     <span class='ocr_line' id='line_1_73' title="bbox 140 4226 1738 4298; baseline -0.001 -15"><span class='ocrx_word' id='word_1_536' title='bbox 140 4229 365 4292; x_wconf 86' lang='lat' dir='ltr'><strong>mentis,</strong></span> <span class='ocrx_word' id='word_1_537' title='bbox 413 4242 483 4282; x_wconf 76' lang='lat' dir='ltr'><strong>ex</strong></span> <span class='ocrx_word' id='word_1_538' title='bbox 538 4226 773 4282; x_wconf 91' lang='lat' dir='ltr'><strong>aliorum</strong></span> <span class='ocrx_word' id='word_1_539' title='bbox 831 4228 1147 4285; x_wconf 89' lang='lat' dir='ltr'><strong>testimonio</strong></span> <span class='ocrx_word' id='word_1_540' title='bbox 1202 4228 1509 4285; x_wconf 91' lang='lat' dir='ltr'><strong>conﬁrmat.</strong></span> <span class='ocrx_word' id='word_1_541' title='bbox 1558 4227 1738 4298; x_wconf 80' lang='lat' dir='ltr'><strong>Argn-</strong></span> 
     </span>
    </p>
   </div>
   <div class='ocr_carea' id='block_1_74' title="bbox 141 4319 1739 4391">
    <p class='ocr_par' dir='ltr' id='par_1_74' title="bbox 141 4319 1739 4391">
     <span class='ocr_line' id='line_1_74' title="bbox 141 4319 1739 4391; baseline -0.002 -15"><span class='ocrx_word' id='word_1_542' title='bbox 141 4334 392 4377; x_wconf 86' lang='lat' dir='ltr'><strong>mentum</strong></span> <span class='ocrx_word' id='word_1_543' title='bbox 433 4330 618 4375; x_wconf 90' lang='lat' dir='ltr'><strong>autem</strong></span> <span class='ocrx_word' id='word_1_544' title='bbox 655 4335 687 4376; x_wconf 89' lang='lat' dir='ltr'><strong>a</strong></span> <span class='ocrx_word' id='word_1_545' title='bbox 724 4329 1026 4391; x_wconf 88' lang='lat' dir='ltr'><strong>conspectu</strong></span> <span class='ocrx_word' id='word_1_546' title='bbox 1056 4319 1250 4390; x_wconf 82' lang='lat' dir='ltr'><strong>lgnatii</strong></span> <span class='ocrx_word' id='word_1_547' title='bbox 1276 4329 1372 4378; x_wconf 89' lang='lat' dir='ltr'><strong>aut</strong></span> <span class='ocrx_word' id='word_1_548' title='bbox 1399 4335 1503 4391; x_wconf 91' lang='lat' dir='ltr'><strong>pro</strong></span> <span class='ocrx_word' id='word_1_549' title='bbox 1530 4319 1739 4380; x_wconf 82' lang='lat' dir='ltr'><strong>levissi-</strong></span> 
     </span>
    </p>
   </div>
   <div class='ocr_carea' id='block_1_75' title="bbox 142 4411 1734 4484">
    <p class='ocr_par' dir='ltr' id='par_1_75' title="bbox 142 4411 1734 4484">
     <span class='ocr_line' id='line_1_75' title="bbox 142 4411 1734 4484; baseline -0.002 -15"><span class='ocrx_word' id='word_1_550' title='bbox 142 4429 234 4469; x_wconf 88' lang='lat' dir='ltr'><strong>mo</strong></span> <span class='ocrx_word' id='word_1_551' title='bbox 285 4412 512 4478; x_wconf 88' lang='lat' dir='ltr'><strong>haberi,</strong></span> <span class='ocrx_word' id='word_1_552' title='bbox 548 4423 643 4469; x_wconf 90' lang='lat' dir='ltr'><strong>aut</strong></span> <span class='ocrx_word' id='word_1_553' title='bbox 689 4428 792 4484; x_wconf 87' lang='lat' dir='ltr'><strong>pro</strong></span> <span class='ocrx_word' id='word_1_554' title='bbox 822 4414 974 4468; x_wconf 92' lang='lat' dir='ltr'><strong>nullo</strong></span> <span class='ocrx_word' id='word_1_555' title='bbox 1013 4414 1198 4484; x_wconf 90' lang='lat' dir='ltr'><strong>potius</strong></span> <span class='ocrx_word' id='word_1_556' title='bbox 1234 4413 1443 4468; x_wconf 85' lang='lat' dir='ltr'><strong>debuit.</strong></span> <span class='ocrx_word' id='word_1_557' title='bbox 1481 4411 1540 4468; x_wconf 87' lang='lat' dir='ltr'><strong>Si</strong></span> <span class='ocrx_word' id='word_1_558' title='bbox 1587 4413 1734 4468; x_wconf 91' lang='lat' dir='ltr'><strong>enim</strong></span> 
     </span>
    </p>
   </div>
   <div class='ocr_carea' id='block_1_76' title="bbox 1829 3197 3414 3270">
    <p class='ocr_par' dir='ltr' id='par_1_76' title="bbox 1829 3197 3414 3270">
     <span class='ocr_line' id='line_1_76' title="bbox 1829 3197 3414 3270; baseline 0 -15"><span class='ocrx_word' id='word_1_559' title='bbox 1829 3197 2134 3267; x_wconf 90' lang='lat' dir='ltr'><strong>Christum,</strong></span> <span class='ocrx_word' id='word_1_560' title='bbox 2151 3199 2280 3255; x_wconf 91' lang='lat' dir='ltr'><strong>dum</strong></span> <span class='ocrx_word' id='word_1_561' title='bbox 2307 3201 2360 3254; x_wconf 94' lang='lat' dir='ltr'><strong>in</strong></span> <span class='ocrx_word' id='word_1_562' title='bbox 2379 3200 2540 3255; x_wconf 89' lang='lat' dir='ltr'><strong>terris</strong></span> <span class='ocrx_word' id='word_1_563' title='bbox 2555 3209 2721 3266; x_wconf 85' lang='lat' dir='ltr'><strong>esset,</strong></span> <span class='ocrx_word' id='word_1_564' title='bbox 2750 3201 2806 3255; x_wconf 91' lang='lat' dir='ltr'><strong>in</strong></span> <span class='ocrx_word' id='word_1_565' title='bbox 2820 3216 2987 3257; x_wconf 91' lang='lat' dir='ltr'><strong>carne</strong></span> <span class='ocrx_word' id='word_1_566' title='bbox 3004 3201 3175 3256; x_wconf 81' lang='lat' dir='ltr'><strong>fuisse</strong></span> <span class='ocrx_word' id='word_1_567' title='bbox 3193 3219 3207 3268; x_wconf 90' lang='lat'><strong>;</strong></span> <span class='ocrx_word' id='word_1_568' title='bbox 3235 3216 3414 3270; x_wconf 83' lang='lat' dir='ltr'><strong>neque</strong></span> 
     </span>
    </p>
   </div>
   <div class='ocr_carea' id='block_1_77' title="bbox 1830 3290 3414 3362">
    <p class='ocr_par' dir='ltr' id='par_1_77' title="bbox 1830 3290 3414 3362">
     <span class='ocr_line' id='line_1_77' title="bbox 1830 3290 3414 3362; baseline 0.001 -18"><span class='ocrx_word' id='word_1_569' title='bbox 1830 3290 2053 3346; x_wconf 86' lang='lat' dir='ltr'><strong>aliunde</strong></span> <span class='ocrx_word' id='word_1_570' title='bbox 2084 3290 2190 3345; x_wconf 90' lang='lat' dir='ltr'><strong>hoc</strong></span> <span class='ocrx_word' id='word_1_571' title='bbox 2220 3291 2372 3345; x_wconf 93' lang='lat' dir='ltr'><strong>novit</strong></span> <span class='ocrx_word' id='word_1_572' title='bbox 2393 3299 2490 3344; x_wconf 89' lang='lat' dir='ltr'><strong>aut</strong></span> <span class='ocrx_word' id='word_1_573' title='bbox 2515 3291 2748 3346; x_wconf 87' lang='lat' dir='ltr'><strong>credidit</strong></span> <span class='ocrx_word' id='word_1_574' title='bbox 2781 3291 3042 3362; x_wconf 80' lang='lat' dir='ltr'><strong>lgnatius,</strong></span> <span class='ocrx_word' id='word_1_575' title='bbox 3070 3293 3175 3347; x_wconf 92' lang='lat' dir='ltr'><strong>nisi</strong></span> <span class='ocrx_word' id='word_1_576' title='bbox 3203 3309 3272 3347; x_wconf 81' lang='lat' dir='ltr'><strong>ex</strong></span> <span class='ocrx_word' id='word_1_577' title='bbox 3304 3292 3414 3348; x_wconf 89' lang='lat' dir='ltr'><strong>illis</strong></span> 
     </span>
    </p>
   </div>
   <div class='ocr_carea' id='block_1_78' title="bbox 1831 3385 3408 3460">
    <p class='ocr_par' dir='ltr' id='par_1_78' title="bbox 1831 3385 3408 3460">
     <span class='ocr_line' id='line_1_78' title="bbox 1831 3385 3408 3460; baseline 0.004 -22"><span class='ocrx_word' id='word_1_578' title='bbox 1831 3399 1954 3454; x_wconf 74' lang='lat' dir='ltr'><strong>qua:</strong></span> <span class='ocrx_word' id='word_1_579' title='bbox 1991 3386 2654 3455; x_wconf 90' lang='lat' dir='ltr'><strong>sequunturtestimoniis.</strong></span> <span class='ocrx_word' id='word_1_580' title='bbox 2682 3385 2976 3442; x_wconf 88' lang='lat' dir='ltr'><strong>Hucetiam</strong></span> <span class='ocrx_word' id='word_1_581' title='bbox 2990 3388 3243 3457; x_wconf 85' lang='lat' dir='ltr'><strong>pertinet,</strong></span> <span class='ocrx_word' id='word_1_582' title='bbox 3259 3390 3408 3460; x_wconf 91' lang='lat' dir='ltr'><strong>quod</strong></span> 
     </span>
    </p>
   </div>
   <div class='ocr_carea' id='block_1_79' title="bbox 1832 3472 3420 3548">
    <p class='ocr_par' dir='ltr' id='par_1_79' title="bbox 1832 3472 3420 3548">
     <span class='ocr_line' id='line_1_79' title="bbox 1832 3472 3420 3548; baseline 0.005 -20"><span class='ocrx_word' id='word_1_583' title='bbox 1832 3484 2027 3546; x_wconf 89' lang='lat' dir='ltr'><strong>putant</strong></span> <span class='ocrx_word' id='word_1_584' title='bbox 2057 3472 2174 3530; x_wconf 83' lang='grc' dir='ltr'>οἶδα</span> <span class='ocrx_word' id='word_1_585' title='bbox 2209 3479 2469 3547; x_wconf 67' lang='lat' dir='ltr'><strong>praeteriti</strong></span> <span class='ocrx_word' id='word_1_586' title='bbox 2500 3479 2764 3548; x_wconf 90' lang='lat' dir='ltr'><strong>temporis</strong></span> <span class='ocrx_word' id='word_1_587' title='bbox 2815 3479 3274 3548; x_wconf 77' lang='lat' dir='ltr'><strong>signiﬁcationem</strong></span> <span class='ocrx_word' id='word_1_588' title='bbox 3321 3481 3420 3536; x_wconf 90' lang='lat' dir='ltr'><strong>ha-</strong></span> 
     </span>
    </p>
   </div>
   <div class='ocr_carea' id='block_1_80' title="bbox 1832 3565 3413 3641">
    <p class='ocr_par' dir='ltr' id='par_1_80' title="bbox 1832 3565 3413 3641">
     <span class='ocr_line' id='line_1_80' title="bbox 1832 3565 3413 3641; baseline 0.004 -20"><span class='ocrx_word' id='word_1_589' title='bbox 1832 3565 1964 3621; x_wconf 88' lang='lat' dir='ltr'><strong>bere</strong></span> <span class='ocrx_word' id='word_1_590' title='bbox 1999 3567 2237 3621; x_wconf 79' lang='grc' dir='ltr'>πιστεύω</span> <span class='ocrx_word' id='word_1_591' title='bbox 2279 3570 2584 3638; x_wconf 67' lang='lat' dir='ltr'><strong>praesentis.</strong></span> <span class='ocrx_word' id='word_1_592' title='bbox 2626 3568 2741 3624; x_wconf 83' lang='lat' dir='ltr'><strong>Hoc</strong></span> <span class='ocrx_word' id='word_1_593' title='bbox 2764 3580 2945 3625; x_wconf 88' lang='lat' dir='ltr'><strong>autem</strong></span> <span class='ocrx_word' id='word_1_594' title='bbox 2974 3572 3177 3641; x_wconf 89' lang='lat' dir='ltr'><strong>pariter</strong></span> <span class='ocrx_word' id='word_1_595' title='bbox 3212 3572 3413 3629; x_wconf 80' lang='lat' dir='ltr'><strong>falsum</strong></span> 
     </span>
    </p>
   </div>
   <div class='ocr_carea' id='block_1_81' title="bbox 1831 3657 3418 3736">
    <p class='ocr_par' dir='ltr' id='par_1_81' title="bbox 1831 3657 3418 3736">
     <span class='ocr_line' id='line_1_81' title="bbox 1831 3657 3418 3736; baseline 0.003 -21"><span class='ocrx_word' id='word_1_596' title='bbox 1831 3669 1937 3715; x_wconf 81' lang='lat' dir='ltr'><strong>est.</strong></span> <span class='ocrx_word' id='word_1_597' title='bbox 1972 3659 2208 3716; x_wconf 80' lang='lat' dir='ltr'><strong>Verbum</strong></span> <span class='ocrx_word' id='word_1_598' title='bbox 2236 3661 2381 3716; x_wconf 91' lang='lat' dir='ltr'><strong>enim</strong></span> <span class='ocrx_word' id='word_1_599' title='bbox 2406 3657 2522 3716; x_wconf 80' lang='grc' dir='ltr'><strong>οἶδα</strong></span> <span class='ocrx_word' id='word_1_600' title='bbox 2552 3663 2676 3719; x_wconf 91' lang='lat' dir='ltr'><strong>licet</strong></span> <span class='ocrx_word' id='word_1_601' title='bbox 2699 3665 2872 3719; x_wconf 80' lang='lat' dir='ltr'><strong>forma</strong></span> <span class='ocrx_word' id='word_1_602' title='bbox 2899 3666 2974 3720; x_wconf 92' lang='lat' dir='ltr'><strong>sit</strong></span> <span class='ocrx_word' id='word_1_603' title='bbox 3000 3667 3260 3736; x_wconf 62' lang='lat' dir='ltr'><strong>praeteriti</strong></span> <span class='ocrx_word' id='word_1_604' title='bbox 3286 3675 3418 3720; x_wconf 91' lang='lat' dir='ltr'><strong>tem-</strong></span> 
     </span>
    </p>
   </div>
   <div class='ocr_carea' id='block_1_82' title="bbox 1833 3753 3413 3830">
    <p class='ocr_par' dir='ltr' id='par_1_82' title="bbox 1833 3753 3413 3830">
     <span class='ocr_line' id='line_1_82' title="bbox 1833 3753 3413 3830; baseline 0.004 -24"><span class='ocrx_word' id='word_1_605' title='bbox 1833 3753 2006 3823; x_wconf 90' lang='lat' dir='ltr'><strong>poris,</strong></span> <span class='ocrx_word' id='word_1_606' title='bbox 2021 3755 2160 3825; x_wconf 90' lang='lat' dir='ltr'><strong>apud</strong></span> <span class='ocrx_word' id='word_1_607' title='bbox 2176 3754 2415 3822; x_wconf 65' lang='lat' dir='ltr'><strong>Graecos,</strong></span> <span class='ocrx_word' id='word_1_608' title='bbox 2435 3765 2617 3811; x_wconf 90' lang='lat' dir='ltr'><strong>tamen</strong></span> <span class='ocrx_word' id='word_1_609' title='bbox 2637 3757 3036 3830; x_wconf 85' lang='lat' dir='ltr'><strong>signiﬁcatione</strong></span> <span class='ocrx_word' id='word_1_610' title='bbox 3053 3776 3293 3830; x_wconf 85' lang='lat' dir='ltr'><strong>praesens</strong></span> <span class='ocrx_word' id='word_1_611' title='bbox 3308 3767 3413 3821; x_wconf 88' lang='lat' dir='ltr'><strong>est,</strong></span> 
     </span>
    </p>
   </div>
   <div class='ocr_carea' id='block_1_83' title="bbox 1834 3846 3418 3923">
    <p class='ocr_par' dir='ltr' id='par_1_83' title="bbox 1834 3846 3418 3923">
     <span class='ocr_line' id='line_1_83' title="bbox 1834 3846 3418 3923; baseline 0.003 -21"><span class='ocrx_word' id='word_1_612' title='bbox 1834 3855 1890 3902; x_wconf 90' lang='lat' dir='ltr'><strong>et</strong></span> <span class='ocrx_word' id='word_1_613' title='bbox 1926 3861 2053 3901; x_wconf 92' lang='lat' dir='ltr'><strong>cum</strong></span> <span class='ocrx_word' id='word_1_614' title='bbox 2095 3846 2266 3902; x_wconf 89' lang='lat' dir='ltr'><strong>verbo</strong></span> <span class='ocrx_word' id='word_1_615' title='bbox 2293 3848 2576 3918; x_wconf 62' lang='lat' dir='ltr'><strong>praesentis</strong></span> <span class='ocrx_word' id='word_1_616' title='bbox 2617 3852 2880 3920; x_wconf 90' lang='lat' dir='ltr'><strong>temporis</strong></span> <span class='ocrx_word' id='word_1_617' title='bbox 2921 3852 3115 3907; x_wconf 88' lang='lat' dir='ltr'><strong>eadem</strong></span> <span class='ocrx_word' id='word_1_618' title='bbox 3148 3850 3418 3923; x_wconf 86' lang='lat' dir='ltr'><strong>signiﬁca-</strong></span> 
     </span>
    </p>
   </div>
   <div class='ocr_carea' id='block_1_84' title="bbox 1834 3939 2890 4012">
    <p class='ocr_par' dir='ltr' id='par_1_84' title="bbox 1834 3939 2890 4012">
     <span class='ocr_line' id='line_1_84' title="bbox 1834 3939 2890 4012; baseline 0.004 -18"><span class='ocrx_word' id='word_1_619' title='bbox 1834 3940 1988 3996; x_wconf 88' lang='lat' dir='ltr'><strong>tione</strong></span> <span class='ocrx_word' id='word_1_620' title='bbox 2028 3940 2274 4011; x_wconf 90' lang='lat' dir='ltr'><strong>ponitur,</strong></span> <span class='ocrx_word' id='word_1_621' title='bbox 2302 3950 2362 3996; x_wconf 90' lang='lat' dir='ltr'><strong>ut</strong></span> <span class='ocrx_word' id='word_1_622' title='bbox 2386 3942 2530 4012; x_wconf 90' lang='lat' dir='ltr'><strong>apud</strong></span> <span class='ocrx_word' id='word_1_623' title='bbox 2556 3939 2852 3999; x_wconf 81' lang='lat' dir='ltr'><strong>Homerum</strong></span> <span class='ocrx_word' id='word_1_624' title='bbox 2877 3962 2890 3998; x_wconf 87' lang='lat'><strong>:</strong></span> 
     </span>
    </p>
   </div>
   <div class='ocr_carea' id='block_1_85' title="bbox 1967 4075 3238 4149">
    <p class='ocr_par' dir='ltr' id='par_1_85' title="bbox 1967 4075 3238 4149">
     <span class='ocr_line' id='line_1_85' title="bbox 1967 4075 3238 4149; baseline -0.002 -15"><span class='ocrx_word' id='word_1_625' title='bbox 1967 4077 2168 4146; x_wconf 74' lang='grc' dir='ltr'><strong>Αὐτὰρ</strong></span> <span class='ocrx_word' id='word_1_626' title='bbox 2197 4075 2312 4149; x_wconf 76' lang='grc' dir='ltr'><strong>ἐγὼ</strong></span> <span class='ocrx_word' id='word_1_627' title='bbox 2343 4076 2508 4148; x_wconf 81' lang='grc' dir='ltr'><strong>θυμῷ</strong></span> <span class='ocrx_word' id='word_1_628' title='bbox 2538 4076 2688 4132; x_wconf 79' lang='grc' dir='ltr'>νοέω</span> <span class='ocrx_word' id='word_1_629' title='bbox 2713 4077 2810 4133; x_wconf 78' lang='grc' dir='ltr'><strong>καὶ</strong></span> <span class='ocrx_word' id='word_1_630' title='bbox 2839 4076 2972 4134; x_wconf 84' lang='grc' dir='ltr'><strong>οῖδα</strong></span> <span class='ocrx_word' id='word_1_631' title='bbox 2991 4077 3238 4133; x_wconf 77' lang='grc' dir='ltr'><strong>ἕκαστα.</strong></span> 
     </span>
    </p>
   </div>
   <div class='ocr_carea' id='block_1_86' title="bbox 1907 4216 3419 4289">
    <p class='ocr_par' dir='ltr' id='par_1_86' title="bbox 1907 4216 3419 4289">
     <span class='ocr_line' id='line_1_86' title="bbox 1907 4216 3419 4289; baseline -0.003 -14"><span class='ocrx_word' id='word_1_632' title='bbox 1907 4218 2144 4289; x_wconf 83' lang='lat' dir='ltr'><strong>Ideoque</strong></span> <span class='ocrx_word' id='word_1_633' title='bbox 2175 4216 2356 4273; x_wconf 88' lang='lat' dir='ltr'><strong>Latini</strong></span> <span class='ocrx_word' id='word_1_634' title='bbox 2387 4217 2712 4287; x_wconf 85' lang='lat' dir='ltr'><strong>interpretes</strong></span> <span class='ocrx_word' id='word_1_635' title='bbox 2739 4217 2908 4273; x_wconf 90' lang='lat' dir='ltr'><strong>verbo</strong></span> <span class='ocrx_word' id='word_1_636' title='bbox 2946 4218 3235 4288; x_wconf 69' lang='lat' dir='ltr'><strong>praesentis</strong></span> <span class='ocrx_word' id='word_1_637' title='bbox 3278 4226 3419 4274; x_wconf 89' lang='lat' dir='ltr'><strong>tem-</strong></span> 
     </span>
    </p>
   </div>
   <div class='ocr_carea' id='block_1_87' title="bbox 1836 4309 3418 4384">
    <p class='ocr_par' dir='ltr' id='par_1_87' title="bbox 1836 4309 3418 4384">
     <span class='ocr_line' id='line_1_87' title="bbox 1836 4309 3418 4384; baseline -0.003 -17"><span class='ocrx_word' id='word_1_638' title='bbox 1836 4314 1990 4384; x_wconf 88' lang='lat' dir='ltr'><strong>poris</strong></span> <span class='ocrx_word' id='word_1_639' title='bbox 2019 4312 2274 4378; x_wconf 82' lang='lat' dir='ltr'><strong>cﬂ&#39;erunt,</strong></span> <span class='ocrx_word' id='word_1_640' title='bbox 2307 4319 2370 4366; x_wconf 91' lang='lat' dir='ltr'><strong>ut</strong></span> <span class='ocrx_word' id='word_1_641' title='bbox 2394 4309 2587 4365; x_wconf 82' lang='lat' dir='ltr'><strong>Matth.</strong></span> <span class='ocrx_word' id='word_1_642' title='bbox 2621 4327 2695 4376; x_wconf 78' lang='lat' dir='ltr'><strong>v1,</strong></span> <span class='ocrx_word' id='word_1_643' title='bbox 2718 4310 2789 4364; x_wconf 73' lang='lat'><strong>52</strong></span> <span class='ocrx_word' id='word_1_644' title='bbox 2815 4328 2829 4366; x_wconf 89' lang='lat'><strong>:</strong></span> <span class='ocrx_word' id='word_1_645' title='bbox 2863 4310 2998 4364; x_wconf 72' lang='lat' dir='ltr'><strong>owe</strong></span> <span class='ocrx_word' id='word_1_646' title='bbox 3023 4311 3134 4382; x_wconf 73' lang='grc' dir='ltr'><strong>γὰρ</strong></span> <span class='ocrx_word' id='word_1_647' title='bbox 3162 4314 3193 4365; x_wconf 85' lang='grc' dir='ltr'><em>ό</em></span> <span class='ocrx_word' id='word_1_648' title='bbox 3213 4310 3418 4380; x_wconf 81' lang='grc' dir='ltr'><strong>Πατὴρ</strong></span> 
     </span>
    </p>
   </div>
   <div class='ocr_carea' id='block_1_88' title="bbox 1837 4397 3418 4470">
    <p class='ocr_par' dir='ltr' id='par_1_88' title="bbox 1837 4397 3418 4470">
     <span class='ocr_line' id='line_1_88' title="bbox 1837 4397 3418 4470; baseline -0.001 -14"><span class='ocrx_word' id='word_1_649' title='bbox 1837 4400 2025 4470; x_wconf 82' lang='grc' dir='ltr'><strong>ὑμῶν,</strong></span> <span class='ocrx_word' id='word_1_650' title='bbox 2078 4397 2194 4455; x_wconf 82' lang='lat' dir='ltr'><strong>Scit</strong></span> <span class='ocrx_word' id='word_1_651' title='bbox 2231 4401 2371 4455; x_wconf 79' lang='lat' dir='ltr'><strong>enim</strong></span> <span class='ocrx_word' id='word_1_652' title='bbox 2420 4401 2584 4455; x_wconf 86' lang='lat' dir='ltr'><strong>Pater</strong></span> <span class='ocrx_word' id='word_1_653' title='bbox 2615 4410 2818 4465; x_wconf 70' lang='lat' dir='ltr'><strong>vester;</strong></span> <span class='ocrx_word' id='word_1_654' title='bbox 2850 4417 3000 4468; x_wconf 60' lang='grc' dir='ltr'>μιν,</span> <span class='ocrx_word' id='word_1_655' title='bbox 3036 4401 3104 4455; x_wconf 78' lang='grc'><strong>56</strong></span> <span class='ocrx_word' id='word_1_656' title='bbox 3149 4420 3162 4455; x_wconf 91' lang='lat'><strong>:</strong></span> <span class='ocrx_word' id='word_1_657' title='bbox 3207 4401 3418 4469; x_wconf 74' lang='grc' dir='ltr'><strong>Οὐδεὶς</strong></span> 
     </span>
    </p>
   </div>
   <div class='ocr_carea' id='block_1_89' title="bbox 144 4485 1731 4578">
    <p class='ocr_par' dir='ltr' id='par_1_89' title="bbox 144 4503 1731 4578">
     <span class='ocr_line' id='line_1_89' title="bbox 144 4503 1731 4578; baseline -0.003 -16"><span class='ocrx_word' id='word_1_658' title='bbox 144 4508 231 4562; x_wconf 89' lang='lat' dir='ltr'><strong>ille</strong></span> <span class='ocrx_word' id='word_1_659' title='bbox 254 4507 377 4578; x_wconf 89' lang='lat' dir='ltr'><strong>jam</strong></span> <span class='ocrx_word' id='word_1_660' title='bbox 403 4506 478 4561; x_wconf 90' lang='lat'><strong>80</strong></span> <span class='ocrx_word' id='word_1_661' title='bbox 510 4504 682 4561; x_wconf 81' lang='lat' dir='ltr'><strong>ferme</strong></span> <span class='ocrx_word' id='word_1_662' title='bbox 710 4505 872 4561; x_wconf 91' lang='lat' dir='ltr'><strong>annis</strong></span> <span class='ocrx_word' id='word_1_663' title='bbox 899 4513 1026 4576; x_wconf 90' lang='lat' dir='ltr'><strong>post</strong></span> <span class='ocrx_word' id='word_1_664' title='bbox 1058 4505 1370 4575; x_wconf 90' lang='lat' dir='ltr'><strong>passionem</strong></span> <span class='ocrx_word' id='word_1_665' title='bbox 1399 4503 1614 4559; x_wconf 89' lang='lat' dir='ltr'><strong>Domini</strong></span> <span class='ocrx_word' id='word_1_666' title='bbox 1639 4519 1731 4558; x_wconf 86' lang='lat' dir='ltr'><strong>su-</strong></span> 
     </span>
    </p>
   </div>
   <div class='ocr_carea' id='block_1_90' title="bbox 1833 4485 3416 4578">
    <p class='ocr_par' dir='ltr' id='par_1_90' title="bbox 1838 4487 3416 4578">
     <span class='ocr_line' id='line_1_90' title="bbox 1838 4487 3416 4578; baseline -0.006 -31"><span class='ocrx_word' id='word_1_667' title='bbox 1838 4491 1983 4560; x_wconf 83' lang='grc' dir='ltr'><em>οϊδε,</em></span> <span class='ocrx_word' id='word_1_668' title='bbox 2036 4491 2208 4547; x_wconf 85' lang='lat' dir='ltr'><strong>Nemo</strong></span> <span class='ocrx_word' id='word_1_669' title='bbox 2263 4493 2384 4547; x_wconf 70' lang='lat' dir='ltr'><strong>scit.</strong></span> <span class='ocrx_word' id='word_1_670' title='bbox 2431 4490 2777 4548; x_wconf 82' lang='lat' dir='ltr'><strong>Glossarium</strong></span> <span class='ocrx_word' id='word_1_671' title='bbox 2827 4490 3022 4548; x_wconf 85' lang='lat' dir='ltr'><strong>Vetus:</strong></span> <span class='ocrx_word' id='word_1_672' title='bbox 3061 4487 3214 4578; x_wconf 69' lang='grc' dir='ltr'><strong>Οἷδᾳ,</strong></span> <span class='ocrx_word' id='word_1_673' title='bbox 3280 4487 3416 4555; x_wconf 78' lang='lat' dir='ltr'><strong>scio,</strong></span> 
     </span>
    </p>
   </div>
   <div class='ocr_carea' id='block_1_91' title="bbox 141 4594 1741 4666">
    <p class='ocr_par' dir='ltr' id='par_1_91' title="bbox 141 4594 1741 4666">
     <span class='ocr_line' id='line_1_91' title="bbox 141 4594 1741 4666; baseline 0.002 -15"><span class='ocrx_word' id='word_1_674' title='bbox 141 4607 359 4665; x_wconf 89' lang='lat' dir='ltr'><strong>perstes</strong></span> <span class='ocrx_word' id='word_1_675' title='bbox 415 4596 784 4663; x_wconf 90' lang='lat' dir='ltr'><strong>asseruisset,</strong></span> <span class='ocrx_word' id='word_1_676' title='bbox 837 4611 898 4650; x_wconf 91' lang='lat' dir='ltr'><strong>se</strong></span> <span class='ocrx_word' id='word_1_677' title='bbox 950 4596 1134 4650; x_wconf 87' lang='lat' dir='ltr'><strong>adhuc</strong></span> <span class='ocrx_word' id='word_1_678' title='bbox 1190 4595 1479 4666; x_wconf 88' lang='lat' dir='ltr'><strong>parvulum</strong></span> <span class='ocrx_word' id='word_1_679' title='bbox 1535 4594 1741 4654; x_wconf 77' lang='lat' dir='ltr'><strong>vidisse</strong></span> 
     </span>
    </p>
   </div>
   <div class='ocr_carea' id='block_1_92' title="bbox 143 4683 1742 4756">
    <p class='ocr_par' dir='ltr' id='par_1_92' title="bbox 143 4683 1742 4756">
     <span class='ocr_line' id='line_1_92' title="bbox 143 4683 1742 4756; baseline -0.004 -13"><span class='ocrx_word' id='word_1_680' title='bbox 143 4688 431 4744; x_wconf 86' lang='lat' dir='ltr'><strong>Christum</strong></span> <span class='ocrx_word' id='word_1_681' title='bbox 479 4688 536 4741; x_wconf 89' lang='lat' dir='ltr'><strong>in</strong></span> <span class='ocrx_word' id='word_1_682' title='bbox 567 4703 736 4742; x_wconf 89' lang='lat' dir='ltr'><strong>carne</strong></span> <span class='ocrx_word' id='word_1_683' title='bbox 775 4695 898 4756; x_wconf 87' lang='lat' dir='ltr'><strong>post</strong></span> <span class='ocrx_word' id='word_1_684' title='bbox 931 4687 1414 4752; x_wconf 62' lang='lat' dir='ltr'><strong>resurrectionem,</strong></span> <span class='ocrx_word' id='word_1_685' title='bbox 1449 4684 1575 4756; x_wconf 91' lang='lat' dir='ltr'><strong>quis</strong></span> <span class='ocrx_word' id='word_1_686' title='bbox 1605 4683 1742 4738; x_wconf 85' lang='lat' dir='ltr'><strong>illud</strong></span> 
     </span>
    </p>
   </div>
   <div class='ocr_carea' id='block_1_93' title="bbox 144 4774 1739 4837">
    <p class='ocr_par' dir='ltr' id='par_1_93' title="bbox 144 4774 1739 4837">
     <span class='ocr_line' id='line_1_93' title="bbox 144 4774 1739 4837; baseline -0.004 0"><span class='ocrx_word' id='word_1_687' title='bbox 144 4781 532 4837; x_wconf 88' lang='lat' dir='ltr'><strong>testimonium</strong></span> <span class='ocrx_word' id='word_1_688' title='bbox 564 4778 633 4833; x_wconf 88' lang='lat' dir='ltr'><strong>ad</strong></span> <span class='ocrx_word' id='word_1_689' title='bbox 681 4781 964 4834; x_wconf 89' lang='lat' dir='ltr'><strong>veritatem</strong></span> <span class='ocrx_word' id='word_1_690' title='bbox 1000 4779 1257 4833; x_wconf 73' lang='lat' dir='ltr'><strong>humanae</strong></span> <span class='ocrx_word' id='word_1_691' title='bbox 1292 4787 1502 4836; x_wconf 65' lang='lat' dir='ltr'><strong>natura:</strong></span> <span class='ocrx_word' id='word_1_692' title='bbox 1537 4774 1739 4832; x_wconf 88' lang='lat' dir='ltr'><strong>Christi</strong></span> 
     </span>
    </p>
   </div>
   <div class='ocr_carea' id='block_1_94' title="bbox 146 4866 1740 4944">
    <p class='ocr_par' dir='ltr' id='par_1_94' title="bbox 146 4866 1740 4944">
     <span class='ocr_line' id='line_1_94' title="bbox 146 4866 1740 4944; baseline -0.003 -17"><span class='ocrx_word' id='word_1_693' title='bbox 146 4874 455 4943; x_wconf 90' lang='lat' dir='ltr'><strong>quidquam</strong></span> <span class='ocrx_word' id='word_1_694' title='bbox 489 4872 672 4927; x_wconf 88' lang='lat' dir='ltr'><strong>valere</strong></span> <span class='ocrx_word' id='word_1_695' title='bbox 721 4869 1082 4925; x_wconf 87' lang='lat' dir='ltr'><strong>concederet?</strong></span> <span class='ocrx_word' id='word_1_696' title='bbox 1113 4870 1196 4922; x_wconf 80' lang='lat' dir='ltr'><strong>An</strong></span> <span class='ocrx_word' id='word_1_697' title='bbox 1231 4884 1296 4924; x_wconf 87' lang='lat' dir='ltr'><strong>ea</strong></span> <span class='ocrx_word' id='word_1_698' title='bbox 1345 4867 1566 4922; x_wconf 73' lang='lat' dir='ltr'><strong>:etatula</strong></span> <span class='ocrx_word' id='word_1_699' title='bbox 1605 4866 1740 4944; x_wconf 85' lang='lat' dir='ltr'><strong>satis</strong></span> 
     </span>
    </p>
   </div>
   <div class='ocr_carea' id='block_1_95' title="bbox 142 4962 1741 5039">
    <p class='ocr_par' dir='ltr' id='par_1_95' title="bbox 142 4962 1741 5039">
     <span class='ocr_line' id='line_1_95' title="bbox 142 4962 1741 5039; baseline -0.006 -14"><span class='ocrx_word' id='word_1_700' title='bbox 142 4980 296 5025; x_wconf 83' lang='lat' dir='ltr'><strong>certo</strong></span> <span class='ocrx_word' id='word_1_701' title='bbox 340 4969 599 5039; x_wconf 86' lang='lat' dir='ltr'><strong>judicare</strong></span> <span class='ocrx_word' id='word_1_702' title='bbox 649 4966 848 5039; x_wconf 72' lang='lat' dir='ltr'><strong>potuit,</strong></span> <span class='ocrx_word' id='word_1_703' title='bbox 894 4977 1082 5021; x_wconf 90' lang='lat' dir='ltr'><strong>utrum</strong></span> <span class='ocrx_word' id='word_1_704' title='bbox 1113 4980 1240 5021; x_wconf 87' lang='lat' dir='ltr'><strong>vere</strong></span> <span class='ocrx_word' id='word_1_705' title='bbox 1284 4979 1354 5019; x_wconf 90' lang='lat' dir='ltr'><strong>an</strong></span> <span class='ocrx_word' id='word_1_706' title='bbox 1399 4962 1741 5035; x_wconf 80' lang='lat' dir='ltr'><strong>phantastice</strong></span> 
     </span>
    </p>
   </div>
   <div class='ocr_carea' id='block_1_96' title="bbox 146 5053 1737 5132">
    <p class='ocr_par' dir='ltr' id='par_1_96' title="bbox 146 5053 1737 5132">
     <span class='ocr_line' id='line_1_96' title="bbox 146 5053 1737 5132; baseline -0.007 -12"><span class='ocrx_word' id='word_1_707' title='bbox 146 5062 404 5122; x_wconf 87' lang='lat' dir='ltr'><strong>Christus</strong></span> <span class='ocrx_word' id='word_1_708' title='bbox 454 5061 698 5132; x_wconf 91' lang='lat' dir='ltr'><strong>seipsum</strong></span> <span class='ocrx_word' id='word_1_709' title='bbox 745 5059 1090 5115; x_wconf 80' lang='lat' dir='ltr'><strong>exhibuerit?</strong></span> <span class='ocrx_word' id='word_1_710' title='bbox 1139 5055 1362 5112; x_wconf 88' lang='lat' dir='ltr'><strong>Nullum</strong></span> <span class='ocrx_word' id='word_1_711' title='bbox 1405 5063 1556 5112; x_wconf 90' lang='lat' dir='ltr'><strong>certe</strong></span> <span class='ocrx_word' id='word_1_712' title='bbox 1597 5053 1737 5110; x_wconf 90' lang='lat' dir='ltr'><strong>Gro-</strong></span> 
     </span>
    </p>
   </div>
   <div class='ocr_carea' id='block_1_97' title="bbox 148 5149 1736 5226">
    <p class='ocr_par' dir='ltr' id='par_1_97' title="bbox 148 5149 1736 5226">
     <span class='ocr_line' id='line_1_97' title="bbox 148 5149 1736 5226; baseline -0.006 -14"><span class='ocrx_word' id='word_1_713' title='bbox 148 5159 299 5213; x_wconf 87' lang='lat' dir='ltr'><strong>tiano</strong></span> <span class='ocrx_word' id='word_1_714' title='bbox 330 5157 522 5213; x_wconf 87' lang='lat' dir='ltr'><strong>sensui</strong></span> <span class='ocrx_word' id='word_1_715' title='bbox 562 5155 865 5226; x_wconf 89' lang='lat' dir='ltr'><strong>periculum</strong></span> <span class='ocrx_word' id='word_1_716' title='bbox 896 5170 963 5209; x_wconf 83' lang='lat' dir='ltr'><strong>ex</strong></span> <span class='ocrx_word' id='word_1_717' title='bbox 999 5152 1269 5224; x_wconf 89' lang='lat' dir='ltr'><strong>particula</strong></span> <span class='ocrx_word' id='word_1_718' title='bbox 1301 5150 1431 5222; x_wconf 86' lang='grc' dir='ltr'><strong>γάρ.</strong></span> <span class='ocrx_word' id='word_1_719' title='bbox 1463 5149 1736 5214; x_wconf 88' lang='lat' dir='ltr'><strong>Secundo,</strong></span> 
     </span>
    </p>
   </div>
   <div class='ocr_carea' id='block_1_98' title="bbox 150 5241 1735 5320">
    <p class='ocr_par' dir='ltr' id='par_1_98' title="bbox 150 5241 1735 5320">
     <span class='ocr_line' id='line_1_98' title="bbox 150 5241 1735 5320; baseline -0.005 -16"><span class='ocrx_word' id='word_1_720' title='bbox 150 5251 352 5320; x_wconf 88' lang='lat' dir='ltr'><strong>inquit,</strong></span> <span class='ocrx_word' id='word_1_721' title='bbox 392 5268 414 5301; x_wconf 70' lang='grc' dir='ltr'>ι</span> <span class='ocrx_word' id='word_1_722' title='bbox 449 5247 509 5303; x_wconf 86' lang='lat' dir='ltr'><strong>Si</strong></span> <span class='ocrx_word' id='word_1_723' title='bbox 557 5248 610 5304; x_wconf 92' lang='lat' dir='ltr'><strong>id</strong></span> <span class='ocrx_word' id='word_1_724' title='bbox 653 5249 820 5304; x_wconf 87' lang='lat' dir='ltr'><strong>vellet</strong></span> <span class='ocrx_word' id='word_1_725' title='bbox 869 5248 1141 5318; x_wconf 86' lang='lat' dir='ltr'><strong>scriptor,</strong></span> <span class='ocrx_word' id='word_1_726' title='bbox 1187 5243 1334 5316; x_wconf 91' lang='lat' dir='ltr'><strong>quod</strong></span> <span class='ocrx_word' id='word_1_727' title='bbox 1369 5243 1447 5297; x_wconf 91' lang='lat' dir='ltr'><strong>ait</strong></span> <span class='ocrx_word' id='word_1_728' title='bbox 1481 5241 1735 5304; x_wconf 87' lang='lat' dir='ltr'><strong>Grotius,</strong></span> 
     </span>
    </p>
   </div>
   <div class='ocr_carea' id='block_1_99' title="bbox 149 5330 1738 5414">
    <p class='ocr_par' dir='ltr' id='par_1_99' title="bbox 149 5330 1738 5414">
     <span class='ocr_line' id='line_1_99' title="bbox 149 5330 1738 5414; baseline -0.009 -16"><span class='ocrx_word' id='word_1_729' title='bbox 149 5357 625 5414; x_wconf 81' lang='lat' dir='ltr'><strong>supervacaneum</strong></span> <span class='ocrx_word' id='word_1_730' title='bbox 652 5340 758 5396; x_wconf 87' lang='lat' dir='ltr'><strong>erit</strong></span> <span class='ocrx_word' id='word_1_731' title='bbox 785 5340 1013 5395; x_wconf 89' lang='lat' dir='ltr'><strong>verbum</strong></span> <span class='ocrx_word' id='word_1_732' title='bbox 1045 5331 1184 5390; x_wconf 86' lang='grc' dir='ltr'><strong>οἶδα.</strong></span> <span class='ocrx_word' id='word_1_733' title='bbox 1217 5355 1236 5387; x_wconf 74' lang='grc' dir='ltr'>ι</span> <span class='ocrx_word' id='word_1_734' title='bbox 1280 5334 1554 5389; x_wconf 86' lang='lat' dir='ltr'><strong>Fortasse.</strong></span> <span class='ocrx_word' id='word_1_735' title='bbox 1593 5330 1738 5386; x_wconf 86' lang='lat' dir='ltr'><strong>Fieri</strong></span> 
     </span>
    </p>
   </div>
   <div class='ocr_carea' id='block_1_100' title="bbox 150 5427 1736 5505">
    <p class='ocr_par' dir='ltr' id='par_1_100' title="bbox 150 5427 1736 5505">
     <span class='ocr_line' id='line_1_100' title="bbox 150 5427 1736 5505; baseline -0.008 -15"><span class='ocrx_word' id='word_1_736' title='bbox 150 5437 296 5490; x_wconf 90' lang='lat' dir='ltr'><strong>enim</strong></span> <span class='ocrx_word' id='word_1_737' title='bbox 323 5443 507 5505; x_wconf 88' lang='lat' dir='ltr'><strong>potest</strong></span> <span class='ocrx_word' id='word_1_738' title='bbox 529 5442 592 5489; x_wconf 91' lang='lat' dir='ltr'><strong>ut</strong></span> <span class='ocrx_word' id='word_1_739' title='bbox 618 5434 674 5488; x_wconf 92' lang='lat' dir='ltr'><strong>in</strong></span> <span class='ocrx_word' id='word_1_740' title='bbox 705 5432 914 5503; x_wconf 90' lang='lat' dir='ltr'><strong>optimo</strong></span> <span class='ocrx_word' id='word_1_741' title='bbox 941 5431 1210 5502; x_wconf 90' lang='lat' dir='ltr'><strong>scriptore</strong></span> <span class='ocrx_word' id='word_1_742' title='bbox 1249 5427 1545 5500; x_wconf 80' lang='lat' dir='ltr'><strong>aliquando</strong></span> <span class='ocrx_word' id='word_1_743' title='bbox 1572 5427 1736 5479; x_wconf 78' lang='lat' dir='ltr'><strong>vdea-</strong></span> 
     </span>
    </p>
   </div>
   <div class='ocr_carea' id='block_1_101' title="bbox 153 5518 1737 5596">
    <p class='ocr_par' dir='ltr' id='par_1_101' title="bbox 153 5518 1737 5596">
     <span class='ocr_line' id='line_1_101' title="bbox 153 5518 1737 5596; baseline -0.006 -13"><span class='ocrx_word' id='word_1_744' title='bbox 153 5529 340 5584; x_wconf 84' lang='lat' dir='ltr'><strong>bulum</strong></span> <span class='ocrx_word' id='word_1_745' title='bbox 370 5525 668 5582; x_wconf 88' lang='lat' dir='ltr'><strong>redundet.</strong></span> <span class='ocrx_word' id='word_1_746' title='bbox 703 5525 809 5581; x_wconf 89' lang='lat' dir='ltr'><strong>Sed</strong></span> <span class='ocrx_word' id='word_1_747' title='bbox 833 5538 1302 5596; x_wconf 89' lang='lat' dir='ltr'><strong>supervacaneum</strong></span> <span class='ocrx_word' id='word_1_748' title='bbox 1329 5537 1436 5577; x_wconf 91' lang='lat' dir='ltr'><strong>non</strong></span> <span class='ocrx_word' id='word_1_749' title='bbox 1459 5528 1564 5588; x_wconf 92' lang='lat' dir='ltr'><strong>est,</strong></span> <span class='ocrx_word' id='word_1_750' title='bbox 1590 5518 1737 5588; x_wconf 83' lang='lat' dir='ltr'><strong>quod</strong></span> 
     </span>
    </p>
   </div>
   <div class='ocr_carea' id='block_1_102' title="bbox 155 5612 1738 5687">
    <p class='ocr_par' dir='ltr' id='par_1_102' title="bbox 155 5612 1738 5687">
     <span class='ocr_line' id='line_1_102' title="bbox 155 5612 1738 5687; baseline -0.003 -17"><span class='ocrx_word' id='word_1_751' title='bbox 155 5618 273 5673; x_wconf 89' lang='lat' dir='ltr'><strong>ﬁdei</strong></span> <span class='ocrx_word' id='word_1_752' title='bbox 318 5615 710 5672; x_wconf 88' lang='lat' dir='ltr'><strong>certitudinem</strong></span> <span class='ocrx_word' id='word_1_753' title='bbox 758 5627 814 5670; x_wconf 91' lang='lat' dir='ltr'><strong>et</strong></span> <span class='ocrx_word' id='word_1_754' title='bbox 846 5614 1218 5687; x_wconf 83' lang='grc' dir='ltr'>πληροφορίαν</span> <span class='ocrx_word' id='word_1_755' title='bbox 1268 5613 1538 5685; x_wconf 87' lang='lat' dir='ltr'><strong>adjungit.</strong></span> <span class='ocrx_word' id='word_1_756' title='bbox 1593 5612 1738 5666; x_wconf 67' lang='lat' dir='ltr'><strong>Dixit</strong></span> 
     </span>
    </p>
   </div>
   <div class='ocr_carea' id='block_1_103' title="bbox 158 5706 1733 5778">
    <p class='ocr_par' dir='ltr' id='par_1_103' title="bbox 158 5706 1733 5778">
     <span class='ocr_line' id='line_1_103' title="bbox 158 5706 1733 5778; baseline -0.003 -13"><span class='ocrx_word' id='word_1_757' title='bbox 158 5709 213 5765; x_wconf 87' lang='lat' dir='ltr'><strong>S.</strong></span> <span class='ocrx_word' id='word_1_758' title='bbox 243 5708 457 5766; x_wconf 86' lang='lat' dir='ltr'><strong>Paulus</strong></span> <span class='ocrx_word' id='word_1_759' title='bbox 485 5730 498 5766; x_wconf 92' lang='lat'>:</span> <span class='ocrx_word' id='word_1_760' title='bbox 539 5709 682 5764; x_wconf 76' lang='lat' dir='ltr'><strong>026a</strong></span> <span class='ocrx_word' id='word_1_761' title='bbox 711 5710 809 5764; x_wconf 82' lang='grc' dir='ltr'><strong>καὶ</strong></span> <span class='ocrx_word' id='word_1_762' title='bbox 841 5709 1164 5778; x_wconf 77' lang='grc' dir='ltr'><strong>πέπεισμαι</strong></span> <span class='ocrx_word' id='word_1_763' title='bbox 1187 5708 1468 5776; x_wconf 79' lang='grc' dir='ltr'><strong>ἑνΚυρίῳ</strong></span> <span class='ocrx_word' id='word_1_764' title='bbox 1511 5706 1733 5775; x_wconf 84' lang='grc' dir='ltr'><strong>Ἰησοῦ,</strong></span> 
     </span>
    </p>
   </div>
   <div class='ocr_carea' id='block_1_104' title="bbox 158 5798 1737 5888">
    <p class='ocr_par' dir='ltr' id='par_1_104' title="bbox 158 5798 1737 5888">
     <span class='ocr_line' id='line_1_104' title="bbox 158 5798 1737 5888; baseline -0.001 -29"><span class='ocrx_word' id='word_1_765' title='bbox 158 5803 316 5888; x_wconf 50' lang='lat' dir='ltr'><strong>(tom.</strong></span> <span class='ocrx_word' id='word_1_766' title='bbox 349 5820 466 5866; x_wconf 69' lang='grc' dir='ltr'><strong>ιη’.</strong></span> <span class='ocrx_word' id='word_1_767' title='bbox 498 5804 586 5871; x_wconf 79' lang='grc' dir='ltr'><strong>Η,</strong></span> <span class='ocrx_word' id='word_1_768' title='bbox 621 5802 714 5860; x_wconf 91' lang='lat' dir='ltr'><strong>ubi</strong></span> <span class='ocrx_word' id='word_1_769' title='bbox 749 5818 928 5876; x_wconf 85' lang='lat' dir='ltr'><strong>neque</strong></span> <span class='ocrx_word' id='word_1_770' title='bbox 955 5798 1072 5859; x_wconf 78' lang='grc' dir='ltr'>οἶδα</span> <span class='ocrx_word' id='word_1_771' title='bbox 1105 5817 1283 5880; x_wconf 81' lang='lat' dir='ltr'><strong>neque</strong></span> <span class='ocrx_word' id='word_1_772' title='bbox 1313 5801 1615 5872; x_wconf 77' lang='grc' dir='ltr'><strong>πέπεισμαι</strong></span> <span class='ocrx_word' id='word_1_773' title='bbox 1646 5817 1737 5876; x_wconf 50' lang='lat' dir='ltr'><strong>su:</strong></span> 
     </span>
    </p>
   </div>
   <div class='ocr_carea' id='block_1_105' title="bbox 1841 4577 3418 4652">
    <p class='ocr_par' dir='ltr' id='par_1_105' title="bbox 1841 4577 3418 4652">
     <span class='ocr_line' id='line_1_105' title="bbox 1841 4577 3418 4652; baseline -0.001 -14"><span class='ocrx_word' id='word_1_774' title='bbox 1841 4599 1991 4650; x_wconf 79' lang='lat' dir='ltr'><strong>noro,</strong></span> <span class='ocrx_word' id='word_1_775' title='bbox 2022 4599 2216 4650; x_wconf 62' lang='lat' dir='ltr'><strong>nosco;</strong></span> <span class='ocrx_word' id='word_1_776' title='bbox 2271 4591 2328 4639; x_wconf 93' lang='lat' dir='ltr'><strong>et</strong></span> <span class='ocrx_word' id='word_1_777' title='bbox 2353 4583 2502 4640; x_wconf 92' lang='lat' dir='ltr'><strong>aliud</strong></span> <span class='ocrx_word' id='word_1_778' title='bbox 2544 4585 2924 4642; x_wconf 87' lang='lat' dir='ltr'><strong>Glossarium:</strong></span> <span class='ocrx_word' id='word_1_779' title='bbox 2950 4582 3098 4648; x_wconf 81' lang='lat' dir='ltr'><strong>Scio,</strong></span> <span class='ocrx_word' id='word_1_780' title='bbox 3123 4577 3262 4635; x_wconf 76' lang='grc' dir='ltr'><strong>οἶδα.</strong></span> <span class='ocrx_word' id='word_1_781' title='bbox 3294 4579 3418 4652; x_wconf 85' lang='lat' dir='ltr'><strong>Ety-</strong></span> 
     </span>
    </p>
   </div>
   <div class='ocr_carea' id='block_1_106' title="bbox 1837 4673 3418 4746">
    <p class='ocr_par' dir='ltr' id='par_1_106' title="bbox 1837 4673 3418 4746">
     <span class='ocr_line' id='line_1_106' title="bbox 1837 4673 3418 4746; baseline -0.001 -14"><span class='ocrx_word' id='word_1_782' title='bbox 1837 4675 2147 4746; x_wconf 84' lang='lat' dir='ltr'><strong>mologicon</strong></span> <span class='ocrx_word' id='word_1_783' title='bbox 2176 4677 2410 4740; x_wconf 72' lang='grc' dir='ltr'><strong>τοῖσθα,</strong></span> <span class='ocrx_word' id='word_1_784' title='bbox 2435 4677 2557 4730; x_wconf 82' lang='grc' dir='ltr'>ἀντὶ</span> <span class='ocrx_word' id='word_1_785' title='bbox 2583 4676 2698 4742; x_wconf 82' lang='grc' dir='ltr'><strong>τοῦ,</strong></span> <span class='ocrx_word' id='word_1_786' title='bbox 2716 4673 3044 4746; x_wconf 71' lang='grc' dir='ltr'><strong>γινώσκεις-</strong></span> <span class='ocrx_word' id='word_1_787' title='bbox 3059 4675 3225 4731; x_wconf 67' lang='lat' dir='ltr'><strong>Recte</strong></span> <span class='ocrx_word' id='word_1_788' title='bbox 3253 4674 3418 4745; x_wconf 74' lang='lat' dir='ltr'><strong>igitur</strong></span> 
     </span>
    </p>
   </div>
   <div class='ocr_carea' id='block_1_107' title="bbox 1838 4764 3418 4838">
    <p class='ocr_par' dir='ltr' id='par_1_107' title="bbox 1838 4764 3418 4838">
     <span class='ocr_line' id='line_1_107' title="bbox 1838 4764 3418 4838; baseline -0.001 -16"><span class='ocrx_word' id='word_1_789' title='bbox 1838 4765 1954 4822; x_wconf 79' lang='grc' dir='ltr'>οἶδα</span> <span class='ocrx_word' id='word_1_790' title='bbox 1983 4775 2185 4824; x_wconf 88' lang='lat' dir='ltr'><strong>etcum</strong></span> <span class='ocrx_word' id='word_1_791' title='bbox 2211 4767 2453 4821; x_wconf 83' lang='grc' dir='ltr'><strong>πιστεύω</strong></span> <span class='ocrx_word' id='word_1_792' title='bbox 2482 4764 2855 4838; x_wconf 84' lang='lat' dir='ltr'><strong>conjungitur,</strong></span> <span class='ocrx_word' id='word_1_793' title='bbox 2891 4773 2945 4820; x_wconf 92' lang='lat' dir='ltr'><strong>et</strong></span> <span class='ocrx_word' id='word_1_794' title='bbox 2981 4765 3050 4820; x_wconf 90' lang='lat' dir='ltr'><strong>ad</strong></span> <span class='ocrx_word' id='word_1_795' title='bbox 3073 4766 3216 4834; x_wconf 53' lang='lat' dir='ltr'><strong>pirro:</strong></span> <span class='ocrx_word' id='word_1_796' title='bbox 3250 4765 3418 4821; x_wconf 84' lang='lat' dir='ltr'><strong>refer-</strong></span> 
     </span>
    </p>
   </div>
   <div class='ocr_carea' id='block_1_108' title="bbox 1839 4856 3414 4932">
    <p class='ocr_par' dir='ltr' id='par_1_108' title="bbox 1839 4856 3414 4932">
     <span class='ocr_line' id='line_1_108' title="bbox 1839 4856 3414 4932; baseline -0.005 -14"><span class='ocrx_word' id='word_1_797' title='bbox 1839 4873 1950 4930; x_wconf 90' lang='lat' dir='ltr'><strong>tur,</strong></span> <span class='ocrx_word' id='word_1_798' title='bbox 1975 4872 2037 4919; x_wconf 90' lang='lat' dir='ltr'><strong>ut</strong></span> <span class='ocrx_word' id='word_1_799' title='bbox 2059 4863 2126 4918; x_wconf 92' lang='lat' dir='ltr'><strong>ad</strong></span> <span class='ocrx_word' id='word_1_800' title='bbox 2165 4861 2582 4932; x_wconf 82' lang='lat' dir='ltr'><strong>Xenophontem</strong></span> <span class='ocrx_word' id='word_1_801' title='bbox 2612 4856 2728 4914; x_wconf 77' lang='grc' dir='ltr'>οἶδα</span> <span class='ocrx_word' id='word_1_802' title='bbox 2751 4858 2986 4932; x_wconf 78' lang='grc' dir='ltr'>ἐμαυτὸν</span> <span class='ocrx_word' id='word_1_803' title='bbox 3023 4858 3223 4930; x_wconf 76' lang='grc' dir='ltr'>ἥττονα</span> <span class='ocrx_word' id='word_1_804' title='bbox 3253 4856 3414 4920; x_wconf 79' lang='grc' dir='ltr'>ὄντα,</span> 
     </span>
    </p>
   </div>
   <div class='ocr_carea' id='block_1_109' title="bbox 1840 4947 3416 5024">
    <p class='ocr_par' dir='ltr' id='par_1_109' title="bbox 1840 4947 3416 5024">
     <span class='ocr_line' id='line_1_109' title="bbox 1840 4947 3416 5024; baseline -0.005 -14"><span class='ocrx_word' id='word_1_805' title='bbox 1840 4964 1990 5010; x_wconf 88' lang='lat' dir='ltr'><strong>recte</strong></span> <span class='ocrx_word' id='word_1_806' title='bbox 2030 4955 2254 5010; x_wconf 93' lang='lat' dir='ltr'><strong>unicum</strong></span> <span class='ocrx_word' id='word_1_807' title='bbox 2299 4954 2392 5009; x_wconf 91' lang='lat' dir='ltr'><strong>hic</strong></span> <span class='ocrx_word' id='word_1_808' title='bbox 2418 4953 2696 5023; x_wconf 90' lang='lat' dir='ltr'><strong>objectum</strong></span> <span class='ocrx_word' id='word_1_809' title='bbox 2728 4952 2852 5008; x_wconf 92' lang='lat' dir='ltr'><strong>ﬁdei</strong></span> <span class='ocrx_word' id='word_1_810' title='bbox 2884 4951 3225 5024; x_wconf 78' lang='lat' dir='ltr'><strong>agnoscitur,</strong></span> <span class='ocrx_word' id='word_1_811' title='bbox 3267 4947 3416 5020; x_wconf 90' lang='lat' dir='ltr'><strong>quod</strong></span> 
     </span>
    </p>
   </div>
   <div class='ocr_carea' id='block_1_110' title="bbox 1839 5042 3414 5118">
    <p class='ocr_par' dir='ltr' id='par_1_110' title="bbox 1839 5042 3414 5118">
     <span class='ocr_line' id='line_1_110' title="bbox 1839 5042 3414 5118; baseline -0.006 -14"><span class='ocrx_word' id='word_1_812' title='bbox 1839 5048 2203 5118; x_wconf 84' lang='lat' dir='ltr'><strong>sequentibus</strong></span> <span class='ocrx_word' id='word_1_813' title='bbox 2235 5048 2566 5103; x_wconf 90' lang='lat' dir='ltr'><strong>testimoniis</strong></span> <span class='ocrx_word' id='word_1_814' title='bbox 2591 5046 2966 5103; x_wconf 83' lang='lat' dir='ltr'><strong>conﬁrmatur.</strong></span> <span class='ocrx_word' id='word_1_815' title='bbox 2989 5042 3178 5114; x_wconf 87' lang='lat' dir='ltr'><strong>Neque</strong></span> <span class='ocrx_word' id='word_1_816' title='bbox 3199 5056 3330 5096; x_wconf 89' lang='lat' dir='ltr'><strong>vero</strong></span> <span class='ocrx_word' id='word_1_817' title='bbox 3349 5055 3414 5096; x_wconf 86' lang='lat' dir='ltr'><strong>ea</strong></span> 
     </span>
    </p>
   </div>
   <div class='ocr_carea' id='block_1_111' title="bbox 1839 5130 3416 5213">
    <p class='ocr_par' dir='ltr' id='par_1_111' title="bbox 1839 5130 3416 5213">
     <span class='ocr_line' id='line_1_111' title="bbox 1839 5130 3416 5213; baseline -0.006 -17"><span class='ocrx_word' id='word_1_818' title='bbox 1839 5143 2024 5198; x_wconf 86' lang='lat' dir='ltr'><strong>minus</strong></span> <span class='ocrx_word' id='word_1_819' title='bbox 2066 5140 2336 5213; x_wconf 88' lang='lat' dir='ltr'><strong>lgnatium</strong></span> <span class='ocrx_word' id='word_1_820' title='bbox 2375 5140 2600 5206; x_wconf 89' lang='lat' dir='ltr'><strong>decent,</strong></span> <span class='ocrx_word' id='word_1_821' title='bbox 2631 5147 2726 5194; x_wconf 89' lang='lat' dir='ltr'><strong>aut</strong></span> <span class='ocrx_word' id='word_1_822' title='bbox 2765 5137 2833 5192; x_wconf 93' lang='lat' dir='ltr'><strong>ad</strong></span> <span class='ocrx_word' id='word_1_823' title='bbox 2868 5149 3091 5192; x_wconf 87' lang='lat' dir='ltr'><strong>sensum</strong></span> <span class='ocrx_word' id='word_1_824' title='bbox 3132 5130 3416 5202; x_wconf 84' lang='lat' dir='ltr'><strong>scriptoris</strong></span> 
     </span>
    </p>
   </div>
   <div class='ocr_carea' id='block_1_112' title="bbox 1839 5228 3416 5306">
    <p class='ocr_par' dir='ltr' id='par_1_112' title="bbox 1839 5228 3416 5306">
     <span class='ocr_line' id='line_1_112' title="bbox 1839 5228 3416 5306; baseline -0.01 -12"><span class='ocrx_word' id='word_1_825' title='bbox 1839 5237 2142 5294; x_wconf 88' lang='lat' dir='ltr'><strong>eruendum</strong></span> <span class='ocrx_word' id='word_1_826' title='bbox 2175 5235 2350 5306; x_wconf 86' lang='lat' dir='ltr'><strong>magis</strong></span> <span class='ocrx_word' id='word_1_827' title='bbox 2383 5235 2586 5301; x_wconf 83' lang='lat' dir='ltr'><strong>valent,</strong></span> <span class='ocrx_word' id='word_1_828' title='bbox 2625 5231 2774 5305; x_wconf 91' lang='lat' dir='ltr'><strong>quod</strong></span> <span class='ocrx_word' id='word_1_829' title='bbox 2817 5245 2926 5286; x_wconf 92' lang='lat' dir='ltr'><strong>non</strong></span> <span class='ocrx_word' id='word_1_830' title='bbox 2952 5228 3146 5283; x_wconf 87' lang='lat' dir='ltr'><strong>iisdem</strong></span> <span class='ocrx_word' id='word_1_831' title='bbox 3187 5240 3416 5296; x_wconf 87' lang='lat' dir='ltr'><strong>prorsus</strong></span> 
     </span>
    </p>
   </div>
   <div class='ocr_carea' id='block_1_113' title="bbox 1839 5321 3416 5398">
    <p class='ocr_par' dir='ltr' id='par_1_113' title="bbox 1839 5321 3416 5398">
     <span class='ocr_line' id='line_1_113' title="bbox 1839 5321 3416 5398; baseline -0.008 -12"><span class='ocrx_word' id='word_1_832' title='bbox 1839 5330 2023 5386; x_wconf 89' lang='lat' dir='ltr'><strong>verbis</strong></span> <span class='ocrx_word' id='word_1_833' title='bbox 2053 5329 2456 5398; x_wconf 78' lang='lat' dir='ltr'><strong>concipiantur,</strong></span> <span class='ocrx_word' id='word_1_834' title='bbox 2483 5342 2605 5397; x_wconf 66' lang='lat' dir='ltr'><strong>qua:</strong></span> <span class='ocrx_word' id='word_1_835' title='bbox 2629 5341 2778 5381; x_wconf 90' lang='lat' dir='ltr'><strong>nunc</strong></span> <span class='ocrx_word' id='word_1_836' title='bbox 2812 5325 2868 5380; x_wconf 93' lang='lat' dir='ltr'><strong>in</strong></span> <span class='ocrx_word' id='word_1_837' title='bbox 2901 5322 3214 5395; x_wconf 86' lang='lat' dir='ltr'><strong>Evangeliis</strong></span> <span class='ocrx_word' id='word_1_838' title='bbox 3235 5321 3416 5390; x_wconf 83' lang='lat' dir='ltr'><strong>legun-</strong></span> 
     </span>
    </p>
   </div>
   <div class='ocr_carea' id='block_1_114' title="bbox 1841 5418 3417 5492">
    <p class='ocr_par' dir='ltr' id='par_1_114' title="bbox 1841 5418 3417 5492">
     <span class='ocr_line' id='line_1_114' title="bbox 1841 5418 3417 5492; baseline -0.008 -11"><span class='ocrx_word' id='word_1_839' title='bbox 1841 5436 1949 5481; x_wconf 90' lang='lat' dir='ltr'><strong>tur.</strong></span> <span class='ocrx_word' id='word_1_840' title='bbox 1975 5424 2054 5479; x_wconf 83' lang='lat' dir='ltr'><strong>Ad</strong></span> <span class='ocrx_word' id='word_1_841' title='bbox 2083 5438 2201 5478; x_wconf 88' lang='lat' dir='ltr'><strong>eam</strong></span> <span class='ocrx_word' id='word_1_842' title='bbox 2229 5437 2342 5476; x_wconf 90' lang='lat' dir='ltr'><strong>rem</strong></span> <span class='ocrx_word' id='word_1_843' title='bbox 2383 5421 2745 5492; x_wconf 81' lang='lat' dir='ltr'><strong>probandam,</strong></span> <span class='ocrx_word' id='word_1_844' title='bbox 2774 5435 2940 5491; x_wconf 92' lang='lat' dir='ltr'><strong>quam</strong></span> <span class='ocrx_word' id='word_1_845' title='bbox 2983 5418 3219 5487; x_wconf 90' lang='lat' dir='ltr'><strong>scriptor</strong></span> <span class='ocrx_word' id='word_1_846' title='bbox 3261 5430 3417 5470; x_wconf 87' lang='lat' dir='ltr'><strong>asse-</strong></span> 
     </span>
    </p>
   </div>
   <div class='ocr_carea' id='block_1_115' title="bbox 1841 5508 3412 5584">
    <p class='ocr_par' dir='ltr' id='par_1_115' title="bbox 1841 5508 3412 5584">
     <span class='ocr_line' id='line_1_115' title="bbox 1841 5508 3412 5584; baseline -0.008 -10"><span class='ocrx_word' id='word_1_847' title='bbox 1841 5526 2044 5584; x_wconf 90' lang='lat' dir='ltr'><strong>ruerat,</strong></span> <span class='ocrx_word' id='word_1_848' title='bbox 2082 5514 2320 5573; x_wconf 81' lang='lat' dir='ltr'><strong>maxime</strong></span> <span class='ocrx_word' id='word_1_849' title='bbox 2351 5513 2762 5569; x_wconf 87' lang='lat' dir='ltr'><strong>accommodata</strong></span> <span class='ocrx_word' id='word_1_850' title='bbox 2798 5520 2956 5580; x_wconf 91' lang='lat' dir='ltr'><strong>sunt;</strong></span> <span class='ocrx_word' id='word_1_851' title='bbox 2982 5519 3039 5566; x_wconf 87' lang='lat' dir='ltr'><strong>at</strong></span> <span class='ocrx_word' id='word_1_852' title='bbox 3068 5509 3115 5567; x_wconf 91' lang='lat' dir='ltr'><strong>si</strong></span> <span class='ocrx_word' id='word_1_853' title='bbox 3139 5508 3412 5580; x_wconf 88' lang='lat' dir='ltr'><strong>duplicem</strong></span> 
     </span>
    </p>
   </div>
   <div class='ocr_carea' id='block_1_116' title="bbox 1842 5602 3412 5677">
    <p class='ocr_par' dir='ltr' id='par_1_116' title="bbox 1842 5602 3412 5677">
     <span class='ocr_line' id='line_1_116' title="bbox 1842 5602 3412 5677; baseline -0.008 -9"><span class='ocrx_word' id='word_1_854' title='bbox 1842 5612 2204 5670; x_wconf 85' lang='lat' dir='ltr'><strong>assertionem</strong></span> <span class='ocrx_word' id='word_1_855' title='bbox 2233 5607 2520 5674; x_wconf 85' lang='lat' dir='ltr'><strong>faciamus,</strong></span> <span class='ocrx_word' id='word_1_856' title='bbox 2551 5621 2728 5677; x_wconf 91' lang='lat' dir='ltr'><strong>neque</strong></span> <span class='ocrx_word' id='word_1_857' title='bbox 2753 5621 2941 5670; x_wconf 92' lang='lat' dir='ltr'><strong>unam,</strong></span> <span class='ocrx_word' id='word_1_858' title='bbox 2979 5618 3155 5674; x_wconf 76' lang='lat' dir='ltr'><strong>neque</strong></span> <span class='ocrx_word' id='word_1_859' title='bbox 3184 5602 3412 5658; x_wconf 83' lang='lat' dir='ltr'><strong>alteram</strong></span> 
     </span>
    </p>
   </div>
   <div class='ocr_carea' id='block_1_117' title="bbox 1842 5696 3413 5776">
    <p class='ocr_par' dir='ltr' id='par_1_117' title="bbox 1842 5696 3413 5776">
     <span class='ocr_line' id='line_1_117' title="bbox 1842 5696 3413 5776; baseline -0.007 -17"><span class='ocrx_word' id='word_1_860' title='bbox 1842 5705 2094 5776; x_wconf 80' lang='lat' dir='ltr'><strong>probant.</strong></span> <span class='ocrx_word' id='word_1_861' title='bbox 2127 5701 2245 5756; x_wconf 83' lang='lat' dir='ltr'><strong>Non</strong></span> <span class='ocrx_word' id='word_1_862' title='bbox 2276 5699 2510 5772; x_wconf 81' lang='lat' dir='ltr'><strong>probant</strong></span> <span class='ocrx_word' id='word_1_863' title='bbox 2536 5697 2802 5768; x_wconf 79' lang='lat' dir='ltr'><strong>lgnatium</strong></span> <span class='ocrx_word' id='word_1_864' title='bbox 2843 5696 3123 5753; x_wconf 86' lang='lat' dir='ltr'><strong>Christum</strong></span> <span class='ocrx_word' id='word_1_865' title='bbox 3164 5703 3286 5766; x_wconf 90' lang='lat' dir='ltr'><strong>post</strong></span> <span class='ocrx_word' id='word_1_866' title='bbox 3324 5711 3413 5748; x_wconf 79' lang='lat' dir='ltr'><strong>rc—</strong></span> 
     </span>
    </p>
   </div>
   <div class='ocr_carea' id='block_1_118' title="bbox 1840 5787 3422 5860">
    <p class='ocr_par' dir='ltr' id='par_1_118' title="bbox 1840 5787 3422 5860">
     <span class='ocr_line' id='line_1_118' title="bbox 1840 5787 3422 5860; baseline -0.009 -4"><span class='ocrx_word' id='word_1_867' title='bbox 1840 5795 2238 5860; x_wconf 84' lang='lat' dir='ltr'><strong>surrectionem</strong></span> <span class='ocrx_word' id='word_1_868' title='bbox 2266 5791 2502 5859; x_wconf 84' lang='lat' dir='ltr'><strong>vidisse;</strong></span> <span class='ocrx_word' id='word_1_869' title='bbox 2540 5805 2647 5846; x_wconf 93' lang='lat' dir='ltr'><strong>non</strong></span> <span class='ocrx_word' id='word_1_870' title='bbox 2675 5789 2969 5858; x_wconf 68' lang='lat' dir='ltr'><strong>ostendunt</strong></span> <span class='ocrx_word' id='word_1_871' title='bbox 2992 5787 3268 5857; x_wconf 79' lang='lat' dir='ltr'><strong>Christum</strong></span> <span class='ocrx_word' id='word_1_872' title='bbox 3291 5793 3422 5858; x_wconf 64' lang='lat' dir='ltr'><strong>post</strong></span> 
     </span>
    </p>
   </div>
  </div>
