3834 6206
451 293 557 349 885

1426 293 1485 348 5.
1526 293 1874 352 IGNATIUS.
1901 293 2518 391 --ΡΒΟΙΛΞΟΟΜῘΞῘἏ⁸

3610 291 3728 348 38‘

453 410 837 467 ascensionem
887 413 949 470 in
995 428 1166 469 carne
1221 429 1347 469 esse
1368 455 1381 480 ,
1442 415 1809 486 undecunque
1865 415 2036 486 igitur
2063 419 2112 479 Δ
2143 431 2362 486 cunque
2387 415 2533 470 dicta
2559 413 2880 478 videantur,
2909 414 2976 469 ad
3013 415 3161 470 hunc
3189 411 3368 481 ipsum
3409 407 3614 480 lgnatii
3637 409 3732 464 lo-

454 511 676 573 suinpta
707 512 857 571 sunt,
888 505 1194 560 secundum
1242 519 1468 560 sensum
1503 505 1842 562 Dallzeanum
1882 507 2038 561 nihili

455 604 606 650 sunt.
661 595 739 650 De
792 597 1105 668 apocrypho
1153 606 1280 653 ante
1321 598 1490 653 latius
1531 599 1872 668 disputatum
1916 610 2035 667 est;

454 685 546 741 hic
604 688 770 753 igitur
811 690 1083 744 concludo
1129 700 1410 746 auctorem
1457 693 1706 761 epistola:
1753 707 2037 764 nunquam

453 779 742 848 scripsisse
765 779 1053 835 Christum
1081 798 1110 836 a
1135 799 1194 837 se
1217 783 1272 837 in
1296 799 1464 838 carne
1493 785 1696 840 visum.

523 868 658 935 Quae
679 871 844 927 habet
867 873 934 928 de
958 874 1112 928 stella
1142 875 1319 944 magis
1337 877 1676 945 praalucente
1699 877 1852 931 nullo
1870 877 2038 933 modo

453 961 707 1018 ﬁctitium
738 963 1008 1035 lguatium
1050 968 1319 1037 probant;
1355 983 1532 1036 neque
1557 969 1674 1040 ipse
1697 970 1902 1041 aliquid
1937 971 2038 1026 ob-

449 1052 591 1122 jicit,
626 1055 903 1125 uisiquod
931 1055 1046 1110 sint
1075 1065 1282 1112 temere
1327 1058 1561 1127 scripta;
1599 1068 1658 1114 et
1693 1061 1842 1130 quod
1875 1077 2040 1116 nemo

452 1146 816 1215 interpretum
868 1163 932 1202 ea
979 1149 1052 1204 sit
1102 1131 1348 1205 secutus.
1403 1150 1578 1206 Verba
1631 1149 1823 1221 lguatii
1865 1162 2035 1208 sunt:

465 1238 663 1310 Ἀστὴρ
690 1241 748 1292 ὲν
772 1241 991 1312 οὐρανῷ
1029 1241 1271 1313 ἔλαμψεν
1311 1242 1454 1313 ὑπὲρ
1481 1244 1688 1306 πάντας
1722 1244 1849 1308 τοὺς
1877 1245 2038 1298 ἀστέ-

452 1348 570 1401 ρας,
604 1332 698 1384 καὶ
722 1332 782 1385 τὸ
811 1331 926 1402 φῶς
949 1332 1114 1386 αὑτοῦ
1149 1332 1512 1404 ἀνεκλάλητον
1535 1330 1634 1406 ἦν·
1666 1335 1760 1388 καὶ
1789 1334 2040 1405 ξενισμὸν

453 1429 714 1497 παρεῖχεν
736 1429 770 1496 ἡ
803 1427 1060 1498 καινότης
1089 1425 1252 1482 αὐτοῦ
1267 1445 1281 1458 ο
1303 1426 1374 1480 τὰ
1399 1428 1455 1480 δὲ
1477 1427 1640 1482 λοιπὰ
1665 1429 1841 1482 πάντα
1861 1429 2039 1502 ἄστρα

451 1516 568 1588 ἅμα
593 1516 730 1588 ἡλίῳ
761 1520 852 1572 καὶ
876 1519 1077 1592 σελήνῃ
1100 1521 1261 1592 χορὸς
1285 1521 1504 1588 ἐγένετο
1531 1521 1607 1592 τῷ
1628 1522 1848 1594 ἀστέρι·
1877 1525 2039 1589 αὐτὸς

450 1609 506 1660 δὲ
531 1604 599 1680 ἦν
625 1610 980 1680 ὑπερϐάλλων
1011 1611 1071 1664 τὸ
1103 1611 1219 1680 φῶς
1255 1611 1420 1664 αὐτοῦ
1451 1613 1595 1686 ὑπὲρ
1630 1615 1828 1668 πάντα.
1857 1616 2041 1688 Ταρα-

449 1703 518 1771 χή
551 1702 598 1753 τ’
627 1695 715 1770 ἦν,
744 1701 907 1755 πόθεν
933 1705 966 1774 ή
1004 1703 1260 1775 καινότης
1288 1705 1320 1775 ἡ
1369 1704 1622 1776 ἀνόμοιος
1659 1707 1842 1770 αὐτοῖς
1863 1723 1877 1736 ⁸
1913 1706 2038 1762 ὅθεν

2141 522 2268 562 cum
2315 509 2588 578 respicere
2633 507 2758 578 quis
2811 508 3056 572 dubitet,
3103 505 3222 560 sive
3267 502 3566 574 ξενισμὸν,
3610 502 3732 557 sive

2139 599 2467 670 καινότητα,
2505 599 2619 654 sive
2647 599 2943 654 κατάλυσιν
2975 597 3224 668 spectet?
3267 595 3407 650 Nam
3445 607 3504 650 et
3532 595 3736 666 ἀστρο-

2142 690 2298 744 θεσία
2327 691 2486 762 quasi
2523 706 2811 763 magorum
2839 690 3160 761 disciplina,
3188 705 3220 743 a
3247 688 3470 743 diabolo
3498 689 3734 742 inventa

2143 781 2378 838 Tatiano
2431 766 2654 838 dicitur.
2710 782 2788 839 De
2837 783 2976 838 mira
3023 783 3146 854 ejus
3205 783 3326 838 luce
3379 781 3730 850 reliquarum

2139 876 2419 930 stellarum
2459 876 2806 946 splendorem
2855 885 3150 946 superante
3192 874 3302 931 Leo
3339 874 3598 943 Magnus,
3629 874 3737 927 ho-

2137 968 2292 1022 milia
2331 968 2358 1022 i
2406 966 2486 1024 De
2516 966 2852 1024 Nativitate:
2883 988 2907 1020 ι
2941 967 3002 1022 in
3032 968 3256 1036 regione
3295 967 3530 1022 orientis
3572 967 3734 1020 stella

2138 1075 2294 1116 nova:
2313 1061 2586 1117 claritatis
2615 1061 2890 1132 apparuit,
2913 1076 3038 1132 qua:
3062 1059 3333 1116 illustrior
3352 1059 3574 1114 steteris
3602 1059 3738 1128 pul-

2137 1151 2433 1223 chriorque
2478 1151 2754 1210 sideribus
2783 1151 2942 1210 facile
2973 1153 3030 1208 in
3059 1169 3118 1209 se
3145 1153 3477 1209 intuentium
3508 1153 3742 1210 animos

2141 1245 2438 1316 oculosque
2465 1253 2863 1302 converteret.»
2883 1245 3173 1312 llas-imus,
3207 1246 3431 1302 humilia
3448 1246 3520 1300 3:
3549 1264 3570 1297 ι
3592 1243 3740 1312 Quis

2138 1337 2284 1394 enim
2324 1337 2540 1394 dubitat
2579 1337 2756 1408 ipsam
2801 1339 3010 1395 stellam
3042 1339 3236 1394 laetiori
3273 1339 3398 1394 luce
3425 1349 3484 1392 et
3513 1338 3741 1408 iul-gen-

2143 1429 2372 1484 tioribus
2391 1429 2564 1486 radiis
2583 1445 2929 1494 coruscasse.
2947 1448 3072 1502 quae
3095 1432 3223 1487 (mli
3236 1441 3516 1501 terraique
3539 1432 3736 1485 lumen

2140 1521 2398 1578 humanis
2423 1523 2598 1580 oculis
2629 1523 2941 1598 ingerebat?
2969 1523 3035 1578 Et
3057 1519 3285 1579 necesse
3307 1532 3430 1579 erat
3467 1532 3530 1578 ut
3571 1523 3740 1578 stella

2140 1614 2258 1670 haec
2287 1631 2318 1670 a
2341 1617 2556 1672 caeteris
2587 1616 2868 1672 sideribus
2896 1617 3033 1672 orbe
3057 1618 3295 1672 clariore
3321 1617 3578 1677 distaret.
3606 1632 3742 1686 quae

2140 1709 2507 1765 annuntiabat
2532 1710 2840 1778 Christum,
2877 1711 3039 1781 cuius
3066 1711 3325 1766 nativitas
3349 1713 3421 1765 ab
3449 1711 3740 1765 universis

441 1791 636 1845 ἐλύετο
669 1794 818 1846 πᾶσα
855 1795 1078 1864 μαγεία.
1116 1793 1286 1852 Vetus
1322 1797 1636 1868 interpres:
1669 1817 1688 1849 ι
1731 1803 1954 1854 Astrum
1977 1801 2033 1854 in

2142 1804 2468 1859 mortalibus
2493 1803 2799 1860 diﬂ‘erebat.
2827 1823 2845 1855 ›
2871 1801 2936 1860 S.
2963 1803 3416 1875 Chrysostemus,
3447 1803 3648 1857 homil.
3676 1802 3738 1866 6,

448 1885 589 1938 uelo
619 1885 960 1954 resplcuduit
985 1902 1150 1956 super
1171 1889 1358 1946 omnia
1381 1901 1552 1956 astra,
1577 1901 1632 1945 et
1655 1892 1838 1946 lumen
1865 1891 2036 1962 ipsius

450 1977 726 2032 iuell‘abile
749 1988 960 2044 erat,et
985 1987 1264 2049 stuporem
1282 1982 1702 2039 tribuitnovitas
1724 1983 2038 2054 ipsius.Re-

448 2065 600 2135 liqua
627 2083 758 2122 vero
783 2069 968 2123 omnia
1003 2080 1150 2125 astra
1183 2071 1348 2126 simul
1373 2089 1499 2128 cum
1533 2075 1648 2130 sole
1677 2085 1731 2129 et
1755 2075 1884 2129 luna
1907 2077 2039 2130 cho-

449 2173 547 2212 rus
567 2157 698 2215 facti
729 2169 859 2218 sunt
881 2162 959 2215 illi
987 2171 1140 2218 astro
1167 2181 1180 2216 :
1216 2163 1397 2234 ipsum
1435 2175 1621 2221 autem
1646 2177 1764 2222 erat
1787 2167 2036 2237 superfe-

447 2267 578 2307 rens
607 2253 792 2308 lumen
820 2269 981 2309 suum
1007 2270 1172 2325 super
1192 2256 1399 2311 omnia.
1425 2255 1688 2314 Turbatio
1717 2269 1896 2315 autem
1920 2269 2039 2316 erat

449 2344 596 2399 unde
623 2345 842 2400 novitas
867 2361 991 2415 quae
1029 2346 1320 2403 dissimilis
1344 2347 1514 2418 ipsis;
1539 2365 1609 2404 ex
1642 2366 1754 2421 qua
1794 2352 2040 2407 solveba-

448 2445 540 2492 tur
570 2437 750 2493 omnis
770 2439 978 2508 magia.
1016 2457 1034 2490 ι
1075 2437 1204 2494 llaec
1226 2449 1429 2496 temere
1459 2441 1604 2496 dicta
1628 2442 1744 2498 vult
1764 2441 1999 2499 Dallteus
2017 2485 2033 2510 ,

451 2537 639 2598 utpote
674 2547 693 2580 ε
723 2531 1058 2600 aScriptura
1105 2532 1306 2599 aliena,
1334 2541 1391 2587 et
1420 2533 1490 2586 ab
1521 2533 1642 2603 ipso
1665 2533 1832 2604 hujus
1863 2535 2038 2590 stellae

449 2637 555 2676 usu
581 2620 958 2687 abhorrentia,
985 2621 1054 2676 ad
1077 2623 1324 2690 domum,
1353 2623 2039 2690 scilicetBetheleliethn-

448 2711 767 2780 dicandam,
800 2713 893 2768 ubi
919 2721 1079 2770 natus
1105 2727 1226 2770 erat
1248 2716 1526 2772 Christus.
1562 2735 1581 2769 ι
1624 2717 1731 2773 Sed
1757 2719 2036 2788 quomodo

450 2803 567 2858 haec
595 2818 626 2856 a
649 2803 930 2875 Scriptura
958 2807 1134 2878 magis
1162 2808 1339 2863 aliena
1368 2818 1518 2874 sunt,
1545 2826 1713 2880 quam
1747 2811 1836 2866 illa
1855 2850 1874 2876 ,
1913 2829 2038 2883 quae

450 2895 543 2950 alii
567 2896 634 2951 de
663 2897 856 2952 eadem
892 2900 1053 2954 stella
1088 2900 1454 2968 tradiderunt,
1496 2917 1608 2957 non
1635 2905 1812 2959 video.
1845 2901 2036 2974 Neque

449 2989 605 3044 illum
637 3007 808 3045 unum
848 3009 1010 3048 usum
1039 2995 1332 3064 quisquam
1375 2996 1556 3052 adhuc
1579 2998 1802 3066 agnovit
1833 2997 1899 3052 ad
1935 2999 2036 3052 do-

447 3095 598 3135 mum
617 3081 932 3138 Bcthlehem
955 3084 1324 3139 iudicandam.
1349 3084 1479 3140 Duae
1499 3085 1722 3142 fuerunt
1742 3088 1892 3144 illius
1914 3089 2040 3144 stel-

448 3183 517 3226 lae
567 3172 783 3241 φάσεις,
829 3190 941 3228 una
994 3175 1048 3228 iu
1094 3173 1348 3242 Oriente,
1392 3177 1562 3232 altera
1613 3179 2030 3253 Hierosolymis.

454 3263 598 3317 lisus
618 3263 810 3332 prima:
840 3265 1204 3334 apparitionis
1233 3265 1338 3321 fuit
1362 3267 1429 3322 ad
1445 3283 1642 3338 magos
1665 3285 1734 3323 ex
1758 3287 1859 3325 sua
1887 3280 2032 3328 terra

441 3354 516 3409 ad
543 3357 900 3424 quaerendum
942 3357 1142 3429 Regem
1184 3357 1501 3414 iud-deorum
1537 3361 1894 3431 excitandos;
1941 3381 2032 3420 se-

445 3447 642 3502 cundae
685 3450 752 3502 ad
797 3450 1022 3504 domum
1071 3451 1448 3510 indicandam.
1493 3451 1664 3509 Multa
1710 3464 1924 3512 veteres
1963 3457 2034 3511 de

447 3539 619 3606 priori
650 3541 972 3610 loquuntur,
1009 3560 1176 3613 quam
1215 3543 1496 3614 Scriptura
1523 3548 1904 3602 tantummodo
1947 3548 2034 3600 iu-

443 3629 610 3696 dicat,
661 3647 836 3700 pauca
873 3630 1114 3702 lgnatius
1151 3653 1164 3689 :
1207 3653 1386 3708 neque
1439 3639 1550 3704 hic,
1605 3655 1784 3710 neque
1839 3640 1917 3694 illi
1961 3656 2032 3695 ex

447 3718 734 3792 Scriptura
787 3739 851 3779 ea
900 3740 1026 3794 qua:
1055 3726 1303 3783 dicerent
1346 3744 1722 3801 sumpserunt,
1771 3733 1868 3790 sed
1897 3733 2030 3802 quid

444 3814 551 3883 ipsi
581 3814 650 3869 de
683 3831 746 3869 ea
775 3831 835 3871 re
877 3817 1144 3872 sentirent
1184 3819 1352 3876 libere
1413 3825 1860 3894 pronuntiabant.
1929 3826 2030 3882 Ubi

443 3920 520 3961 est
547 3911 636 3978 qui
663 3919 819 3963 natus
852 3921 928 3965 est
964 3910 1076 3967 Rea:
1097 3910 1428 3978 Judworum,
1460 3916 1714 3984 inquiunt
1745 3920 1912 3990 magi,
1953 3923 2032 3975 ui-

443 4000 622 4054 dimus
669 4002 808 4054 enim
857 4003 1070 4057 stellam
1121 4004 1235 4073 ejus
1290 4007 1344 4058 in
1391 4006 1645 4070 Oriente.
1697 4023 1745 4065 et
1798 4015 2030 4070 venimus

443 4091 676 4146 adorare
730 4108 850 4146 eum
902 4094 966 4154 “.
1025 4091 1313 4159 Quomodo
1355 4102 1671 4168 apparuerit
1711 4103 1765 4157 in
1807 4103 2030 4160 Oriente

362 4237 368 4244 _
445 4183 608 4237 s:ella
663 4183 776 4248 illa,
809 4183 1083 4250 quomodo
1119 4186 1260 4256 magi
1291 4187 1418 4244 inde
1445 4192 1778 4248 crediderint
1824 4194 2026 4268 Regem

439 4270 756 4327 Judazorum
790 4283 981 4329 uatum
1013 4291 1155 4344 esse,
1184 4282 1465 4346 quomodo
1503 4289 1769 4343 commoti
1811 4291 1877 4344 ad
1901 4306 2028 4344 eum

440 4368 784 4424 adorandum
839 4371 1110 4438 venerint,
1157 4375 1228 4428 ab
1277 4377 1539 4434 omnibus
1588 4383 1880 4451 quaesitum
1921 4393 2024 4440 est.

2140 1895 2198 1949 in
2229 1896 2545 1951 Matthwum
2567 1937 2583 1964 ,
2614 1896 2682 1951 de
2720 1896 2822 1952 hac
2846 1897 2997 1952 stella
3027 1915 3039 1950 :
3073 1897 3149 1950 Οὐ
3179 1895 3290 1967 γὰρ
3321 1897 3381 1948 ἐν
3410 1897 3572 1949 νυκτὶ
3603 1894 3742 1964 φαί-

2137 2005 2287 2042 νεται
2312 1986 2425 2040 ἀλλ’
2447 1987 2505 2042 ὲν
2533 1988 2716 2060 ἡμέρᾳ
2752 1987 2896 2059 μέσῃ
2920 1987 3232 2060 λάμποντος
3260 1987 3435 2059 ἡλίου,
3457 1990 3606 2060 ὅπερ
3631 1989 3741 2042 οὐκ

2139 2080 2254 2133 ἔστι
2293 2079 2576 2152 δυνάμεως
2609 2080 2876 2153 ἀστέρος,
2921 2080 3034 2135 ἀλλ’
3067 2081 3188 2136 οὐδὲ
3235 2080 3495 2153 σελήνης·
3533 2084 3570 2154 ή
3620 2081 3740 2154 γὰρ

2136 2171 2393 2226 τοσοῦτον
2467 2172 2686 2228 πάντων
2737 2173 3079 2246 ὑπερέχουσα
3129 2173 3237 2228 τῶν
3303 2174 3560 2246 ἀστέρων
3633 2175 3741 2244 τῆς

2137 2267 2354 2330 ἀκτῖνος
2377 2266 2636 2337 φανείσης
2663 2265 2762 2336 τῆς
2792 2265 3025 2338 ἡλιακῆς
3057 2266 3357 2337 κρύπτεται
3399 2267 3498 2320 καὶ
3527 2266 3736 2336 ἀφανί-

2137 2357 2312 2423 ζεται.
2343 2352 2514 2422 υῦτος
2548 2358 2606 2412 δὲ
2644 2361 2715 2430 τῇ
2745 2359 2848 2430 τῆς
2885 2359 3093 2423 οἰκείας
3127 2359 3513 2431 λαμπρότητος
3555 2360 3739 2432 ὑπερ-

2130 2451 2290 2522 ϐολῇ,
2325 2450 2547 2516 καὶτὰς
2588 2453 2814 2516 ἀκτῖνας
2857 2452 3077 2522 ἐνίκησε
3115 2451 3215 2515 τὰς
3256 2450 3523 2522 ἡλιακὰς,
3555 2453 3733 2536 φαβ-

2137 2561 2296 2615 τερος
2337 2544 2568 2608 ἐκείνοις
2609 2544 2798 2614 φανεὶς
2845 2545 2940 2598 καὶ
2971 2546 3031 2598 ἐν
3065 2543 3305 2615 τοσούτῳ
3344 2546 3485 2614 φωτὶ
3536 2544 3734 2615 μεῖζον

2133 2635 2376 2708 λάμψας.
2407 2656 2431 2688 ι
2457 2636 2577 2692 Non
2606 2639 2752 2693 enim
2789 2639 2857 2694 de
2888 2649 3051 2694 nocte
3081 2650 3334 2710 apparet,
3365 2641 3461 2696 sed
3495 2641 3733 2697 meridie

2139 2729 2461 2799 splendente
2491 2731 2638 2799 sole;
2681 2747 2848 2802 quam
2877 2731 3195 2788 facultatem
3223 2747 3332 2787 non
3363 2733 3534 2788 modo
3565 2735 3730 2789 stella

2131 2821 2306 2890 nulla,
2337 2823 2433 2878 sed
2463 2839 2532 2878 ne
2553 2824 2685 2878 luna
2714 2825 2936 2896 quidem
2961 2825 3209 2882 sortitur.
3233 2823 3328 2881 Illa
3352 2827 3504 2882 enim
3532 2841 3731 2884 omnes

2135 2915 2324 2972 stellas
2353 2925 2640 2988 tantopere
2667 2932 2940 2988 superans
2968 2927 3096 2973 ortu
3141 2916 3274 2974 solis
3302 2919 3642 2974 obscuratur
3673 2929 3732 2974 et

2138 3007 2403 3078 disparet.
2432 3007 2561 3066 llam
2594 3017 2778 3066 autem
2818 3010 2988 3064 nativi
3029 3011 3332 3080 splendoris
3361 3011 3732 3067 exuberantia

2142 3103 2307 3156 etiam
2361 3103 2499 3159 solis
2543 3103 2732 3160 radios
2779 3105 3116 3174 superabat,
3161 3104 3436 3159 illustrior
3480 3104 3596 3159 illis
3627 3121 3731 3174 ap-

2137 3211 2337 3264 parens
2363 3237 2378 3262 ,
2403 3210 2466 3252 et
2497 3196 2553 3251 in
2605 3205 2760 3253 tanta
2791 3197 2915 3252 luce
2941 3196 3118 3270 magis
3163 3213 3482 3253 coruscans.
3513 3217 3535 3250 ι
3568 3196 3733 3253 Unde

2133 3287 2269 3344 illud
2311 3299 2506 3345 vocat:
2543 3290 2744 3362 ἄστρον
2793 3293 2936 3362 μέγα
2969 3291 3064 3344 καὶ⁸
3103 3289 3533 3363 ἐξηλλαγμένον,
3577 3290 3731 3346 ὥστε

2136 3381 2229 3435 καὶ
2275 3381 2356 3454 τῷ
2409 3383 2628 3454 μεγέθει
2671 3382 2767 3438 καὶ
2805 3383 2884 3455 τῷ
2918 3383 3106 3438 κάλλει
3141 3383 3242 3454 τῆς
3297 3383 3472 3454 ὅψεως
3525 3384 3734 3449 autat;

2133 3474 2430 3546 ἐκπλῆξαι·
2462 3494 2482 3527 ι
2507 3475 2718 3531 stellam
2749 3492 3005 3546 magnam
3037 3485 3094 3532 et
3120 3476 3458 3540 inusitatam,
3497 3476 3644 3532 adeo
3669 3488 3735 3532 ut

2133 3567 2496 3638 amplitudine
2546 3577 2601 3623 et
2639 3579 2898 3640 aspectus
2941 3569 3191 3625 claritate
3232 3583 3423 3639 magos
3456 3570 3734 3638 percelle-

2133 3668 2238 3716 ret.
2271 3679 2290 3712 ι
2332 3659 2460 3716 limo
2507 3671 2693 3717 autem
2735 3662 2875 3717 dixit
2926 3663 3392 3734 Chrysostomus,
3426 3671 3732 3731 postquam

2121 3753 2320 3808 omnia
2373 3769 2432 3809 se
2475 3753 2585 3807 ἀπὺ
2615 3755 2725 3809 τῶν
2761 3755 3164 3828 γεγραμμένων
3209 3753 3390 3808 αὐτῶν
3421 3773 3440 3805 ‹
3482 3769 3555 3809 ει
3607 3755 3735 3826 ipsa

2135 3843 2417 3916 Scriptura
2441 3865 2460 3898 ι
2492 3846 2768 3902 dicturum
2797 3848 3072 3917 pollicitus
3099 3859 3266 3905 esset.
3293 3847 3483 3918 Neque
3515 3849 3730 3906 mirum

2131 3945 2235 4001 est,
2269 3937 2540 4008 lgnatium
2570 3939 2730 3994 nobis
2758 3941 2968 3994 stellam
3005 3941 3232 4012 reliquis
3255 3942 3516 3999 omnibus
3554 3953 3735 4015 atque

2132 4030 2298 4082 etiam
2327 4031 2443 4085 sole
2493 4030 2613 4100 ipso
2644 4032 3065 4102 splendidiorem
3111 4045 3557 4104 repraisentasse,
3593 4053 3734 4093 cum

2132 4123 2316 4191 gravis
2355 4132 2552 4178 auctor
2587 4123 2884 4195 Gregorius
2924 4124 3204 4198 Nyssenus
3240 4127 3296 4181 in
3341 4125 3462 4180 Vita
3489 4128 3734 4199 Moysis,

2131 4214 2482 4284 splendorem
2532 4217 2673 4272 rubo
2719 4217 2888 4273 solari
2933 4219 3199 4288 majorem
3240 4219 3487 4274 tribuat:
3534 4221 3737 4287 «Ιιωτὸς

2131 4309 2320 4379 ἐτέρου
2357 4310 2496 4382 ὑπὲρ
2535 4310 2596 4364 τὸ
2641 4309 2866 4382 ἡλιακὸν
2908 4310 3023 4381 φῶς
3054 4311 3153 4376 τὰς
3177 4311 3333 4382 ὄψεις
3380 4317 3740 4386 περιαστρὰ-

2130 4399 2351 4468 ψαντος,
2379 4420 2398 4452 ‹
2427 4402 2533 4456 alia
2564 4402 2686 4456 luce
2716 4418 2880 4473 supra
2904 4405 3080 4458 lucem
3103 4403 3336 4460 solarem
3355 4405 3502 4460 circa
3523 4410 3738 4464 oculos

440 4458 614 4564 sum.“
667 4464 997 4566 δοξηθηιίθιη
1053 4465 1238 4534 Ρτοάίι
1287 4466 1551 4540 Ιὸηθῐίυδι
1607 4473 1822 4527 Stellam
1878 4475 2026 4529 illam
2061 4481 2104 4535 ί)
2134 4458 2721 4566 διογείξοπυιεοηιθ.»
2750 4458 2828 4550 lle
2873 4496 3135 4551 solutione
3179 4498 3372 4569 magia:
3415 4497 3736 4570 Gregorius

437 4553 680 4608 nissime
735 4553 881 4610 inter
927 4571 1120 4614 omnes
1165 4561 1436 4617 illustrem
1482 4563 1680 4630 fuisse,
1721 4575 1776 4620 et
1808 4583 1876 4622 ex
1928 4584 2028 4624 sua

427 4645 770 4730 .i-laritudine
798 4665 990 4720 magos
1033 4649 1444 4726 ilierosolymas
1471 4659 1792 4714 adduxisse.
1842 4657 2030 4730 Neque

427 4737 552 4792 lucc
579 4729 850 4796 sententia
884 4743 1021 4798 adeo
1049 4746 1289 4802 absurda
1327 4749 1442 4803 visa
1463 4759 1566 4816 est,
1608 4761 1852 4807 utnemo
1878 4763 2029 4808 vete-

435 4849 565 4888 rum
597 4850 720 4889 eam
755 4850 1100 4909 sequeretur,
1123 4843 1272 4912 quod
1291 4845 1465 4900 miror
1488 4847 1742 4916 equidem
1773 4864 1802 4903 a
1829 4849 2027 4906 Dallaeo

437 4927 668 4982 dictum.
712 4927 863 4984 Nihil
893 4931 1039 4986 enim
1069 4933 1182 4988 fere
1211 4936 1267 4990 in
1305 4938 1408 4992 hac
1443 4941 1714 4995 sententia
1757 4944 2024 5012 scriptum

431 5029 548 5086 est,
601 5023 750 5090 quod
809 5039 920 5078 non
963 5027 1187 5096 plurimi
1237 5040 1426 5099 postea
1487 5033 1768 5089 dixerunt.
1831 5034 2025 5092 Omnia

430 5113 547 5167 fere
581 5113 770 5168 eadem
805 5125 1104 5188 tanguntur
1151 5121 1246 5176 illo
1288 5139 1400 5178 uno
1434 5124 1732 5180 Clementis
1777 5127 2022 5183 Alexan-

429 5203 576 5260 drini
619 5206 740 5262 loco
788 5209 844 5263 in
900 5209 1224 5282 Excerptis:
1267 5215 1369 5269 Atii
1421 5216 1584 5271 τοῦτο
1631 5219 1872 5274 ἀνέτειλε
1933 5221 2023 5290 ξέ-

429 5312 518 5359 νος
587 5298 765 5372 ἀστὴρ
839 5303 933 5356 καὶ
1008 5305 1194 5370 καινὸς
1264 5308 1548 5364 καταλύων
1615 5311 1716 5384 τὴν
1783 5314 2022 5369 παλαιὰν

428 5391 819 5462 ἁστροθεσίαν,
849 5397 1020 5469 καινῷ
1064 5402 1202 5469 φωτὶ
1230 5403 1290 5456 οὐ
1340 5404 1594 5478 κοσμικῷ
1643 5405 2016 5480 λαμπόμενος.

435 5499 454 5528 ι
513 5479 804 5551 Propterea
876 5497 997 5544 orta
1051 5502 1136 5546 cst
1191 5495 1477 5566 peregrina
1515 5507 1568 5552 et
1614 5515 1754 5554 nova
1821 5479 2018 5566 stella,

428 5573 733 5633 dissolvens
806 5588 1042 5638 veterem
1113 5588 1496 5660 astrologiam,
1563 5607 1707 5646 novo
1779 5601 1834 5649 et
1910 5609 2019 5648 non

433 5667 712 5723 umndano
756 5671 965 5730 lumine
1013 5691 1332 5739 coruscans.
1365 5701 1384 5735 ι
1421 5682 1555 5756 Quae
1609 5686 1772 5742 verba
1813 5704 1842 5742 a
1876 5702 2017 5758 quo-

504 5785 546 5815 "
582 5781 770 5842 Matth.
814 5805 876 5858 ιι,
909 5793 966 5852 2.

2131 4583 2551 4654 Nazianzenus,
2591 4588 2845 4645 oratione
2894 4591 3119 4660 prima:
3172 4592 3272 4644 Διὰ
3321 4591 3482 4646 τοῦτο
3538 4594 3736 4671 ἀστὴρ

2129 4679 2460 4750 ἡγούμενος,
2512 4682 2606 4734 καὶ
2657 4681 2823 4752 μάγοι
2883 4683 3278 4754 προπίπτοντες
3326 4686 3419 4738 καὶ
3471 4685 3736 4759 δωροφο-

2133 4771 2372 4843 ροῦντες,
2401 4771 2466 4825 ἵν’
2509 4771 2893 4846 εἰδωλολατρία
2937 4775 3234 4848 καταλυθῇ.
3265 4797 3283 4828 ι
3313 4775 3525 4832 Idcirco
3557 4783 3733 4837 stella

2127 4859 2395 4928 praeiens,
2440 4870 2500 4916 et
2549 4863 2697 4932 magi
2738 4879 2860 4919 sese
2917 4875 3326 4934 prosternentes
3365 4883 3431 4922 ac
3480 4884 3732 4928 munera

2125 4953 2448 5020 oll‘erentes,
2481 4963 2570 5022 ut,
2612 4957 2856 5025 scilicet,
2888 4959 3196 5014 idololatria
3239 4959 3665 5021 dissolveretur.
3704 4986 3726 5019 ι

2128 5045 2276 5100 Idem
2311 5047 2656 5104 Arcanorum
2688 5051 2934 5106 carmine
2971 5052 3026 5119 5,
3051 5069 3181 5107 eum
3213 5055 3511 5109 novitatem
3539 5058 3730 5114 stella:

2127 5149 2371 5194 notasset
2393 5159 2406 5194 :

2133 5275 2346 5345 Τῆμος,
2363 5275 2448 5329 ὅτ’
2465 5277 3070 5350 ἀστρολόγοισινόμοῦ
3090 5280 3242 5336 πέσε
3255 5281 3452 5352 μήδεα
3467 5293 3724 5356 τέχνης,

2127 5411 2192 5466 Et
2237 5411 2295 5467 S.
2328 5411 2566 5467 Basilius
2611 5413 2864 5469 oratione
2897 5417 2958 5469 in
3000 5415 3204 5471 Christi
3236 5416 3616 5487 Nativitatem,
3653 5425 3726 5480 de

2124 5505 2298 5576 magis
2324 5521 2345 5584 :_
2373 5505 2526 5576 Τάχα
2549 5505 2610 5558 δὲ
2645 5506 2740 5560 καὶ
2767 5507 3150 5580 ἀντικειμένης
3182 5509 3460 5582 δυνάμεως
3489 5515 3558 5584 τῇ
3589 5515 3726 5568 ἐπι.

2123 5579 2455 5670 φανείᾳ’τοῦ
2504 5598 2710 5670 Κυρίου
2749 5579 3329 5672 ἀτονωτέραςίλοιπὸνν
3369 5579 3722 5676 γενομένης,

2122 5693 2430 5766 αἰσθόμενοι
2466 5695 2916 5770 καταργουμένας
2946 5694 3045 5760 τὰς
3073 5695 3351 5768 ἐπργείας
3379 5697 3576 5769 αὐτῆς,
3617 5717 3724 5772 με-
