  <div class='ocr_page' id='page_1' title='image "/cluster/home/n/w/nwhite01/storage/ocr_20150623/5/nnc1.0046978607/200.png"; bbox 0 0 3848 6204; ppageno 0'>
   <div class='ocr_carea' id='block_1_1' title="bbox 140 346 246 403">
    <p class='ocr_par' dir='ltr' id='par_1_1' title="bbox 140 346 246 403">
     <span class='ocr_line' id='line_1_1' title="bbox 140 346 246 403; baseline -0.009 0"><span class='ocrx_word' id='word_1_1' title='bbox 140 346 246 403; x_wconf 73' lang='grc'><strong>585</strong></span> 
     </span>
    </p>
   </div>
   <div class='ocr_carea' id='block_1_2' title="bbox 842 343 2553 401">
    <p class='ocr_par' dir='ltr' id='par_1_2' title="bbox 842 343 2553 401">
     <span class='ocr_line' id='line_1_2' title="bbox 842 343 2553 401; baseline 0 0"><span class='ocrx_word' id='word_1_2' title='bbox 842 346 894 401; x_wconf 85' lang='lat' dir='ltr'><strong>J.</strong></span> <span class='ocrx_word' id='word_1_3' title='bbox 933 345 1295 401; x_wconf 79' lang='lat' dir='ltr'><strong>PEARSONII</strong></span> <span class='ocrx_word' id='word_1_4' title='bbox 1332 343 1652 401; x_wconf 67' lang='lat' dir='ltr'><strong>VINDICL‘E</strong></span> <span class='ocrx_word' id='word_1_5' title='bbox 1713 343 2133 401; x_wconf 64' lang='lat' dir='ltr'><strong>IGNATIANE.</strong></span> <span class='ocrx_word' id='word_1_6' title='bbox 2171 372 2239 384; x_wconf 94' lang='lat'><strong><em>—</em></strong></span> <span class='ocrx_word' id='word_1_7' title='bbox 2273 344 2456 400; x_wconf 76' lang='lat' dir='ltr'><strong>PARS</strong></span> <span class='ocrx_word' id='word_1_8' title='bbox 2484 347 2553 401; x_wconf 88' lang='lat' dir='ltr'><strong>II.</strong></span> 
     </span>
    </p>
   </div>
   <div class='ocr_carea' id='block_1_3' title="bbox 3306 349 3413 405">
    <p class='ocr_par' dir='ltr' id='par_1_3' title="bbox 3306 349 3413 405">
     <span class='ocr_line' id='line_1_3' title="bbox 3306 349 3413 405; baseline -0.019 0"><span class='ocrx_word' id='word_1_9' title='bbox 3306 349 3413 405; x_wconf 70' lang='lat'><strong>386</strong></span> 
     </span>
    </p>
   </div>
   <div class='ocr_carea' id='block_1_4' title="bbox 146 460 1738 539">
    <p class='ocr_par' dir='ltr' id='par_1_4' title="bbox 146 460 1738 539">
     <span class='ocr_line' id='line_1_4' title="bbox 146 460 1738 539; baseline 0.001 -18"><span class='ocrx_word' id='word_1_10' title='bbox 146 468 327 539; x_wconf 78' lang='grc' dir='ltr'>γάλην</span> <span class='ocrx_word' id='word_1_11' title='bbox 351 466 584 539; x_wconf 73' lang='grc' dir='ltr'>δύναμιν</span> <span class='ocrx_word' id='word_1_12' title='bbox 604 465 682 538; x_wconf 79' lang='grc' dir='ltr'>τῷ</span> <span class='ocrx_word' id='word_1_13' title='bbox 698 460 940 537; x_wconf 76' lang='grc' dir='ltr'>τεχθέντι</span> <span class='ocrx_word' id='word_1_14' title='bbox 963 467 1466 539; x_wconf 77' lang='grc' dir='ltr'>προσεμαρτύρουν.</span> <span class='ocrx_word' id='word_1_15' title='bbox 1494 466 1621 522; x_wconf 63' lang='lat' dir='ltr'><strong>Haec</strong></span> <span class='ocrx_word' id='word_1_16' title='bbox 1648 468 1738 523; x_wconf 88' lang='lat' dir='ltr'><strong>ille</strong></span> 
     </span>
    </p>
   </div>
   <div class='ocr_carea' id='block_1_5' title="bbox 1855 460 3416 539">
    <p class='ocr_par' dir='ltr' id='par_1_5' title="bbox 1855 466 3416 537">
     <span class='ocr_line' id='line_1_5' title="bbox 1855 466 3416 537; baseline 0.003 -17"><span class='ocrx_word' id='word_1_17' title='bbox 1855 466 2103 521; x_wconf 74' lang='lat' dir='ltr'><strong>scribitur</strong></span> <span class='ocrx_word' id='word_1_18' title='bbox 2163 467 2442 536; x_wconf 72' lang='lat' dir='ltr'><strong>apostolos</strong></span> <span class='ocrx_word' id='word_1_19' title='bbox 2506 467 2909 537; x_wconf 80' lang='lat' dir='ltr'><strong>manducasse;</strong></span> <span class='ocrx_word' id='word_1_20' title='bbox 2962 470 3220 525; x_wconf 90' lang='lat' dir='ltr'><strong>scribitur</strong></span> <span class='ocrx_word' id='word_1_21' title='bbox 3268 473 3416 526; x_wconf 77' lang='lat' dir='ltr'><strong>enim</strong></span> 
     </span>
    </p>
   </div>
   <div class='ocr_carea' id='block_1_6' title="bbox 146 557 1735 630">
    <p class='ocr_par' dir='ltr' id='par_1_6' title="bbox 146 557 1735 630">
     <span class='ocr_line' id='line_1_6' title="bbox 146 557 1735 630; baseline 0 -17"><span class='ocrx_word' id='word_1_22' title='bbox 146 560 506 614; x_wconf 85' lang='lat' dir='ltr'><strong>considerans</strong></span> <span class='ocrx_word' id='word_1_23' title='bbox 528 559 735 630; x_wconf 79' lang='grc' dir='ltr'>ἀστέρα</span> <span class='ocrx_word' id='word_1_24' title='bbox 756 559 939 613; x_wconf 78' lang='grc' dir='ltr'>καινὸν</span> <span class='ocrx_word' id='word_1_25' title='bbox 962 560 1057 612; x_wconf 72' lang='grc' dir='ltr'><strong>καὶ</strong></span> <span class='ocrx_word' id='word_1_26' title='bbox 1080 558 1346 630; x_wconf 78' lang='grc' dir='ltr'>ἀσυνήθη.</span> <span class='ocrx_word' id='word_1_27' title='bbox 1363 557 1735 629; x_wconf 77' lang='lat' dir='ltr'><strong>Chrysologus</strong></span> 
     </span>
    </p>
   </div>
   <div class='ocr_carea' id='block_1_7' title="bbox 149 647 1732 722">
    <p class='ocr_par' dir='ltr' id='par_1_7' title="bbox 149 647 1732 722">
     <span class='ocr_line' id='line_1_7' title="bbox 149 647 1732 722; baseline -0.003 -14"><span class='ocrx_word' id='word_1_28' title='bbox 149 668 408 708; x_wconf 81' lang='lat' dir='ltr'><strong>sermone</strong></span> <span class='ocrx_word' id='word_1_29' title='bbox 436 651 537 707; x_wconf 78' lang='grc'><strong>105</strong></span> <span class='ocrx_word' id='word_1_30' title='bbox 565 670 579 705; x_wconf 90' lang='lat'>:</span> <span class='ocrx_word' id='word_1_31' title='bbox 616 670 635 703; x_wconf 75' lang='grc' dir='ltr'><strong>ι</strong></span> <span class='ocrx_word' id='word_1_32' title='bbox 671 647 729 705; x_wconf 89' lang='lat' dir='ltr'><strong>Si</strong></span> <span class='ocrx_word' id='word_1_33' title='bbox 759 652 857 706; x_wconf 87' lang='lat' dir='ltr'><strong>ubi</strong></span> <span class='ocrx_word' id='word_1_34' title='bbox 893 651 1030 705; x_wconf 91' lang='lat' dir='ltr'><strong>vidit</strong></span> <span class='ocrx_word' id='word_1_35' title='bbox 1064 665 1261 722; x_wconf 82' lang='lat' dir='ltr'><strong>magus</strong></span> <span class='ocrx_word' id='word_1_36' title='bbox 1310 650 1584 703; x_wconf 84' lang='lat' dir='ltr'><strong>humanas</strong></span> <span class='ocrx_word' id='word_1_37' title='bbox 1606 664 1732 718; x_wconf 89' lang='lat' dir='ltr'><strong>per-</strong></span> 
     </span>
    </p>
   </div>
   <div class='ocr_carea' id='block_1_8' title="bbox 148 742 1735 811">
    <p class='ocr_par' dir='ltr' id='par_1_8' title="bbox 148 742 1735 811">
     <span class='ocr_line' id='line_1_8' title="bbox 148 742 1735 811; baseline -0.003 -12"><span class='ocrx_word' id='word_1_38' title='bbox 148 746 282 799; x_wconf 82' lang='lat' dir='ltr'><strong>iisse</strong></span> <span class='ocrx_word' id='word_1_39' title='bbox 318 760 514 810; x_wconf 89' lang='lat' dir='ltr'><strong>curas,</strong></span> <span class='ocrx_word' id='word_1_40' title='bbox 549 759 681 798; x_wconf 89' lang='lat' dir='ltr'><strong>suas</strong></span> <span class='ocrx_word' id='word_1_41' title='bbox 734 742 1008 799; x_wconf 80' lang='lat' dir='ltr'><strong>defecisse</strong></span> <span class='ocrx_word' id='word_1_42' title='bbox 1042 752 1227 807; x_wconf 90' lang='lat' dir='ltr'><strong>artes,</strong></span> <span class='ocrx_word' id='word_1_43' title='bbox 1263 762 1282 795; x_wconf 75' lang='grc' dir='ltr'><strong>ι</strong></span> <span class='ocrx_word' id='word_1_44' title='bbox 1318 755 1425 796; x_wconf 87' lang='lat' dir='ltr'><strong>etc.</strong></span> <span class='ocrx_word' id='word_1_45' title='bbox 1457 742 1535 796; x_wconf 83' lang='lat' dir='ltr'><strong>Ac</strong></span> <span class='ocrx_word' id='word_1_46' title='bbox 1571 742 1735 811; x_wconf 88' lang='lat' dir='ltr'><strong>paulo</strong></span> 
     </span>
    </p>
   </div>
   <div class='ocr_carea' id='block_1_9' title="bbox 146 834 1737 910">
    <p class='ocr_par' dir='ltr' id='par_1_9' title="bbox 146 834 1737 910">
     <span class='ocr_line' id='line_1_9' title="bbox 146 834 1737 910; baseline -0.001 -19"><span class='ocrx_word' id='word_1_47' title='bbox 146 846 274 910; x_wconf 82' lang='lat' dir='ltr'><strong>post</strong></span> <span class='ocrx_word' id='word_1_48' title='bbox 311 856 328 891; x_wconf 90' lang='lat'>:</span> <span class='ocrx_word' id='word_1_49' title='bbox 386 856 406 888; x_wconf 73' lang='grc' dir='ltr'><strong>ι</strong></span> <span class='ocrx_word' id='word_1_50' title='bbox 432 836 598 908; x_wconf 80' lang='lat' dir='ltr'><strong>Ergo,</strong></span> <span class='ocrx_word' id='word_1_51' title='bbox 646 834 842 891; x_wconf 78' lang='lat' dir='ltr'><strong>fratres</strong></span> <span class='ocrx_word' id='word_1_52' title='bbox 867 877 882 902; x_wconf 94' lang='lat'><strong>,</strong></span> <span class='ocrx_word' id='word_1_53' title='bbox 931 836 1164 890; x_wconf 86' lang='lat' dir='ltr'><strong>lectione</strong></span> <span class='ocrx_word' id='word_1_54' title='bbox 1197 837 1453 904; x_wconf 63' lang='lat' dir='ltr'><strong>praesenti</strong></span> <span class='ocrx_word' id='word_1_55' title='bbox 1495 851 1605 889; x_wconf 91' lang='lat' dir='ltr'><strong>non</strong></span> <span class='ocrx_word' id='word_1_56' title='bbox 1652 843 1737 891; x_wconf 87' lang='lat' dir='ltr'><strong>est</strong></span> 
     </span>
    </p>
   </div>
   <div class='ocr_carea' id='block_1_10' title="bbox 148 924 1738 997">
    <p class='ocr_par' dir='ltr' id='par_1_10' title="bbox 148 924 1738 997">
     <span class='ocr_line' id='line_1_10' title="bbox 148 924 1738 997; baseline -0.003 -13"><span class='ocrx_word' id='word_1_57' title='bbox 148 930 402 984; x_wconf 76' lang='lat' dir='ltr'><strong>ﬁrmatus</strong></span> <span class='ocrx_word' id='word_1_58' title='bbox 430 943 587 982; x_wconf 90' lang='lat' dir='ltr'><strong>error</strong></span> <span class='ocrx_word' id='word_1_59' title='bbox 609 926 891 997; x_wconf 78' lang='lat' dir='ltr'><strong>magicas,</strong></span> <span class='ocrx_word' id='word_1_60' title='bbox 926 926 1020 981; x_wconf 91' lang='lat' dir='ltr'><strong>sed</strong></span> <span class='ocrx_word' id='word_1_61' title='bbox 1061 927 1294 981; x_wconf 88' lang='lat' dir='ltr'><strong>solutus.</strong></span> <span class='ocrx_word' id='word_1_62' title='bbox 1334 945 1353 977; x_wconf 77' lang='grc' dir='ltr'><strong>ι</strong></span> <span class='ocrx_word' id='word_1_63' title='bbox 1391 924 1629 994; x_wconf 86' lang='lat' dir='ltr'><strong>Nempe,</strong></span> <span class='ocrx_word' id='word_1_64' title='bbox 1676 934 1738 979; x_wconf 90' lang='lat' dir='ltr'><strong>ut</strong></span> 
     </span>
    </p>
   </div>
   <div class='ocr_carea' id='block_1_11' title="bbox 146 1016 1736 1088">
    <p class='ocr_par' dir='ltr' id='par_1_11' title="bbox 146 1016 1736 1088">
     <span class='ocr_line' id='line_1_11' title="bbox 146 1016 1736 1088; baseline -0.006 -10"><span class='ocrx_word' id='word_1_65' title='bbox 146 1024 406 1078; x_wconf 78' lang='lat' dir='ltr'><strong>observat</strong></span> <span class='ocrx_word' id='word_1_66' title='bbox 425 1019 691 1087; x_wconf 79' lang='lat' dir='ltr'><strong>Origenes</strong></span> <span class='ocrx_word' id='word_1_67' title='bbox 711 1019 807 1073; x_wconf 89' lang='lat' dir='ltr'><strong>lib.</strong></span> <span class='ocrx_word' id='word_1_68' title='bbox 834 1034 873 1086; x_wconf 82' lang='grc'><strong>1,</strong></span> <span class='ocrx_word' id='word_1_69' title='bbox 896 1028 1080 1071; x_wconf 87' lang='lat' dir='ltr'><strong>contra</strong></span> <span class='ocrx_word' id='word_1_70' title='bbox 1100 1016 1347 1072; x_wconf 75' lang='lat' dir='ltr'><strong>Celsum:</strong></span> <span class='ocrx_word' id='word_1_71' title='bbox 1371 1016 1512 1088; x_wconf 78' lang='lat' dir='ltr'><strong>Magi</strong></span> <span class='ocrx_word' id='word_1_72' title='bbox 1538 1017 1736 1079; x_wconf 77' lang='grc' dir='ltr'><strong>ἰδόντες</strong></span> 
     </span>
    </p>
   </div>
   <div class='ocr_carea' id='block_1_12' title="bbox 147 1109 1734 1189">
    <p class='ocr_par' dir='ltr' id='par_1_12' title="bbox 147 1109 1734 1189">
     <span class='ocr_line' id='line_1_12' title="bbox 147 1109 1734 1189; baseline -0.003 -20"><span class='ocrx_word' id='word_1_73' title='bbox 147 1115 453 1189; x_wconf 67' lang='grc' dir='ltr'>θωσημίαν</span> <span class='ocrx_word' id='word_1_74' title='bbox 504 1117 562 1166; x_wconf 77' lang='grc' dir='ltr'>ὲν</span> <span class='ocrx_word' id='word_1_75' title='bbox 620 1111 837 1184; x_wconf 76' lang='grc' dir='ltr'>οὐρανῷ</span> <span class='ocrx_word' id='word_1_76' title='bbox 879 1112 1242 1181; x_wconf 82' lang='grc' dir='ltr'>ὲστοχάσαντο</span> <span class='ocrx_word' id='word_1_77' title='bbox 1292 1110 1384 1164; x_wconf 86' lang='grc' dir='ltr'><strong>τὸν</strong></span> <span class='ocrx_word' id='word_1_78' title='bbox 1448 1109 1589 1164; x_wconf 85' lang='grc' dir='ltr'>κατά</span> <span class='ocrx_word' id='word_1_79' title='bbox 1638 1110 1734 1164; x_wconf 81' lang='grc' dir='ltr'>τοῦ</span> 
     </span>
    </p>
   </div>
   <div class='ocr_carea' id='block_1_13' title="bbox 146 1202 1737 1281">
    <p class='ocr_par' dir='ltr' id='par_1_13' title="bbox 146 1202 1737 1281">
     <span class='ocr_line' id='line_1_13' title="bbox 146 1202 1737 1281; baseline -0.005 -17"><span class='ocrx_word' id='word_1_80' title='bbox 146 1209 357 1281; x_wconf 77' lang='grc' dir='ltr'>ἄστρου</span> <span class='ocrx_word' id='word_1_81' title='bbox 378 1205 855 1279; x_wconf 67' lang='grc' dir='ltr'>προφητευόμενον</span> <span class='ocrx_word' id='word_1_82' title='bbox 877 1204 1161 1276; x_wconf 79' lang='grc' dir='ltr'>ἄνθρωπον</span> <span class='ocrx_word' id='word_1_83' title='bbox 1183 1204 1636 1274; x_wconf 80' lang='grc' dir='ltr'><strong>ἐπιδεδημηκέναι</strong></span> <span class='ocrx_word' id='word_1_84' title='bbox 1658 1202 1737 1274; x_wconf 79' lang='grc' dir='ltr'>τῷ</span> 
     </span>
    </p>
   </div>
   <div class='ocr_carea' id='block_1_14' title="bbox 149 1295 1736 1376">
    <p class='ocr_par' dir='ltr' id='par_1_14' title="bbox 149 1295 1736 1376">
     <span class='ocr_line' id='line_1_14' title="bbox 149 1295 1736 1376; baseline -0.004 -22"><span class='ocrx_word' id='word_1_85' title='bbox 149 1302 272 1373; x_wconf 75' lang='grc' dir='ltr'><strong>βίῳ,</strong></span> <span class='ocrx_word' id='word_1_86' title='bbox 306 1302 405 1354; x_wconf 84' lang='grc' dir='ltr'><strong>καὶ</strong></span> <span class='ocrx_word' id='word_1_87' title='bbox 428 1300 505 1364; x_wconf 82' lang='grc' dir='ltr'><strong>ὡς</strong></span> <span class='ocrx_word' id='word_1_88' title='bbox 538 1299 757 1353; x_wconf 82' lang='grc' dir='ltr'>πάντων</span> <span class='ocrx_word' id='word_1_89' title='bbox 784 1297 1052 1368; x_wconf 81' lang='grc' dir='ltr'><strong>δαιμόνων</strong></span> <span class='ocrx_word' id='word_1_90' title='bbox 1082 1297 1191 1376; x_wconf 59' lang='lat' dir='ltr'><strong>nat</strong></span> <span class='ocrx_word' id='word_1_91' title='bbox 1204 1296 1313 1350; x_wconf 83' lang='grc' dir='ltr'>τῶν</span> <span class='ocrx_word' id='word_1_92' title='bbox 1334 1298 1391 1349; x_wconf 81' lang='grc' dir='ltr'><strong>ὲν</strong></span> <span class='ocrx_word' id='word_1_93' title='bbox 1418 1295 1529 1348; x_wconf 79' lang='grc' dir='ltr'>ἔθει</span> <span class='ocrx_word' id='word_1_94' title='bbox 1552 1298 1736 1360; x_wconf 64' lang='grc' dir='ltr'>αὐτοῖς</span> 
     </span>
    </p>
   </div>
   <div class='ocr_carea' id='block_1_15' title="bbox 146 1390 1736 1465">
    <p class='ocr_par' dir='ltr' id='par_1_15' title="bbox 146 1390 1736 1465">
     <span class='ocr_line' id='line_1_15' title="bbox 146 1390 1736 1465; baseline -0.003 -18"><span class='ocrx_word' id='word_1_95' title='bbox 146 1392 578 1465; x_wconf 69' lang='grc' dir='ltr'>σανταζομὲνων</span> <span class='ocrx_word' id='word_1_96' title='bbox 633 1394 727 1446; x_wconf 75' lang='grc' dir='ltr'><strong>καὶ</strong></span> <span class='ocrx_word' id='word_1_97' title='bbox 778 1390 1144 1463; x_wconf 73' lang='grc' dir='ltr'><strong>ἐνεργούντων</strong></span> <span class='ocrx_word' id='word_1_98' title='bbox 1194 1392 1479 1462; x_wconf 78' lang='grc' dir='ltr'>κρείττονα</span> <span class='ocrx_word' id='word_1_99' title='bbox 1535 1390 1736 1462; x_wconf 82' lang='grc' dir='ltr'>προλα-</span> 
     </span>
    </p>
   </div>
   <div class='ocr_carea' id='block_1_16' title="bbox 147 1481 1735 1558">
    <p class='ocr_par' dir='ltr' id='par_1_16' title="bbox 147 1481 1735 1558">
     <span class='ocr_line' id='line_1_16' title="bbox 147 1481 1735 1558; baseline -0.001 -17"><span class='ocrx_word' id='word_1_100' title='bbox 147 1488 340 1551; x_wconf 66' lang='grc' dir='ltr'>ϐόντες</span> <span class='ocrx_word' id='word_1_101' title='bbox 390 1486 768 1558; x_wconf 80' lang='grc' dir='ltr'>προσκυνῆσαι</span> <span class='ocrx_word' id='word_1_102' title='bbox 806 1484 1096 1556; x_wconf 72' lang='grc' dir='ltr'><strong>ἠθέλησαν.</strong></span> <span class='ocrx_word' id='word_1_103' title='bbox 1141 1501 1160 1535; x_wconf 85' lang='grc'><strong>‹</strong></span> <span class='ocrx_word' id='word_1_104' title='bbox 1192 1481 1453 1538; x_wconf 78' lang='lat' dir='ltr'><strong>Videntes</strong></span> <span class='ocrx_word' id='word_1_105' title='bbox 1491 1484 1547 1537; x_wconf 91' lang='lat' dir='ltr'><strong>in</strong></span> <span class='ocrx_word' id='word_1_106' title='bbox 1593 1484 1735 1539; x_wconf 66' lang='lat' dir='ltr'><strong>caelo</strong></span> 
     </span>
    </p>
   </div>
   <div class='ocr_carea' id='block_1_17' title="bbox 144 1574 1736 1649">
    <p class='ocr_par' dir='ltr' id='par_1_17' title="bbox 144 1574 1736 1649">
     <span class='ocr_line' id='line_1_17' title="bbox 144 1574 1736 1649; baseline -0.003 -16"><span class='ocrx_word' id='word_1_107' title='bbox 144 1580 469 1649; x_wconf 78' lang='lat' dir='ltr'><strong>prodigium</strong></span> <span class='ocrx_word' id='word_1_108' title='bbox 499 1578 949 1647; x_wconf 76' lang='lat' dir='ltr'><strong>conjectarerunt</strong></span> <span class='ocrx_word' id='word_1_109' title='bbox 970 1590 1094 1630; x_wconf 83' lang='lat' dir='ltr'><strong>eum</strong></span> <span class='ocrx_word' id='word_1_110' title='bbox 1132 1574 1224 1644; x_wconf 85' lang='lat' dir='ltr'><strong>qui</strong></span> <span class='ocrx_word' id='word_1_111' title='bbox 1255 1590 1380 1629; x_wconf 81' lang='lat' dir='ltr'><strong>cum</strong></span> <span class='ocrx_word' id='word_1_112' title='bbox 1421 1575 1575 1630; x_wconf 83' lang='lat' dir='ltr'><strong>stella</strong></span> <span class='ocrx_word' id='word_1_113' title='bbox 1598 1590 1736 1645; x_wconf 68' lang='lat' dir='ltr'><strong>pra:-</strong></span> 
     </span>
    </p>
   </div>
   <div class='ocr_carea' id='block_1_18' title="bbox 143 1667 1737 1737">
    <p class='ocr_par' dir='ltr' id='par_1_18' title="bbox 143 1667 1737 1737">
     <span class='ocr_line' id='line_1_18' title="bbox 143 1667 1737 1737; baseline -0.004 -10"><span class='ocrx_word' id='word_1_114' title='bbox 143 1673 442 1727; x_wconf 84' lang='lat' dir='ltr'><strong>nuntiatus</strong></span> <span class='ocrx_word' id='word_1_115' title='bbox 478 1681 562 1727; x_wconf 88' lang='lat' dir='ltr'><strong>cst</strong></span> <span class='ocrx_word' id='word_1_116' title='bbox 601 1671 878 1724; x_wconf 80' lang='lat' dir='ltr'><strong>hominem</strong></span> <span class='ocrx_word' id='word_1_117' title='bbox 918 1668 975 1723; x_wconf 89' lang='lat' dir='ltr'><strong>in</strong></span> <span class='ocrx_word' id='word_1_118' title='bbox 1007 1669 1179 1723; x_wconf 82' lang='lat' dir='ltr'><strong>vitam</strong></span> <span class='ocrx_word' id='word_1_119' title='bbox 1209 1667 1517 1733; x_wconf 74' lang='lat' dir='ltr'><strong>advenisse,</strong></span> <span class='ocrx_word' id='word_1_120' title='bbox 1546 1677 1737 1737; x_wconf 89' lang='lat' dir='ltr'><strong>poten-</strong></span> 
     </span>
    </p>
   </div>
   <div class='ocr_carea' id='block_1_19' title="bbox 143 1759 1732 1829">
    <p class='ocr_par' dir='ltr' id='par_1_19' title="bbox 143 1759 1732 1829">
     <span class='ocr_line' id='line_1_19' title="bbox 143 1759 1732 1829; baseline -0.004 -10"><span class='ocrx_word' id='word_1_121' title='bbox 143 1765 351 1819; x_wconf 84' lang='lat' dir='ltr'><strong>tiorem</strong></span> <span class='ocrx_word' id='word_1_122' title='bbox 379 1778 507 1819; x_wconf 87' lang='lat' dir='ltr'><strong>esse</strong></span> <span class='ocrx_word' id='word_1_123' title='bbox 537 1762 796 1817; x_wconf 83' lang='lat' dir='ltr'><strong>omnibus</strong></span> <span class='ocrx_word' id='word_1_124' title='bbox 821 1761 1106 1816; x_wconf 70' lang='lat' dir='ltr'><strong>daemoniis</strong></span> <span class='ocrx_word' id='word_1_125' title='bbox 1135 1770 1191 1815; x_wconf 87' lang='lat' dir='ltr'><strong>et</strong></span> <span class='ocrx_word' id='word_1_126' title='bbox 1228 1760 1459 1829; x_wconf 89' lang='lat' dir='ltr'><strong>speetris</strong></span> <span class='ocrx_word' id='word_1_127' title='bbox 1495 1759 1732 1814; x_wconf 82' lang='lat' dir='ltr'><strong>familia-</strong></span> 
     </span>
    </p>
   </div>
   <div class='ocr_carea' id='block_1_20' title="bbox 1837 558 3418 619">
    <p class='ocr_par' dir='ltr' id='par_1_20' title="bbox 1837 558 3418 619">
     <span class='ocr_line' id='line_1_20' title="bbox 1837 558 3418 619; baseline 0.004 -7"><span class='ocrx_word' id='word_1_128' title='bbox 1837 566 2053 613; x_wconf 80' lang='lat' dir='ltr'><strong>tantum</strong></span> <span class='ocrx_word' id='word_1_129' title='bbox 2087 558 2367 614; x_wconf 84' lang='lat' dir='ltr'><strong>Christum</strong></span> <span class='ocrx_word' id='word_1_130' title='bbox 2416 575 2604 615; x_wconf 89' lang='lat' dir='ltr'><strong>coram</strong></span> <span class='ocrx_word' id='word_1_131' title='bbox 2651 562 2734 616; x_wconf 90' lang='lat' dir='ltr'><strong>eis</strong></span> <span class='ocrx_word' id='word_1_132' title='bbox 2789 561 2987 618; x_wconf 86' lang='lat' dir='ltr'><strong>edisse.</strong></span> <span class='ocrx_word' id='word_1_133' title='bbox 3026 562 3081 617; x_wconf 88' lang='lat' dir='ltr'><strong>Si</strong></span> <span class='ocrx_word' id='word_1_134' title='bbox 3133 564 3187 618; x_wconf 92' lang='lat' dir='ltr'><strong>id</strong></span> <span class='ocrx_word' id='word_1_135' title='bbox 3236 564 3418 619; x_wconf 83' lang='lat' dir='ltr'><strong>dicere</strong></span> 
     </span>
    </p>
   </div>
   <div class='ocr_carea' id='block_1_21' title="bbox 1836 651 3416 724">
    <p class='ocr_par' dir='ltr' id='par_1_21' title="bbox 1836 651 3416 724">
     <span class='ocr_line' id='line_1_21' title="bbox 1836 651 3416 724; baseline 0.003 -20"><span class='ocrx_word' id='word_1_136' title='bbox 1836 665 1952 705; x_wconf 90' lang='lat' dir='ltr'><strong>non</strong></span> <span class='ocrx_word' id='word_1_137' title='bbox 1981 651 2184 721; x_wconf 83' lang='lat' dir='ltr'><strong>possis,</strong></span> <span class='ocrx_word' id='word_1_138' title='bbox 2214 652 2345 722; x_wconf 87' lang='lat' dir='ltr'><strong>quia</strong></span> <span class='ocrx_word' id='word_1_139' title='bbox 2375 651 2554 707; x_wconf 87' lang='lat' dir='ltr'><strong>Lucas</strong></span> <span class='ocrx_word' id='word_1_140' title='bbox 2583 652 2637 706; x_wconf 92' lang='lat' dir='ltr'><strong>in</strong></span> <span class='ocrx_word' id='word_1_141' title='bbox 2665 653 2897 708; x_wconf 82' lang='lat' dir='ltr'><strong>Actibus</strong></span> <span class='ocrx_word' id='word_1_142' title='bbox 2930 656 3148 718; x_wconf 85' lang='lat' dir='ltr'><strong>asserit,</strong></span> <span class='ocrx_word' id='word_1_143' title='bbox 3178 655 3325 724; x_wconf 88' lang='lat' dir='ltr'><strong>quod</strong></span> <span class='ocrx_word' id='word_1_144' title='bbox 3360 672 3416 708; x_wconf 85' lang='grc' dir='ltr'>ιη</span> 
     </span>
    </p>
   </div>
   <div class='ocr_carea' id='block_1_22' title="bbox 1836 743 3420 815">
    <p class='ocr_par' dir='ltr' id='par_1_22' title="bbox 1836 743 3420 815">
     <span class='ocr_line' id='line_1_22' title="bbox 1836 743 3420 815; baseline 0.003 -18"><span class='ocrx_word' id='word_1_145' title='bbox 1836 743 2133 815; x_wconf 78' lang='lat' dir='ltr'><strong>Evangelio</strong></span> <span class='ocrx_word' id='word_1_146' title='bbox 2162 759 2273 799; x_wconf 88' lang='lat' dir='ltr'><strong>non</strong></span> <span class='ocrx_word' id='word_1_147' title='bbox 2304 745 2547 812; x_wconf 77' lang='lat' dir='ltr'><strong>dixerat;</strong></span> <span class='ocrx_word' id='word_1_148' title='bbox 2573 745 2717 800; x_wconf 85' lang='lat' dir='ltr'><strong>idem</strong></span> <span class='ocrx_word' id='word_1_149' title='bbox 2745 746 2812 800; x_wconf 89' lang='lat' dir='ltr'><strong>de</strong></span> <span class='ocrx_word' id='word_1_150' title='bbox 2842 746 3017 801; x_wconf 82' lang='lat' dir='ltr'><strong>altero</strong></span> <span class='ocrx_word' id='word_1_151' title='bbox 3041 748 3209 801; x_wconf 88' lang='lat' dir='ltr'><strong>etiam</strong></span> <span class='ocrx_word' id='word_1_152' title='bbox 3231 748 3420 801; x_wconf 77' lang='lat' dir='ltr'><strong>dicen-</strong></span> 
     </span>
    </p>
   </div>
   <div class='ocr_carea' id='block_1_23' title="bbox 1836 835 3419 909">
    <p class='ocr_par' dir='ltr' id='par_1_23' title="bbox 1836 835 3419 909">
     <span class='ocr_line' id='line_1_23' title="bbox 1836 835 3419 909; baseline 0 -18"><span class='ocrx_word' id='word_1_153' title='bbox 1836 836 1967 891; x_wconf 91' lang='lat' dir='ltr'><strong>dum</strong></span> <span class='ocrx_word' id='word_1_154' title='bbox 2000 838 2125 890; x_wconf 89' lang='lat' dir='ltr'><strong>erit.</strong></span> <span class='ocrx_word' id='word_1_155' title='bbox 2159 835 2361 891; x_wconf 88' lang='lat' dir='ltr'><strong>Eodem</strong></span> <span class='ocrx_word' id='word_1_156' title='bbox 2403 845 2549 891; x_wconf 89' lang='lat' dir='ltr'><strong>certe</strong></span> <span class='ocrx_word' id='word_1_157' title='bbox 2601 837 2762 890; x_wconf 90' lang='lat' dir='ltr'><strong>modo</strong></span> <span class='ocrx_word' id='word_1_158' title='bbox 2800 839 3050 891; x_wconf 84' lang='grc' dir='ltr'>συνέπιον</span> <span class='ocrx_word' id='word_1_159' title='bbox 3080 836 3264 909; x_wconf 79' lang='grc' dir='ltr'>αὐτῷ,</span> <span class='ocrx_word' id='word_1_160' title='bbox 3307 853 3419 908; x_wconf 85' lang='lat' dir='ltr'><strong>quo</strong></span> 
     </span>
    </p>
   </div>
   <div class='ocr_carea' id='block_1_24' title="bbox 1840 927 3419 998">
    <p class='ocr_par' dir='ltr' id='par_1_24' title="bbox 1840 927 3419 998">
     <span class='ocr_line' id='line_1_24' title="bbox 1840 927 3419 998; baseline 0.003 -19"><span class='ocrx_word' id='word_1_161' title='bbox 1840 927 2140 996; x_wconf 81' lang='grc' dir='ltr'>συνέφαγον</span> <span class='ocrx_word' id='word_1_162' title='bbox 2193 927 2377 998; x_wconf 76' lang='grc' dir='ltr'>αὐτῷ,</span> <span class='ocrx_word' id='word_1_163' title='bbox 2414 935 2470 982; x_wconf 86' lang='lat' dir='ltr'><strong>et</strong></span> <span class='ocrx_word' id='word_1_164' title='bbox 2521 928 2576 982; x_wconf 89' lang='lat' dir='ltr'><strong>in</strong></span> <span class='ocrx_word' id='word_1_165' title='bbox 2626 929 2879 983; x_wconf 86' lang='lat' dir='ltr'><strong>eumdem</strong></span> <span class='ocrx_word' id='word_1_166' title='bbox 2929 930 3090 983; x_wconf 85' lang='lat' dir='ltr'><strong>finem</strong></span> <span class='ocrx_word' id='word_1_167' title='bbox 3132 948 3145 997; x_wconf 96' lang='lat'><strong>;</strong></span> <span class='ocrx_word' id='word_1_168' title='bbox 3196 930 3419 984; x_wconf 83' lang='lat' dir='ltr'><strong>Christo</strong></span> 
     </span>
    </p>
   </div>
   <div class='ocr_carea' id='block_1_25' title="bbox 1837 1017 3420 1099">
    <p class='ocr_par' dir='ltr' id='par_1_25' title="bbox 1837 1017 3420 1099">
     <span class='ocr_line' id='line_1_25' title="bbox 1837 1017 3420 1099; baseline 0.003 -20"><span class='ocrx_word' id='word_1_169' title='bbox 1837 1033 2021 1079; x_wconf 90' lang='lat' dir='ltr'><strong>autem</strong></span> <span class='ocrx_word' id='word_1_170' title='bbox 2073 1026 2441 1081; x_wconf 89' lang='lat' dir='ltr'><strong>manducante</strong></span> <span class='ocrx_word' id='word_1_171' title='bbox 2494 1017 2944 1095; x_wconf 82' lang='lat' dir='ltr'><strong>manducabant,</strong></span> <span class='ocrx_word' id='word_1_172' title='bbox 3005 1029 3199 1082; x_wconf 86' lang='lat' dir='ltr'><strong>eodem</strong></span> <span class='ocrx_word' id='word_1_173' title='bbox 3253 1030 3420 1099; x_wconf 80' lang='lat' dir='ltr'><strong>igitur</strong></span> 
     </span>
    </p>
   </div>
   <div class='ocr_carea' id='block_1_26' title="bbox 1837 1115 3416 1185">
    <p class='ocr_par' dir='ltr' id='par_1_26' title="bbox 1837 1115 3416 1185">
     <span class='ocr_line' id='line_1_26' title="bbox 1837 1115 3416 1185; baseline 0 -14"><span class='ocrx_word' id='word_1_174' title='bbox 1837 1116 2060 1171; x_wconf 87' lang='lat' dir='ltr'><strong>bibente</strong></span> <span class='ocrx_word' id='word_1_175' title='bbox 2101 1116 2378 1172; x_wconf 86' lang='lat' dir='ltr'><strong>bibebant.</strong></span> <span class='ocrx_word' id='word_1_176' title='bbox 2427 1115 2692 1171; x_wconf 77' lang='lat' dir='ltr'><strong>Neutrum</strong></span> <span class='ocrx_word' id='word_1_177' title='bbox 2748 1116 2924 1172; x_wconf 86' lang='lat' dir='ltr'><strong>Lucas</strong></span> <span class='ocrx_word' id='word_1_178' title='bbox 2978 1119 3030 1172; x_wconf 91' lang='lat' dir='ltr'><strong>in</strong></span> <span class='ocrx_word' id='word_1_179' title='bbox 3084 1117 3416 1185; x_wconf 75' lang='lat' dir='ltr'><strong>Evangelia,</strong></span> 
     </span>
    </p>
   </div>
   <div class='ocr_carea' id='block_1_27' title="bbox 1839 1208 3417 1280">
    <p class='ocr_par' dir='ltr' id='par_1_27' title="bbox 1839 1208 3417 1280">
     <span class='ocr_line' id='line_1_27' title="bbox 1839 1208 3417 1280; baseline 0.001 -17"><span class='ocrx_word' id='word_1_180' title='bbox 1839 1217 2134 1280; x_wconf 87' lang='lat' dir='ltr'><strong>utrumque</strong></span> <span class='ocrx_word' id='word_1_181' title='bbox 2190 1210 2245 1263; x_wconf 88' lang='lat' dir='ltr'><strong>in</strong></span> <span class='ocrx_word' id='word_1_182' title='bbox 2300 1210 2529 1265; x_wconf 83' lang='lat' dir='ltr'><strong>Actibus</strong></span> <span class='ocrx_word' id='word_1_183' title='bbox 2581 1208 2833 1266; x_wconf 85' lang='lat' dir='ltr'><strong>afﬁrmat.</strong></span> <span class='ocrx_word' id='word_1_184' title='bbox 2888 1209 2965 1264; x_wconf 86' lang='lat' dir='ltr'><strong>Ita</strong></span> <span class='ocrx_word' id='word_1_185' title='bbox 3022 1227 3130 1264; x_wconf 84' lang='lat' dir='ltr'><strong>non</strong></span> <span class='ocrx_word' id='word_1_186' title='bbox 3203 1220 3417 1265; x_wconf 87' lang='lat' dir='ltr'><strong>tantum</strong></span> 
     </span>
    </p>
   </div>
   <div class='ocr_carea' id='block_1_28' title="bbox 1836 1294 3421 1372">
    <p class='ocr_par' dir='ltr' id='par_1_28' title="bbox 1836 1294 3421 1372">
     <span class='ocr_line' id='line_1_28' title="bbox 1836 1294 3421 1372; baseline 0.001 -16"><span class='ocrx_word' id='word_1_187' title='bbox 1836 1303 2112 1372; x_wconf 77' lang='lat' dir='ltr'><strong>lgnatius,</strong></span> <span class='ocrx_word' id='word_1_188' title='bbox 2164 1303 2259 1355; x_wconf 85' lang='lat' dir='ltr'><strong>sed</strong></span> <span class='ocrx_word' id='word_1_189' title='bbox 2298 1310 2353 1356; x_wconf 88' lang='lat' dir='ltr'><strong>et</strong></span> <span class='ocrx_word' id='word_1_190' title='bbox 2397 1300 2622 1356; x_wconf 83' lang='lat' dir='ltr'><strong>Patrum</strong></span> <span class='ocrx_word' id='word_1_191' title='bbox 2652 1294 2956 1357; x_wconf 73' lang='lat' dir='ltr'><strong>doctissimi</strong></span> <span class='ocrx_word' id='word_1_192' title='bbox 3010 1302 3068 1357; x_wconf 92' lang='lat' dir='ltr'><strong>S.</strong></span> <span class='ocrx_word' id='word_1_193' title='bbox 3114 1302 3316 1357; x_wconf 81' lang='lat' dir='ltr'><strong>Lucam</strong></span> <span class='ocrx_word' id='word_1_194' title='bbox 3362 1304 3421 1357; x_wconf 86' lang='lat' dir='ltr'><strong>in</strong></span> 
     </span>
    </p>
   </div>
   <div class='ocr_carea' id='block_1_29' title="bbox 1837 1392 3418 1464">
    <p class='ocr_par' dir='ltr' id='par_1_29' title="bbox 1837 1392 3418 1464">
     <span class='ocr_line' id='line_1_29' title="bbox 1837 1392 3418 1464; baseline 0.001 -17"><span class='ocrx_word' id='word_1_195' title='bbox 1837 1394 2067 1450; x_wconf 76' lang='lat' dir='ltr'><strong>Actibus</strong></span> <span class='ocrx_word' id='word_1_196' title='bbox 2097 1394 2483 1449; x_wconf 82' lang='lat' dir='ltr'><strong>intellexerunt</strong></span> <span class='ocrx_word' id='word_1_197' title='bbox 2510 1411 2523 1447; x_wconf 91' lang='lat'>:</span> <span class='ocrx_word' id='word_1_198' title='bbox 2576 1392 2942 1464; x_wconf 78' lang='lat' dir='ltr'><strong>Hieronymus</strong></span> <span class='ocrx_word' id='word_1_199' title='bbox 2970 1396 3110 1449; x_wconf 89' lang='lat' dir='ltr'><strong>libro</strong></span> <span class='ocrx_word' id='word_1_200' title='bbox 3153 1397 3418 1449; x_wconf 73' lang='lat' dir='ltr'><strong>Adversus</strong></span> 
     </span>
    </p>
   </div>
   <div class='ocr_carea' id='block_1_30' title="bbox 1836 1484 3419 1557">
    <p class='ocr_par' dir='ltr' id='par_1_30' title="bbox 1836 1484 3419 1557">
     <span class='ocr_line' id='line_1_30' title="bbox 1836 1484 3419 1557; baseline 0.001 -16"><span class='ocrx_word' id='word_1_201' title='bbox 1836 1503 2038 1541; x_wconf 78' lang='lat' dir='ltr'><strong>errores</strong></span> <span class='ocrx_word' id='word_1_202' title='bbox 2066 1485 2294 1540; x_wconf 83' lang='lat' dir='ltr'><strong>Joannis</strong></span> <span class='ocrx_word' id='word_1_203' title='bbox 2330 1484 2812 1555; x_wconf 81' lang='lat' dir='ltr'><strong>Hierosolymitaui</strong></span> <span class='ocrx_word' id='word_1_204' title='bbox 2864 1487 2981 1541; x_wconf 67' lang='lat' dir='ltr'><strong>haec</strong></span> <span class='ocrx_word' id='word_1_205' title='bbox 3044 1503 3113 1541; x_wconf 76' lang='lat' dir='ltr'><strong>ex</strong></span> <span class='ocrx_word' id='word_1_206' title='bbox 3161 1486 3419 1557; x_wconf 79' lang='lat' dir='ltr'><strong>Origene,</strong></span> 
     </span>
    </p>
   </div>
   <div class='ocr_carea' id='block_1_31' title="bbox 1838 1578 3417 1649">
    <p class='ocr_par' dir='ltr' id='par_1_31' title="bbox 1838 1578 3417 1649">
     <span class='ocr_line' id='line_1_31' title="bbox 1838 1578 3417 1649; baseline 0.001 -17"><span class='ocrx_word' id='word_1_207' title='bbox 1838 1579 2067 1646; x_wconf 87' lang='lat' dir='ltr'><strong>opinor,</strong></span> <span class='ocrx_word' id='word_1_208' title='bbox 2102 1578 2323 1633; x_wconf 87' lang='lat' dir='ltr'><strong>adducit</strong></span> <span class='ocrx_word' id='word_1_209' title='bbox 2351 1578 2419 1633; x_wconf 90' lang='lat' dir='ltr'><strong>de</strong></span> <span class='ocrx_word' id='word_1_210' title='bbox 2455 1578 2675 1633; x_wconf 85' lang='lat' dir='ltr'><strong>Christo</strong></span> <span class='ocrx_word' id='word_1_211' title='bbox 2711 1596 2725 1632; x_wconf 94' lang='lat'><strong>:</strong></span> <span class='ocrx_word' id='word_1_212' title='bbox 2757 1597 2775 1630; x_wconf 76' lang='grc' dir='ltr'><strong>ι</strong></span> <span class='ocrx_word' id='word_1_213' title='bbox 2806 1579 3055 1634; x_wconf 86' lang='lat' dir='ltr'><strong>Comcdit</strong></span> <span class='ocrx_word' id='word_1_214' title='bbox 3087 1590 3208 1649; x_wconf 86' lang='lat' dir='ltr'><strong>post</strong></span> <span class='ocrx_word' id='word_1_215' title='bbox 3234 1598 3417 1636; x_wconf 79' lang='lat' dir='ltr'><strong>resur-</strong></span> 
     </span>
    </p>
   </div>
   <div class='ocr_carea' id='block_1_32' title="bbox 1836 1669 3421 1740">
    <p class='ocr_par' dir='ltr' id='par_1_32' title="bbox 1836 1669 3421 1740">
     <span class='ocr_line' id='line_1_32' title="bbox 1836 1669 3421 1740; baseline 0 -17"><span class='ocrx_word' id='word_1_216' title='bbox 1836 1670 2138 1724; x_wconf 87' lang='lat' dir='ltr'><strong>rectionem</strong></span> <span class='ocrx_word' id='word_1_217' title='bbox 2173 1685 2353 1736; x_wconf 85' lang='lat' dir='ltr'><strong>suam,</strong></span> <span class='ocrx_word' id='word_1_218' title='bbox 2383 1678 2440 1724; x_wconf 88' lang='lat' dir='ltr'><strong>et</strong></span> <span class='ocrx_word' id='word_1_219' title='bbox 2466 1669 2622 1736; x_wconf 86' lang='lat' dir='ltr'><strong>bibit,</strong></span> <span class='ocrx_word' id='word_1_220' title='bbox 2663 1681 2717 1725; x_wconf 88' lang='lat' dir='ltr'><strong>et</strong></span> <span class='ocrx_word' id='word_1_221' title='bbox 2745 1671 2974 1725; x_wconf 85' lang='lat' dir='ltr'><strong>vestitus</strong></span> <span class='ocrx_word' id='word_1_222' title='bbox 2997 1672 3267 1740; x_wconf 77' lang='lat' dir='ltr'><strong>apparuit,</strong></span> <span class='ocrx_word' id='word_1_223' title='bbox 3297 1682 3421 1725; x_wconf 84' lang='lat' dir='ltr'><strong>tan-</strong></span> 
     </span>
    </p>
   </div>
   <div class='ocr_carea' id='block_1_33' title="bbox 1841 1762 3415 1832">
    <p class='ocr_par' dir='ltr' id='par_1_33' title="bbox 1841 1762 3415 1832">
     <span class='ocr_line' id='line_1_33' title="bbox 1841 1762 3415 1832; baseline 0.003 -18"><span class='ocrx_word' id='word_1_224' title='bbox 1841 1762 2076 1829; x_wconf 80' lang='lat' dir='ltr'><strong>gendum</strong></span> <span class='ocrx_word' id='word_1_225' title='bbox 2109 1776 2167 1817; x_wconf 88' lang='lat' dir='ltr'><strong>se</strong></span> <span class='ocrx_word' id='word_1_226' title='bbox 2192 1762 2445 1830; x_wconf 66' lang='lat' dir='ltr'><strong>praebuit,</strong></span> <span class='ocrx_word' id='word_1_227' title='bbox 2476 1771 2537 1817; x_wconf 91' lang='lat' dir='ltr'><strong>ut</strong></span> <span class='ocrx_word' id='word_1_228' title='bbox 2562 1762 2941 1819; x_wconf 83' lang='lat' dir='ltr'><strong>dubitantibus</strong></span> <span class='ocrx_word' id='word_1_229' title='bbox 2968 1764 3229 1832; x_wconf 83' lang='lat' dir='ltr'><strong>apostolis</strong></span> <span class='ocrx_word' id='word_1_230' title='bbox 3256 1765 3415 1818; x_wconf 81' lang='lat' dir='ltr'><strong>tidem</strong></span> 
     </span>
    </p>
   </div>
   <div class='ocr_carea' id='block_1_34' title="bbox 143 1849 3419 1924">
    <p class='ocr_par' dir='ltr' id='par_1_34' title="bbox 143 1849 3419 1924">
     <span class='ocr_line' id='line_1_34' title="bbox 143 1849 3419 1924; baseline -0.001 -14"><span class='ocrx_word' id='word_1_231' title='bbox 143 1854 329 1919; x_wconf 85' lang='lat' dir='ltr'><strong>ribus,</strong></span> <span class='ocrx_word' id='word_1_232' title='bbox 360 1855 721 1909; x_wconf 76' lang='lat' dir='ltr'><strong>decreverunt</strong></span> <span class='ocrx_word' id='word_1_233' title='bbox 742 1867 867 1908; x_wconf 80' lang='lat' dir='ltr'><strong>eum</strong></span> <span class='ocrx_word' id='word_1_234' title='bbox 895 1852 1148 1907; x_wconf 85' lang='lat' dir='ltr'><strong>adorare.</strong></span> <span class='ocrx_word' id='word_1_235' title='bbox 1183 1870 1202 1903; x_wconf 76' lang='grc' dir='ltr'><strong>ι</strong></span> <span class='ocrx_word' id='word_1_236' title='bbox 1239 1849 1629 1915; x_wconf 82' lang='lat' dir='ltr'><strong>Tertullianus,</strong></span> <span class='ocrx_word' id='word_1_237' title='bbox 1658 1849 1734 1903; x_wconf 86' lang='lat' dir='ltr'><strong>De</strong></span> <span class='ocrx_word' id='word_1_238' title='bbox 1768 1855 1809 1913; x_wconf 80' lang='grc' dir='ltr'><strong>Β</strong></span> <span class='ocrx_word' id='word_1_239' title='bbox 1838 1854 2040 1909; x_wconf 88' lang='lat' dir='ltr'><strong>faceret</strong></span> <span class='ocrx_word' id='word_1_240' title='bbox 2069 1854 2514 1909; x_wconf 85' lang='lat' dir='ltr'><strong>resurrectionis.</strong></span> <span class='ocrx_word' id='word_1_241' title='bbox 2560 1873 2578 1905; x_wconf 77' lang='grc' dir='ltr'><strong>ι</strong></span> <span class='ocrx_word' id='word_1_242' title='bbox 2620 1853 2683 1909; x_wconf 88' lang='grc' dir='ltr'><strong>Β.</strong></span> <span class='ocrx_word' id='word_1_243' title='bbox 2719 1853 3097 1909; x_wconf 85' lang='lat' dir='ltr'><strong>Theodoretus</strong></span> <span class='ocrx_word' id='word_1_244' title='bbox 3132 1855 3350 1924; x_wconf 81' lang='lat' dir='ltr'><strong>dialogo</strong></span> <span class='ocrx_word' id='word_1_245' title='bbox 3383 1857 3419 1908; x_wconf 68' lang='lat'><strong>2</strong></span> 
     </span>
    </p>
   </div>
   <div class='ocr_carea' id='block_1_35' title="bbox 142 1944 1737 2017">
    <p class='ocr_par' dir='ltr' id='par_1_35' title="bbox 142 1944 1737 2017">
     <span class='ocr_line' id='line_1_35' title="bbox 142 1944 1737 2017; baseline -0.004 -15"><span class='ocrx_word' id='word_1_246' title='bbox 142 1948 489 2012; x_wconf 73' lang='lat' dir='ltr'><strong>idololatria,</strong></span> <span class='ocrx_word' id='word_1_247' title='bbox 521 1962 642 2017; x_wconf 83' lang='lat' dir='ltr'><strong>cap.</strong></span> <span class='ocrx_word' id='word_1_248' title='bbox 679 1946 751 2001; x_wconf 87' lang='lat'><strong>9:</strong></span> <span class='ocrx_word' id='word_1_249' title='bbox 789 1964 810 1997; x_wconf 77' lang='grc' dir='ltr'>σ</span> <span class='ocrx_word' id='word_1_250' title='bbox 840 1944 916 1999; x_wconf 87' lang='lat' dir='ltr'><strong>De</strong></span> <span class='ocrx_word' id='word_1_251' title='bbox 944 1945 1194 2011; x_wconf 84' lang='lat' dir='ltr'><strong>Christo,</strong></span> <span class='ocrx_word' id='word_1_252' title='bbox 1229 1945 1468 2010; x_wconf 86' lang='lat' dir='ltr'><strong>scilicet,</strong></span> <span class='ocrx_word' id='word_1_253' title='bbox 1505 1954 1589 1999; x_wconf 88' lang='lat' dir='ltr'><strong>est</strong></span> <span class='ocrx_word' id='word_1_254' title='bbox 1621 1959 1737 1997; x_wconf 89' lang='lat' dir='ltr'><strong>ma-</strong></span> 
     </span>
    </p>
   </div>
   <div class='ocr_carea' id='block_1_36' title="bbox 147 2036 1736 2104">
    <p class='ocr_par' dir='ltr' id='par_1_36' title="bbox 147 2036 1736 2104">
     <span class='ocr_line' id='line_1_36' title="bbox 147 2036 1736 2104; baseline -0.001 -10"><span class='ocrx_word' id='word_1_255' title='bbox 147 2039 325 2095; x_wconf 80' lang='lat' dir='ltr'><strong>thesis</strong></span> <span class='ocrx_word' id='word_1_256' title='bbox 358 2039 559 2104; x_wconf 82' lang='lat' dir='ltr'><strong>hodie;</strong></span> <span class='ocrx_word' id='word_1_257' title='bbox 588 2039 801 2094; x_wconf 83' lang='lat' dir='ltr'><strong>stellam</strong></span> <span class='ocrx_word' id='word_1_258' title='bbox 826 2037 1053 2103; x_wconf 87' lang='lat' dir='ltr'><strong>Christi,</strong></span> <span class='ocrx_word' id='word_1_259' title='bbox 1085 2053 1194 2092; x_wconf 84' lang='lat' dir='ltr'><strong>non</strong></span> <span class='ocrx_word' id='word_1_260' title='bbox 1219 2036 1439 2092; x_wconf 91' lang='lat' dir='ltr'><strong>Saturni</strong></span> <span class='ocrx_word' id='word_1_261' title='bbox 1462 2044 1517 2094; x_wconf 86' lang='lat' dir='ltr'><strong>et</strong></span> <span class='ocrx_word' id='word_1_262' title='bbox 1543 2037 1736 2093; x_wconf 88' lang='lat' dir='ltr'><strong>Martis</strong></span> 
     </span>
    </p>
   </div>
   <div class='ocr_carea' id='block_1_37' title="bbox 143 2132 1738 2202">
    <p class='ocr_par' dir='ltr' id='par_1_37' title="bbox 143 2132 1738 2202">
     <span class='ocr_line' id='line_1_37' title="bbox 143 2132 1738 2202; baseline -0.001 -16"><span class='ocrx_word' id='word_1_263' title='bbox 143 2142 202 2186; x_wconf 86' lang='lat' dir='ltr'><strong>et</strong></span> <span class='ocrx_word' id='word_1_264' title='bbox 224 2133 503 2202; x_wconf 78' lang='lat' dir='ltr'><strong>cujusque</strong></span> <span class='ocrx_word' id='word_1_265' title='bbox 523 2147 589 2185; x_wconf 71' lang='lat' dir='ltr'><strong>ex</strong></span> <span class='ocrx_word' id='word_1_266' title='bbox 618 2132 810 2186; x_wconf 87' lang='lat' dir='ltr'><strong>eodem</strong></span> <span class='ocrx_word' id='word_1_267' title='bbox 846 2132 1036 2185; x_wconf 86' lang='lat' dir='ltr'><strong>ordine</strong></span> <span class='ocrx_word' id='word_1_268' title='bbox 1077 2138 1451 2196; x_wconf 89' lang='lat' dir='ltr'><strong>mortuorum,</strong></span> <span class='ocrx_word' id='word_1_269' title='bbox 1482 2132 1738 2187; x_wconf 79' lang='lat' dir='ltr'><strong>observat</strong></span> 
     </span>
    </p>
   </div>
   <div class='ocr_carea' id='block_1_38' title="bbox 145 2223 1738 2294">
    <p class='ocr_par' dir='ltr' id='par_1_38' title="bbox 145 2223 1738 2294">
     <span class='ocr_line' id='line_1_38' title="bbox 145 2223 1738 2294; baseline 0 -17"><span class='ocrx_word' id='word_1_270' title='bbox 145 2224 510 2293; x_wconf 71' lang='lat' dir='ltr'><strong>etprzedicat.</strong></span> <span class='ocrx_word' id='word_1_271' title='bbox 553 2224 623 2276; x_wconf 76' lang='lat' dir='ltr'><strong>At</strong></span> <span class='ocrx_word' id='word_1_272' title='bbox 651 2224 801 2278; x_wconf 87' lang='lat' dir='ltr'><strong>enim</strong></span> <span class='ocrx_word' id='word_1_273' title='bbox 834 2223 1062 2278; x_wconf 87' lang='lat' dir='ltr'><strong>scientia</strong></span> <span class='ocrx_word' id='word_1_274' title='bbox 1092 2225 1198 2278; x_wconf 87' lang='lat' dir='ltr'><strong>ista</strong></span> <span class='ocrx_word' id='word_1_275' title='bbox 1225 2239 1400 2294; x_wconf 85' lang='lat' dir='ltr'><strong>usque</strong></span> <span class='ocrx_word' id='word_1_276' title='bbox 1442 2225 1510 2278; x_wconf 89' lang='lat' dir='ltr'><strong>ad</strong></span> <span class='ocrx_word' id='word_1_277' title='bbox 1558 2223 1738 2278; x_wconf 89' lang='lat' dir='ltr'><strong>Evan-</strong></span> 
     </span>
    </p>
   </div>
   <div class='ocr_carea' id='block_1_39' title="bbox 144 2314 1737 2384">
    <p class='ocr_par' dir='ltr' id='par_1_39' title="bbox 144 2314 1737 2384">
     <span class='ocr_line' id='line_1_39' title="bbox 144 2314 1737 2384; baseline 0.002 -16"><span class='ocrx_word' id='word_1_278' title='bbox 144 2315 359 2384; x_wconf 68' lang='lat' dir='ltr'><strong>gelium</strong></span> <span class='ocrx_word' id='word_1_279' title='bbox 380 2314 489 2369; x_wconf 86' lang='lat' dir='ltr'><strong>fuit</strong></span> <span class='ocrx_word' id='word_1_280' title='bbox 516 2332 803 2383; x_wconf 87' lang='lat' dir='ltr'><strong>concessa,</strong></span> <span class='ocrx_word' id='word_1_281' title='bbox 830 2324 891 2371; x_wconf 87' lang='lat' dir='ltr'><strong>ut</strong></span> <span class='ocrx_word' id='word_1_282' title='bbox 919 2315 1139 2372; x_wconf 88' lang='lat' dir='ltr'><strong>Christo</strong></span> <span class='ocrx_word' id='word_1_283' title='bbox 1168 2316 1336 2384; x_wconf 89' lang='lat' dir='ltr'><strong>edito,</strong></span> <span class='ocrx_word' id='word_1_284' title='bbox 1356 2330 1517 2371; x_wconf 88' lang='lat' dir='ltr'><strong>nemo</strong></span> <span class='ocrx_word' id='word_1_285' title='bbox 1541 2316 1737 2371; x_wconf 81' lang='lat' dir='ltr'><strong>exinde</strong></span> 
     </span>
    </p>
   </div>
   <div class='ocr_carea' id='block_1_40' title="bbox 146 2407 1736 2480">
    <p class='ocr_par' dir='ltr' id='par_1_40' title="bbox 146 2407 1736 2480">
     <span class='ocr_line' id='line_1_40' title="bbox 146 2407 1736 2480; baseline 0.003 -20"><span class='ocrx_word' id='word_1_286' title='bbox 146 2408 497 2462; x_wconf 75' lang='lat' dir='ltr'><strong>nativitatem</strong></span> <span class='ocrx_word' id='word_1_287' title='bbox 525 2409 762 2477; x_wconf 82' lang='lat' dir='ltr'><strong>alicujus</strong></span> <span class='ocrx_word' id='word_1_288' title='bbox 795 2408 862 2463; x_wconf 87' lang='lat' dir='ltr'><strong>de</strong></span> <span class='ocrx_word' id='word_1_289' title='bbox 893 2409 1033 2463; x_wconf 65' lang='lat' dir='ltr'><strong>caelo</strong></span> <span class='ocrx_word' id='word_1_290' title='bbox 1071 2408 1476 2478; x_wconf 86' lang='lat' dir='ltr'><strong>interpretetur.</strong></span> <span class='ocrx_word' id='word_1_291' title='bbox 1500 2427 1523 2461; x_wconf 69' lang='grc' dir='ltr'><strong>ι</strong></span> <span class='ocrx_word' id='word_1_292' title='bbox 1549 2407 1736 2480; x_wconf 81' lang='lat' dir='ltr'><strong>Neque</strong></span> 
     </span>
    </p>
   </div>
   <div class='ocr_carea' id='block_1_41' title="bbox 145 2500 1737 2573">
    <p class='ocr_par' dir='ltr' id='par_1_41' title="bbox 145 2500 1737 2573">
     <span class='ocr_line' id='line_1_41' title="bbox 145 2500 1737 2573; baseline 0.001 -17"><span class='ocrx_word' id='word_1_293' title='bbox 145 2502 319 2572; x_wconf 65' lang='lat' dir='ltr'><strong>igitur</strong></span> <span class='ocrx_word' id='word_1_294' title='bbox 343 2512 551 2557; x_wconf 85' lang='lat' dir='ltr'><strong>temere</strong></span> <span class='ocrx_word' id='word_1_295' title='bbox 577 2516 755 2572; x_wconf 83' lang='lat' dir='ltr'><strong>neque</strong></span> <span class='ocrx_word' id='word_1_296' title='bbox 782 2502 1019 2557; x_wconf 83' lang='lat' dir='ltr'><strong>absurde</strong></span> <span class='ocrx_word' id='word_1_297' title='bbox 1046 2515 1109 2555; x_wconf 89' lang='lat' dir='ltr'><strong>ea</strong></span> <span class='ocrx_word' id='word_1_298' title='bbox 1143 2502 1281 2555; x_wconf 75' lang='lat' dir='ltr'><strong>dixit</strong></span> <span class='ocrx_word' id='word_1_299' title='bbox 1317 2500 1578 2573; x_wconf 75' lang='lat' dir='ltr'><strong>lgnatius,</strong></span> <span class='ocrx_word' id='word_1_300' title='bbox 1614 2518 1737 2573; x_wconf 69' lang='lat' dir='ltr'><strong>qua:</strong></span> 
     </span>
    </p>
   </div>
   <div class='ocr_carea' id='block_1_42' title="bbox 146 2591 1275 2648">
    <p class='ocr_par' dir='ltr' id='par_1_42' title="bbox 146 2591 1275 2648">
     <span class='ocr_line' id='line_1_42' title="bbox 146 2591 1275 2648; baseline 0.002 -4"><span class='ocrx_word' id='word_1_301' title='bbox 146 2600 231 2645; x_wconf 89' lang='lat' dir='ltr'><strong>tot</strong></span> <span class='ocrx_word' id='word_1_302' title='bbox 270 2592 381 2645; x_wconf 74' lang='lat' dir='ltr'><strong>viri</strong></span> <span class='ocrx_word' id='word_1_303' title='bbox 406 2592 463 2645; x_wconf 86' lang='lat' dir='ltr'><strong>in</strong></span> <span class='ocrx_word' id='word_1_304' title='bbox 490 2591 737 2647; x_wconf 77' lang='lat' dir='ltr'><strong>Ecclesia</strong></span> <span class='ocrx_word' id='word_1_305' title='bbox 765 2592 900 2647; x_wconf 87' lang='lat' dir='ltr'><strong>clari</strong></span> <span class='ocrx_word' id='word_1_306' title='bbox 924 2594 1096 2647; x_wconf 86' lang='lat' dir='ltr'><strong>secuti</strong></span> <span class='ocrx_word' id='word_1_307' title='bbox 1128 2602 1275 2648; x_wconf 92' lang='lat' dir='ltr'><strong>sunt.</strong></span> 
     </span>
    </p>
   </div>
   <div class='ocr_carea' id='block_1_43' title="bbox 221 2683 1738 2756">
    <p class='ocr_par' dir='ltr' id='par_1_43' title="bbox 221 2683 1738 2756">
     <span class='ocr_line' id='line_1_43' title="bbox 221 2683 1738 2756; baseline 0.001 -17"><span class='ocrx_word' id='word_1_308' title='bbox 221 2683 392 2739; x_wconf 73' lang='lat' dir='ltr'><strong>Levia</strong></span> <span class='ocrx_word' id='word_1_309' title='bbox 431 2685 549 2739; x_wconf 56' lang='lat' dir='ltr'><strong>haec</strong></span> <span class='ocrx_word' id='word_1_310' title='bbox 586 2683 754 2739; x_wconf 84' lang='lat' dir='ltr'><strong>nimis</strong></span> <span class='ocrx_word' id='word_1_311' title='bbox 789 2692 950 2751; x_wconf 86' lang='lat' dir='ltr'><strong>sunt;</strong></span> <span class='ocrx_word' id='word_1_312' title='bbox 983 2693 1039 2739; x_wconf 90' lang='lat' dir='ltr'><strong>et</strong></span> <span class='ocrx_word' id='word_1_313' title='bbox 1079 2693 1260 2739; x_wconf 86' lang='lat' dir='ltr'><strong>tamen</strong></span> <span class='ocrx_word' id='word_1_314' title='bbox 1297 2685 1432 2740; x_wconf 82' lang='lat' dir='ltr'><strong>illud</strong></span> <span class='ocrx_word' id='word_1_315' title='bbox 1466 2686 1615 2756; x_wconf 85' lang='lat' dir='ltr'><strong>quod</strong></span> <span class='ocrx_word' id='word_1_316' title='bbox 1650 2700 1738 2741; x_wconf 87' lang='lat' dir='ltr'><strong>se-</strong></span> 
     </span>
    </p>
   </div>
   <div class='ocr_carea' id='block_1_44' title="bbox 146 2775 1737 2847">
    <p class='ocr_par' dir='ltr' id='par_1_44' title="bbox 146 2775 1737 2847">
     <span class='ocr_line' id='line_1_44' title="bbox 146 2775 1737 2847; baseline 0.002 -17"><span class='ocrx_word' id='word_1_317' title='bbox 146 2779 381 2847; x_wconf 85' lang='lat' dir='ltr'><strong>quitur,</strong></span> <span class='ocrx_word' id='word_1_318' title='bbox 419 2778 541 2847; x_wconf 90' lang='lat' dir='ltr'><strong>ipso</strong></span> <span class='ocrx_word' id='word_1_319' title='bbox 576 2777 783 2833; x_wconf 81' lang='lat' dir='ltr'><strong>fatente</strong></span> <span class='ocrx_word' id='word_1_320' title='bbox 831 2775 1068 2844; x_wconf 74' lang='lat' dir='ltr'><strong>Dallaeo,</strong></span> <span class='ocrx_word' id='word_1_321' title='bbox 1099 2778 1275 2834; x_wconf 86' lang='lat' dir='ltr'><strong>levius</strong></span> <span class='ocrx_word' id='word_1_322' title='bbox 1318 2787 1421 2835; x_wconf 87' lang='lat' dir='ltr'><strong>est.</strong></span> <span class='ocrx_word' id='word_1_323' title='bbox 1469 2797 1487 2830; x_wconf 81' lang='grc' dir='ltr'><strong>ι</strong></span> <span class='ocrx_word' id='word_1_324' title='bbox 1524 2780 1737 2835; x_wconf 88' lang='lat' dir='ltr'><strong>Asserit</strong></span> 
     </span>
    </p>
   </div>
   <div class='ocr_carea' id='block_1_45' title="bbox 146 2868 1739 2941">
    <p class='ocr_par' dir='ltr' id='par_1_45' title="bbox 146 2868 1739 2941">
     <span class='ocr_line' id='line_1_45' title="bbox 146 2868 1739 2941; baseline 0.001 -17"><span class='ocrx_word' id='word_1_325' title='bbox 146 2870 300 2924; x_wconf 85' lang='lat' dir='ltr'><strong>enim</strong></span> <span class='ocrx_word' id='word_1_326' title='bbox 324 2910 342 2935; x_wconf 90' lang='lat'><strong>,</strong></span> <span class='ocrx_word' id='word_1_327' title='bbox 371 2870 585 2939; x_wconf 88' lang='lat' dir='ltr'><strong>inquit,</strong></span> <span class='ocrx_word' id='word_1_328' title='bbox 617 2868 902 2925; x_wconf 86' lang='lat' dir='ltr'><strong>Christum</strong></span> <span class='ocrx_word' id='word_1_329' title='bbox 957 2879 1014 2926; x_wconf 92' lang='lat' dir='ltr'><strong>et</strong></span> <span class='ocrx_word' id='word_1_330' title='bbox 1063 2870 1247 2925; x_wconf 88' lang='lat' dir='ltr'><strong>edisse</strong></span> <span class='ocrx_word' id='word_1_331' title='bbox 1279 2878 1334 2925; x_wconf 86' lang='lat' dir='ltr'><strong>et</strong></span> <span class='ocrx_word' id='word_1_332' title='bbox 1365 2870 1571 2926; x_wconf 89' lang='lat' dir='ltr'><strong>bibisse</strong></span> <span class='ocrx_word' id='word_1_333' title='bbox 1613 2878 1739 2941; x_wconf 88' lang='lat' dir='ltr'><strong>post</strong></span> 
     </span>
    </p>
   </div>
   <div class='ocr_carea' id='block_1_46' title="bbox 147 2950 1732 3034">
    <p class='ocr_par' dir='ltr' id='par_1_46' title="bbox 147 2950 1732 3034">
     <span class='ocr_line' id='line_1_46' title="bbox 147 2950 1732 3034; baseline 0.002 -18"><span class='ocrx_word' id='word_1_334' title='bbox 147 2963 646 3017; x_wconf 76' lang='lat' dir='ltr'><strong>resurrectionem.</strong></span> <span class='ocrx_word' id='word_1_335' title='bbox 700 2964 773 3018; x_wconf 83' lang='lat' dir='ltr'><strong>At</strong></span> <span class='ocrx_word' id='word_1_336' title='bbox 799 2963 979 3019; x_wconf 91' lang='lat' dir='ltr'><strong>edisse</strong></span> <span class='ocrx_word' id='word_1_337' title='bbox 1035 2977 1105 3018; x_wconf 78' lang='lat' dir='ltr'><strong>ex</strong></span> <span class='ocrx_word' id='word_1_338' title='bbox 1147 2950 1446 3034; x_wconf 71' lang='lat' dir='ltr'><strong>Evangelia</strong></span> <span class='ocrx_word' id='word_1_339' title='bbox 1479 2972 1732 3031; x_wconf 86' lang='lat' dir='ltr'><strong>constat;</strong></span> 
     </span>
    </p>
   </div>
   <div class='ocr_carea' id='block_1_47' title="bbox 148 3054 1733 3120">
    <p class='ocr_par' dir='ltr' id='par_1_47' title="bbox 148 3054 1733 3120">
     <span class='ocr_line' id='line_1_47' title="bbox 148 3054 1733 3120; baseline 0.002 -13"><span class='ocrx_word' id='word_1_340' title='bbox 148 3054 366 3109; x_wconf 78' lang='lat' dir='ltr'><strong>bibisse</strong></span> <span class='ocrx_word' id='word_1_341' title='bbox 414 3070 523 3108; x_wconf 92' lang='lat' dir='ltr'><strong>non</strong></span> <span class='ocrx_word' id='word_1_342' title='bbox 573 3065 809 3109; x_wconf 89' lang='lat' dir='ltr'><strong>constat.</strong></span> <span class='ocrx_word' id='word_1_343' title='bbox 843 3073 863 3107; x_wconf 77' lang='grc' dir='ltr'><strong>ι</strong></span> <span class='ocrx_word' id='word_1_344' title='bbox 911 3055 1089 3110; x_wconf 82' lang='lat' dir='ltr'><strong>Grave</strong></span> <span class='ocrx_word' id='word_1_345' title='bbox 1133 3056 1341 3110; x_wconf 90' lang='lat' dir='ltr'><strong>crimen</strong></span> <span class='ocrx_word' id='word_1_346' title='bbox 1369 3094 1384 3120; x_wconf 89' lang='lat'><strong>,</strong></span> <span class='ocrx_word' id='word_1_347' title='bbox 1428 3055 1490 3110; x_wconf 86' lang='lat' dir='ltr'><strong>C.</strong></span> <span class='ocrx_word' id='word_1_348' title='bbox 1529 3055 1733 3110; x_wconf 67' lang='lat' dir='ltr'><strong>Caesar.</strong></span> 
     </span>
    </p>
   </div>
   <div class='ocr_carea' id='block_1_48' title="bbox 150 3141 1734 3218">
    <p class='ocr_par' dir='ltr' id='par_1_48' title="bbox 150 3141 1734 3218">
     <span class='ocr_line' id='line_1_48' title="bbox 150 3141 1734 3218; baseline 0.003 -19"><span class='ocrx_word' id='word_1_349' title='bbox 150 3141 326 3209; x_wconf 75' lang='lat' dir='ltr'><strong>Quasi</strong></span> <span class='ocrx_word' id='word_1_350' title='bbox 358 3160 489 3200; x_wconf 75' lang='lat' dir='ltr'><strong>vero</strong></span> <span class='ocrx_word' id='word_1_351' title='bbox 524 3146 657 3201; x_wconf 93' lang='lat' dir='ltr'><strong>illud</strong></span> <span class='ocrx_word' id='word_1_352' title='bbox 692 3147 843 3217; x_wconf 88' lang='lat' dir='ltr'><strong>quod</strong></span> <span class='ocrx_word' id='word_1_353' title='bbox 887 3162 956 3202; x_wconf 77' lang='lat' dir='ltr'><strong>ex</strong></span> <span class='ocrx_word' id='word_1_354' title='bbox 1004 3146 1300 3218; x_wconf 78' lang='lat' dir='ltr'><strong>Evangelio</strong></span> <span class='ocrx_word' id='word_1_355' title='bbox 1341 3162 1451 3202; x_wconf 91' lang='lat' dir='ltr'><strong>non</strong></span> <span class='ocrx_word' id='word_1_356' title='bbox 1488 3156 1734 3213; x_wconf 90' lang='lat' dir='ltr'><strong>constat,</strong></span> 
     </span>
    </p>
   </div>
   <div class='ocr_carea' id='block_1_49' title="bbox 150 3238 1736 3308">
    <p class='ocr_par' dir='ltr' id='par_1_49' title="bbox 150 3238 1736 3308">
     <span class='ocr_line' id='line_1_49' title="bbox 150 3238 1736 3308; baseline 0.001 -16"><span class='ocrx_word' id='word_1_357' title='bbox 150 3238 199 3292; x_wconf 76' lang='lat' dir='ltr'><strong>si</strong></span> <span class='ocrx_word' id='word_1_358' title='bbox 238 3255 308 3293; x_wconf 80' lang='lat' dir='ltr'><strong>ex</strong></span> <span class='ocrx_word' id='word_1_359' title='bbox 354 3238 511 3293; x_wconf 84' lang='lat' dir='ltr'><strong>Actis</strong></span> <span class='ocrx_word' id='word_1_360' title='bbox 557 3238 933 3308; x_wconf 82' lang='lat' dir='ltr'><strong>apostolorum</strong></span> <span class='ocrx_word' id='word_1_361' title='bbox 972 3248 1437 3305; x_wconf 86' lang='lat' dir='ltr'><strong>constet,verum</strong></span> <span class='ocrx_word' id='word_1_362' title='bbox 1486 3255 1597 3295; x_wconf 92' lang='lat' dir='ltr'><strong>non</strong></span> <span class='ocrx_word' id='word_1_363' title='bbox 1644 3240 1736 3294; x_wconf 89' lang='lat' dir='ltr'><strong>sit.</strong></span> 
     </span>
    </p>
   </div>
   <div class='ocr_carea' id='block_1_50' title="bbox 152 3330 1739 3403">
    <p class='ocr_par' dir='ltr' id='par_1_50' title="bbox 152 3330 1739 3403">
     <span class='ocr_line' id='line_1_50' title="bbox 152 3330 1739 3403; baseline 0.001 -18"><span class='ocrx_word' id='word_1_364' title='bbox 152 3331 311 3385; x_wconf 75' lang='grc' dir='ltr'>Μετά</span> <span class='ocrx_word' id='word_1_365' title='bbox 369 3330 471 3403; x_wconf 80' lang='grc' dir='ltr'><strong>τὴν</strong></span> <span class='ocrx_word' id='word_1_366' title='bbox 522 3331 817 3385; x_wconf 79' lang='grc' dir='ltr'>ἀνάστασιν</span> <span class='ocrx_word' id='word_1_367' title='bbox 868 3333 1166 3403; x_wconf 78' lang='grc' dir='ltr'>συνέφαγεν</span> <span class='ocrx_word' id='word_1_368' title='bbox 1213 3334 1395 3398; x_wconf 81' lang='grc' dir='ltr'>αὐτοῖς</span> <span class='ocrx_word' id='word_1_369' title='bbox 1447 3334 1541 3388; x_wconf 81' lang='grc' dir='ltr'>καὶ</span> <span class='ocrx_word' id='word_1_370' title='bbox 1586 3334 1739 3388; x_wconf 83' lang='grc' dir='ltr'>συνέ-</span> 
     </span>
    </p>
   </div>
   <div class='ocr_carea' id='block_1_51' title="bbox 150 3423 1736 3489">
    <p class='ocr_par' dir='ltr' id='par_1_51' title="bbox 150 3423 1736 3489">
     <span class='ocr_line' id='line_1_51' title="bbox 150 3423 1736 3489; baseline 0.003 -12"><span class='ocrx_word' id='word_1_371' title='bbox 150 3442 318 3489; x_wconf 58' lang='lat' dir='ltr'><strong>mea,</strong></span> <span class='ocrx_word' id='word_1_372' title='bbox 374 3444 393 3476; x_wconf 76' lang='grc' dir='ltr'><strong>ι</strong></span> <span class='ocrx_word' id='word_1_373' title='bbox 429 3423 562 3479; x_wconf 84' lang='lat' dir='ltr'><strong>Post</strong></span> <span class='ocrx_word' id='word_1_374' title='bbox 606 3425 1069 3481; x_wconf 83' lang='lat' dir='ltr'><strong>resurrectionem</strong></span> <span class='ocrx_word' id='word_1_375' title='bbox 1105 3426 1359 3483; x_wconf 85' lang='lat' dir='ltr'><strong>Christus</strong></span> <span class='ocrx_word' id='word_1_376' title='bbox 1400 3443 1525 3482; x_wconf 92' lang='lat' dir='ltr'><strong>cum</strong></span> <span class='ocrx_word' id='word_1_377' title='bbox 1568 3428 1736 3483; x_wconf 87' lang='lat' dir='ltr'><strong>disci-</strong></span> 
     </span>
    </p>
   </div>
   <div class='ocr_carea' id='block_1_52' title="bbox 151 3517 1735 3590">
    <p class='ocr_par' dir='ltr' id='par_1_52' title="bbox 151 3517 1735 3590">
     <span class='ocr_line' id='line_1_52' title="bbox 151 3517 1735 3590; baseline 0.001 -18"><span class='ocrx_word' id='word_1_378' title='bbox 151 3518 298 3587; x_wconf 82' lang='lat' dir='ltr'><strong>pulis</strong></span> <span class='ocrx_word' id='word_1_379' title='bbox 351 3517 590 3573; x_wconf 85' lang='lat' dir='ltr'><strong>comedit</strong></span> <span class='ocrx_word' id='word_1_380' title='bbox 617 3527 673 3572; x_wconf 90' lang='lat' dir='ltr'><strong>et</strong></span> <span class='ocrx_word' id='word_1_381' title='bbox 717 3517 874 3585; x_wconf 87' lang='lat' dir='ltr'><strong>bibit,</strong></span> <span class='ocrx_word' id='word_1_382' title='bbox 899 3537 919 3570; x_wconf 73' lang='grc' dir='ltr'><strong>ι</strong></span> <span class='ocrx_word' id='word_1_383' title='bbox 956 3517 1132 3588; x_wconf 87' lang='lat' dir='ltr'><strong>inquit</strong></span> <span class='ocrx_word' id='word_1_384' title='bbox 1167 3519 1427 3590; x_wconf 84' lang='lat' dir='ltr'><strong>Ignatius.</strong></span> <span class='ocrx_word' id='word_1_385' title='bbox 1460 3519 1602 3585; x_wconf 83' lang='lat' dir='ltr'><strong>Quid</strong></span> <span class='ocrx_word' id='word_1_386' title='bbox 1635 3536 1735 3574; x_wconf 87' lang='lat' dir='ltr'><strong>au-</strong></span> 
     </span>
    </p>
   </div>
   <div class='ocr_carea' id='block_1_53' title="bbox 151 3608 1738 3682">
    <p class='ocr_par' dir='ltr' id='par_1_53' title="bbox 151 3608 1738 3682">
     <span class='ocr_line' id='line_1_53' title="bbox 151 3608 1738 3682; baseline 0.001 -18"><span class='ocrx_word' id='word_1_387' title='bbox 151 3621 260 3665; x_wconf 86' lang='lat' dir='ltr'><strong>tem</strong></span> <span class='ocrx_word' id='word_1_388' title='bbox 321 3608 383 3665; x_wconf 90' lang='lat' dir='ltr'><strong>S.</strong></span> <span class='ocrx_word' id='word_1_389' title='bbox 421 3610 619 3666; x_wconf 83' lang='lat' dir='ltr'><strong>Petrus</strong></span> <span class='ocrx_word' id='word_1_390' title='bbox 668 3610 790 3664; x_wconf 83' lang='lat' dir='ltr'><strong>Act.</strong></span> <span class='ocrx_word' id='word_1_391' title='bbox 842 3626 906 3677; x_wconf 70' lang='grc' dir='ltr'><strong>ι,</strong></span> <span class='ocrx_word' id='word_1_392' title='bbox 935 3611 1051 3665; x_wconf 68' lang='grc' dir='ltr'>Ηε</span> <span class='ocrx_word' id='word_1_393' title='bbox 1108 3613 1315 3674; x_wconf 86' lang='grc' dir='ltr'>Οῖτινες</span> <span class='ocrx_word' id='word_1_394' title='bbox 1364 3611 1738 3682; x_wconf 81' lang='grc' dir='ltr'>συνεφάγομεν</span> 
     </span>
    </p>
   </div>
   <div class='ocr_carea' id='block_1_54' title="bbox 152 3699 1739 3774">
    <p class='ocr_par' dir='ltr' id='par_1_54' title="bbox 152 3699 1739 3774">
     <span class='ocr_line' id='line_1_54' title="bbox 152 3699 1739 3774; baseline 0 -19"><span class='ocrx_word' id='word_1_395' title='bbox 152 3702 248 3756; x_wconf 74' lang='grc' dir='ltr'><strong>καὶ</strong></span> <span class='ocrx_word' id='word_1_396' title='bbox 308 3702 640 3772; x_wconf 77' lang='grc' dir='ltr'>συνεπίομεν</span> <span class='ocrx_word' id='word_1_397' title='bbox 691 3699 841 3771; x_wconf 85' lang='grc' dir='ltr'>αὑτῷ</span> <span class='ocrx_word' id='word_1_398' title='bbox 889 3702 1031 3756; x_wconf 80' lang='grc' dir='ltr'>κατά</span> <span class='ocrx_word' id='word_1_399' title='bbox 1062 3703 1126 3757; x_wconf 81' lang='grc' dir='ltr'><strong>τδ</strong></span> <span class='ocrx_word' id='word_1_400' title='bbox 1176 3701 1479 3774; x_wconf 81' lang='grc' dir='ltr'>ἀναστῆναι</span> <span class='ocrx_word' id='word_1_401' title='bbox 1528 3705 1593 3755; x_wconf 79' lang='grc' dir='ltr'><strong>ὲκ</strong></span> <span class='ocrx_word' id='word_1_402' title='bbox 1632 3702 1739 3755; x_wconf 84' lang='grc' dir='ltr'><strong>τῶν</strong></span> 
     </span>
    </p>
   </div>
   <div class='ocr_carea' id='block_1_55' title="bbox 152 3793 1741 3865">
    <p class='ocr_par' dir='ltr' id='par_1_55' title="bbox 152 3793 1741 3865">
     <span class='ocr_line' id='line_1_55' title="bbox 152 3793 1741 3865; baseline -0.001 -19"><span class='ocrx_word' id='word_1_403' title='bbox 152 3793 551 3865; x_wconf 61' lang='lat' dir='ltr'><strong>vszpt&#39;IHJQui</strong></span> <span class='ocrx_word' id='word_1_404' title='bbox 594 3797 914 3851; x_wconf 76' lang='lat' dir='ltr'><strong>comedimus</strong></span> <span class='ocrx_word' id='word_1_405' title='bbox 957 3805 1007 3848; x_wconf 81' lang='lat' dir='ltr'><strong>et</strong></span> <span class='ocrx_word' id='word_1_406' title='bbox 1034 3794 1260 3848; x_wconf 80' lang='lat' dir='ltr'><strong>bibimus</strong></span> <span class='ocrx_word' id='word_1_407' title='bbox 1292 3809 1411 3847; x_wconf 85' lang='lat' dir='ltr'><strong>cum</strong></span> <span class='ocrx_word' id='word_1_408' title='bbox 1460 3808 1542 3857; x_wconf 77' lang='lat' dir='ltr'><strong>eo,</strong></span> <span class='ocrx_word' id='word_1_409' title='bbox 1595 3800 1741 3860; x_wconf 81' lang='lat' dir='ltr'><strong>post-</strong></span> 
     </span>
    </p>
   </div>
   <div class='ocr_carea' id='block_1_56' title="bbox 151 3883 1742 3957">
    <p class='ocr_par' dir='ltr' id='par_1_56' title="bbox 151 3883 1742 3957">
     <span class='ocr_line' id='line_1_56' title="bbox 151 3883 1742 3957; baseline -0.001 -17"><span class='ocrx_word' id='word_1_410' title='bbox 151 3890 639 3957; x_wconf 70' lang='lat' dir='ltr'><strong>quamrrsurrcxit</strong></span> <span class='ocrx_word' id='word_1_411' title='bbox 686 3905 719 3941; x_wconf 91' lang='lat' dir='ltr'><strong>a</strong></span> <span class='ocrx_word' id='word_1_412' title='bbox 772 3889 1020 3942; x_wconf 74' lang='lat' dir='ltr'><strong>mortuis.</strong></span> <span class='ocrx_word' id='word_1_413' title='bbox 1077 3905 1099 3939; x_wconf 73' lang='grc' dir='ltr'><strong><em>ι</em></strong></span> <span class='ocrx_word' id='word_1_414' title='bbox 1153 3888 1260 3952; x_wconf 75' lang='lat' dir='ltr'><strong>At,</strong></span> <span class='ocrx_word' id='word_1_415' title='bbox 1333 3885 1532 3955; x_wconf 88' lang='lat' dir='ltr'><strong>inquit,</strong></span> <span class='ocrx_word' id='word_1_416' title='bbox 1574 3904 1593 3936; x_wconf 72' lang='grc' dir='ltr'><strong>ι</strong></span> <span class='ocrx_word' id='word_1_417' title='bbox 1632 3883 1742 3939; x_wconf 79' lang='lat' dir='ltr'><strong>Lu-</strong></span> 
     </span>
    </p>
   </div>
   <div class='ocr_carea' id='block_1_57' title="bbox 152 3977 1741 4050">
    <p class='ocr_par' dir='ltr' id='par_1_57' title="bbox 152 3977 1741 4050">
     <span class='ocr_line' id='line_1_57' title="bbox 152 3977 1741 4050; baseline -0.004 -14"><span class='ocrx_word' id='word_1_418' title='bbox 152 3995 248 4036; x_wconf 85' lang='lat' dir='ltr'><strong>eas</strong></span> <span class='ocrx_word' id='word_1_419' title='bbox 349 3980 549 4035; x_wconf 84' lang='lat' dir='ltr'><strong>scribit</strong></span> <span class='ocrx_word' id='word_1_420' title='bbox 616 3980 901 4050; x_wconf 83' lang='lat' dir='ltr'><strong>apostolos</strong></span> <span class='ocrx_word' id='word_1_421' title='bbox 966 3994 1093 4035; x_wconf 86' lang='lat' dir='ltr'><strong>eum</strong></span> <span class='ocrx_word' id='word_1_422' title='bbox 1169 3977 1393 4032; x_wconf 85' lang='lat' dir='ltr'><strong>Christo</strong></span> <span class='ocrx_word' id='word_1_423' title='bbox 1447 3985 1741 4046; x_wconf 90' lang='lat' dir='ltr'><strong>postquam</strong></span> 
     </span>
    </p>
   </div>
   <div class='ocr_carea' id='block_1_58' title="bbox 152 4069 1740 4138">
    <p class='ocr_par' dir='ltr' id='par_1_58' title="bbox 152 4069 1740 4138">
     <span class='ocr_line' id='line_1_58' title="bbox 152 4069 1740 4138; baseline -0.004 -9"><span class='ocrx_word' id='word_1_424' title='bbox 152 4074 561 4129; x_wconf 79' lang='lat' dir='ltr'><strong>resnrrexisset</strong></span> <span class='ocrx_word' id='word_1_425' title='bbox 600 4090 631 4128; x_wconf 92' lang='lat' dir='ltr'><strong>a</strong></span> <span class='ocrx_word' id='word_1_426' title='bbox 664 4074 919 4138; x_wconf 85' lang='lat' dir='ltr'><strong>mortuis,</strong></span> <span class='ocrx_word' id='word_1_427' title='bbox 960 4071 1386 4127; x_wconf 83' lang='lat' dir='ltr'><strong>manducavisse</strong></span> <span class='ocrx_word' id='word_1_428' title='bbox 1410 4079 1467 4125; x_wconf 89' lang='lat' dir='ltr'><strong>et</strong></span> <span class='ocrx_word' id='word_1_429' title='bbox 1495 4069 1740 4136; x_wconf 87' lang='lat' dir='ltr'><strong>bibisse;</strong></span> 
     </span>
    </p>
   </div>
   <div class='ocr_carea' id='block_1_59' title="bbox 154 4160 1743 4234">
    <p class='ocr_par' dir='ltr' id='par_1_59' title="bbox 154 4160 1743 4234">
     <span class='ocr_line' id='line_1_59' title="bbox 154 4160 1743 4234; baseline -0.003 -15"><span class='ocrx_word' id='word_1_430' title='bbox 154 4167 339 4234; x_wconf 84' lang='lat' dir='ltr'><strong>ipsum</strong></span> <span class='ocrx_word' id='word_1_431' title='bbox 370 4180 509 4221; x_wconf 80' lang='lat' dir='ltr'><strong>vero</strong></span> <span class='ocrx_word' id='word_1_432' title='bbox 540 4182 664 4220; x_wconf 86' lang='lat' dir='ltr'><strong>cum</strong></span> <span class='ocrx_word' id='word_1_433' title='bbox 710 4165 792 4220; x_wconf 90' lang='lat' dir='ltr'><strong>eis</strong></span> <span class='ocrx_word' id='word_1_434' title='bbox 827 4165 1107 4220; x_wconf 86' lang='lat' dir='ltr'><strong>Christum</strong></span> <span class='ocrx_word' id='word_1_435' title='bbox 1154 4162 1342 4232; x_wconf 87' lang='lat' dir='ltr'><strong>(quod</strong></span> <span class='ocrx_word' id='word_1_436' title='bbox 1393 4170 1580 4216; x_wconf 90' lang='lat' dir='ltr'><strong>noster</strong></span> <span class='ocrx_word' id='word_1_437' title='bbox 1625 4160 1743 4230; x_wconf 87' lang='lat' dir='ltr'><strong>ait)</strong></span> 
     </span>
    </p>
   </div>
   <div class='ocr_carea' id='block_1_60' title="bbox 156 4253 1745 4325">
    <p class='ocr_par' dir='ltr' id='par_1_60' title="bbox 156 4253 1745 4325">
     <span class='ocr_line' id='line_1_60' title="bbox 156 4253 1745 4325; baseline -0.001 -14"><span class='ocrx_word' id='word_1_438' title='bbox 156 4257 586 4312; x_wconf 74' lang='lat' dir='ltr'><strong>manducavisse</strong></span> <span class='ocrx_word' id='word_1_439' title='bbox 610 4266 664 4311; x_wconf 91' lang='lat' dir='ltr'><strong>et</strong></span> <span class='ocrx_word' id='word_1_440' title='bbox 693 4256 898 4312; x_wconf 87' lang='lat' dir='ltr'><strong>bibisse</strong></span> <span class='ocrx_word' id='word_1_441' title='bbox 929 4269 1203 4325; x_wconf 87' lang='lat' dir='ltr'><strong>nusquam</strong></span> <span class='ocrx_word' id='word_1_442' title='bbox 1230 4254 1380 4309; x_wconf 89' lang='lat' dir='ltr'><strong>dicit.</strong></span> <span class='ocrx_word' id='word_1_443' title='bbox 1413 4272 1432 4305; x_wconf 72' lang='grc' dir='ltr'><strong><em>ι</em></strong></span> <span class='ocrx_word' id='word_1_444' title='bbox 1470 4253 1587 4308; x_wconf 89' lang='lat' dir='ltr'><strong>lmo</strong></span> <span class='ocrx_word' id='word_1_445' title='bbox 1614 4267 1745 4309; x_wconf 84' lang='lat' dir='ltr'><strong>vero</strong></span> 
     </span>
    </p>
   </div>
   <div class='ocr_carea' id='block_1_61' title="bbox 156 4344 1743 4418">
    <p class='ocr_par' dir='ltr' id='par_1_61' title="bbox 156 4344 1743 4418">
     <span class='ocr_line' id='line_1_61' title="bbox 156 4344 1743 4418; baseline -0.002 -17"><span class='ocrx_word' id='word_1_446' title='bbox 156 4348 199 4401; x_wconf 82' lang='lat' dir='ltr'><strong>si</strong></span> <span class='ocrx_word' id='word_1_447' title='bbox 242 4348 425 4418; x_wconf 85' lang='lat' dir='ltr'><strong>prius,</strong></span> <span class='ocrx_word' id='word_1_448' title='bbox 466 4356 614 4403; x_wconf 85' lang='lat' dir='ltr'><strong>certe</strong></span> <span class='ocrx_word' id='word_1_449' title='bbox 642 4356 698 4402; x_wconf 92' lang='lat' dir='ltr'><strong>et</strong></span> <span class='ocrx_word' id='word_1_450' title='bbox 728 4347 1004 4418; x_wconf 85' lang='lat' dir='ltr'><strong>posterius</strong></span> <span class='ocrx_word' id='word_1_451' title='bbox 1033 4344 1207 4410; x_wconf 71' lang='lat' dir='ltr'><strong>dixit,</strong></span> <span class='ocrx_word' id='word_1_452' title='bbox 1237 4345 1613 4418; x_wconf 77' lang='grc' dir='ltr'>συνεφάγομεν</span> <span class='ocrx_word' id='word_1_453' title='bbox 1650 4345 1743 4399; x_wconf 80' lang='grc' dir='ltr'><strong>καὶ</strong></span> 
     </span>
    </p>
   </div>
   <div class='ocr_carea' id='block_1_62' title="bbox 158 4438 1743 4511">
    <p class='ocr_par' dir='ltr' id='par_1_62' title="bbox 158 4438 1743 4511">
     <span class='ocr_line' id='line_1_62' title="bbox 158 4438 1743 4511; baseline 0.001 -19"><span class='ocrx_word' id='word_1_454' title='bbox 158 4442 491 4511; x_wconf 77' lang='grc' dir='ltr'>συνεπίομεν</span> <span class='ocrx_word' id='word_1_455' title='bbox 522 4438 705 4510; x_wconf 83' lang='grc' dir='ltr'>αὐτῷ,</span> <span class='ocrx_word' id='word_1_456' title='bbox 744 4440 798 4494; x_wconf 90' lang='lat' dir='ltr'><strong>id</strong></span> <span class='ocrx_word' id='word_1_457' title='bbox 840 4448 924 4494; x_wconf 88' lang='lat' dir='ltr'><strong>est</strong></span> <span class='ocrx_word' id='word_1_458' title='bbox 967 4440 1107 4495; x_wconf 85' lang='lat' dir='ltr'><strong>Beza</strong></span> <span class='ocrx_word' id='word_1_459' title='bbox 1151 4442 1479 4509; x_wconf 85' lang='lat' dir='ltr'><strong>interprete,</strong></span> <span class='ocrx_word' id='word_1_460' title='bbox 1536 4457 1559 4489; x_wconf 71' lang='grc' dir='ltr'><strong>ι</strong></span> <span class='ocrx_word' id='word_1_461' title='bbox 1586 4454 1743 4493; x_wconf 89' lang='lat' dir='ltr'><strong>eom-</strong></span> 
     </span>
    </p>
   </div>
   <div class='ocr_carea' id='block_1_63' title="bbox 154 4530 1815 4615">
    <p class='ocr_par' dir='ltr' id='par_1_63' title="bbox 154 4530 1815 4615">
     <span class='ocr_line' id='line_1_63' title="bbox 154 4530 1815 4615; baseline -0.001 -29"><span class='ocrx_word' id='word_1_462' title='bbox 154 4534 373 4588; x_wconf 80' lang='lat' dir='ltr'><strong>edimus</strong></span> <span class='ocrx_word' id='word_1_463' title='bbox 394 4541 454 4587; x_wconf 88' lang='lat' dir='ltr'><strong>et</strong></span> <span class='ocrx_word' id='word_1_464' title='bbox 479 4533 720 4588; x_wconf 73' lang='lat' dir='ltr'><strong>bibimus</strong></span> <span class='ocrx_word' id='word_1_465' title='bbox 747 4538 854 4588; x_wconf 87' lang='lat' dir='ltr'><strong>una</strong></span> <span class='ocrx_word' id='word_1_466' title='bbox 880 4549 1004 4588; x_wconf 83' lang='lat' dir='ltr'><strong>eum</strong></span> <span class='ocrx_word' id='word_1_467' title='bbox 1030 4548 1121 4599; x_wconf 80' lang='lat' dir='ltr'><strong>eo,</strong></span> <span class='ocrx_word' id='word_1_468' title='bbox 1147 4552 1168 4585; x_wconf 82' lang='grc' dir='ltr'><strong>ι</strong></span> <span class='ocrx_word' id='word_1_469' title='bbox 1194 4548 1302 4588; x_wconf 87' lang='lat' dir='ltr'><strong>non</strong></span> <span class='ocrx_word' id='word_1_470' title='bbox 1328 4534 1469 4587; x_wconf 81' lang='lat' dir='ltr'><strong>inter</strong></span> <span class='ocrx_word' id='word_1_471' title='bbox 1490 4547 1612 4597; x_wconf 89' lang='lat' dir='ltr'><strong>nos,</strong></span> <span class='ocrx_word' id='word_1_472' title='bbox 1645 4530 1737 4585; x_wconf 91' lang='lat' dir='ltr'><strong>sed</strong></span> <span class='ocrx_word' id='word_1_473' title='bbox 1772 4561 1815 4615; x_wconf 69' lang='grc' dir='ltr'>Β</span> 
     </span>
    </p>
   </div>
   <div class='ocr_carea' id='block_1_64' title="bbox 162 4623 1739 4681">
    <p class='ocr_par' dir='ltr' id='par_1_64' title="bbox 162 4623 1739 4681">
     <span class='ocr_line' id='line_1_64' title="bbox 162 4623 1739 4681; baseline 0 -5"><span class='ocrx_word' id='word_1_474' title='bbox 162 4644 183 4676; x_wconf 73' lang='grc' dir='ltr'><strong>ι</strong></span> <span class='ocrx_word' id='word_1_475' title='bbox 212 4642 324 4680; x_wconf 89' lang='lat' dir='ltr'><strong>una</strong></span> <span class='ocrx_word' id='word_1_476' title='bbox 356 4642 488 4680; x_wconf 87' lang='lat' dir='ltr'><strong>eum</strong></span> <span class='ocrx_word' id='word_1_477' title='bbox 515 4640 582 4678; x_wconf 89' lang='lat' dir='ltr'><strong>eo</strong></span> <span class='ocrx_word' id='word_1_478' title='bbox 627 4642 646 4676; x_wconf 74' lang='grc' dir='ltr'><strong>ι</strong></span> <span class='ocrx_word' id='word_1_479' title='bbox 669 4624 727 4679; x_wconf 88' lang='lat' dir='ltr'><strong>In</strong></span> <span class='ocrx_word' id='word_1_480' title='bbox 750 4627 919 4680; x_wconf 85' lang='lat' dir='ltr'><strong>veteri</strong></span> <span class='ocrx_word' id='word_1_481' title='bbox 945 4625 1100 4681; x_wconf 70' lang='lat' dir='ltr'><strong>Beza:</strong></span> <span class='ocrx_word' id='word_1_482' title='bbox 1114 4626 1305 4680; x_wconf 84' lang='lat' dir='ltr'><strong>codice</strong></span> <span class='ocrx_word' id='word_1_483' title='bbox 1334 4626 1387 4678; x_wconf 90' lang='lat' dir='ltr'><strong>in</strong></span> <span class='ocrx_word' id='word_1_484' title='bbox 1408 4623 1739 4679; x_wconf 79' lang='lat' dir='ltr'><strong>Bibliotheca</strong></span> 
     </span>
    </p>
   </div>
   <div class='ocr_carea' id='block_1_65' title="bbox 157 4719 1740 4791">
    <p class='ocr_par' dir='ltr' id='par_1_65' title="bbox 157 4719 1740 4791">
     <span class='ocr_line' id='line_1_65' title="bbox 157 4719 1740 4791; baseline -0.001 -18"><span class='ocrx_word' id='word_1_485' title='bbox 157 4729 346 4774; x_wconf 72' lang='lat' dir='ltr'><strong>nostra</strong></span> <span class='ocrx_word' id='word_1_486' title='bbox 403 4719 655 4772; x_wconf 86' lang='lat' dir='ltr'><strong>additum</strong></span> <span class='ocrx_word' id='word_1_487' title='bbox 705 4728 808 4783; x_wconf 90' lang='lat' dir='ltr'><strong>est,</strong></span> <span class='ocrx_word' id='word_1_488' title='bbox 837 4720 935 4772; x_wconf 75' lang='grc' dir='ltr'><strong>καὶ</strong></span> <span class='ocrx_word' id='word_1_489' title='bbox 977 4719 1446 4791; x_wconf 80' lang='grc' dir='ltr'>συνεστράφημεν,</span> <span class='ocrx_word' id='word_1_490' title='bbox 1476 4735 1494 4767; x_wconf 76' lang='grc' dir='ltr'><strong>ι</strong></span> <span class='ocrx_word' id='word_1_491' title='bbox 1521 4725 1576 4771; x_wconf 89' lang='lat' dir='ltr'><strong>et</strong></span> <span class='ocrx_word' id='word_1_492' title='bbox 1602 4731 1740 4771; x_wconf 89' lang='lat' dir='ltr'><strong>con-</strong></span> 
     </span>
    </p>
   </div>
   <div class='ocr_carea' id='block_1_66' title="bbox 155 4809 1742 4875">
    <p class='ocr_par' dir='ltr' id='par_1_66' title="bbox 155 4809 1742 4875">
     <span class='ocr_line' id='line_1_66' title="bbox 155 4809 1742 4875; baseline -0.003 -10"><span class='ocrx_word' id='word_1_493' title='bbox 155 4814 360 4869; x_wconf 75' lang='lat' dir='ltr'><strong>rersati</strong></span> <span class='ocrx_word' id='word_1_494' title='bbox 410 4827 628 4867; x_wconf 84' lang='lat' dir='ltr'><strong>sumus.</strong></span> <span class='ocrx_word' id='word_1_495' title='bbox 663 4830 684 4863; x_wconf 76' lang='grc' dir='ltr'><strong><em>ι</em></strong></span> <span class='ocrx_word' id='word_1_496' title='bbox 724 4811 893 4866; x_wconf 88' lang='lat' dir='ltr'><strong>Erant</strong></span> <span class='ocrx_word' id='word_1_497' title='bbox 939 4812 1085 4866; x_wconf 87' lang='lat' dir='ltr'><strong>enim</strong></span> <span class='ocrx_word' id='word_1_498' title='bbox 1131 4812 1209 4865; x_wconf 88' lang='lat' dir='ltr'><strong>illi</strong></span> <span class='ocrx_word' id='word_1_499' title='bbox 1252 4820 1417 4866; x_wconf 85' lang='lat' dir='ltr'><strong>testes</strong></span> <span class='ocrx_word' id='word_1_500' title='bbox 1445 4809 1635 4875; x_wconf 90' lang='lat' dir='ltr'><strong>electi,</strong></span> <span class='ocrx_word' id='word_1_501' title='bbox 1687 4815 1742 4862; x_wconf 88' lang='lat' dir='ltr'><strong>et</strong></span> 
     </span>
    </p>
   </div>
   <div class='ocr_carea' id='block_1_67' title="bbox 160 4899 1741 4965">
    <p class='ocr_par' dir='ltr' id='par_1_67' title="bbox 160 4899 1741 4965">
     <span class='ocr_line' id='line_1_67' title="bbox 160 4899 1741 4965; baseline -0.004 -6"><span class='ocrx_word' id='word_1_502' title='bbox 160 4903 495 4959; x_wconf 83' lang='lat' dir='ltr'><strong>familiarius</strong></span> <span class='ocrx_word' id='word_1_503' title='bbox 526 4901 776 4965; x_wconf 90' lang='lat' dir='ltr'><strong>adhibiti,</strong></span> <span class='ocrx_word' id='word_1_504' title='bbox 810 4910 870 4955; x_wconf 87' lang='lat' dir='ltr'><strong>ut</strong></span> <span class='ocrx_word' id='word_1_505' title='bbox 896 4901 1150 4957; x_wconf 87' lang='lat' dir='ltr'><strong>Christus</strong></span> <span class='ocrx_word' id='word_1_506' title='bbox 1193 4916 1227 4955; x_wconf 90' lang='lat' dir='ltr'><strong>a</strong></span> <span class='ocrx_word' id='word_1_507' title='bbox 1256 4908 1431 4954; x_wconf 87' lang='lat' dir='ltr'><strong>morte</strong></span> <span class='ocrx_word' id='word_1_508' title='bbox 1468 4899 1741 4953; x_wconf 81' lang='lat' dir='ltr'><strong>excitatus</strong></span> 
     </span>
    </p>
   </div>
   <div class='ocr_carea' id='block_1_68' title="bbox 160 4993 1742 5063">
    <p class='ocr_par' dir='ltr' id='par_1_68' title="bbox 160 4993 1742 5063">
     <span class='ocr_line' id='line_1_68' title="bbox 160 4993 1742 5063; baseline -0.003 -14"><span class='ocrx_word' id='word_1_509' title='bbox 160 4996 224 5051; x_wconf 86' lang='lat' dir='ltr'><strong>iis</strong></span> <span class='ocrx_word' id='word_1_510' title='bbox 252 4997 415 5050; x_wconf 83' lang='lat' dir='ltr'><strong>tieret</strong></span> <span class='ocrx_word' id='word_1_511' title='bbox 446 4994 779 5063; x_wconf 80' lang='lat' dir='ltr'><strong>conspicuus</strong></span> <span class='ocrx_word' id='word_1_512' title='bbox 812 4993 866 5047; x_wconf 90' lang='lat' dir='ltr'><strong>in</strong></span> <span class='ocrx_word' id='word_1_513' title='bbox 908 4994 1150 5047; x_wconf 88' lang='lat' dir='ltr'><strong>humana</strong></span> <span class='ocrx_word' id='word_1_514' title='bbox 1195 5001 1390 5046; x_wconf 80' lang='lat' dir='ltr'><strong>natura</strong></span> <span class='ocrx_word' id='word_1_515' title='bbox 1434 5000 1489 5046; x_wconf 89' lang='lat' dir='ltr'><strong>et</strong></span> <span class='ocrx_word' id='word_1_516' title='bbox 1511 5006 1608 5060; x_wconf 92' lang='lat' dir='ltr'><strong>per</strong></span> <span class='ocrx_word' id='word_1_517' title='bbox 1643 5003 1742 5044; x_wconf 91' lang='lat' dir='ltr'><strong>eos</strong></span> 
     </span>
    </p>
   </div>
   <div class='ocr_carea' id='block_1_69' title="bbox 159 5082 1743 5151">
    <p class='ocr_par' dir='ltr' id='par_1_69' title="bbox 159 5082 1743 5151">
     <span class='ocr_line' id='line_1_69' title="bbox 159 5082 1743 5151; baseline -0.003 -10"><span class='ocrx_word' id='word_1_518' title='bbox 159 5088 280 5144; x_wconf 84' lang='lat' dir='ltr'><strong>aliis</strong></span> <span class='ocrx_word' id='word_1_519' title='bbox 312 5106 327 5140; x_wconf 91' lang='lat'><strong>:</strong></span> <span class='ocrx_word' id='word_1_520' title='bbox 360 5096 425 5140; x_wconf 90' lang='lat' dir='ltr'><strong>ut</strong></span> <span class='ocrx_word' id='word_1_521' title='bbox 470 5086 578 5140; x_wconf 85' lang='lat' dir='ltr'><strong>hoc</strong></span> <span class='ocrx_word' id='word_1_522' title='bbox 619 5084 809 5151; x_wconf 87' lang='lat' dir='ltr'><strong>ﬁeret,</strong></span> <span class='ocrx_word' id='word_1_523' title='bbox 840 5103 858 5134; x_wconf 75' lang='grc' dir='ltr'><strong>ι</strong></span> <span class='ocrx_word' id='word_1_524' title='bbox 900 5093 955 5139; x_wconf 90' lang='lat' dir='ltr'><strong>et</strong></span> <span class='ocrx_word' id='word_1_525' title='bbox 998 5084 1360 5139; x_wconf 88' lang='lat' dir='ltr'><strong>comederunt</strong></span> <span class='ocrx_word' id='word_1_526' title='bbox 1394 5092 1448 5137; x_wconf 91' lang='lat' dir='ltr'><strong>et</strong></span> <span class='ocrx_word' id='word_1_527' title='bbox 1488 5082 1743 5137; x_wconf 89' lang='lat' dir='ltr'><strong>biberunt</strong></span> 
     </span>
    </p>
   </div>
   <div class='ocr_carea' id='block_1_70' title="bbox 160 5175 1742 5245">
    <p class='ocr_par' dir='ltr' id='par_1_70' title="bbox 160 5175 1742 5245">
     <span class='ocr_line' id='line_1_70' title="bbox 160 5175 1742 5245; baseline -0.003 -12"><span class='ocrx_word' id='word_1_528' title='bbox 160 5198 265 5236; x_wconf 85' lang='lat' dir='ltr'><strong>una</strong></span> <span class='ocrx_word' id='word_1_529' title='bbox 298 5197 428 5234; x_wconf 83' lang='lat' dir='ltr'><strong>cum</strong></span> <span class='ocrx_word' id='word_1_530' title='bbox 467 5195 556 5245; x_wconf 89' lang='lat' dir='ltr'><strong>eo,</strong></span> <span class='ocrx_word' id='word_1_531' title='bbox 589 5198 608 5230; x_wconf 77' lang='grc' dir='ltr'><strong>ι</strong></span> <span class='ocrx_word' id='word_1_532' title='bbox 643 5179 747 5234; x_wconf 88' lang='lat' dir='ltr'><strong>hoc</strong></span> <span class='ocrx_word' id='word_1_533' title='bbox 782 5191 866 5234; x_wconf 86' lang='lat' dir='ltr'><strong>est</strong></span> <span class='ocrx_word' id='word_1_534' title='bbox 891 5194 958 5234; x_wconf 88' lang='lat' dir='ltr'><strong>eo</strong></span> <span class='ocrx_word' id='word_1_535' title='bbox 984 5178 1306 5233; x_wconf 79' lang='lat' dir='ltr'><strong>&#39;comedente</strong></span> <span class='ocrx_word' id='word_1_536' title='bbox 1334 5186 1388 5231; x_wconf 91' lang='lat' dir='ltr'><strong>et</strong></span> <span class='ocrx_word' id='word_1_537' title='bbox 1419 5176 1636 5232; x_wconf 84' lang='lat' dir='ltr'><strong>bibente</strong></span> <span class='ocrx_word' id='word_1_538' title='bbox 1664 5175 1742 5228; x_wconf 91' lang='lat' dir='ltr'><strong>illi</strong></span> 
     </span>
    </p>
   </div>
   <div class='ocr_carea' id='block_1_71' title="bbox 160 5269 1741 5339">
    <p class='ocr_par' dir='ltr' id='par_1_71' title="bbox 160 5269 1741 5339">
     <span class='ocr_line' id='line_1_71' title="bbox 160 5269 1741 5339; baseline -0.004 -12"><span class='ocrx_word' id='word_1_539' title='bbox 160 5274 327 5327; x_wconf 82' lang='lat' dir='ltr'><strong>simul</strong></span> <span class='ocrx_word' id='word_1_540' title='bbox 356 5271 725 5327; x_wconf 84' lang='lat' dir='ltr'><strong>comedebant</strong></span> <span class='ocrx_word' id='word_1_541' title='bbox 744 5280 798 5326; x_wconf 86' lang='lat' dir='ltr'><strong>et</strong></span> <span class='ocrx_word' id='word_1_542' title='bbox 821 5270 1103 5335; x_wconf 88' lang='lat' dir='ltr'><strong>bibebant,</strong></span> <span class='ocrx_word' id='word_1_543' title='bbox 1137 5281 1299 5339; x_wconf 89' lang='lat' dir='ltr'><strong>atque</strong></span> <span class='ocrx_word' id='word_1_544' title='bbox 1328 5269 1402 5323; x_wconf 90' lang='lat' dir='ltr'><strong>ita</strong></span> <span class='ocrx_word' id='word_1_545' title='bbox 1427 5275 1553 5338; x_wconf 92' lang='lat' dir='ltr'><strong>post</strong></span> <span class='ocrx_word' id='word_1_546' title='bbox 1586 5281 1741 5322; x_wconf 90' lang='lat' dir='ltr'><strong>mor-</strong></span> 
     </span>
    </p>
   </div>
   <div class='ocr_carea' id='block_1_72' title="bbox 163 5359 1742 5432">
    <p class='ocr_par' dir='ltr' id='par_1_72' title="bbox 163 5359 1742 5432">
     <span class='ocr_line' id='line_1_72' title="bbox 163 5359 1742 5432; baseline -0.004 -14"><span class='ocrx_word' id='word_1_547' title='bbox 163 5378 267 5419; x_wconf 76' lang='lat' dir='ltr'><strong>tem</strong></span> <span class='ocrx_word' id='word_1_548' title='bbox 290 5410 306 5432; x_wconf 93' lang='lat'><strong>,</strong></span> <span class='ocrx_word' id='word_1_549' title='bbox 354 5365 826 5428; x_wconf 80' lang='lat' dir='ltr'><strong>quemadmodum</strong></span> <span class='ocrx_word' id='word_1_550' title='bbox 869 5372 995 5417; x_wconf 89' lang='lat' dir='ltr'><strong>ante</strong></span> <span class='ocrx_word' id='word_1_551' title='bbox 1028 5374 1299 5426; x_wconf 87' lang='lat' dir='ltr'><strong>mortem,</strong></span> <span class='ocrx_word' id='word_1_552' title='bbox 1333 5377 1453 5415; x_wconf 82' lang='lat' dir='ltr'><strong>eum</strong></span> <span class='ocrx_word' id='word_1_553' title='bbox 1487 5377 1552 5414; x_wconf 84' lang='lat' dir='ltr'><strong>eo</strong></span> <span class='ocrx_word' id='word_1_554' title='bbox 1577 5359 1742 5413; x_wconf 83' lang='lat' dir='ltr'><strong>fami-</strong></span> 
     </span>
    </p>
   </div>
   <div class='ocr_carea' id='block_1_73' title="bbox 160 5452 1744 5514">
    <p class='ocr_par' dir='ltr' id='par_1_73' title="bbox 160 5452 1744 5514">
     <span class='ocr_line' id='line_1_73' title="bbox 160 5452 1744 5514; baseline -0.006 0"><span class='ocrx_word' id='word_1_555' title='bbox 160 5461 369 5514; x_wconf 56' lang='lat' dir='ltr'><strong>liariter</strong></span> <span class='ocrx_word' id='word_1_556' title='bbox 398 5457 716 5513; x_wconf 82' lang='lat' dir='ltr'><strong>conversati</strong></span> <span class='ocrx_word' id='word_1_557' title='bbox 769 5465 917 5512; x_wconf 89' lang='lat' dir='ltr'><strong>sunt.</strong></span> <span class='ocrx_word' id='word_1_558' title='bbox 958 5454 1016 5509; x_wconf 90' lang='lat' dir='ltr'><strong>Si</strong></span> <span class='ocrx_word' id='word_1_559' title='bbox 1064 5462 1247 5509; x_wconf 90' lang='lat' dir='ltr'><strong>autem</strong></span> <span class='ocrx_word' id='word_1_560' title='bbox 1299 5454 1421 5507; x_wconf 90' lang='lat' dir='ltr'><strong>ideo</strong></span> <span class='ocrx_word' id='word_1_561' title='bbox 1449 5452 1602 5507; x_wconf 90' lang='lat' dir='ltr'><strong>dicas</strong></span> <span class='ocrx_word' id='word_1_562' title='bbox 1646 5466 1744 5506; x_wconf 85' lang='lat' dir='ltr'><strong>eos</strong></span> 
     </span>
    </p>
   </div>
   <div class='ocr_carea' id='block_1_74' title="bbox 160 5544 1743 5617">
    <p class='ocr_par' dir='ltr' id='par_1_74' title="bbox 160 5544 1743 5617">
     <span class='ocr_line' id='line_1_74' title="bbox 160 5544 1743 5617; baseline -0.004 -13"><span class='ocrx_word' id='word_1_563' title='bbox 160 5567 269 5604; x_wconf 80' lang='lat' dir='ltr'><strong>non</strong></span> <span class='ocrx_word' id='word_1_564' title='bbox 298 5550 515 5605; x_wconf 82' lang='lat' dir='ltr'><strong>bibisse</strong></span> <span class='ocrx_word' id='word_1_565' title='bbox 543 5564 669 5604; x_wconf 87' lang='lat' dir='ltr'><strong>cum</strong></span> <span class='ocrx_word' id='word_1_566' title='bbox 705 5547 955 5614; x_wconf 86' lang='lat' dir='ltr'><strong>Christo,</strong></span> <span class='ocrx_word' id='word_1_567' title='bbox 985 5547 1116 5617; x_wconf 87' lang='lat' dir='ltr'><strong>quia</strong></span> <span class='ocrx_word' id='word_1_568' title='bbox 1153 5547 1332 5602; x_wconf 87' lang='lat' dir='ltr'><strong>Lucas</strong></span> <span class='ocrx_word' id='word_1_569' title='bbox 1363 5547 1416 5600; x_wconf 88' lang='lat' dir='ltr'><strong>in</strong></span> <span class='ocrx_word' id='word_1_570' title='bbox 1448 5544 1743 5614; x_wconf 66' lang='lat' dir='ltr'><strong>Evangelia</strong></span> 
     </span>
    </p>
   </div>
   <div class='ocr_carea' id='block_1_75' title="bbox 163 5641 1742 5707">
    <p class='ocr_par' dir='ltr' id='par_1_75' title="bbox 163 5641 1742 5707">
     <span class='ocr_line' id='line_1_75' title="bbox 163 5641 1742 5707; baseline -0.006 -9"><span class='ocrx_word' id='word_1_571' title='bbox 163 5660 270 5699; x_wconf 86' lang='lat' dir='ltr'><strong>non</strong></span> <span class='ocrx_word' id='word_1_572' title='bbox 333 5644 529 5698; x_wconf 85' lang='lat' dir='ltr'><strong>scribit</strong></span> <span class='ocrx_word' id='word_1_573' title='bbox 574 5641 860 5698; x_wconf 83' lang='lat' dir='ltr'><strong>Christum</strong></span> <span class='ocrx_word' id='word_1_574' title='bbox 908 5642 1160 5706; x_wconf 89' lang='lat' dir='ltr'><strong>bibisse;</strong></span> <span class='ocrx_word' id='word_1_575' title='bbox 1220 5641 1374 5695; x_wconf 89' lang='lat' dir='ltr'><strong>dicas</strong></span> <span class='ocrx_word' id='word_1_576' title='bbox 1422 5652 1599 5707; x_wconf 85' lang='lat' dir='ltr'><strong>neque</strong></span> <span class='ocrx_word' id='word_1_577' title='bbox 1642 5650 1742 5690; x_wconf 90' lang='lat' dir='ltr'><strong>eos</strong></span> 
     </span>
    </p>
   </div>
   <div class='ocr_carea' id='block_1_76' title="bbox 163 5730 1741 5804">
    <p class='ocr_par' dir='ltr' id='par_1_76' title="bbox 163 5730 1741 5804">
     <span class='ocr_line' id='line_1_76' title="bbox 163 5730 1741 5804; baseline -0.004 -15"><span class='ocrx_word' id='word_1_578' title='bbox 163 5735 529 5790; x_wconf 72' lang='lat' dir='ltr'><strong>manducasse</strong></span> <span class='ocrx_word' id='word_1_579' title='bbox 575 5751 699 5789; x_wconf 86' lang='lat' dir='ltr'><strong>eum</strong></span> <span class='ocrx_word' id='word_1_580' title='bbox 750 5734 991 5801; x_wconf 85' lang='lat' dir='ltr'><strong>Christo,</strong></span> <span class='ocrx_word' id='word_1_581' title='bbox 1022 5733 1154 5804; x_wconf 75' lang='lat' dir='ltr'><strong>quia</strong></span> <span class='ocrx_word' id='word_1_582' title='bbox 1201 5732 1254 5786; x_wconf 89' lang='lat' dir='ltr'><strong>in</strong></span> <span class='ocrx_word' id='word_1_583' title='bbox 1309 5730 1602 5800; x_wconf 81' lang='lat' dir='ltr'><strong>Evangelio</strong></span> <span class='ocrx_word' id='word_1_584' title='bbox 1633 5742 1741 5782; x_wconf 90' lang='lat' dir='ltr'><strong>non</strong></span> 
     </span>
    </p>
   </div>
   <div class='ocr_carea' id='block_1_77' title="bbox 232 5850 674 5911">
    <p class='ocr_par' dir='ltr' id='par_1_77' title="bbox 232 5850 674 5911">
     <span class='ocr_line' id='line_1_77' title="bbox 232 5850 674 5911; baseline -0.002 -7"><span class='ocrx_word' id='word_1_585' title='bbox 232 5850 434 5904; x_wconf 64' lang='lat' dir='ltr'><strong>“Act.</strong></span> <span class='ocrx_word' id='word_1_586' title='bbox 478 5867 536 5911; x_wconf 73' lang='grc' dir='ltr'><strong>ι,</strong></span> <span class='ocrx_word' id='word_1_587' title='bbox 580 5850 674 5903; x_wconf 71' lang='grc' dir='ltr'><strong>Η.</strong></span> 
     </span>
    </p>
   </div>
   <div class='ocr_carea' id='block_1_78' title="bbox 1840 1945 3425 2001">
    <p class='ocr_par' dir='ltr' id='par_1_78' title="bbox 1840 1945 3425 2001">
     <span class='ocr_line' id='line_1_78' title="bbox 1840 1945 3425 2001; baseline -0.001 -1"><span class='ocrx_word' id='word_1_588' title='bbox 1840 1953 1995 2000; x_wconf 83' lang='lat' dir='ltr'><strong>notat</strong></span> <span class='ocrx_word' id='word_1_589' title='bbox 2026 1945 2083 2000; x_wconf 91' lang='lat' dir='ltr'><strong>S.</strong></span> <span class='ocrx_word' id='word_1_590' title='bbox 2118 1945 2340 2000; x_wconf 90' lang='lat' dir='ltr'><strong>Petrum</strong></span> <span class='ocrx_word' id='word_1_591' title='bbox 2386 1947 2493 2001; x_wconf 88' lang='lat' dir='ltr'><strong>hoc</strong></span> <span class='ocrx_word' id='word_1_592' title='bbox 2530 1946 2733 2001; x_wconf 90' lang='lat' dir='ltr'><strong>clarius</strong></span> <span class='ocrx_word' id='word_1_593' title='bbox 2760 1946 3057 2001; x_wconf 89' lang='lat' dir='ltr'><strong>docuisse:</strong></span> <span class='ocrx_word' id='word_1_594' title='bbox 3102 1945 3165 2000; x_wconf 88' lang='grc' dir='ltr'>Ὀ</span> <span class='ocrx_word' id='word_1_595' title='bbox 3195 1946 3253 1999; x_wconf 82' lang='grc' dir='ltr'>δὲ</span> <span class='ocrx_word' id='word_1_596' title='bbox 3283 1945 3425 1999; x_wconf 60' lang='grc' dir='ltr'><strong>θειὸα</strong></span> 
     </span>
    </p>
   </div>
   <div class='ocr_carea' id='block_1_79' title="bbox 1836 2038 3421 2111">
    <p class='ocr_par' dir='ltr' id='par_1_79' title="bbox 1836 2038 3421 2111">
     <span class='ocr_line' id='line_1_79' title="bbox 1836 2038 3421 2111; baseline 0.001 -19"><span class='ocrx_word' id='word_1_597' title='bbox 1836 2057 1998 2102; x_wconf 85' lang='grc' dir='ltr'>τατος</span> <span class='ocrx_word' id='word_1_598' title='bbox 2046 2038 2254 2110; x_wconf 78' lang='grc' dir='ltr'><strong>Πέτρος</strong></span> <span class='ocrx_word' id='word_1_599' title='bbox 2299 2039 2632 2111; x_wconf 79' lang='grc' dir='ltr'>σαφέστερον</span> <span class='ocrx_word' id='word_1_600' title='bbox 2671 2039 2925 2111; x_wconf 72' lang='grc' dir='ltr'>εἴρηκενο</span> <span class='ocrx_word' id='word_1_601' title='bbox 2969 2040 3197 2104; x_wconf 78' lang='grc' dir='ltr'>Οἵτινες</span> <span class='ocrx_word' id='word_1_602' title='bbox 3236 2054 3421 2093; x_wconf 80' lang='grc' dir='ltr'>συνε-</span> 
     </span>
    </p>
   </div>
   <div class='ocr_carea' id='block_1_80' title="bbox 1837 2130 3426 2201">
    <p class='ocr_par' dir='ltr' id='par_1_80' title="bbox 1837 2130 3426 2201">
     <span class='ocr_line' id='line_1_80' title="bbox 1837 2130 3426 2201; baseline -0.001 -16"><span class='ocrx_word' id='word_1_603' title='bbox 1837 2132 2104 2201; x_wconf 69' lang='grc' dir='ltr'>φάγομεν</span> <span class='ocrx_word' id='word_1_604' title='bbox 2139 2131 2235 2184; x_wconf 73' lang='grc' dir='ltr'><strong>καὶ</strong></span> <span class='ocrx_word' id='word_1_605' title='bbox 2275 2133 2644 2201; x_wconf 80' lang='grc' dir='ltr'>συνεπίομεν</span> <span class='ocrx_word' id='word_1_606' title='bbox 2670 2130 2830 2196; x_wconf 81' lang='grc' dir='ltr'><strong>αὐτῷ</strong></span> <span class='ocrx_word' id='word_1_607' title='bbox 2853 2130 3003 2200; x_wconf 78' lang='grc' dir='ltr'>μετὰ</span> <span class='ocrx_word' id='word_1_608' title='bbox 3043 2131 3110 2183; x_wconf 81' lang='grc' dir='ltr'><strong>τὸ</strong></span> <span class='ocrx_word' id='word_1_609' title='bbox 3150 2130 3426 2198; x_wconf 76' lang='grc' dir='ltr'>ἀναστῆ-</span> 
     </span>
    </p>
   </div>
   <div class='ocr_carea' id='block_1_81' title="bbox 1837 2220 3423 2294">
    <p class='ocr_par' dir='ltr' id='par_1_81' title="bbox 1837 2220 3423 2294">
     <span class='ocr_line' id='line_1_81' title="bbox 1837 2220 3423 2294; baseline -0.002 -17"><span class='ocrx_word' id='word_1_610' title='bbox 1837 2240 1936 2277; x_wconf 78' lang='grc' dir='ltr'>ναι</span> <span class='ocrx_word' id='word_1_611' title='bbox 1967 2222 2154 2275; x_wconf 76' lang='grc' dir='ltr'>αὑτὸν</span> <span class='ocrx_word' id='word_1_612' title='bbox 2181 2222 2251 2276; x_wconf 78' lang='grc' dir='ltr'><strong><em>ἐκ</em></strong></span> <span class='ocrx_word' id='word_1_613' title='bbox 2290 2221 2536 2289; x_wconf 73' lang='grc' dir='ltr'><strong>νεκρῶν.</strong></span> <span class='ocrx_word' id='word_1_614' title='bbox 2576 2221 2792 2294; x_wconf 78' lang='grc' dir='ltr'><strong>Ἐπειδὴ</strong></span> <span class='ocrx_word' id='word_1_615' title='bbox 2839 2221 2951 2294; x_wconf 83' lang='grc' dir='ltr'>γὰρ</span> <span class='ocrx_word' id='word_1_616' title='bbox 3001 2222 3107 2275; x_wconf 77' lang='grc' dir='ltr'><strong>τῶν</strong></span> <span class='ocrx_word' id='word_1_617' title='bbox 3140 2221 3282 2275; x_wconf 73' lang='grc' dir='ltr'>κατὰ</span> <span class='ocrx_word' id='word_1_618' title='bbox 3329 2220 3423 2275; x_wconf 73' lang='grc' dir='ltr'><strong>τὸν</strong></span> 
     </span>
    </p>
   </div>
   <div class='ocr_carea' id='block_1_82' title="bbox 1840 2311 3424 2386">
    <p class='ocr_par' dir='ltr' id='par_1_82' title="bbox 1840 2311 3424 2386">
     <span class='ocr_line' id='line_1_82' title="bbox 1840 2311 3424 2386; baseline 0.001 -20"><span class='ocrx_word' id='word_1_619' title='bbox 1840 2314 2083 2386; x_wconf 84' lang='grc' dir='ltr'>παρόντα</span> <span class='ocrx_word' id='word_1_620' title='bbox 2113 2311 2224 2382; x_wconf 79' lang='grc' dir='ltr'>βίον</span> <span class='ocrx_word' id='word_1_621' title='bbox 2271 2312 2400 2365; x_wconf 75' lang='grc' dir='ltr'>ἴδιον</span> <span class='ocrx_word' id='word_1_622' title='bbox 2450 2313 2509 2365; x_wconf 85' lang='grc' dir='ltr'><strong>τὸ</strong></span> <span class='ocrx_word' id='word_1_623' title='bbox 2558 2313 2777 2378; x_wconf 79' lang='grc' dir='ltr'>ἐσθίειν,</span> <span class='ocrx_word' id='word_1_624' title='bbox 2806 2313 3120 2379; x_wconf 78' lang='grc' dir='ltr'>ἀναγκαίως</span> <span class='ocrx_word' id='word_1_625' title='bbox 3147 2316 3175 2368; x_wconf 86' lang='grc' dir='ltr'>ὁ</span> <span class='ocrx_word' id='word_1_626' title='bbox 3216 2315 3424 2386; x_wconf 67' lang='grc' dir='ltr'>Κύριος</span> 
     </span>
    </p>
   </div>
   <div class='ocr_carea' id='block_1_83' title="bbox 1837 2406 3422 2480">
    <p class='ocr_par' dir='ltr' id='par_1_83' title="bbox 1837 2406 3422 2480">
     <span class='ocr_line' id='line_1_83' title="bbox 1837 2406 3422 2480; baseline -0.001 -18"><span class='ocrx_word' id='word_1_627' title='bbox 1837 2406 1938 2479; x_wconf 81' lang='grc' dir='ltr'><strong>τῆς</strong></span> <span class='ocrx_word' id='word_1_628' title='bbox 1978 2407 2179 2480; x_wconf 77' lang='grc' dir='ltr'>σαρκὸς</span> <span class='ocrx_word' id='word_1_629' title='bbox 2218 2406 2314 2480; x_wconf 77' lang='grc' dir='ltr'>τὴν</span> <span class='ocrx_word' id='word_1_630' title='bbox 2342 2406 2639 2460; x_wconf 84' lang='grc' dir='ltr'>ἀνάστασιν</span> <span class='ocrx_word' id='word_1_631' title='bbox 2667 2407 2754 2459; x_wconf 76' lang='grc' dir='ltr'>διὰ</span> <span class='ocrx_word' id='word_1_632' title='bbox 2788 2406 3043 2478; x_wconf 83' lang='grc' dir='ltr'><strong>βρώσεως</strong></span> <span class='ocrx_word' id='word_1_633' title='bbox 3073 2409 3169 2460; x_wconf 77' lang='grc' dir='ltr'><strong>καὶ</strong></span> <span class='ocrx_word' id='word_1_634' title='bbox 3208 2409 3422 2471; x_wconf 73' lang='grc' dir='ltr'>πόσεως</span> 
     </span>
    </p>
   </div>
   <div class='ocr_carea' id='block_1_84' title="bbox 1839 2497 3427 2572">
    <p class='ocr_par' dir='ltr' id='par_1_84' title="bbox 1839 2497 3427 2572">
     <span class='ocr_line' id='line_1_84' title="bbox 1839 2497 3427 2572; baseline 0.001 -20"><span class='ocrx_word' id='word_1_635' title='bbox 1839 2499 2004 2566; x_wconf 78' lang='grc' dir='ltr'>ἔδειξε</span> <span class='ocrx_word' id='word_1_636' title='bbox 2051 2504 2161 2564; x_wconf 83' lang='grc' dir='ltr'>τοῖς</span> <span class='ocrx_word' id='word_1_637' title='bbox 2201 2500 2275 2572; x_wconf 80' lang='grc' dir='ltr'><strong>μὴ</strong></span> <span class='ocrx_word' id='word_1_638' title='bbox 2306 2497 2619 2571; x_wconf 74' lang='grc' dir='ltr'>νομίζουσιν</span> <span class='ocrx_word' id='word_1_639' title='bbox 2657 2498 2854 2572; x_wconf 68' lang='grc' dir='ltr'><strong>ἀληθῆ.</strong></span> <span class='ocrx_word' id='word_1_640' title='bbox 2896 2518 2915 2549; x_wconf 74' lang='grc' dir='ltr'><strong>ι</strong></span> <span class='ocrx_word' id='word_1_641' title='bbox 2950 2498 3015 2553; x_wconf 83' lang='lat' dir='ltr'><strong>Et</strong></span> <span class='ocrx_word' id='word_1_642' title='bbox 3042 2499 3427 2554; x_wconf 82' lang='lat' dir='ltr'><strong>divinissimus</strong></span> 
     </span>
    </p>
   </div>
   <div class='ocr_carea' id='block_1_85' title="bbox 1837 2590 3424 2658">
    <p class='ocr_par' dir='ltr' id='par_1_85' title="bbox 1837 2590 3424 2658">
     <span class='ocr_line' id='line_1_85' title="bbox 1837 2590 3424 2658; baseline 0.001 -13"><span class='ocrx_word' id='word_1_643' title='bbox 1837 2590 2032 2647; x_wconf 90' lang='lat' dir='ltr'><strong>Petrus</strong></span> <span class='ocrx_word' id='word_1_644' title='bbox 2085 2593 2290 2647; x_wconf 85' lang='lat' dir='ltr'><strong>clarius</strong></span> <span class='ocrx_word' id='word_1_645' title='bbox 2338 2592 2530 2648; x_wconf 84' lang='lat' dir='ltr'><strong>dixit:</strong></span> <span class='ocrx_word' id='word_1_646' title='bbox 2573 2591 2678 2658; x_wconf 83' lang='lat' dir='ltr'><strong>Qui</strong></span> <span class='ocrx_word' id='word_1_647' title='bbox 2730 2590 3051 2647; x_wconf 74' lang='lat' dir='ltr'><strong>comedimus</strong></span> <span class='ocrx_word' id='word_1_648' title='bbox 3096 2600 3144 2645; x_wconf 70' lang='lat' dir='ltr'><strong>rt</strong></span> <span class='ocrx_word' id='word_1_649' title='bbox 3194 2592 3424 2646; x_wconf 76' lang='lat' dir='ltr'><strong>bibimus</strong></span> 
     </span>
    </p>
   </div>
   <div class='ocr_carea' id='block_1_86' title="bbox 1838 2685 3417 2757">
    <p class='ocr_par' dir='ltr' id='par_1_86' title="bbox 1838 2685 3417 2757">
     <span class='ocr_line' id='line_1_86' title="bbox 1838 2685 3417 2757; baseline -0.001 -19"><span class='ocrx_word' id='word_1_650' title='bbox 1838 2702 1958 2738; x_wconf 86' lang='lat' dir='ltr'><strong>cum</strong></span> <span class='ocrx_word' id='word_1_651' title='bbox 2008 2701 2101 2748; x_wconf 83' lang='lat' dir='ltr'><strong>eo,</strong></span> <span class='ocrx_word' id='word_1_652' title='bbox 2135 2694 2413 2757; x_wconf 78' lang='lat' dir='ltr'><strong>postquam</strong></span> <span class='ocrx_word' id='word_1_653' title='bbox 2483 2689 2771 2740; x_wconf 68' lang='lat' dir='ltr'><strong>resurrexit</strong></span> <span class='ocrx_word' id='word_1_654' title='bbox 2810 2703 2843 2738; x_wconf 81' lang='grc' dir='ltr'><strong>α</strong></span> <span class='ocrx_word' id='word_1_655' title='bbox 2897 2686 3121 2739; x_wconf 79' lang='lat' dir='ltr'><strong>mortuis</strong></span> <span class='ocrx_word' id='word_1_656' title='bbox 3161 2685 3226 2739; x_wconf 75' lang='lat'><strong>“.</strong></span> <span class='ocrx_word' id='word_1_657' title='bbox 3279 2686 3417 2739; x_wconf 88' lang='lat' dir='ltr'><strong>Cum</strong></span> 
     </span>
    </p>
   </div>
   <div class='ocr_carea' id='block_1_87' title="bbox 1839 2777 3418 2848">
    <p class='ocr_par' dir='ltr' id='par_1_87' title="bbox 1839 2777 3418 2848">
     <span class='ocr_line' id='line_1_87' title="bbox 1839 2777 3418 2848; baseline 0 -17"><span class='ocrx_word' id='word_1_658' title='bbox 1839 2777 1986 2831; x_wconf 84' lang='lat' dir='ltr'><strong>enim</strong></span> <span class='ocrx_word' id='word_1_659' title='bbox 2036 2792 2226 2831; x_wconf 91' lang='lat' dir='ltr'><strong>eorum</strong></span> <span class='ocrx_word' id='word_1_660' title='bbox 2260 2778 2354 2847; x_wconf 92' lang='lat' dir='ltr'><strong>qui</strong></span> <span class='ocrx_word' id='word_1_661' title='bbox 2392 2778 2446 2831; x_wconf 92' lang='lat' dir='ltr'><strong>in</strong></span> <span class='ocrx_word' id='word_1_662' title='bbox 2494 2778 2751 2847; x_wconf 71' lang='lat' dir='ltr'><strong>prazsenti</strong></span> <span class='ocrx_word' id='word_1_663' title='bbox 2787 2790 2916 2833; x_wconf 90' lang='lat' dir='ltr'><strong>sunt</strong></span> <span class='ocrx_word' id='word_1_664' title='bbox 2955 2779 3101 2845; x_wconf 86' lang='lat' dir='ltr'><strong>vita,</strong></span> <span class='ocrx_word' id='word_1_665' title='bbox 3136 2778 3418 2848; x_wconf 86' lang='lat' dir='ltr'><strong>proprium</strong></span> 
     </span>
    </p>
   </div>
   <div class='ocr_carea' id='block_1_88' title="bbox 1838 2865 3423 2939">
    <p class='ocr_par' dir='ltr' id='par_1_88' title="bbox 1838 2865 3423 2939">
     <span class='ocr_line' id='line_1_88' title="bbox 1838 2865 3423 2939; baseline -0.001 -14"><span class='ocrx_word' id='word_1_666' title='bbox 1838 2870 1911 2925; x_wconf 89' lang='lat' dir='ltr'><strong>sit</strong></span> <span class='ocrx_word' id='word_1_667' title='bbox 1961 2870 2281 2937; x_wconf 90' lang='lat' dir='ltr'><strong>comedere,</strong></span> <span class='ocrx_word' id='word_1_668' title='bbox 2329 2865 2642 2925; x_wconf 84' lang='lat' dir='ltr'><strong>necessario</strong></span> <span class='ocrx_word' id='word_1_669' title='bbox 2669 2870 2936 2926; x_wconf 88' lang='lat' dir='ltr'><strong>Dominus</strong></span> <span class='ocrx_word' id='word_1_670' title='bbox 2988 2886 3083 2939; x_wconf 90' lang='lat' dir='ltr'><strong>per</strong></span> <span class='ocrx_word' id='word_1_671' title='bbox 3128 2871 3312 2925; x_wconf 84' lang='lat' dir='ltr'><strong>cibum</strong></span> <span class='ocrx_word' id='word_1_672' title='bbox 3367 2881 3423 2925; x_wconf 86' lang='lat' dir='ltr'><strong>et</strong></span> 
     </span>
    </p>
   </div>
   <div class='ocr_carea' id='block_1_89' title="bbox 1837 2960 3422 3034">
    <p class='ocr_par' dir='ltr' id='par_1_89' title="bbox 1837 2960 3422 3034">
     <span class='ocr_line' id='line_1_89' title="bbox 1837 2960 3422 3034; baseline -0.002 -18"><span class='ocrx_word' id='word_1_673' title='bbox 1837 2972 2025 3034; x_wconf 89' lang='lat' dir='ltr'><strong>potum</strong></span> <span class='ocrx_word' id='word_1_674' title='bbox 2061 2963 2247 3017; x_wconf 88' lang='lat' dir='ltr'><strong>carnis</strong></span> <span class='ocrx_word' id='word_1_675' title='bbox 2276 2963 2735 3017; x_wconf 86' lang='lat' dir='ltr'><strong>resurrectionem</strong></span> <span class='ocrx_word' id='word_1_676' title='bbox 2768 2961 2834 3015; x_wconf 91' lang='lat' dir='ltr'><strong>de</strong></span> <span class='ocrx_word' id='word_1_677' title='bbox 2858 2962 2977 3030; x_wconf 83' lang='lat' dir='ltr'><strong>ejus</strong></span> <span class='ocrx_word' id='word_1_678' title='bbox 3006 2960 3234 3015; x_wconf 82' lang='lat' dir='ltr'><strong>veritate</strong></span> <span class='ocrx_word' id='word_1_679' title='bbox 3255 2960 3422 3014; x_wconf 87' lang='lat' dir='ltr'><strong>dubi-</strong></span> 
     </span>
    </p>
   </div>
   <div class='ocr_carea' id='block_1_90' title="bbox 1839 3052 3419 3122">
    <p class='ocr_par' dir='ltr' id='par_1_90' title="bbox 1839 3052 3419 3122">
     <span class='ocr_line' id='line_1_90' title="bbox 1839 3052 3419 3122; baseline -0.001 -15"><span class='ocrx_word' id='word_1_680' title='bbox 1839 3054 2083 3108; x_wconf 86' lang='lat' dir='ltr'><strong>tantibus</strong></span> <span class='ocrx_word' id='word_1_681' title='bbox 2125 3053 2543 3109; x_wconf 88' lang='lat' dir='ltr'><strong>demonstravit.</strong></span> <span class='ocrx_word' id='word_1_682' title='bbox 2577 3072 2597 3104; x_wconf 76' lang='grc' dir='ltr'><strong>ι</strong></span> <span class='ocrx_word' id='word_1_683' title='bbox 2643 3053 2700 3106; x_wconf 90' lang='lat' dir='ltr'><strong>S.</strong></span> <span class='ocrx_word' id='word_1_684' title='bbox 2732 3052 3072 3122; x_wconf 78' lang='lat' dir='ltr'><strong>Augustinus</strong></span> <span class='ocrx_word' id='word_1_685' title='bbox 3121 3053 3282 3121; x_wconf 85' lang='lat' dir='ltr'><strong>epist.</strong></span> <span class='ocrx_word' id='word_1_686' title='bbox 3315 3052 3419 3106; x_wconf 67' lang='lat'><strong>49:</strong></span> 
     </span>
    </p>
   </div>
   <div class='ocr_carea' id='block_1_91' title="bbox 1845 3144 3422 3216">
    <p class='ocr_par' dir='ltr' id='par_1_91' title="bbox 1845 3144 3422 3216">
     <span class='ocr_line' id='line_1_91' title="bbox 1845 3144 3422 3216; baseline 0 -20"><span class='ocrx_word' id='word_1_687' title='bbox 1845 3164 1864 3196; x_wconf 74' lang='grc' dir='ltr'><strong>ι</strong></span> <span class='ocrx_word' id='word_1_688' title='bbox 1897 3145 2045 3201; x_wconf 87' lang='lat' dir='ltr'><strong>Sciat</strong></span> <span class='ocrx_word' id='word_1_689' title='bbox 2069 3162 2201 3201; x_wconf 88' lang='lat' dir='ltr'><strong>sane</strong></span> <span class='ocrx_word' id='word_1_690' title='bbox 2240 3147 2333 3216; x_wconf 92' lang='lat' dir='ltr'><strong>qui</strong></span> <span class='ocrx_word' id='word_1_691' title='bbox 2385 3147 2488 3201; x_wconf 90' lang='lat' dir='ltr'><strong>has</strong></span> <span class='ocrx_word' id='word_1_692' title='bbox 2519 3146 2808 3216; x_wconf 87' lang='lat' dir='ltr'><strong>proposuit</strong></span> <span class='ocrx_word' id='word_1_693' title='bbox 2855 3145 3227 3214; x_wconf 75' lang='lat' dir='ltr'><strong>quaestiones,</strong></span> <span class='ocrx_word' id='word_1_694' title='bbox 3260 3144 3422 3198; x_wconf 84' lang='lat' dir='ltr'><strong>Chri-</strong></span> 
     </span>
    </p>
   </div>
   <div class='ocr_carea' id='block_1_92' title="bbox 1841 3230 3418 3309">
    <p class='ocr_par' dir='ltr' id='par_1_92' title="bbox 1841 3230 3418 3309">
     <span class='ocr_line' id='line_1_92' title="bbox 1841 3230 3418 3309; baseline -0.002 -16"><span class='ocrx_word' id='word_1_695' title='bbox 1841 3251 1986 3294; x_wconf 90' lang='lat' dir='ltr'><strong>stum</strong></span> <span class='ocrx_word' id='word_1_696' title='bbox 2015 3249 2139 3309; x_wconf 91' lang='lat' dir='ltr'><strong>post</strong></span> <span class='ocrx_word' id='word_1_697' title='bbox 2186 3241 2644 3295; x_wconf 85' lang='lat' dir='ltr'><strong>resurrectionem</strong></span> <span class='ocrx_word' id='word_1_698' title='bbox 2676 3230 2991 3303; x_wconf 86' lang='lat' dir='ltr'><strong>cicatrices,</strong></span> <span class='ocrx_word' id='word_1_699' title='bbox 3025 3253 3135 3292; x_wconf 88' lang='lat' dir='ltr'><strong>non</strong></span> <span class='ocrx_word' id='word_1_700' title='bbox 3172 3240 3418 3302; x_wconf 77' lang='lat' dir='ltr'><strong>vulnera,</strong></span> 
     </span>
    </p>
   </div>
   <div class='ocr_carea' id='block_1_93' title="bbox 1841 3330 3421 3401">
    <p class='ocr_par' dir='ltr' id='par_1_93' title="bbox 1841 3330 3421 3401">
     <span class='ocr_line' id='line_1_93' title="bbox 1841 3330 3421 3401; baseline -0.001 -16"><span class='ocrx_word' id='word_1_701' title='bbox 1841 3333 2249 3387; x_wconf 88' lang='lat' dir='ltr'><strong>demonstrasse</strong></span> <span class='ocrx_word' id='word_1_702' title='bbox 2300 3332 2720 3398; x_wconf 87' lang='lat' dir='ltr'><strong>dubitantibus,</strong></span> <span class='ocrx_word' id='word_1_703' title='bbox 2784 3340 3006 3401; x_wconf 88' lang='lat' dir='ltr'><strong>propter</strong></span> <span class='ocrx_word' id='word_1_704' title='bbox 3057 3346 3198 3401; x_wconf 89' lang='lat' dir='ltr'><strong>quos</strong></span> <span class='ocrx_word' id='word_1_705' title='bbox 3254 3330 3421 3385; x_wconf 83' lang='lat' dir='ltr'><strong>etiam</strong></span> 
     </span>
    </p>
   </div>
   <div class='ocr_carea' id='block_1_94' title="bbox 1841 3423 3422 3495">
    <p class='ocr_par' dir='ltr' id='par_1_94' title="bbox 1841 3423 3422 3495">
     <span class='ocr_line' id='line_1_94' title="bbox 1841 3423 3422 3495; baseline -0.003 -14"><span class='ocrx_word' id='word_1_706' title='bbox 1841 3428 2026 3481; x_wconf 89' lang='lat' dir='ltr'><strong>cibum</strong></span> <span class='ocrx_word' id='word_1_707' title='bbox 2068 3441 2134 3481; x_wconf 87' lang='lat' dir='ltr'><strong>ac</strong></span> <span class='ocrx_word' id='word_1_708' title='bbox 2171 3435 2360 3495; x_wconf 87' lang='lat' dir='ltr'><strong>potum</strong></span> <span class='ocrx_word' id='word_1_709' title='bbox 2414 3441 2633 3481; x_wconf 89' lang='lat' dir='ltr'><strong>sumere</strong></span> <span class='ocrx_word' id='word_1_710' title='bbox 2662 3426 2867 3492; x_wconf 83' lang='lat' dir='ltr'><strong>voluit,</strong></span> <span class='ocrx_word' id='word_1_711' title='bbox 2913 3440 3021 3478; x_wconf 90' lang='lat' dir='ltr'><strong>non</strong></span> <span class='ocrx_word' id='word_1_712' title='bbox 3074 3423 3274 3491; x_wconf 85' lang='lat' dir='ltr'><strong>semel,</strong></span> <span class='ocrx_word' id='word_1_713' title='bbox 3325 3423 3422 3478; x_wconf 81' lang='lat' dir='ltr'><strong>sed</strong></span> 
     </span>
    </p>
   </div>
   <div class='ocr_carea' id='block_1_95' title="bbox 1845 3516 3422 3587">
    <p class='ocr_par' dir='ltr' id='par_1_95' title="bbox 1845 3516 3422 3587">
     <span class='ocr_line' id='line_1_95' title="bbox 1845 3516 3422 3587; baseline -0.003 -14"><span class='ocrx_word' id='word_1_714' title='bbox 1845 3520 2076 3587; x_wconf 67' lang='lat' dir='ltr'><strong>saepius,</strong></span> <span class='ocrx_word' id='word_1_715' title='bbox 2115 3532 2184 3571; x_wconf 89' lang='lat' dir='ltr'><strong>ne</strong></span> <span class='ocrx_word' id='word_1_716' title='bbox 2230 3517 2364 3571; x_wconf 86' lang='lat' dir='ltr'><strong>illud</strong></span> <span class='ocrx_word' id='word_1_717' title='bbox 2398 3532 2505 3570; x_wconf 88' lang='lat' dir='ltr'><strong>non</strong></span> <span class='ocrx_word' id='word_1_718' title='bbox 2554 3530 2797 3585; x_wconf 85' lang='lat' dir='ltr'><strong>corpus,</strong></span> <span class='ocrx_word' id='word_1_719' title='bbox 2845 3516 2940 3571; x_wconf 88' lang='lat' dir='ltr'><strong>sed</strong></span> <span class='ocrx_word' id='word_1_720' title='bbox 2988 3516 3242 3586; x_wconf 74' lang='lat' dir='ltr'><strong>spiritum</strong></span> <span class='ocrx_word' id='word_1_721' title='bbox 3297 3530 3422 3570; x_wconf 87' lang='lat' dir='ltr'><strong>esse</strong></span> 
     </span>
    </p>
   </div>
   <div class='ocr_carea' id='block_1_96' title="bbox 1844 3608 3425 3678">
    <p class='ocr_par' dir='ltr' id='par_1_96' title="bbox 1844 3608 3425 3678">
     <span class='ocr_line' id='line_1_96' title="bbox 1844 3608 3425 3678; baseline 0 -13"><span class='ocrx_word' id='word_1_722' title='bbox 1844 3611 2277 3674; x_wconf 85' lang='lat' dir='ltr'><strong>arbitrarentur,</strong></span> <span class='ocrx_word' id='word_1_723' title='bbox 2315 3617 2370 3662; x_wconf 91' lang='lat' dir='ltr'><strong>et</strong></span> <span class='ocrx_word' id='word_1_724' title='bbox 2414 3609 2520 3664; x_wconf 88' lang='lat' dir='ltr'><strong>sibi</strong></span> <span class='ocrx_word' id='word_1_725' title='bbox 2565 3624 2673 3662; x_wconf 92' lang='lat' dir='ltr'><strong>non</strong></span> <span class='ocrx_word' id='word_1_726' title='bbox 2717 3609 2889 3664; x_wconf 88' lang='lat' dir='ltr'><strong>solide</strong></span> <span class='ocrx_word' id='word_1_727' title='bbox 2930 3609 3024 3664; x_wconf 90' lang='lat' dir='ltr'><strong>sed</strong></span> <span class='ocrx_word' id='word_1_728' title='bbox 3060 3608 3425 3678; x_wconf 82' lang='lat' dir='ltr'><strong>imaginaliter</strong></span> 
     </span>
    </p>
   </div>
   <div class='ocr_carea' id='block_1_97' title="bbox 1843 3717 2121 3774">
    <p class='ocr_par' dir='ltr' id='par_1_97' title="bbox 1843 3717 2121 3774">
     <span class='ocr_line' id='line_1_97' title="bbox 1843 3717 2121 3774; baseline -0.011 -15"><span class='ocrx_word' id='word_1_729' title='bbox 1843 3717 2121 3774; x_wconf 84' lang='lat' dir='ltr'><strong>apparere.</strong></span> 
     </span>
    </p>
   </div>
   <div class='ocr_carea' id='block_1_98' title="bbox 2456 3812 2822 3869">
    <p class='ocr_par' dir='ltr' id='par_1_98' title="bbox 2456 3812 2822 3869">
     <span class='ocr_line' id='line_1_98' title="bbox 2456 3812 2822 3869; baseline -0.003 0"><span class='ocrx_word' id='word_1_730' title='bbox 2456 3812 2685 3869; x_wconf 75' lang='lat' dir='ltr'><strong>CAPUT</strong></span> <span class='ocrx_word' id='word_1_731' title='bbox 2730 3813 2822 3868; x_wconf 73' lang='lat' dir='ltr'><strong>XI.</strong></span> 
     </span>
    </p>
   </div>
   <div class='ocr_carea' id='block_1_99' title="bbox 1851 3910 3425 3981">
    <p class='ocr_par' dir='ltr' id='par_1_99' title="bbox 1851 3910 3425 3981">
     <span class='ocr_line' id='line_1_99' title="bbox 1851 3910 3425 3981; baseline -0.001 -13"><span class='ocrx_word' id='word_1_732' title='bbox 1851 3915 2070 3968; x_wconf 80' lang='lat' dir='ltr'><strong>Docetas</strong></span> <span class='ocrx_word' id='word_1_733' title='bbox 2106 3911 2386 3966; x_wconf 82' lang='lat' dir='ltr'><strong>nonnullos</strong></span> <span class='ocrx_word' id='word_1_734' title='bbox 2415 3910 2479 3963; x_wconf 90' lang='lat' dir='ltr'><strong>ab</strong></span> <span class='ocrx_word' id='word_1_735' title='bbox 2510 3911 2836 3964; x_wconf 83' lang='lat' dir='ltr'><strong>eucharistia</strong></span> <span class='ocrx_word' id='word_1_736' title='bbox 2879 3911 3198 3965; x_wconf 80' lang='lat' dir='ltr'><strong>abstinuisse</strong></span> <span class='ocrx_word' id='word_1_737' title='bbox 3222 3928 3323 3981; x_wconf 77' lang='lat' dir='ltr'><strong>par</strong></span> <span class='ocrx_word' id='word_1_738' title='bbox 3346 3922 3425 3967; x_wconf 72' lang='lat' dir='ltr'><strong>est</strong></span> 
     </span>
    </p>
   </div>
   <div class='ocr_carea' id='block_1_100' title="bbox 1915 3981 3424 4051">
    <p class='ocr_par' dir='ltr' id='par_1_100' title="bbox 1915 3981 3424 4051">
     <span class='ocr_line' id='line_1_100' title="bbox 1915 3981 3424 4051; baseline -0.001 -14"><span class='ocrx_word' id='word_1_739' title='bbox 1915 3986 2144 4039; x_wconf 77' lang='lat' dir='ltr'><strong>credere.</strong></span> <span class='ocrx_word' id='word_1_740' title='bbox 2178 3981 2613 4051; x_wconf 81' lang='lat' dir='ltr'><strong>Simonianinon</strong></span> <span class='ocrx_word' id='word_1_741' title='bbox 2633 3984 2815 4034; x_wconf 78' lang='lat' dir='ltr'><strong>statim</strong></span> <span class='ocrx_word' id='word_1_742' title='bbox 2840 3992 2957 4051; x_wconf 84' lang='lat' dir='ltr'><strong>post</strong></span> <span class='ocrx_word' id='word_1_743' title='bbox 2990 3992 3211 4035; x_wconf 79' lang='lat' dir='ltr'><strong>mortem</strong></span> <span class='ocrx_word' id='word_1_744' title='bbox 3243 3985 3424 4037; x_wconf 78' lang='lat' dir='ltr'><strong>Simo-</strong></span> 
     </span>
    </p>
   </div>
   <div class='ocr_carea' id='block_1_101' title="bbox 1916 4050 3426 4123">
    <p class='ocr_par' dir='ltr' id='par_1_101' title="bbox 1916 4050 3426 4123">
     <span class='ocr_line' id='line_1_101' title="bbox 1916 4050 3426 4123; baseline -0.001 -16"><span class='ocrx_word' id='word_1_745' title='bbox 1916 4057 1997 4110; x_wconf 84' lang='lat' dir='ltr'><strong>nis</strong></span> <span class='ocrx_word' id='word_1_746' title='bbox 2044 4062 2385 4108; x_wconf 85' lang='lat' dir='ltr'><strong>evanuerunt.</strong></span> <span class='ocrx_word' id='word_1_747' title='bbox 2441 4050 2571 4123; x_wconf 76' lang='lat' dir='ltr'><strong>Non</strong></span> <span class='ocrx_word' id='word_1_748' title='bbox 2620 4050 2845 4121; x_wconf 84' lang='lat' dir='ltr'><strong>apparet</strong></span> <span class='ocrx_word' id='word_1_749' title='bbox 2904 4052 3174 4123; x_wconf 78' lang='lat' dir='ltr'><strong>lgnatt’um</strong></span> <span class='ocrx_word' id='word_1_750' title='bbox 3228 4055 3426 4108; x_wconf 81' lang='lat' dir='ltr'><strong>diaissc</strong></span> 
     </span>
    </p>
   </div>
   <div class='ocr_carea' id='block_1_102' title="bbox 1916 4121 3424 4193">
    <p class='ocr_par' dir='ltr' id='par_1_102' title="bbox 1916 4121 3424 4193">
     <span class='ocr_line' id='line_1_102' title="bbox 1916 4121 3424 4193; baseline -0.003 -15"><span class='ocrx_word' id='word_1_751' title='bbox 1916 4123 2179 4178; x_wconf 82' lang='lat' dir='ltr'><strong>Romanos</strong></span> <span class='ocrx_word' id='word_1_752' title='bbox 2220 4124 2401 4193; x_wconf 70' lang='lat' dir='ltr'><strong>fideles</strong></span> <span class='ocrx_word' id='word_1_753' title='bbox 2443 4121 2601 4193; x_wconf 73' lang='lat' dir='ltr'><strong>facile</strong></span> <span class='ocrx_word' id='word_1_754' title='bbox 2647 4125 2822 4191; x_wconf 83' lang='lat' dir='ltr'><strong>ipsum</strong></span> <span class='ocrx_word' id='word_1_755' title='bbox 2860 4140 2893 4176; x_wconf 90' lang='lat' dir='ltr'><strong>a</strong></span> <span class='ocrx_word' id='word_1_756' title='bbox 2933 4121 3189 4191; x_wconf 73' lang='lat' dir='ltr'><strong>supplicio</strong></span> <span class='ocrx_word' id='word_1_757' title='bbox 3226 4127 3424 4191; x_wconf 72' lang='lat' dir='ltr'><strong>eripere</strong></span> 
     </span>
    </p>
   </div>
   <div class='ocr_carea' id='block_1_103' title="bbox 1915 4190 3425 4264">
    <p class='ocr_par' dir='ltr' id='par_1_103' title="bbox 1915 4190 3425 4264">
     <span class='ocr_line' id='line_1_103' title="bbox 1915 4190 3425 4264; baseline -0.002 -16"><span class='ocrx_word' id='word_1_758' title='bbox 1915 4196 2167 4261; x_wconf 83' lang='lat' dir='ltr'><strong>potuisse.</strong></span> <span class='ocrx_word' id='word_1_759' title='bbox 2220 4190 2494 4264; x_wconf 9' lang='lat' dir='ltr'><strong>Nequepsi</strong></span> <span class='ocrx_word' id='word_1_760' title='bbox 2545 4190 2744 4264; x_wconf 71' lang='lat' dir='ltr'><strong>dixerit</strong></span> <span class='ocrx_word' id='word_1_761' title='bbox 2773 4235 2794 4264; x_wconf 16' lang='grc' dir='ltr'>,γ</span> <span class='ocrx_word' id='word_1_762' title='bbox 2837 4190 3176 4248; x_wconf 81' lang='lat' dir='ltr'><strong>veracitatem</strong></span> <span class='ocrx_word' id='word_1_763' title='bbox 3215 4190 3329 4261; x_wconf 78' lang='lat' dir='ltr'><strong>ejus</strong></span> <span class='ocrx_word' id='word_1_764' title='bbox 3370 4199 3425 4245; x_wconf 79' lang='lat' dir='ltr'><strong>in</strong></span> 
     </span>
    </p>
   </div>
   <div class='ocr_carea' id='block_1_104' title="bbox 1916 4262 3423 4335">
    <p class='ocr_par' dir='ltr' id='par_1_104' title="bbox 1916 4262 3423 4335">
     <span class='ocr_line' id='line_1_104' title="bbox 1916 4262 3423 4335; baseline -0.002 -16"><span class='ocrx_word' id='word_1_765' title='bbox 1916 4267 2136 4319; x_wconf 82' lang='lat' dir='ltr'><strong>dubium</strong></span> <span class='ocrx_word' id='word_1_766' title='bbox 2179 4262 2347 4318; x_wconf 82' lang='lat' dir='ltr'><strong>vocat.</strong></span> <span class='ocrx_word' id='word_1_767' title='bbox 2391 4262 2577 4335; x_wconf 74' lang='lat' dir='ltr'><strong>Potuit</strong></span> <span class='ocrx_word' id='word_1_768' title='bbox 2618 4264 2719 4335; x_wconf 75' lang='lat' dir='ltr'><strong>sibi</strong></span> <span class='ocrx_word' id='word_1_769' title='bbox 2765 4263 2823 4335; x_wconf 85' lang='lat' dir='ltr'><strong>S.</strong></span> <span class='ocrx_word' id='word_1_770' title='bbox 2869 4264 3115 4335; x_wconf 84' lang='lat' dir='ltr'><strong>Ignatius</strong></span> <span class='ocrx_word' id='word_1_771' title='bbox 3158 4266 3423 4317; x_wconf 76' lang='lat' dir='ltr'><strong>scribendi</strong></span> 
     </span>
    </p>
   </div>
   <div class='ocr_carea' id='block_1_105' title="bbox 1919 4333 3425 4403">
    <p class='ocr_par' dir='ltr' id='par_1_105' title="bbox 1919 4333 3425 4403">
     <span class='ocr_line' id='line_1_105' title="bbox 1919 4333 3425 4403; baseline -0.002 -14"><span class='ocrx_word' id='word_1_772' title='bbox 1919 4336 2204 4390; x_wconf 78' lang='lat' dir='ltr'><strong>secundum</strong></span> <span class='ocrx_word' id='word_1_773' title='bbox 2256 4333 2531 4403; x_wconf 78' lang='lat' dir='ltr'><strong>epistolam</strong></span> <span class='ocrx_word' id='word_1_774' title='bbox 2562 4334 2631 4387; x_wconf 85' lang='lat' dir='ltr'><strong>ad</strong></span> <span class='ocrx_word' id='word_1_775' title='bbox 2672 4333 2924 4401; x_wconf 64' lang='lat' dir='ltr'><strong>Ephesios</strong></span> <span class='ocrx_word' id='word_1_776' title='bbox 2974 4336 3425 4402; x_wconf 82' lang='lat' dir='ltr'><strong>opportunitatem</strong></span> 
     </span>
    </p>
   </div>
   <div class='ocr_carea' id='block_1_106' title="bbox 1918 4403 3422 4475">
    <p class='ocr_par' dir='ltr' id='par_1_106' title="bbox 1918 4403 3422 4475">
     <span class='ocr_line' id='line_1_106' title="bbox 1918 4403 3422 4475; baseline -0.003 -17"><span class='ocrx_word' id='word_1_777' title='bbox 1918 4405 2178 4475; x_wconf 80' lang='lat' dir='ltr'><strong>polliceri.</strong></span> <span class='ocrx_word' id='word_1_778' title='bbox 2230 4403 2541 4475; x_wconf 4' lang='lat' dir='ltr'><strong>Redemptio,</strong></span> <span class='ocrx_word' id='word_1_779' title='bbox 2564 4420 2596 4455; x_wconf 89' lang='lat' dir='ltr'><strong>a</strong></span> <span class='ocrx_word' id='word_1_780' title='bbox 2633 4406 2905 4459; x_wconf 74' lang='lat' dir='ltr'><strong>vexatione</strong></span> <span class='ocrx_word' id='word_1_781' title='bbox 2956 4405 3225 4475; x_wconf 69' lang='lat' dir='ltr'><strong>militum,</strong></span> <span class='ocrx_word' id='word_1_782' title='bbox 3252 4416 3299 4475; x_wconf 87' lang='lat' dir='ltr'><strong>et</strong></span> <span class='ocrx_word' id='word_1_783' title='bbox 3336 4406 3422 4471; x_wconf 73' lang='lat' dir='ltr'><strong>[u-</strong></span> 
     </span>
    </p>
   </div>
   <div class='ocr_carea' id='block_1_107' title="bbox 1919 4473 3426 4541">
    <p class='ocr_par' dir='ltr' id='par_1_107' title="bbox 1919 4473 3426 4541">
     <span class='ocr_line' id='line_1_107' title="bbox 1919 4473 3426 4541; baseline -0.003 -12"><span class='ocrx_word' id='word_1_784' title='bbox 1919 4473 2091 4529; x_wconf 79' lang='lat' dir='ltr'><strong>cultas</strong></span> <span class='ocrx_word' id='word_1_785' title='bbox 2125 4474 2304 4529; x_wconf 69' lang='lat' dir='ltr'><strong>libera:</strong></span> <span class='ocrx_word' id='word_1_786' title='bbox 2338 4474 2621 4537; x_wconf 76' lang='lat' dir='ltr'><strong>custodiaz,</strong></span> <span class='ocrx_word' id='word_1_787' title='bbox 2654 4474 3039 4541; x_wconf 74' lang='lat' dir='ltr'><strong>confessoribus</strong></span> <span class='ocrx_word' id='word_1_788' title='bbox 3070 4475 3135 4526; x_wconf 89' lang='lat' dir='ltr'><strong>ab</strong></span> <span class='ocrx_word' id='word_1_789' title='bbox 3174 4473 3426 4526; x_wconf 51' lang='lat' dir='ltr'><strong>Ecclesia</strong></span> 
     </span>
    </p>
   </div>
   <div class='ocr_carea' id='block_1_108' title="bbox 1914 4544 3422 4615">
    <p class='ocr_par' dir='ltr' id='par_1_108' title="bbox 1914 4544 3422 4615">
     <span class='ocr_line' id='line_1_108' title="bbox 1914 4544 3422 4615; baseline -0.003 -16"><span class='ocrx_word' id='word_1_790' title='bbox 1914 4547 2191 4615; x_wconf 83' lang='lat' dir='ltr'><strong>procurari</strong></span> <span class='ocrx_word' id='word_1_791' title='bbox 2219 4547 2410 4605; x_wconf 84' lang='lat' dir='ltr'><strong>solita,</strong></span> <span class='ocrx_word' id='word_1_792' title='bbox 2444 4547 2558 4615; x_wconf 82' lang='lat' dir='ltr'><strong>fuse</strong></span> <span class='ocrx_word' id='word_1_793' title='bbox 2589 4545 2924 4598; x_wconf 66' lang='lat' dir='ltr'><strong>describitur.</strong></span> <span class='ocrx_word' id='word_1_794' title='bbox 2963 4544 3225 4615; x_wconf 59' lang='lat' dir='ltr'><strong>Modestia</strong></span> <span class='ocrx_word' id='word_1_795' title='bbox 3272 4560 3422 4596; x_wconf 81' lang='lat' dir='ltr'><strong>mar-</strong></span> 
     </span>
    </p>
   </div>
   <div class='ocr_carea' id='block_1_109' title="bbox 1917 4613 3423 4688">
    <p class='ocr_par' dir='ltr' id='par_1_109' title="bbox 1917 4613 3423 4688">
     <span class='ocr_line' id='line_1_109' title="bbox 1917 4613 3423 4688; baseline -0.003 -18"><span class='ocrx_word' id='word_1_796' title='bbox 1917 4613 2048 4688; x_wconf 77' lang='lat' dir='ltr'><strong>tyris</strong></span> <span class='ocrx_word' id='word_1_797' title='bbox 2077 4627 2189 4688; x_wconf 86' lang='lat' dir='ltr'><strong>tum</strong></span> <span class='ocrx_word' id='word_1_798' title='bbox 2229 4633 2356 4688; x_wconf 84' lang='lat' dir='ltr'><strong>erga</strong></span> <span class='ocrx_word' id='word_1_799' title='bbox 2388 4614 2689 4669; x_wconf 76' lang='lat' dir='ltr'><strong>Trallianos</strong></span> <span class='ocrx_word' id='word_1_800' title='bbox 2710 4655 2727 4681; x_wconf 92' lang='lat'><strong>,</strong></span> <span class='ocrx_word' id='word_1_801' title='bbox 2758 4624 2869 4668; x_wconf 84' lang='lat' dir='ltr'><strong>tum</strong></span> <span class='ocrx_word' id='word_1_802' title='bbox 2908 4632 3033 4685; x_wconf 84' lang='lat' dir='ltr'><strong>erga</strong></span> <span class='ocrx_word' id='word_1_803' title='bbox 3062 4613 3423 4683; x_wconf 70' lang='lat' dir='ltr'><strong>Polycarpnm</strong></span> 
     </span>
    </p>
   </div>
   <div class='ocr_carea' id='block_1_110' title="bbox 1912 4687 2234 4756">
    <p class='ocr_par' dir='ltr' id='par_1_110' title="bbox 1912 4687 2234 4756">
     <span class='ocr_line' id='line_1_110' title="bbox 1912 4687 2234 4756; baseline 0.006 -18"><span class='ocrx_word' id='word_1_804' title='bbox 1912 4687 2234 4756; x_wconf 79' lang='lat' dir='ltr'><strong>defenditur.</strong></span> 
     </span>
    </p>
   </div>
   <div class='ocr_carea' id='block_1_111' title="bbox 1912 4799 3422 4883">
    <p class='ocr_par' dir='ltr' id='par_1_111' title="bbox 1912 4799 3422 4883">
     <span class='ocr_line' id='line_1_111' title="bbox 1912 4799 3422 4883; baseline -0.007 -26"><span class='ocrx_word' id='word_1_805' title='bbox 1912 4802 2104 4873; x_wconf 86' lang='lat' dir='ltr'><strong>Capite</strong></span> <span class='ocrx_word' id='word_1_806' title='bbox 2126 4801 2198 4856; x_wconf 72' lang='grc'>20</span> <span class='ocrx_word' id='word_1_807' title='bbox 2226 4803 2340 4857; x_wconf 83' lang='grc' dir='ltr'><strong>(1υο</strong></span> <span class='ocrx_word' id='word_1_808' title='bbox 2368 4811 2687 4872; x_wconf 77' lang='lat' dir='ltr'><strong>argumenta</strong></span> <span class='ocrx_word' id='word_1_809' title='bbox 2720 4799 3098 4870; x_wconf 87' lang='lat' dir='ltr'><strong>persequitur,</strong></span> <span class='ocrx_word' id='word_1_810' title='bbox 3123 4807 3176 4851; x_wconf 90' lang='lat' dir='ltr'><strong>et</strong></span> <span class='ocrx_word' id='word_1_811' title='bbox 3205 4804 3422 4883; x_wconf 49' lang='lat' dir='ltr'><strong>utrum:</strong></span> 
     </span>
    </p>
   </div>
   <div class='ocr_carea' id='block_1_112' title="bbox 1843 4891 3421 4967">
    <p class='ocr_par' dir='ltr' id='par_1_112' title="bbox 1843 4891 3421 4967">
     <span class='ocr_line' id='line_1_112' title="bbox 1843 4891 3421 4967; baseline -0.004 -16"><span class='ocrx_word' id='word_1_812' title='bbox 1843 4912 1949 4967; x_wconf 90' lang='lat' dir='ltr'><strong>quc</strong></span> <span class='ocrx_word' id='word_1_813' title='bbox 1995 4905 2246 4949; x_wconf 86' lang='lat' dir='ltr'><strong>nostrum</strong></span> <span class='ocrx_word' id='word_1_814' title='bbox 2290 4893 2556 4965; x_wconf 86' lang='lat' dir='ltr'><strong>lgnatium</strong></span> <span class='ocrx_word' id='word_1_815' title='bbox 2596 4894 2749 4963; x_wconf 91' lang='lat' dir='ltr'><strong>petit.</strong></span> <span class='ocrx_word' id='word_1_816' title='bbox 2804 4891 3050 4947; x_wconf 89' lang='lat' dir='ltr'><strong>Primum</strong></span> <span class='ocrx_word' id='word_1_817' title='bbox 3102 4901 3222 4957; x_wconf 87' lang='lat' dir='ltr'><strong>est,</strong></span> <span class='ocrx_word' id='word_1_818' title='bbox 3273 4891 3421 4961; x_wconf 84' lang='lat' dir='ltr'><strong>quod</strong></span> 
     </span>
    </p>
   </div>
   <div class='ocr_carea' id='block_1_113' title="bbox 1843 4982 3425 5043">
    <p class='ocr_par' dir='ltr' id='par_1_113' title="bbox 1843 4982 3425 5043">
     <span class='ocr_line' id='line_1_113' title="bbox 1843 4982 3425 5043; baseline -0.004 0"><span class='ocrx_word' id='word_1_819' title='bbox 1843 4988 2024 5043; x_wconf 89' lang='lat' dir='ltr'><strong>tradat</strong></span> <span class='ocrx_word' id='word_1_820' title='bbox 2066 4987 2353 5042; x_wconf 65' lang='lat' dir='ltr'><strong>haireticos</strong></span> <span class='ocrx_word' id='word_1_821' title='bbox 2395 4986 2466 5042; x_wconf 87' lang='lat' dir='ltr'><strong>ab</strong></span> <span class='ocrx_word' id='word_1_822' title='bbox 2512 4985 2848 5041; x_wconf 88' lang='lat' dir='ltr'><strong>eucharistia</strong></span> <span class='ocrx_word' id='word_1_823' title='bbox 2895 4984 3248 5039; x_wconf 88' lang='lat' dir='ltr'><strong>abstinuisse.</strong></span> <span class='ocrx_word' id='word_1_824' title='bbox 3310 4982 3425 5037; x_wconf 84' lang='lat' dir='ltr'><strong>Hoc</strong></span> 
     </span>
    </p>
   </div>
   <div class='ocr_carea' id='block_1_114' title="bbox 1844 5073 3423 5147">
    <p class='ocr_par' dir='ltr' id='par_1_114' title="bbox 1844 5073 3423 5147">
     <span class='ocr_line' id='line_1_114' title="bbox 1844 5073 3423 5147; baseline -0.007 -11"><span class='ocrx_word' id='word_1_825' title='bbox 1844 5089 2026 5136; x_wconf 89' lang='lat' dir='ltr'><strong>autem</strong></span> <span class='ocrx_word' id='word_1_826' title='bbox 2058 5079 2255 5136; x_wconf 86' lang='lat' dir='ltr'><strong>falsum</strong></span> <span class='ocrx_word' id='word_1_827' title='bbox 2282 5094 2404 5134; x_wconf 89' lang='lat' dir='ltr'><strong>esse</strong></span> <span class='ocrx_word' id='word_1_828' title='bbox 2430 5086 2584 5147; x_wconf 90' lang='lat' dir='ltr'><strong>putat</strong></span> <span class='ocrx_word' id='word_1_829' title='bbox 2608 5095 2625 5131; x_wconf 91' lang='lat'><strong>:</strong></span> <span class='ocrx_word' id='word_1_830' title='bbox 2652 5077 2833 5132; x_wconf 90' lang='lat' dir='ltr'><strong>nullos</strong></span> <span class='ocrx_word' id='word_1_831' title='bbox 2860 5076 3060 5145; x_wconf 88' lang='lat' dir='ltr'><strong>quippe</strong></span> <span class='ocrx_word' id='word_1_832' title='bbox 3080 5084 3235 5131; x_wconf 65' lang='lat' dir='ltr'><strong>astate</strong></span> <span class='ocrx_word' id='word_1_833' title='bbox 3261 5073 3423 5143; x_wconf 78' lang='lat' dir='ltr'><strong>igna—</strong></span> 
     </span>
    </p>
   </div>
   <div class='ocr_carea' id='block_1_115' title="bbox 1844 5164 3423 5240">
    <p class='ocr_par' dir='ltr' id='par_1_115' title="bbox 1844 5164 3423 5240">
     <span class='ocr_line' id='line_1_115' title="bbox 1844 5164 3423 5240; baseline -0.008 -12"><span class='ocrx_word' id='word_1_834' title='bbox 1844 5173 1907 5228; x_wconf 90' lang='lat' dir='ltr'><strong>tii</strong></span> <span class='ocrx_word' id='word_1_835' title='bbox 1940 5173 2041 5227; x_wconf 90' lang='lat' dir='ltr'><strong>hoc</strong></span> <span class='ocrx_word' id='word_1_836' title='bbox 2069 5171 2285 5227; x_wconf 88' lang='lat' dir='ltr'><strong>fecisse.</strong></span> <span class='ocrx_word' id='word_1_837' title='bbox 2333 5168 2450 5236; x_wconf 83' lang='lat' dir='ltr'><strong>Qua</strong></span> <span class='ocrx_word' id='word_1_838' title='bbox 2486 5169 2654 5240; x_wconf 81' lang='lat' dir='ltr'><strong>igitur</strong></span> <span class='ocrx_word' id='word_1_839' title='bbox 2687 5177 2846 5222; x_wconf 67' lang='lat' dir='ltr'><strong>aetate</strong></span> <span class='ocrx_word' id='word_1_840' title='bbox 2884 5167 2990 5221; x_wconf 89' lang='lat' dir='ltr'><strong>hoc</strong></span> <span class='ocrx_word' id='word_1_841' title='bbox 3017 5166 3305 5221; x_wconf 78' lang='lat' dir='ltr'><strong>fecerunt?</strong></span> <span class='ocrx_word' id='word_1_842' title='bbox 3339 5164 3423 5217; x_wconf 86' lang='lat' dir='ltr'><strong>An</strong></span> 
     </span>
    </p>
   </div>
   <div class='ocr_carea' id='block_1_116' title="bbox 1846 5254 3425 5333">
    <p class='ocr_par' dir='ltr' id='par_1_116' title="bbox 1846 5254 3425 5333">
     <span class='ocr_line' id='line_1_116' title="bbox 1846 5254 3425 5333; baseline -0.007 -14"><span class='ocrx_word' id='word_1_843' title='bbox 1846 5264 2098 5325; x_wconf 86' lang='lat' dir='ltr'><strong>ducentis</strong></span> <span class='ocrx_word' id='word_1_844' title='bbox 2138 5272 2265 5333; x_wconf 79' lang='lat' dir='ltr'><strong>post</strong></span> <span class='ocrx_word' id='word_1_845' title='bbox 2292 5262 2564 5332; x_wconf 83' lang='lat' dir='ltr'><strong>lgnatium</strong></span> <span class='ocrx_word' id='word_1_846' title='bbox 2591 5260 2788 5325; x_wconf 88' lang='lat' dir='ltr'><strong>annis,</strong></span> <span class='ocrx_word' id='word_1_847' title='bbox 2832 5274 2958 5313; x_wconf 91' lang='lat' dir='ltr'><strong>cum</strong></span> <span class='ocrx_word' id='word_1_848' title='bbox 2991 5258 3258 5327; x_wconf 90' lang='lat' dir='ltr'><strong>impostor</strong></span> <span class='ocrx_word' id='word_1_849' title='bbox 3299 5254 3425 5308; x_wconf 64' lang='lat' dir='ltr'><strong>Dal-</strong></span> 
     </span>
    </p>
   </div>
   <div class='ocr_carea' id='block_1_117' title="bbox 1845 5346 3425 5424">
    <p class='ocr_par' dir='ltr' id='par_1_117' title="bbox 1845 5346 3425 5424">
     <span class='ocr_line' id='line_1_117' title="bbox 1845 5346 3425 5424; baseline -0.009 -12"><span class='ocrx_word' id='word_1_850' title='bbox 1845 5358 2053 5412; x_wconf 70' lang='lat' dir='ltr'><strong>laeanus</strong></span> <span class='ocrx_word' id='word_1_851' title='bbox 2081 5357 2182 5410; x_wconf 87' lang='lat' dir='ltr'><strong>bas</strong></span> <span class='ocrx_word' id='word_1_852' title='bbox 2226 5354 2487 5424; x_wconf 86' lang='lat' dir='ltr'><strong>epistolas</strong></span> <span class='ocrx_word' id='word_1_853' title='bbox 2530 5351 2731 5407; x_wconf 81' lang='lat' dir='ltr'><strong>ﬁnxit?</strong></span> <span class='ocrx_word' id='word_1_854' title='bbox 2767 5350 3010 5406; x_wconf 83' lang='lat' dir='ltr'><strong>Minime.</strong></span> <span class='ocrx_word' id='word_1_855' title='bbox 3038 5349 3265 5411; x_wconf 59' lang='lat' dir='ltr'><strong>Anulis</strong></span> <span class='ocrx_word' id='word_1_856' title='bbox 3317 5346 3425 5400; x_wconf 84' lang='lat' dir='ltr'><strong>alio</strong></span> 
     </span>
    </p>
   </div>
   <div class='ocr_carea' id='block_1_118' title="bbox 1852 5441 3425 5516">
    <p class='ocr_par' dir='ltr' id='par_1_118' title="bbox 1852 5441 3425 5516">
     <span class='ocr_line' id='line_1_118' title="bbox 1852 5441 3425 5516; baseline -0.006 -13"><span class='ocrx_word' id='word_1_857' title='bbox 1852 5459 1980 5504; x_wconf 88' lang='lat' dir='ltr'><strong>ante</strong></span> <span class='ocrx_word' id='word_1_858' title='bbox 2012 5449 2065 5503; x_wconf 90' lang='lat' dir='ltr'><strong>id</strong></span> <span class='ocrx_word' id='word_1_859' title='bbox 2112 5461 2325 5516; x_wconf 86' lang='lat' dir='ltr'><strong>tempus</strong></span> <span class='ocrx_word' id='word_1_860' title='bbox 2377 5446 2533 5501; x_wconf 72' lang='lat' dir='ltr'><strong>aevo?</strong></span> <span class='ocrx_word' id='word_1_861' title='bbox 2561 5443 3018 5515; x_wconf 83' lang='lat' dir='ltr'><strong>Haudquaquam.</strong></span> <span class='ocrx_word' id='word_1_862' title='bbox 3056 5441 3314 5495; x_wconf 84' lang='lat' dir='ltr'><strong>Mentitus</strong></span> <span class='ocrx_word' id='word_1_863' title='bbox 3337 5449 3425 5494; x_wconf 91' lang='lat' dir='ltr'><strong>est</strong></span> 
     </span>
    </p>
   </div>
   <div class='ocr_carea' id='block_1_119' title="bbox 1848 5534 3423 5613">
    <p class='ocr_par' dir='ltr' id='par_1_119' title="bbox 1848 5534 3423 5613">
     <span class='ocr_line' id='line_1_119' title="bbox 1848 5534 3423 5613; baseline -0.006 -17"><span class='ocrx_word' id='word_1_864' title='bbox 1848 5543 2014 5613; x_wconf 77' lang='lat' dir='ltr'><strong>igitur</strong></span> <span class='ocrx_word' id='word_1_865' title='bbox 2041 5542 2316 5609; x_wconf 87' lang='lat' dir='ltr'><strong>scriptor;</strong></span> <span class='ocrx_word' id='word_1_866' title='bbox 2356 5538 2504 5608; x_wconf 90' lang='lat' dir='ltr'><strong>quod</strong></span> <span class='ocrx_word' id='word_1_867' title='bbox 2532 5538 2599 5593; x_wconf 92' lang='lat' dir='ltr'><strong>de</strong></span> <span class='ocrx_word' id='word_1_868' title='bbox 2622 5536 2833 5608; x_wconf 76' lang='lat' dir='ltr'><strong>lgnatio</strong></span> <span class='ocrx_word' id='word_1_869' title='bbox 2867 5535 3014 5591; x_wconf 92' lang='lat' dir='ltr'><strong>credi</strong></span> <span class='ocrx_word' id='word_1_870' title='bbox 3044 5534 3195 5589; x_wconf 94' lang='lat' dir='ltr'><strong>nullo</strong></span> <span class='ocrx_word' id='word_1_871' title='bbox 3234 5535 3423 5595; x_wconf 85' lang='lat' dir='ltr'><strong>modo,</strong></span> 
     </span>
    </p>
   </div>
   <div class='ocr_carea' id='block_1_120' title="bbox 1846 5626 3427 5702">
    <p class='ocr_par' dir='ltr' id='par_1_120' title="bbox 1846 5626 3427 5702">
     <span class='ocr_line' id='line_1_120' title="bbox 1846 5626 3427 5702; baseline -0.006 -14"><span class='ocrx_word' id='word_1_872' title='bbox 1846 5634 1914 5688; x_wconf 89' lang='lat' dir='ltr'><strong>de</strong></span> <span class='ocrx_word' id='word_1_873' title='bbox 1944 5634 2242 5702; x_wconf 86' lang='lat' dir='ltr'><strong>impostore</strong></span> <span class='ocrx_word' id='word_1_874' title='bbox 2296 5630 2456 5686; x_wconf 83' lang='lat' dir='ltr'><strong>facile</strong></span> <span class='ocrx_word' id='word_1_875' title='bbox 2502 5629 2648 5685; x_wconf 91' lang='lat' dir='ltr'><strong>credi</strong></span> <span class='ocrx_word' id='word_1_876' title='bbox 2685 5637 2883 5699; x_wconf 89' lang='lat' dir='ltr'><strong>potest.</strong></span> <span class='ocrx_word' id='word_1_877' title='bbox 2914 5626 3020 5682; x_wconf 91' lang='lat' dir='ltr'><strong>Sed</strong></span> <span class='ocrx_word' id='word_1_878' title='bbox 3059 5642 3229 5697; x_wconf 84' lang='lat' dir='ltr'><strong>quare</strong></span> <span class='ocrx_word' id='word_1_879' title='bbox 3268 5626 3427 5681; x_wconf 82' lang='lat' dir='ltr'><strong>lictor</strong></span> 
     </span>
    </p>
   </div>
   <div class='ocr_carea' id='block_1_121' title="bbox 1848 5719 3425 5796">
    <p class='ocr_par' dir='ltr' id='par_1_121' title="bbox 1848 5719 3425 5796">
     <span class='ocr_line' id='line_1_121' title="bbox 1848 5719 3425 5796; baseline -0.004 -17"><span class='ocrx_word' id='word_1_880' title='bbox 1848 5725 1901 5782; x_wconf 90' lang='lat' dir='ltr'><strong>id</strong></span> <span class='ocrx_word' id='word_1_881' title='bbox 1930 5726 2179 5796; x_wconf 79' lang='lat' dir='ltr'><strong>lingeret,</strong></span> <span class='ocrx_word' id='word_1_882' title='bbox 2209 5725 2357 5795; x_wconf 81' lang='lat' dir='ltr'><strong>quod</strong></span> <span class='ocrx_word' id='word_1_883' title='bbox 2392 5722 2599 5779; x_wconf 87' lang='lat' dir='ltr'><strong>nullam</strong></span> <span class='ocrx_word' id='word_1_884' title='bbox 2635 5722 2858 5778; x_wconf 91' lang='lat' dir='ltr'><strong>omnino</strong></span> <span class='ocrx_word' id='word_1_885' title='bbox 2885 5719 3425 5777; x_wconf 77' lang='lat' dir='ltr'><strong>verisimilitudincm</strong></span> 
     </span>
    </p>
   </div>
  </div>
