3834 6206
199 302 306 359 389

878 299 932 355 J.
972 299 1338 356 PEARSONII
1373 295 1692 358 VINDICLE
1731 299 2151 358 IGNATIANZE.
2197 335 2264 344 —
2290 303 2476 360 PARS
2515 307 2582 362 lt.

3366 315 3473 374 390

201 424 420 482 Eusebii
462 431 621 480 aetate
661 424 953 479 exstabant
986 426 1079 494 qui
1104 424 1224 494 ejus
1251 424 1505 480 haeresim
1556 425 1780 495 proﬁtc-
1812 432 1859 487 Α
1888 427 2134 496 ipsorum
2173 436 2441 497 potestate
2464 443 2574 483 non
2604 428 2880 486 videbant.
2905 429 3049 486 Fieri
3071 431 3235 487 etiam
3267 443 3473 505 potest,

201 521 430 585 bantur;
477 517 724 588 quicum
767 516 1113 573 Christianos
1146 533 1207 573 se
1251 519 1640 586 simulassent,
1667 520 1781 576 da:-

200 627 421 667 monum
456 620 638 666 tamen
662 610 838 665 cultui
877 625 935 664 se
961 610 1214 680 privatim
1251 613 1682 683 mancipabant,
1723 624 1783 669 ut

200 714 312 784 ipse
337 719 576 766 testatur
609 710 706 764 lib.
730 725 791 774 ll,
824 726 947 779 cap.
978 710 1067 763 13.
1109 709 1354 765 Fuerunt
1380 711 1549 782 igitur
1579 729 1780 782 quam-

198 804 413 874 plurimi
445 812 607 858 aetate
640 803 832 874 lgnatii
862 803 1190 869 Simoniani,
1229 806 1326 874 qui
1358 805 1595 860 nefanda
1625 822 1778 876 qua:-

197 901 313 954 dam
354 898 624 968 mysteria
670 897 1060 956 celebrabant.
1089 897 1481 953 eucharistiam
1517 899 1775 964 minime,

196 993 283 1063 qui
320 991 606 1046 Simonem
660 991 878 1061 quidem
933 991 1222 1056 colebant,
1269 990 1364 1046 sed
1415 992 1520 1046 sub
1569 990 1776 1047 Christi

197 1083 410 1136 nomine
439 1101 452 1134 :
483 1081 697 1134 Πλὰνου
727 1081 826 1152 μὲν
855 1080 1006 1143 ὄντος
1031 1078 1218 1144 αὑτοῦ,
1257 1081 1470 1153 μορφὴν
1495 1081 1550 1134 δὲ
1579 1081 1776 1152 ὀνόμα-

194 1191 279 1238 τος
313 1171 556 1244 Χριστοῦ
610 1171 1005 1243 ἐνδυσαμένου,
1053 1191 1071 1223 ι
1111 1172 1204 1240 qui
1255 1172 1469 1226 tametsi
1509 1173 1777 1242 impostor

193 1275 350 1330 esset,
387 1267 632 1336 speciem
660 1273 844 1319 tamen
875 1263 1116 1320 nominis
1140 1263 1346 1319 Christi
1397 1267 1718 1334 assumpsit,
1747 1285 1766 1316 ι

197 1371 249 1414 ut
277 1368 508 1416 testatur
556 1358 922 1429 Epiphanius.
947 1356 1081 1423 Quae
1103 1372 1228 1412 cum
1265 1358 1339 1412 ita
1370 1358 1511 1421 sint,
1548 1367 1773 1428 apparet

197 1452 537 1506 Simonianos
587 1450 692 1505 sub
745 1449 972 1504 Claudio
1017 1447 1242 1502 minime
1285 1446 1585 1502 exstinctos
1615 1461 1768 1512 esse,

194 1543 405 1614 Trajaui
453 1552 511 1597 et
547 1541 845 1611 Ignatianaa
872 1540 1149 1611 passionis
1188 1539 1529 1609 temporibus
1571 1555 1768 1608 quam-

195 1637 446 1705 plurimos
474 1633 793 1698 exstitisse,
844 1631 1089 1701 adeoque
1135 1630 1204 1684 de
1237 1627 1344 1684 illis
1393 1645 1555 1700 posse
1595 1631 1768 1701 accipi

192 1743 304 1798 qua;
327 1743 355 1781 a
377 1726 653 1795 scriptore
679 1723 1034 1794 epistolarum
1058 1721 1124 1778 de
1149 1721 1478 1794 quibusdam
1512 1721 1597 1776 sui
1624 1730 1765 1778 tem-

193 1818 328 1888 poris
358 1814 640 1870 haereticis
671 1814 817 1870 dicta
850 1820 1000 1868 sunt.

257 1908 324 1964 De
369 1908 656 1964 Marcione
706 1922 829 1976 quae
877 1904 1118 1972 disserit,
1155 1904 1249 1976 qui
1307 1904 1514 1960 Christi
1563 1920 1764 1975 corpus

192 2005 586 2074 phantasticum
632 1999 841 2065 docuit,
873 2007 928 2054 et
973 2007 1156 2054 tamen
1187 1998 1583 2054 eucharistiam
1621 1998 1766 2052 cele-

193 2095 370 2162 bravit,
394 2095 462 2150 ad
491 2103 717 2150 aetatem
751 2093 946 2164 lgnatii
977 2107 1088 2146 non
1116 2099 1399 2161 spectant;
1426 2105 1604 2160 neque
1631 2091 1766 2160 quid

199 2189 392 2244 Doceue
439 2204 506 2242 eo
556 2203 682 2242 aevo
740 2185 992 2250 fecerint,
1027 2185 1348 2239 ostendunt.
1385 2181 1462 2236 Illi
1504 2182 1650 2237 eiiim
1697 2181 1765 2238 de

191 2290 348 2336 morte
377 2281 594 2336 Christi
631 2278 806 2334 multa
833 2278 1161 2342 docuerunt,
1185 2291 1308 2345 quae
1335 2275 1580 2330 Marcion
1612 2275 1764 2329 nullo

195 2375 340 2428 modo
392 2373 686 2428 sustinuit.
712 2370 780 2426 Et
833 2369 1206 2424 Tertullianus
1262 2376 1494 2423 testatur
1531 2383 1599 2423 eo
1644 2369 1764 2438 ipso

193 2466 316 2532 loco,
343 2467 433 2538 qui
466 2466 822 2537 producitur,
873 2461 1209 2517 Marcionem
1253 2470 1601 2516 sacramenta
1630 2476 1763 2532 pro-

195 2561 294 2628 pria
332 2561 616 2616 habuisse.
655 2557 899 2629 lgnatius
928 2566 1115 2611 autem
1153 2555 1221 2610 de
1269 2553 1526 2610 Ecclesia:
1571 2570 1762 2610 sacra-

193 2664 354 2708 mento
391 2655 510 2709 sine
554 2653 730 2710 dubio
759 2649 1146 2721 intelligendus
1188 2657 1292 2715 est,
1322 2664 1352 2702 a
1381 2663 1492 2719 quo
1523 2657 1577 2703 et
1611 2645 1760 2703 Mar-

194 2748 298 2802 cion
324 2748 605 2804 abstinuit.
640 2746 887 2816 Denique
914 2760 1038 2800 cum
1071 2753 1454 2814 argumentum
1492 2743 1562 2798 ab
1585 2742 1759 2798 inter-

195 2840 411 2906 polatore
440 2841 573 2911 petit
609 2840 668 2910 (a
700 2854 811 2908 quo
843 2851 1124 2906 nunquam
1169 2836 1383 2890 videtur
1413 2835 1520 2891 nisi
1549 2833 1761 2890 doctior

197 2934 459 3003 recedere),
502 2933 597 3002 qui
642 2932 762 2986 haec
812 2929 976 2984 verba
1008 2928 1266 2984 omisisse
1313 2928 1583 2993 videatur,
1611 2927 1756 2996 quod

195 3026 354 3080 minus
377 3041 500 3080 vera
524 3032 783 3096 putaret;
813 3023 1014 3093 primo,
1053 3022 1440 3076 auctoritatem
1483 3019 1546 3076 B.
1580 3019 1759 3076 Theo-

1889 528 1947 574 ut
1997 519 2130 575 illuil
2187 521 2470 591 potuerint
2510 520 2709 588 facere,
2758 539 2858 580 nec
2915 533 3100 579 tamen
3156 523 3471 581 faciendum

1883 615 2215 684 putaverint,
2249 615 2561 671 rationibus
2603 617 2672 672 ab
2704 616 2825 687 ipso
2846 616 3058 686 lgnatio
3089 618 3318 676 redditis
3343 635 3471 686 per-

1885 706 2038 773 moti,
2081 707 2372 761 autetiam
2424 707 2607 762 ablata
2660 709 2972 777 occasione,
3003 719 3058 764 et
3118 711 3468 766 inimicorum

1883 797 2071 856 furore
2119 800 2402 869 prazvcuti,
2463 816 2587 855 cum
2649 800 2895 872 lgnatius
2951 821 2972 854 r
3023 803 3330 858 subductus
3384 812 3471 858 est

1881 907 2006 945 cum
2056 891 2409 947 festinatione
2457 893 2513 948 iu
2564 895 3052 964 amphitheatrum,
3083 916 3101 949 ι
3137 907 3196 952 ιιι
3241 899 3296 953 in
3345 899 3469 969 ejus

1879 982 2032 1039 Actis
2077 984 2333 1055 legimus.
2385 983 2526 1039 Fieri
2559 987 2795 1058 denique
2845 999 3048 1059 potest,
3083 1001 3142 1047 ut
3176 993 3313 1048 illud
3346 995 3469 1050 effi-

1881 1091 2008 1131 cere
2036 1093 2144 1131 non
2173 1078 2450 1146 potuerint
2473 1078 2590 1134 sine
2614 1075 2739 1134 vitm
2760 1082 3000 1150 plurium
3020 1083 3466 1142 Christianorum

1877 1169 2150 1238 periculo,
2183 1178 2279 1223 aut
2307 1171 2471 1225 etiam
2507 1172 2626 1226 sine
2650 1183 2892 1242 peccato.
2928 1175 2996 1229 At
3021 1191 3130 1230 non
3163 1188 3351 1246 peccat
3373 1181 3470 1249 qui

1881 1262 1935 1316 id
1982 1262 2112 1316 boni
2163 1277 2272 1316 non
2329 1263 2479 1327 facit,
2514 1280 2626 1334 quo
2678 1267 2860 1336 majus
2890 1268 3113 1338 aliquod
3157 1270 3358 1326 bonum
3396 1271 3470 1328 fa-

1875 1369 1999 1409 cere
2055 1354 2263 1424 possit,
2318 1363 2414 1409 aut
2461 1357 2605 1426 quod
2665 1356 2867 1423 facere,
2905 1361 3025 1414 sine
3075 1371 3300 1431 peccato
3358 1380 3469 1420 non

1875 1445 2069 1515 possit.
2111 1465 2130 1497 ‹
2162 1444 2278 1500 Νοη
2309 1463 2517 1517 (ιυωτο,
2566 1447 2764 1518 inquit,
2795 1466 2920 1520 qua-
2965 1453 3255 1524 qualisque
3307 1454 3470 1511 fuerit

1873 1537 1964 1591 illa
1995 1553 2118 1607 quae
2151 1536 2416 1593 Romanis
2445 1555 2475 1594 a
2511 1548 2699 1594 nostro
2734 1541 2993 1597 tribuitur
3035 1554 3298 1614 potestas.
3334 1567 3352 1598 ι
3402 1549 3472 1604 At

1873 1629 2102 1682 omnino
2119 1629 2497 1698 quaerendum,
2520 1630 2630 1684 imo
2653 1633 3002 1688 statuendum
3020 1646 3138 1691 erat
3155 1638 3336 1708 qualis
3353 1639 3470 1694 haec

1873 1731 2114 1791 potestas
2155 1722 2338 1788 fuerit,
2370 1724 2691 1794 priusquam
2731 1728 3115 1796 pronuntiaret
3143 1733 3467 1801 gravissime

1799 1798 1840 1854 Β
1867 1831 1965 1869 eos
2007 1822 2350 1884 peccaturos,
2381 1818 2426 1871 si
2464 1818 2554 1870 illa
2594 1819 2673 1872 uti
2715 1818 2770 1872 in
2803 1820 2908 1876 hac
2945 1837 3110 1877 causa
3142 1825 3379 1894 nollent;
3414 1835 3470 1883 et

1868 1917 2050 1962 utrum
2077 1908 2199 1963 talis
2215 1919 2380 1973 esset,
2399 1924 2520 1979 quae
2537 1910 2646 1966 illis
2669 1911 2820 1967 nullo
2839 1914 3002 1968 modo
3019 1916 3230 1986 subripi
3258 1929 3462 1988 posset.

1939 1997 2043 2054 Sed
2104 2001 2194 2054 ille
2242 2001 2358 2056 haec
2408 2003 2570 2057 toties
2629 2003 2966 2075 afﬁrmavit,
3018 2018 3074 2064 et
3125 2019 3308 2067 tamen
3358 2013 3464 2068 fal-

1867 2106 1991 2146 sum
2049 2103 2152 2148 est.
2214 2091 2372 2159 Quod
2432 2093 2736 2152 aﬂirmasse
2779 2097 3021 2167 dicitur,
3081 2100 3284 2159 falsum
3341 2121 3466 2164 esse

1866 2184 2114 2238 nondum
2172 2185 2463 2254 probatum
2519 2196 2634 2255 est,
2678 2205 2857 2260 neque
2912 2193 3135 2262 probari
3185 2197 3299 2251 ullo
3347 2214 3465 2257 mo-

1864 2276 1934 2330 do
1974 2287 2185 2347 potest;
2221 2293 2291 2333 an
2338 2281 2499 2335 toties
2551 2281 2606 2336 id
2659 2281 2861 2339 dixerit
2911 2287 3180 2357 scriptor,
3225 2290 3340 2360 jam
3380 2292 3463 2348 vi-

1865 2370 2127 2424 dendum.
2159 2369 2293 2424 Nam
2350 2373 2531 2442 primo
2574 2375 2670 2445 qui
2712 2376 2852 2432 dixit
2883 2393 2964 2446 se,
3005 2398 3024 2431 r
3062 2382 3110 2436 si
3143 2382 3220 2437 illi
3271 2386 3460 2441 volue-

1866 2462 1996 2530 rint,
2025 2472 2079 2517 et
2131 2463 2176 2518 si
2239 2464 2316 2518 illi
2348 2481 2457 2520 non
2493 2467 2845 2538 impedirent,
2877 2489 2896 2522 ι
2939 2475 3296 2543 moriturum,
3349 2494 3459 2534 non

1864 2555 2046 2609 statim
2079 2555 2238 2619 dixit,
2279 2575 2298 2608 ‹
2337 2565 2569 2613 mortem
2601 2560 2744 2629 ejus,
2777 2562 2823 2616 si
2861 2563 3081 2627 vellent,
3115 2566 3320 2622 nullam
3366 2568 3456 2624 fu-

1863 2655 2062 2700 turam.
2100 2666 2118 2698 »
2146 2645 2369 2703 Diversa
2421 2650 2535 2705 haec
2562 2651 2725 2721 plane
2771 2663 2921 2710 sunt.
2949 2654 3111 2713 Novit
3142 2657 3202 2716 S.
3242 2672 3453 2735 martyr

1860 2741 2089 2812 gentiles
2136 2756 2330 2798 omnes
2379 2742 2662 2801 Romanos
2709 2749 3068 2818 cupidissime
3107 2752 3457 2823 imperatoris

1859 2834 2142 2890 decretum
2199 2847 2560 2894 exsecuturos
2603 2849 2658 2895 et
2711 2840 2885 2910 ipsius
2932 2853 3110 2900 morte
3157 2847 3456 2907 delectatos

1859 2925 1996 2982 fore.
2031 2927 2150 2983 Nisi
2209 2929 2378 3000 igitur
2431 2929 2668 2988 Romani
2723 2935 2910 2991 ﬁdeles
2959 2937 3376 3010 intercederent,
3403 2951 3459 2999 et

1859 3021 2184 3093 martyrium
2231 3022 2352 3092 ejus
2388 3022 2577 3094 aliquo
2608 3026 2775 3082 modo
2803 3027 3071 3098 impedire
3093 3044 3453 3103 conarentur,

196 3115 345 3172 doreti
372 3117 754 3189 interpolatori
791 3117 1147 3186 opponimus,
1178 3115 1273 3186 qui
1303 3115 1419 3170 haec
1447 3115 1566 3182 ipsa
1589 3115 1754 3171 verba
1782 3154 1825 3212 Ο
1859 3113 2170 3168 certissima
2213 3115 2261 3169 ei
2308 3129 2461 3171 mors
2494 3124 2555 3171 ut
2583 3126 2638 3173 et
2671 3120 3088 3189 exoptatissima
3111 3139 3209 3194 pro
3231 3125 3455 3182 Christo

195 3217 424 3282 tanquam
461 3227 595 3282 pura
645 3218 777 3280 puta
822 3208 1101 3279 lgnatiana
1131 3218 1188 3263 et
1215 3209 1504 3264 verissima
1537 3209 1752 3264 exscri—

196 3304 303 3372 psit,
330 3304 594 3360 hazreticis
641 3303 731 3359 sui
781 3303 1044 3372 temporis
1083 3301 1307 3372 objecit,
1341 3315 1522 3371 neque
1545 3302 1753 3357 veritus

195 3407 265 3454 est
288 3416 347 3454 ne
375 3400 462 3454 illa
484 3398 658 3453 verba
687 3405 965 3452 auctorem
991 3395 1352 3464 epistolarum
1386 3393 1554 3448 alium
1585 3409 1751 3463 quam

198 3487 429 3562 lgnatium
505 3490 831 3561 episcopum
896 3486 1298 3540 Antiochenum
1355 3492 1411 3538 et
1453 3495 1750 3554 martyrem

197 3585 469 3652 proderent.
503 3582 789 3648 Secundo,
818 3579 1354 3649 interpolator‘ipse,
1392 3578 1486 3648 qui
1520 3592 1621 3648 pro
1645 3593 1744 3632 sua

200 3675 406 3741 libidine,
451 3687 799 3746 quaecunque
852 3671 1028 3725 voluit
1076 3669 1337 3724 omittere
1379 3669 1579 3723 solitus
1641 3677 1746 3735 est,

200 3769 323 3822 nullo
353 3770 504 3824 modo
541 3784 604 3823 ea
638 3767 804 3822 verba
835 3764 1110 3829 omisisse,
1143 3762 1290 3833 quod
1318 3777 1446 3817 vera
1482 3776 1605 3817 esse
1636 3777 1746 3816 non

199 3869 400 3929 putaret,
426 3861 705 3932 putandus
734 3868 838 3921 est,
868 3866 928 3912 ut
970 3872 1036 3910 ex
1099 3854 1184 3909 his
1231 3871 1354 3925 qua:
1384 3871 1574 3910 eorum
1624 3855 1746 3909 loco

202 3956 344 4022 posita
373 3965 491 4010 sunt
515 3961 783 4025 apparet:
813 3950 905 4004 τὸν
939 3949 1172 4020 σταυρὸν
1206 3948 1648 4018 ἐπαισχύνονται,
1682 3949 1744 4001 τὸ

202 4046 339 4111 πάθος
379 4046 715 4118 χλευάζουσι,
751 4043 848 4115 τὴν
897 4042 1194 4096 ἀνάστασιν
1226 4038 1570 4111 κωμῳδοῦσι.
1607 4039 1742 4106 Quis

201 4139 318 4192 enim
339 4155 422 4195 eos
449 4138 798 4194 eucharistite
823 4141 1170 4191 sacramento
1195 4149 1329 4188 usos
1360 4132 1532 4188 fuisse
1561 4143 1733 4203 putet,

203 4229 276 4297 qui
314 4249 330 4282 ι
373 4230 563 4285 Christi
624 4242 848 4285 crucem
895 4225 1247 4292 erubescunt,
1294 4225 1389 4295 qui
1424 4224 1735 4294 passionem

1859 3203 1982 3260 fuit.
2008 3204 2127 3261 Non
2174 3215 2353 3262 tamen
2393 3208 2520 3263 inde
2547 3211 2798 3280 sequitur
2818 3212 3027 3268 dixisse
3053 3229 3202 3279 eum,
3241 3218 3450 3274 nullam

1861 3295 1978 3352 fore
2026 3307 2281 3364 mortem,
2309 3299 2356 3353 si
2385 3297 2689 3356 Christiani
2724 3304 3018 3371 voluerint,
3048 3315 3145 3362 aut
3187 3307 3454 3378 impedire

1857 3401 2194 3445 conarentur
2223 3409 2235 3443 :
2267 3391 2373 3446 hoc
2398 3391 2546 3446 enim
2581 3407 2650 3447 an
2680 3393 2899 3451 efﬁcere
2923 3411 3169 3467 possent,
3200 3400 3452 3459 dubitare

1854 3479 2020 3534 etiam
2055 3480 2146 3535 ille
2181 3481 2276 3550 qui
2310 3481 2428 3535 hzec
2455 3481 2673 3539 dixerat
2700 3486 2898 3554 potuit.
2927 3485 3090 3542 Novit
3119 3489 3366 3548 inﬁdeles
3395 3502 3452 3548 et

1853 3573 2100 3643 potuisse
2137 3580 2192 3627 et
2247 3573 2490 3629 voluisse
2543 3591 2670 3630 eum
2724 3577 3060 3644 interficere;
3097 3591 3250 3637 certo
3281 3584 3449 3655 igitur

1854 3665 1960 3720 hoc
2011 3663 2258 3720 futurum
2299 3676 2446 3732 erat,
2487 3669 2593 3723 nisi
2627 3669 2827 3740 aliquis
2857 3672 3162 3740 impediret.
3192 3673 3356 3732 Novit
3387 3694 3448 3734 se

1849 3773 1882 3813 a
1916 3756 2027 3814 Deo
2062 3759 2127 3813 ad
2173 3760 2496 3830 martyrium
2538 3772 2793 3817 vocatum
2846 3779 3002 3831 esse;
3052 3767 3318 3838 impedire
3351 3787 3446 3826 vo-

1849 3849 2019 3906 luisse
2069 3866 2234 3906 nemo
2279 3853 2565 3907 hominum
2601 3864 2798 3924 przeter
2853 3856 3202 3915 Christianos
3251 3859 3444 3917 Romae

1849 3944 2187 4000 constitutos
2224 3945 2534 4000 credendus
2574 3945 2697 4001 fuit.
2737 3946 2793 4002 Si
2827 3948 2993 4018 igitur
3021 3950 3098 4004 illi
3122 3952 3264 4007 idem
3293 3955 3442 4024 quod

1847 4037 1923 4091 illi
1965 4036 2184 4103 vellent,
2214 4045 2310 4091 aut
2341 4052 2451 4092 non
2484 4037 2837 4107 impedirent,
2866 4042 3173 4098 certissima
3211 4047 3438 4118 martyri

1845 4144 1996 4184 mors
2041 4127 2166 4194 fuit,
2195 4132 2310 4184 sive
2342 4130 2420 4184 illi
2452 4145 2642 4184 revera
2667 4130 2932 4200 impedire
2960 4135 3291 4201 potuissent.
3323 4139 3440 4193 sive

1848 4238 1982 4277 non.
2037 4222 2194 4279 Multi
2244 4224 2390 4279 enim
2449 4224 2752 4280 Christiani
2796 4225 3146 4282 confessores
3182 4246 3213 4283 a
3262 4241 3438 4285 morte

1846 4317 2087 4372 liberare
2119 4317 2303 4372 conati
2335 4327 2487 4381 sunt,
2520 4317 2615 4387 qui
2644 4318 2695 4372 id
2725 4315 2942 4373 efﬁcere
2969 4335 3074 4373 non
3118 4330 3431 4389 potuerunt.

205 4321 298 4389 ejus
319 4324 565 4388 derident,
587 4324 687 4395 qui
725 4321 1179 4379 resurrectionem
1214 4319 1370 4374 ludos
1395 4318 1623 4384 faciunt,
1642 4320 1736 4389 qui

206 4413 430 4472 infidelem
474 4415 822 4473 inimicitiam
868 4429 996 4468 cum
1032 4412 1266 4467 invicem
1301 4412 1524 4466 habent.
1559 4431 1578 4464 ι
1610 4411 1734 4469 Ha-c

1879 4422 1916 4464 te
1959 4407 2257 4478 Peregrina
2311 4407 2591 4462 Lucianus
2625 4424 2638 4461 :
2698 4408 2861 4460 Ἐπεὶ
2905 4407 2960 4460 δὲ
2999 4404 3094 4461 οὖν
3125 4408 3352 4475 ἐδέδετο,
3383 4413 3433 4464 οἱ

208 4522 312 4562 sane
334 4509 410 4564 ille
449 4513 645 4580 posuit,
676 4507 826 4579 quod
869 4507 1013 4561 idem
1039 4505 1126 4559 his
1157 4504 1338 4560 verbis
1367 4505 1550 4559 doceri
1575 4514 1733 4576 puta-

1879 4502 2160 4574 ζριστιανοὶ
2206 4499 2493 4571 συμφορὰν
2530 4499 2846 4571 ποιούμενοι
2879 4499 2940 4552 τὸ
2973 4503 3205 4570 πρᾶγμα
3254 4502 3432 4556 πάντα

208 4609 272 4653 ret
289 4602 413 4671 quod
439 4604 503 4658 ah
528 4603 737 4676 lgnatio
764 4601 973 4656 dictum
997 4599 1065 4654 de
1094 4599 1162 4654 iis
1183 4607 1288 4660 est,
1314 4599 1406 4668 qui
1431 4599 1500 4653 ab
1522 4600 1730 4670 agapis,

1879 4595 2051 4649 ιίνουν
2079 4592 2385 4665 ἐξαρπάσαι
2411 4592 2740 4664 πειρώμενοι
2766 4592 2930 4646 αὐτόν
2951 4609 2964 4622 ο
2998 4587 3098 4645 εἶτ’
3131 4595 3254 4645 ἐπεὶ
3271 4594 3431 4648 τοῦτο

209 4692 263 4744 ab
287 4696 604 4766 eucharistia,
649 4697 722 4752 ab
765 4694 1138 4751 oblationibus
1165 4693 1534 4760 abstinebant,
1566 4703 1618 4749 et
1663 4696 1732 4749 ab

1879 4705 1901 4740 ν
1925 4688 2258 4758 ἁδύνατον,ἧ
2291 4704 2354 4756 γε
2391 4687 2523 4758 ἄλλη
2553 4685 2816 4758 Θεραπεία
2838 4687 2985 4738 πᾶσα
3014 4687 3074 4738 οὐ
3110 4687 3424 4760 παρέργως,

210 4782 404 4843 Ecclesia
431 4791 483 4844 in
511 4792 708 4847 diaboli
734 4799 914 4846 castra
951 4787 1382 4843 transvolabant.

1879 4780 1969 4833 λλά
2006 4781 2106 4834 σὺν
2138 4780 2341 4852 σπουδῇ
2373 4781 2600 4847 ἐγίνετο.
2645 4797 2663 4829 ‹
2712 4777 3010 4848 Postquam
3053 4780 3268 4835 vinctus
3318 4792 3424 4848 est,

266 4876 536 4938 secundum
581 4884 749 4954 hujus
775 4883 972 4953 capitis
1015 4891 1400 4952 argumentum
1440 4882 1727 4952 epistolam
1831 4869 2138 4926 Christiani
2170 4885 2326 4924 suam
2366 4868 2742 4924 infelicitatem
2770 4877 3052 4938 putantes,
3085 4872 3270 4926 omnia
3305 4888 3427 4926 mo-

210 4968 261 5022 Id
295 4969 540 5031 Romanos
589 4985 821 5046 spectat,
878 4990 988 5044 qua
1041 4974 1308 5044 scriptum
1358 4974 1634 5046 significat,
1672 4976 1726 5029 in
1831 4962 2031 5017 vehant
2066 4961 2224 5016 illum
2262 4961 2474 5030 eripere
2503 4960 2708 5014 conati.
2744 4959 2868 5014 Mox
2900 4960 2993 5016 ubi
3027 4961 3129 5017 hoc
3165 4964 3426 5034 impossi-

210 5073 360 5117 eorum
418 5075 673 5136 potestate
724 5066 897 5123 fuisse
944 5066 1125 5137 ipsum
1167 5065 1436 5135 supplicio
1470 5066 1722 5121 liberare.
1833 5059 1940 5113 bile
1989 5056 2119 5120 fuit,
2154 5057 2262 5111 alia
2311 5056 2491 5111 omnis
2539 5071 2676 5110 cura
2720 5070 2833 5110 non
2879 5055 3274 5127 perfunctorie,
3324 5059 3421 5116 sed

209 5145 433 5210 Fortasse.
459 5157 536 5211 An
587 5159 752 5226 igitur
804 5158 930 5212 inde
985 5157 1234 5226 sequitur
1291 5154 1559 5227 lgnatium
1601 5173 1722 5212 eam
1828 5151 2018 5208 sedulo
2053 5150 2299 5204 adhibita
2340 5156 2444 5202 est.
2483 5166 2503 5199 ι

211 5243 441 5310 epistolam
494 5265 595 5305 non
646 5250 975 5320 scripsisse?
1031 5247 1293 5303 Profecto
1355 5264 1466 5302 non
1542 5250 1720 5320 capio.
1895 5243 2015 5298 Duo
2044 5243 2213 5314 igitur
2236 5242 2354 5295 loca
2378 5254 2500 5310 quae
2528 5239 2790 5310 produxit
2812 5240 2896 5294 vir
2911 5239 3289 5308 doctissimus,
3306 5257 3415 5297 non

215 5334 383 5400 «Quod
425 5341 466 5394 si
509 5341 579 5397 ita
631 5352 731 5411 est,
761 5343 957 5414 inquit,
984 5342 1232 5412 sequitur
1288 5339 1570 5397 Romanos
1598 5359 1724 5414 gra-
1829 5337 1882 5392 id
1916 5337 2170 5392 efﬁciunt
2214 5333 2362 5404 quod
2411 5333 2501 5387 ille
2537 5332 2735 5399 voluit;
2783 5333 2878 5388 sed
2919 5332 3112 5387 tertius
3144 5333 3219 5386 illi
3261 5332 3416 5389 vide-

212 5424 388 5485 vissime
423 5447 662 5501 peccasse
691 5453 704 5490 :
736 5451 862 5491 eum
891 5436 1035 5490 enim
1068 5450 1179 5489 non
1223 5434 1581 5489 liberaruutn
1611 5434 1722 5488 lmo
1827 5431 1988 5485 batur
2016 5443 2286 5494 asserere,
2321 5426 2373 5481 id
2403 5427 2537 5497 ipsis
2568 5425 2727 5480 facile
2762 5425 2953 5481 fuisse.
2993 5443 3012 5476 ι
3047 5424 3212 5480 Vobis
3240 5426 3413 5494 enim,

209 5530 311 5571 vero
345 5538 439 5577 non
493 5527 751 5596 sequitur.
779 5526 927 5581 Fieri
985 5527 1134 5582 enim
1172 5535 1354 5597 potest
1384 5533 1444 5580 ut
1482 5525 1718 5581 Romani
1825 5525 2022 5594 inquit,
2077 5523 2239 5577 facile
2284 5530 2368 5576 est
2419 5521 2475 5575 id
2521 5519 2670 5590 quod
2700 5519 2866 5574 vultis
2890 5518 3119 5574 facere:
3160 5536 3180 5571 ι
3217 5518 3413 5576 facilli-

210 5605 452 5669 Christiani
505 5618 632 5672 illud
677 5618 885 5675 eﬂiccrc
907 5634 1018 5673 non
1053 5619 1356 5688 potuerint,
1386 5618 1534 5688 quod
1560 5617 1720 5689 lgna-
1823 5633 1973 5671 mum
2028 5617 2196 5685 igitur
2245 5613 2580 5668 existimavit
2613 5611 2859 5682 epistola:
2888 5610 3120 5680 scriptor
3148 5609 3412 5666 Romanis

213 5701 295 5758 lius
320 5712 500 5775 putavit
537 5729 626 5769 eos
660 5713 833 5772 facere
865 5713 1142 5784 potuisse;
1175 5714 1500 5785 gravissime
1527 5725 1712 5768 autem
1822 5710 2075 5765 fidelibus
2100 5707 2292 5770 fuisse,
2327 5705 2595 5777 Ignatium
2621 5722 2651 5759 a
2680 5703 2952 5760 sententia
2985 5703 3330 5774 imperatoris
3355 5713 3411 5758 et

212 5809 296 5848 non
331 5804 610 5874 peccabaut,
636 5809 725 5878 qui
773 5807 907 5866 illud
964 5822 1074 5862 non
1141 5805 1410 5875 fecerunt,
1456 5805 1604 5876 quod
1651 5806 1710 5861 in
1819 5813 1997 5860 morte
2042 5801 2300 5859 liberare.
2354 5800 2422 5854 At
2455 5799 2510 5854 in
2543 5797 2652 5854 illis
2707 5797 2894 5855 verbis
2934 5797 3002 5853 de
3049 5806 3226 5853 morte
3270 5795 3408 5852 nihil
