3848 6204
362 314 450 370 5!)!
1290 316 1347 372 5.
1384 314 1733 373 IGNATIUS.
1769 343 1840 353 -μ
1880 311 1937 368 Pl

2043 309 2413 366 .EQOMENA.

3504 303 3610 361 392

361 434 569 491 dictum
606 444 723 504 est,
764 450 942 507 neque
984 451 1049 493 ea
1092 445 1237 491 recte
1276 436 1502 505 intelligi
1533 436 1651 489 sine
1695 450 1934 504 sequen-
1962 441 2011 497 Λ
2040 431 2311 503 suspicari
2368 444 2479 484 non
2534 436 2744 500 posset,
2772 435 2827 481 et
2873 441 2940 482 ex
2983 422 3078 480 tali
3116 421 3490 493 suppositione
3522 432 3616 474 οισι

362 529 511 583 (thus
555 535 823 596 possunt;
856 543 1010 595 qua,
1053 527 1099 582 si
1147 542 1280 583 sana
1335 527 1466 589 sint,
1499 535 1559 579 ut
1592 526 1734 595 apud
1768 524 1939 581 Meta-

364 616 622 686 phrasten
652 627 872 673 exstant
920 619 997 674 (in
1038 618 1223 674 codice
1268 617 1414 671 enim
1454 615 1822 672 Laurentiano
1850 633 1936 683 ea,

363 708 512 779 quod
547 708 843 764 dolendum
891 719 1004 771 est.
1047 724 1154 763 non
1196 709 1487 767 habentur)
1526 709 1814 764 ostendere
1858 709 1940 764 vi-

363 803 562 858 dentur
607 813 884 859 auctorem
916 804 1158 872 epistola
1186 813 1405 872 putasse
1439 802 1715 856 liomanos
1751 802 1939 858 ﬁdeles

363 894 606 962 potuisse
632 910 755 949 eum
790 910 820 948 a
853 895 1120 964 supplicio
1149 894 1381 947 liberare
1413 911 1426 947 :
1456 903 1505 946 et
1539 909 1711 963 quare
1744 893 1794 948 id
1822 894 1912 950 exi

364 985 589 1039 stimare
610 1001 720 1039 non
755 987 991 1055 potuerit
1018 986 1280 1055 lgnatius,
1315 986 1520 1040 nullam
1554 986 1688 1040 satis
1717 1002 1936 1056 gravem

363 1093 586 1131 causam
634 1078 808 1132 video.
855 1078 1077 1147 Aliquot
1114 1079 1258 1134 enim
1283 1078 1471 1134 Roma
1495 1094 1707 1149 magna
1748 1090 1939 1136 aucto—

264 1202 272 1209 -
362 1168 539 1223 ritatis
577 1169 744 1235 viros,
775 1178 828 1224 et
877 1171 928 1223 iu
978 1172 1094 1239 ipsa
1125 1172 1291 1225 etiam
1325 1172 1447 1225 aula
1486 1173 1782 1228 nonnullos
1808 1181 1938 1228 tunc

358 1262 892 1317 Christianissimum
925 1262 1009 1315 vel
1052 1271 1237 1331 aperte
1270 1262 1571 1331 professos,
1603 1262 1686 1316 vel
1727 1271 1938 1317 secreto

358 1355 645 1424 amplexos
680 1353 852 1410 fuisse
900 1354 1261 1409 dubitandum
1288 1370 1394 1409 non
1421 1364 1535 1421 est;
1566 1355 1682 1424 qui,
1716 1369 1842 1409 cum
1868 1354 1938 1408 ab

363 1444 503 1501 Urbe
539 1447 837 1517 imperator
870 1447 1105 1515 abesset,
1137 1447 1271 1501 illud
1304 1455 1452 1501 certe
1483 1462 1592 1501 non
1625 1461 1767 1515 agre
1796 1446 1938 1501 obti-

356 1553 487 1593 nere
516 1541 761 1609 potuisse
795 1541 1022 1610 putandi
1051 1550 1201 1607 sunt,
1229 1548 1289 1594 ut
1319 1540 1365 1594 si
1398 1554 1506 1594 non
1540 1539 1931 1604 remitteretur,

357 1631 546 1685 saltem
603 1632 911 1687 differretur
984 1633 1265 1688 sententia
1312 1634 1381 1687 ab
1429 1633 1757 1703 imperatore
1819 1632 1935 1702 jam

355 1724 578 1779 absente
627 1724 751 1780 lata
797 1726 1101 1780 exsecutio.
1145 1724 1249 1780 Sed
1290 1742 1415 1781 cum
1475 1728 1529 1780 in
1582 1728 1765 1781 verbis
1804 1729 1937 1796 ipsis

2042 524 2377 593 suspicione,
2410 536 2479 576 ne
2529 534 2595 574 ea
2636 526 2905 589 potestate
2949 517 3003 570 in
3051 516 3170 585 ipso
3216 511 3529 577 liberando,
3564 520 3616 565 et

2041 616 2302 687 martyrio
2349 614 2495 685 quod
2547 625 2893 681 summopere
2942 607 3235 671 ambiebat,
3265 613 3321 660 et
3357 604 3425 659 ad
3462 609 3618 672 quod

2041 708 2137 763 Dei
2168 708 2421 762 voluntas
2444 705 2580 760 adeo
2612 712 2798 773 aperte
2834 700 3084 764 vocabat,
3107 697 3453 768 impediendo
3497 708 3621 748 nte-

2040 809 2250 866 rentur,
2275 798 2447 852 libere
2492 810 2739 851 monere.
2774 792 2951 859 Quare
2996 801 3054 845 ut
3089 790 3197 845 Deo
3228 789 3465 843 maxime
3497 787 3618 856 pla-

2042 908 2165 948 cere
2210 892 2466 947 studeant
2504 905 2601 944 eos
2634 888 2908 951 hortatur;
2942 894 2998 939 et
3025 899 3057 939 a
3101 882 3211 937 Deo
3240 897 3361 937 esse
3409 890 3467 935 ut
3498 881 3621 947 ipse

2040 1001 2141 1056 pro
2166 985 2386 1038 nomine
2414 981 2617 1037 Christi
2635 980 2747 1049 jam
2779 977 3098 1049 martyrium
3132 974 3360 1040 subiret,
3396 972 3463 1027 iis
3490 972 3619 1041 pla-

2042 1096 2173 1134 num
2215 1078 2365 1134 facit.
2395 1097 2414 1129 ι
2452 1076 2556 1144 Qui
2587 1075 2739 1141 vivit,
2783 1072 2981 1144 inquit,
3014 1079 3069 1125 et
3120 1070 3360 1138 loquitur
3412 1068 3470 1121 in
3499 1082 3613 1131 me,

2042 1173 2190 1227 intus
2220 1171 2350 1225 mihi
2375 1171 2539 1225 dicit:
2560 1167 2707 1222 Vade
2730 1166 2795 1221 ad
2825 1164 3064 1219 Patrem.
3097 1181 3117 1214 ι
3146 1160 3330 1231 Neque
3360 1159 3618 1214 dubitare

2042 1281 2101 1320 se
2148 1264 2389 1319 ostendit
2432 1262 2564 1332 quin
2608 1260 2864 1315 Christus
2902 1258 2971 1312 iis
3000 1256 3170 1311 etiam
3200 1255 3343 1309 hanc
3387 1250 3483 1305 Dei
3516 1264 3620 1305 vo-

2042 1360 2308 1413 lunta'em
2371 1355 2677 1427 patefacere
2746 1351 3008 1417 voluerit;
3050 1364 3190 1419 quos
3232 1346 3450 1401 interim
3493 1359 3619 1399 cer-

2041 1453 2208 1506 tiores
2265 1449 2425 1517 facit,
2459 1449 2576 1503 hac
2622 1464 2681 1502 se
2730 1462 2839 1501 non
2884 1442 3184 1500 secundum
3241 1454 3484 1503 carnem,
3518 1437 3618 1493 sed

2041 1552 2277 1598 mentem
2310 1542 2404 1596 Dei
2438 1540 2750 1611 scripsisse.
2773 1536 2923 1591 Nihil
2968 1535 3134 1607 igitur
3165 1533 3220 1587 in
3258 1530 3490 1602 epistola
3543 1528 3618 1583 ad

2041 1635 2320 1691 Romanos
2368 1636 2435 1689 de
2486 1647 2680 1688 eorum
2712 1637 2981 1702 potestate
3020 1627 3227 1682 dictum
3256 1634 3359 1690 est,
3389 1621 3539 1694 quod
3583 1637 3619 1676 a

2043 1729 2101 1785 S.
2139 1728 2344 1800 lgnatio
2370 1726 2536 1783 scribi
2564 1741 2672 1779 non
2703 1723 2898 1794 potuit.

354 1815 657 1884 reperiatur
713 1817 895 1887 aliqua
946 1817 1337 1887 discrepantia,
1366 1834 1477 1873 non
1523 1820 1628 1874 erit
1664 1829 1759 1873 aut
1801 1820 1934 1873 mihi
1970 1805 2010 1859 Β
2110 1824 2301 1894 Capite
2329 1823 2402 1877 2'5
2438 1819 2975 1891 interpolationibus,
3010 1826 3102 1871 aut
3133 1815 3337 1888 spuriis
3384 1812 3618 1885 perstri‘

354 1908 669 1971 molestum,
718 1919 814 1964 aut
853 1911 1134 1980 cuiquam,
1169 1912 1248 1966 uti
1305 1927 1499 1981 spero,
1550 1912 1849 1984 ingratum,
1888 1914 1936 1968 si

355 2000 680 2054 sententiam
742 2012 984 2056 nostram
1028 2003 1095 2057 de
1146 2003 1379 2059 lectione
1407 2004 1732 2074 jampridem
1766 2005 1933 2060 dubia

356 2092 720 2162 interponam.
742 2092 917 2148 Verba
946 2095 1026 2150 sic
1051 2111 1109 2149 se
1143 2096 1369 2151 habent.
1408 2098 1566 2167 ’Υμῖν
1588 2098 1696 2170 γὰρ
1717 2100 1940 2172 εὐχερές

354 2186 504 2239 ἐστιν
536 2186 564 2239 ὃ
598 2187 777 2240 Οέλετε
824 2188 1046 2259 ποιῆσαι
1071 2206 1083 2218 ’
1120 2190 1245 2259 ἐμοὶ
1274 2190 1330 2242 δὲ
1371 2190 1628 2245 δύσκολόν
1671 2195 1787 2247 ἐστι
1844 2194 1936 2248 τοῦ

354 2277 488 2331 Θεοῦ
532 2280 827 2349 ἐπιτυχεῖν,
863 2278 958 2333 ἐὰν
992 2281 1149 2352 ὑμεῖς
1192 2281 1452 2353 φείσησθέ
1488 2301 1612 2355 μου.
1648 2284 1721 2340 Ita
1770 2285 1940 2341 Meta-

353 2372 627 2441 phrastes.
672 2373 859 2428 Codex
900 2372 1280 2445 Augustanus,
1317 2377 1391 2447 μὴ
1418 2377 1680 2448 φείσησοέ
1724 2396 1847 2449 μου,
1884 2393 1937 2435 et

353 2474 511 2518 vetus
539 2463 810 2533 interpres
846 2483 865 2516 ι
904 2480 1014 2519 non
1054 2466 1278 2535 parcitis
1306 2468 1464 2524 mihi.
1493 2487 1513 2520 )
1543 2468 1643 2525 llic
1667 2472 1933 2539 particula

358 2556 606 2625 uegativa
662 2556 715 2610 in
748 2555 1134 2627 Metaphraste,
1158 2559 1347 2614 codice
1389 2558 1830 2631 Nydpruceiauo,
1883 2574 1941 2621 et

357 2647 590 2721 Vulgato
620 2650 915 2721 interprete
950 2651 1105 2706 deest
1140 2671 1153 2706 :
1188 2652 1242 2706 in
1276 2654 1464 2709 codice
1508 2654 1854 2725 Augustano,
1884 2669 1938 2716 et

353 2749 536 2795 vetere
571 2740 864 2811 interprete
891 2744 1231 2812 agnoscitur.
1270 2745 1329 2800 Si
1360 2746 1528 2818 igitur
1569 2748 1839 2818 judicium
1868 2751 1938 2808 de

354 2833 587 2888 lectione
618 2831 759 2888 ferre
786 2834 966 2902 liceat,
997 2844 1127 2905 puto
1160 2839 1482 2907 particulam
1507 2843 1811 2911 negativam
1841 2844 1937 2899 ad-

355 2925 498 2979 mitti
536 2926 754 2992 debere,
792 2928 889 2983 sed
926 2943 1036 2982 non
1072 2944 1139 2984 eo
1175 2946 1287 3003 quo
1317 2934 1540 3001 ponitur
1570 2934 1710 2997 loco,
1747 2952 1937 2991 verum

354 3025 481 3071 ante
509 3018 735 3072 verbum
766 3020 1066 3090 ἐπιτυχεῖν,
1099 3030 1155 3076 ιιι
1181 3022 1412 3092 legatur,
1446 3024 1569 3095 ἐμοὶ
1601 3024 1658 3078 δὲ
1682 3025 1938 3080 δύσκολόν

354 3108 472 3161 ἐστι
528 3107 621 3161 τοῦ
667 3108 802 3163 Θεοῦ
849 3110 923 3183 μὴ
975 3114 1273 3184 ἐπιτυχεῖν,
1304 3116 1410 3181 vel,
1449 3117 1597 3185 quod
1639 3118 1783 3173 idem
1827 3128 1935 3185 est,
1964 3155 2006 3210 Ο

354 3200 665 3272 ἀποτυχεῖν.
699 3198 856 3267 Quod
908 3202 957 3257 si
1004 3204 1094 3258 cui
1137 3204 1373 3274 placeat,
1402 3208 1698 3262 verborum
1740 3224 1938 3265 sensus

353 3292 447 3347 hic
476 3294 620 3348 erit:
660 3312 679 3345 ι
719 3293 849 3348 Mihi
880 3304 1067 3350 autem
1095 3297 1294 3353 durant
1319 3312 1374 3354 et
1406 3301 1696 3357 molestum
1719 3312 1802 3357 est
1830 3300 1940 3356 Deo

354 3399 464 3438 non
521 3386 704 3455 potiri.
744 3405 763 3438 ι
805 3387 881 3442 Ita
924 3388 1183 3443 δύσκολον
1234 3391 1589 3462 interpretor,
1624 3410 1738 3449 non
1782 3405 1840 3450 ut
1868 3396 1942 3451 sit

354 3478 587 3532 arduum
618 3486 674 3534 ct
703 3479 941 3547 dilIicile,
975 3482 1073 3538 sed
1115 3484 1408 3539 molestum
1440 3494 1495 3539 et
1523 3499 1686 3556 grave
1706 3529 1721 3553 ,
1752 3487 1936 3559 ἀηδές,

355 3570 471 3623 sive
510 3589 529 3622 ι
567 3571 794 3627 minime
819 3573 1042 3643 placens
1077 3594 1092 3630 :
1133 3594 1152 3628 ι
1178 3578 1322 3631 unde
1346 3576 1732 3646 δυσκολαίνειν,
1766 3598 1784 3630 ι
1820 3594 1941 3634 mo-

356 3660 489 3716 lcste
538 3662 703 3731 ferre,
735 3681 843 3720 non
884 3667 1024 3723 bene
1080 3684 1460 3740 concoquere;
1500 3692 1518 3724 ι
1554 3688 1679 3742 qua
1730 3674 1941 3743 signiﬁ-

354 3755 500 3808 catio
518 3757 617 3825 ipsi
634 3768 815 3829 etymo
835 3761 1072 3816 maxime
1085 3764 1361 3833 congruit.
1380 3763 1684 3836 Hesychius
1703 3783 1716 3820 :
1737 3767 1941 3819 Δυσκο-

354 3848 546 3915 λαίνει,
577 3850 851 3922 δυσφορεῖ,
875 3856 1020 3924 quod
1046 3866 1129 3910 est
1160 3875 1178 3907 ι
1211 3873 1353 3927 agre
1378 3859 1459 3913 vel
1485 3872 1707 3929 gravate
1737 3858 1839 3914 fert
1866 3878 1879 3913 :
1914 3878 1931 3911 ι

357 3940 501 3995 unde
546 3943 722 3997 eidem
754 3944 1025 4016 Hesychia
1060 3946 1342 4019 δύσλοφον,
1375 3960 1458 4005 est
1494 3951 1750 4007 δύσκολον
1786 3972 1803 4005 ι
1839 3950 1940 4008 dif-

356 4032 565 4088 ﬁculter
593 4034 898 4092 ferendum.
940 4059 958 4091 ι
993 4038 1147 4095 Unde
1180 4052 1339 4112 poeta
1372 4054 1562 4100 vetus:

473 4129 569 4194 Ὠς
600 4127 906 4183 δύσκολον
936 4131 1000 4185 τὸ
1029 4132 1217 4202 γῆρας
1247 4134 1581 4204 ἀνθρώποις
1614 4139 1751 4208 ἔφυ.

431 4219 696 4276 Senectus
751 4224 924 4290 enim,
952 4235 1012 4280 ut
1068 4228 1162 4293 ait,
1202 4245 1221 4278 ι
1254 4244 1397 4283 onus
1432 4229 1596 4285 1Etna
1631 4232 1874 4301 gravius.
1912 4251 1931 4284 ι

356 4311 475 4368 Jam
534 4314 581 4369 si
632 4316 737 4370 hoc
786 4332 950 4371 sensu
1008 4320 1309 4389 accipiatur
1351 4321 1628 4389 δύσκολον,
1660 4325 1938 4379 contrario

358 4407 738 4477 accipiendum
807 4410 913 4463 erit
959 4410 1216 4481 εὐχερές,
1282 4421 1342 4466 ut
1406 4416 1550 4483 apud
1607 4414 1935 4486 Hesychium

2041 1918 2167 1979 etis,
2186 1915 2408 1970 unicum
2429 1921 2809 1984 argumentum
2833 1909 3098 1965 adversus
3118 1918 3399 1963 auctorem
3429 1907 3619 1977 ipsum‘

2041 2009 2294 2074 cuditur;
2326 2008 2469 2077 quod
2500 2007 2569 2061 ab
2596 2022 2661 2061 ea
2694 2021 2753 2061 re
2784 2004 3003 2076 petitur,
3034 2017 3197 2073 quam
3227 2016 3335 2056 non
3370 2015 3402 2054 a
3434 1998 3620 2070 gravi-

2039 2110 2151 2156 tate
2200 2100 2458 2171 martyris
2509 2099 2802 2154 abhorrere
2850 2096 3071 2161 fatetur,
3102 2095 3195 2149 sed
3244 2109 3276 2148 a
3312 2090 3523 2163 judicio
3562 2097 3621 2145 et

2042 2194 2332 2263 sapientia,
2366 2208 2545 2262 neque
2564 2192 2632 2247 ab
2654 2192 2762 2246 illis
2790 2190 3009 2262 quidem
3058 2188 3310 2252 multum,
3342 2185 3436 2240 sed
3476 2199 3622 2239 non-

2041 2287 2199 2340 nihil.
2242 2284 2368 2340 Hac
2404 2295 2584 2340 autem
2613 2283 2804 2353 juJicii
2832 2292 2887 2338 et
2927 2281 3208 2352 sapientia
3253 2276 3497 2332 defectus
3549 2289 3621 2328 ex

2041 2377 2334 2449 prudentia
2380 2375 2787 2445 interpolatoris
2838 2374 3106 2443 detegitur
3156 2369 3617 2442 perspiciturquc.

2040 2468 2143 2540 ιω,
2173 2471 2406 2534 scilicet,
2440 2467 2639 2523 Dallao
2665 2477 2857 2522 auctor
2886 2466 3131 2536 epistola
3155 2464 3389 2532 ineptus,
3410 2461 3624 2529 impru-

2044 2567 2183 2622 dens
2243 2563 2470 2629 sciolus,
2506 2562 2559 2616 in
2601 2576 2714 2632 quo
2751 2560 2886 2614 nihil
2918 2559 3023 2613 tale
3054 2557 3291 2627 reperire
3321 2563 3625 2627 potuerunt

2043 2653 2419 2724 antiquissimi
2469 2652 2696 2717 Patres;
2751 2651 3105 2721 interpolator
3166 2660 3347 2704 autem
3397 2658 3622 2712 acutus,

2042 2748 2309 2815 prudens,
2362 2756 2437 2814 et,
2469 2746 2616 2818 quod
2677 2748 2878 2800 mirum
2923 2757 3029 2811 esr,
3051 2744 3219 2799 etiam
3252 2741 3435 2807 fortis,
3461 2740 3623 2809 cujus

2043 2838 2275 2907 ineptias
2320 2851 2513 2892 omnes
2543 2836 2749 2893 vident.
2783 2834 2889 2889 Sed
2925 2835 3057 2905 quid
3090 2832 3305 2888 tandem
3338 2830 3471 2885 illud
3510 2842 3622 2897 est,

2042 2930 2190 2998 quod
2238 2929 2374 2984 adeo
2428 2943 2460 2981 a
2484 2928 2695 2999 judicio
2724 2939 2779 2983 et
2806 2927 3073 2997 sapientia
3120 2927 3178 2980 S.
3211 2924 3470 2997 martyris
3519 2925 3625 2979 ab-

2044 3023 2264 3078 horret?
2303 3019 2440 3075 lllud
2488 3035 2684 3091 nempe
2733 3020 2884 3089 quod
2945 3018 3265 3089 polliceatur
3304 3031 3363 3071 se
3416 3030 3625 3071 secun-

2043 3116 2173 3170 dum
2205 3115 2451 3170 libellum
2484 3114 2551 3168 ad
2584 3113 2849 3183 Ephesios
2877 3112 3200 3165 missurum.
3228 3106 3342 3164 Hoc
3375 3109 3626 3178 prudetr-

2043 3209 2151 3274 tia,
2203 3208 2310 3264 hoc
2347 3207 2632 3277 sapientia
2679 3205 2738 3259 S.
2772 3203 2969 3275 lgnatii
3020 3203 3207 3259 oftieit.
3230 3200 3365 3256 Nam
3395 3202 3450 3256 in
3481 3201 3626 3255 assi-

2039 3301 2147 3356 dua
2173 3300 2528 3355 meditatione
2550 3299 2764 3364 mortis,
2799 3309 2853 3353 et
2882 3298 3025 3351 inter
3046 3296 3426 3364 leOpardorum
3456 3308 3627 3348 vexa-

2040 3394 2217 3450 tiones
2243 3394 2350 3448 boe
2373 3392 2641 3464 polliceri,
2666 3391 2895 3447 stultum
2928 3402 3095 3445 esset.

2109 3484 2438 3557 Priusquam
2487 3486 2606 3541 hac
2667 3499 2900 3539 censura
2945 3483 3289 3548 admittatur,
3333 3480 3627 3536 videamus

2039 3579 2169 3650 quid
2201 3580 2490 3649 promittit,
2516 3588 2569 3633 et
2590 3577 2888 3648 quomodo.
2908 3576 3066 3642 Quod
3091 3574 3357 3644 promittit
3380 3584 3466 3628 est
3504 3573 3626 3626 δεύ-
3660 3636 3665 3639 Α

2046 3690 2203 3744 τερον
2233 3672 2512 3743 βιϐλίδιον,
2544 3690 2564 3723 t
2601 3671 2877 3725 secundus
2904 3669 3141 3734 libellus,
3172 3687 3191 3719 ι
3219 3669 3335 3723 sive
3360 3667 3622 3737 epistola,

2043 3766 2319 3837 βιϐλίδιον,
2350 3767 2568 3836 quidem
2596 3764 2832 3835 quodvis
2859 3762 3186 3833 scriptulum
3214 3761 3443 3827 Gracis,
3469 3770 3527 3814 ut
3555 3776 3628 3814 ex

2038 3856 2332 3912 Plutarcho
2369 3864 2605 3920 constat,
2639 3854 2781 3924 apud
2825 3870 2990 3924 quem
3015 3853 3070 3907 in
3112 3852 3236 3905 Vita
3266 3851 3503 3907 Cimonis
3527 3852 3629 3905 de-

2040 3951 2357 4005 scribuntur
2381 3948 2537 4004 Citii:
2569 3947 2890 4012 Τοξεύοντες
2923 3947 3063 4016 ὑπὲρ
3100 3945 3168 3998 τὰ
3198 3945 3353 4017 τείχη
3391 3942 3629 4014 βιϐλίδια

2040 4042 2412 4115 προσκείμενα
2460 4042 2570 4104 τοῖς
2625 4039 2846 4105 ὀϊστοῖς,
2891 4057 2909 4089 ι
2955 4038 3228 4092 libellulos
3277 4035 3489 4105 sagittis
3524 4051 3630 4088 an-

2041 4147 2212 4187 nexos
2258 4147 2421 4201 super
2455 4145 2644 4185 muros
2684 4134 2986 4184 mittentes.
3019 4148 3038 4180 ι
3066 4127 3240 4184 Vocat
3267 4138 3447 4182 autem
3476 4127 3626 4181 hanc

2038 4224 2327 4293 epistolam
2376 4236 2541 4291 quam
2588 4231 2718 4275 tunc
2769 4220 3006 4290 scripsit,
3060 4219 3302 4273 libellum
3355 4218 3625 4288 primum,

2040 4315 2187 4384 quod
2241 4323 2385 4368 esset
2456 4314 2669 4368 eateris
2718 4328 2857 4382 quas
2906 4313 3125 4382 scripsit
3159 4313 3320 4381 paulo
3355 4313 3630 4382 prolixior

2041 4406 2123 4473 (ut
2152 4400 2517 4472 Hieronymus
2553 4401 2885 4472 Augustino,
2920 4403 3080 4471 epist.
3111 4402 3209 4457 89:
3236 4421 3255 4453 ι
3291 4400 3425 4457 Tres
3455 4404 3627 4458 simul

355 4498 623 4571 εὐχερής,
679 4498 927 4566 εὔκολος,
991 4512 1046 4556 et
1095 4504 1516 4575 εὐπερίστατον,
1570 4506 1819 4570 εὔκολον,
1882 4516 1937 4562 ιιι

2045 4494 2329 4563 epistolas,
2382 4494 2493 4548 imo
2533 4494 2765 4561 libellos,
2807 4510 2905 4564 per
2937 4495 3230 4549 diaconum
3283 4494 3627 4565 Cyprianum

357 4591 500 4646 idem
533 4595 605 4647 sit
640 4594 788 4664 quod
822 4596 1047 4668 ἁὸαρὲς,
1073 4616 1092 4648 ι
1132 4598 1249 4653 leve
1279 4608 1333 4654 et
1371 4601 1672 4670 placidum,
1702 4621 1721 4654 ι
1759 4612 1816 4656 ιιι
1864 4603 1934 4658 sit

358 4684 556 4740 horum
576 4687 865 4742 verborum
890 4690 1320 4755 εοιιειιε,ιινοι›ἱε
1344 4694 1563 4763 quidem
1594 4695 1645 4748 id
1671 4697 1814 4765 quod
1841 4711 1935 4749 cu-

359 4778 488 4847 pitis
528 4778 738 4835 eﬂieere
769 4781 1041 4849 placidmn
1072 4797 1126 4839 et
1158 4796 1508 4855 promptum;
1559 4790 1695 4842 mihi
1747 4799 1937 4845 autem

360 4870 472 4925 Deo
492 4886 600 4925 non
631 4874 793 4940 potiri
827 4875 1046 4941 durum,
1074 4893 1239 4946 grave
1288 4888 1342 4932 et
1372 4881 1663 4934 molestum
1696 4881 1857 4935 foret.
1907 4898 1929 4933 ο

430 4959 550 5014 Νυη
604 4961 771 5032 igitur
832 4980 1055 5035 apparet
1104 4978 1385 5024 auctorem
1433 4971 1677 5039 cpistola
1730 4972 1938 5027 dixisse

361 5048 644 5107 Romanos
690 5052 877 5109 fideles
925 5055 1083 5113 facile
1132 5059 1379 5128 potuisse
1410 5058 1678 5128 lgnatium
1708 5076 1736 5113 a
1764 5071 1939 5116 morte

359 5145 617 5207 liherare,
643 5155 737 5200 aut
764 5163 885 5201 eam
917 5150 1144 5215 nullatn,
1170 5151 1215 5205 si
1244 5152 1320 5205 illi
1349 5154 1569 5218 vellent,
1586 5151 1726 5206 fore.
1751 5151 1940 5223 Neque

361 5240 659 5295 verisimile
702 5251 787 5296 est
828 5244 1151 5312 scriptorem
1186 5245 1237 5299 id
1267 5246 1531 5311 voluisse,
1565 5249 1709 5316 quod
1744 5262 1839 5302 eos
1869 5247 1940 5301 ad

362 5339 654 5400 martyrem
686 5331 1031 5388 liberandum
1060 5334 1293 5389 invitare
1327 5346 1379 5390 et
1396 5339 1636 5391 excitare
1670 5337 1939 5403 videatur,

364 5436 488 5473 cum
523 5423 627 5476 hoc
657 5425 917 5485 omnibus
946 5441 1069 5495 qua:
1101 5425 1154 5479 in
1196 5442 1256 5480 ea
1303 5429 1533 5497 episwla
1565 5429 1701 5483 adeo
1745 5428 1943 5497 premit

364 5520 418 5565 et
468 5516 813 5583 persequitur
835 5556 850 5581 ,
894 5519 1234 5573 contrarium
1266 5521 1363 5575 sit.
1395 5523 1503 5575 Aut
1542 5522 1587 5575 si
1616 5537 1738 5576 eam
1787 5532 1944 5591 pote-

366 5611 561 5656 statem
596 5606 829 5674 scriptor
861 5608 1125 5674 innuerit,
1169 5627 1450 5681 nunquam
1496 5613 1772 5667 constabit
1802 5612 1944 5670 hanc

365 5690 695 5748 Christianis
718 5694 907 5752 Roma
929 5699 1244 5755 constitutis
1273 5702 1409 5756 adeo
1431 5716 1541 5756 non
1572 5703 1941 5771 eompetiisse,

367 5793 423 5837 ut
456 5783 515 5838 S.
545 5782 781 5854 lgnatius
811 5802 930 5842 eam
980 5792 1163 5847 animo
1207 5793 1494 5863 conciporc
1526 5803 1580 5848 et
1610 5810 1793 5850 veram
1823 5811 1947 5853 esse

2036 4601 2142 4643 tua
2187 4587 2520 4657 dignationis
2570 4588 2793 4657 accepi;
2830 4607 2849 4639 ι
2879 4595 2935 4641 et
2987 4588 3149 4659 epist.
3178 4590 3214 4642 2
3245 4607 3261 4643 :
3300 4606 3318 4640 ι
3352 4588 3629 4645 Libellum

2036 4683 2185 4737 hunc
2240 4683 2424 4736 libello
2473 4682 2590 4751 ejus
2644 4683 2928 4751 copulato,
2976 4700 2995 4733 ι
3033 4682 3101 4736 de
3158 4682 3373 4737 duabus
3425 4682 3628 4752 primas

2037 4773 2330 4843 epistolis),
2358 4775 2629 4843 promittit
2668 4788 2728 4827 se
2754 4773 3055 4828 secundum
3089 4774 3254 4827 etiam
3294 4774 3623 4827 missurum.

2040 4865 2327 4931 Quomodo
2379 4875 2562 4920 autem
2606 4866 2914 4935 promittit?
2948 4881 3054 4921 non
3101 4866 3373 4932 absolute,
3398 4867 3492 4921 sed
3521 4867 3630 4919 sub

2042 4961 2358 5016 conditione
2405 4976 2516 5014 non
2569 4976 2700 5016 una.
2736 4960 2943 5039 Primo,
2976 4962 3021 5015 si
3053 4960 3198 5016 Deus
3230 4961 3488 5029 voluerit,
3527 4963 3631 5015 ἐὰν

2042 5054 2253 5126 θέλημα
2307 5050 2366 5127 ᾗ,
2414 5054 2676 5119 secundo,
2727 5054 2773 5109 si
2826 5054 3093 5124 intelligat
3146 5053 3414 5124 Ephesios
3460 5056 3533 5110 ita
3568 5073 3632 5113 se

2043 5148 2269 5206 habere.
2306 5157 2366 5201 ut
2419 5146 2488 5201 ad
2549 5148 2700 5217 ipsos
2752 5164 2816 5201 ea
2868 5164 2992 5218 qua
3022 5149 3316 5204 meditatus
3355 5160 3497 5217 erat,
3527 5166 3631 5219 par

2043 5252 2188 5295 esset
2231 5239 2493 5295 scribere.
2529 5238 2648 5295 Non
2689 5240 2806 5295 hac
2834 5242 3195 5296 temeritatem
3228 5252 3324 5296 aut
3360 5244 3632 5313 insipien-

2044 5333 2200 5396 tiam,
2253 5332 2346 5386 sed
2396 5332 2653 5401 pietatem
2707 5342 2763 5387 et
2814 5333 3159 5402 prudentiam
3205 5335 3446 5404 sapiunt,
3483 5335 3530 5388 si
3575 5346 3633 5390 et

2045 5425 2357 5489 materiam,
2377 5435 2431 5478 et
2458 5428 2679 5480 modum
2714 5426 3129 5494 poliicitationis
3154 5428 3491 5482 consideres.
3520 5426 3631 5482 Sed

2047 5516 2312 5580 conditio,
2371 5519 2609 5587 inquies,
2659 5532 2715 5574 et
2771 5520 2985 5575 ali‘eetio
3020 5506 3278 5590 martyris
3322 5521 3635 5590 impediunt

2048 5625 2160 5679 quo
2189 5611 2376 5666 minus
2403 5612 2566 5666 etiam
2595 5613 2696 5667 sub
2720 5614 2828 5668 illis
2857 5613 3269 5668 conditionibus
3298 5614 3593 5683 promittat
3616 5636 3633 5668 ;

2057 5723 2075 5755 ι
2113 5705 2334 5760 assidua
2368 5706 2576 5760 scilicet
2598 5707 2881 5761 meditatio
2916 5709 3133 5774 mortis,
3160 5717 3215 5762 et
3238 5707 3636 5778 leopardorum

2054 5798 2425 5854 vexationes.»
2455 5797 2571 5854 lmo
2599 5815 2725 5855 vero
2740 5801 2891 5855 nullo
2916 5800 3099 5856 modo.
3120 5799 3247 5855 Erat
3274 5801 3421 5856 enim
3449 5801 3505 5854 in
3539 5801 3637 5856 illo
