3848 6204
176 294 262 352 593

784 284 835 340 Ι.
893 281 1263 340 PEARSONII
1299 279 1626 338 VINDICIE
1666 273 2086 335 IGNATIANE.
2125 271 2400 328 —PARS
2439 269 2504 326 II.

3273 267 3378 324 394

176 423 337 474 sancto
378 419 608 483 martyre
651 422 773 464 cum
816 408 938 463 zelo
972 405 1065 462 Dei
1095 416 1150 461 et
1182 422 1314 462 cura
1343 403 1699 459 ecclesiarum
1731 406 1778 463 Α
1805 395 2138 468 martyribus
2174 394 2422 456 incertis,
2449 405 2516 446 ne
2539 387 2995 446 consuetudinem
3023 395 3291 456 quarant,
3312 400 3382 438 ue

177 511 426 580 conjuncta
459 505 650 560 mortis
689 503 1006 568 meditatio;
1043 516 1218 571 neque
1247 499 1481 553 aliorum
1512 497 1699 552 minus

175 617 306 679 quam
337 614 481 654 suam
507 597 731 652 salutem
764 594 1062 665 spectabat.
1097 593 1299 647 Eadem
1327 593 1511 661 itaque
1533 604 1700 644 causa

173 710 272 765 qua
294 701 348 747 ut
383 691 608 760 primam
638 687 922 757 epistolam
955 686 1022 739 ad
1055 684 1322 755 Ephesios
1352 684 1611 745 mitteret,
1641 688 1701 734 ut

172 786 425 844 secundam
472 784 714 851 insuper,
747 780 1108 850 promitteret,
1135 777 1180 831 si
1206 792 1345 846 opus
1370 783 1537 840 esset,
1568 789 1700 829 san-

169 890 292 933 ctum
339 875 506 929 virum
546 873 915 943 permovebat.
953 870 1061 924 Sed
1114 869 1256 923 inter
1312 866 1698 937 leopardorum

167 971 447 1024 vexationes
491 969 592 1022 hoc
648 967 925 1037 sapienter
977 965 1299 1036 promittere
1344 979 1452 1016 non
1498 960 1698 1031 potuit.

172 1061 368 1128 Quidni?
391 1075 455 1114 an
493 1061 586 1130 qui
623 1075 788 1114 unam
820 1059 936 1128 jam
980 1058 1279 1125 scripserat
1306 1054 1596 1124 epistolam
1644 1056 1700 1106 in

172 1157 381 1211 manibus
425 1155 681 1219 militum,
717 1167 855 1223 quos
902 1151 1190 1223 leopardos
1246 1157 1434 1214 vocat,
1465 1147 1691 1202 alteram

172 1249 374 1304 scribere
402 1262 508 1301 non
533 1245 745 1317 potuit?

228 1341 287 1396 Ut
314 1343 418 1396 hac
447 1340 685 1410 objectio
708 1339 866 1409 plene
891 1345 945 1392 et
968 1335 1259 1407 perspicue
1279 1333 1544 1398 solvatur,
1569 1331 1704 1388 satis

169 1435 252 1488 erit
273 1435 562 1496 observare,
591 1433 911 1487 vexationes
943 1430 1200 1492 militum,
1233 1442 1471 1497 quorum
1518 1434 1708 1480 custo-

170 1527 250 1582 die
288 1525 615 1582 conlessores
659 1523 1037 1585 tradebantur,
1076 1537 1106 1575 a
1135 1519 1469 1575 Christianis
1509 1516 1706 1572 redimi

169 1620 325 1676 solitas
371 1633 509 1675 esse.
557 1617 624 1672 Et
665 1617 885 1687 quidem
917 1615 972 1669 in
1000 1615 1147 1668 hunc
1172 1613 1356 1678 tinem,
1389 1626 1498 1681 quo
1531 1610 1710 1666 laxius

169 1711 551 1776 custodirentur,
607 1717 662 1764 et
714 1709 969 1763 liberiore
1022 1707 1335 1760 fruerentur
1379 1718 1620 1767 carcere,
1675 1717 1706 1757 a

170 1802 379 1857 ﬁdelibus
428 1819 560 1873 opes
625 1802 1019 1871 erogabantur,
1068 1809 1186 1853 tum
1242 1805 1304 1851 ut
1358 1794 1705 1851 confessores

169 1895 290 1964 ipsos
326 1897 545 1958 alerent,
581 1903 699 1950 tum
735 1904 796 1949 ut
838 1893 1131 1948 custodum
1163 1890 1506 1960 iniquitatem
1542 1887 1707 1957 largi-

168 1985 368 2039 tionibus
394 1985 724 2055 mitigarent.
753 1983 1191 2052 Antiquissimus
1215 1979 1708 2048 locupletissimus-

168 2095 253 2149 que
277 2079 455 2131 harum
485 2091 675 2132 rerum
705 2077 862 2130 testis
891 2081 976 2129 est
998 2072 1141 2127 inter
1162 2071 1413 2126 ethnicos
1430 2068 1708 2124 Lucianus

168 2171 210 2225 in
234 2169 443 2240 epistola
472 2168 539 2224 de
571 2176 752 2222 morte
780 2164 1083 2236 Peregrini.
1112 2162 1409 2232 Postquam
1441 2161 1587 2216 enim
1620 2159 1710 2214 ille

167 2263 209 2317 in
227 2277 475 2317 carcerem
497 2261 784 2331 conjectus
813 2267 917 2322 est,
967 2258 1150 2311 statim
1183 2257 1359 2310 vidua
1393 2262 1448 2309 et
1477 2251 1710 2322 orphani

167 2351 218 2406 ad
257 2351 386 2406 fores
425 2353 668 2406 carceris
699 2348 1081 2414 convolabant,
1115 2348 1164 2400 oi
1197 2346 1241 2400 δ’
1276 2348 1334 2400 ὲν
1353 2344 1494 2399 τέλει
1531 2341 1710 2397 αὐτῶν

165 2445 240 2496 καί
265 2442 641 2496 συνεκάθευδον
659 2440 807 2493 ἔνδον
829 2439 944 2510 μετ’
973 2437 1138 2492 αὐτοῦ
1160 2435 1567 2507 διαφθείροντες
1583 2432 1709 2496 τοὺς

165 2532 566 2602 δεσμοφύλακας·
617 2529 735 2585 εἶτα
782 2531 971 2583 δεῖπνα
1019 2527 1238 2582 ποικίλα
1295 2525 1708 2596 εἰσεκομίζετο,

165 2627 238 2679 καὶ
262 2626 394 2696 λόγοι
419 2627 551 2698 ἱεροὶ
577 2624 758 2679 αὐτῶν
791 2623 1060 2690 ἐλέγοντο.
1086 2641 1105 2673 ‹
1145 2619 1495 2691 Magistratus
1527 2623 1709 2670 autem

165 2731 324 2771 eorum
354 2719 503 2788 (puta
532 2717 712 2774 sacris
741 2715 1030 2770 ordinibus
1060 2713 1284 2778 initiati,
1317 2712 1408 2782 qui
1454 2712 1712 2783 ἄρχοντες

165 2817 258 2863 tum
281 2808 620 2876 dicebantur)
639 2808 802 2862 etiam
829 2807 977 2860 intus
1001 2821 1123 2859 cum
1153 2819 1219 2858 eo
1238 2802 1708 2865 condormiebant,

164 2901 448 2955 custodibus
492 2899 772 2968 corruptis
803 2916 816 2952 :
848 2898 976 2952 dein
1007 2912 1176 2952 cana
1199 2895 1365 2949 varia
1394 2893 1711 2949 introduce-

165 2989 351 3056 bantur,
377 3001 426 3047 et
451 2992 600 3046 sacri
627 3006 816 3045 eorum
846 3004 1130 3044 sermones
1150 2988 1495 3042 dicebantur.
1528 3004 1546 3037 ι
1574 2984 1713 3040 Ecce

165 3084 531 3139 vetutissimum
593 3081 855 3138 Ecclesia
911 3096 1121 3136 morem
1181 3080 1270 3134 hic
1320 3078 1589 3132 habemus
1643 3076 1712 3129 ab

167 3177 352 3232 cthnico
379 3176 754 3246 descriptum;
778 3175 872 3229 ubi
910 3175 964 3228 in
990 3187 1211 3228 carcere
1249 3185 1436 3241 agapa
1468 3168 1712 3224 celebra-

167 3265 353 3329 bantur,
377 3267 554 3321 vidua
581 3276 640 3320 et
664 3265 896 3334 orphani
928 3263 1237 3328 alebantur,
1257 3262 1398 3315 ritus
1411 3257 1713 3319 Christiani

163 3372 190 3411 ι
234 3359 536 3413 cusmdibus
592 3356 864 3426 redempti
900 3363 1050 3410 sunt.
1085 3354 1198 3408 Kal
1235 3352 1342 3424 μὴν
1375 3351 1471 3406 καὶ
1503 3349 1610 3403 τῶν
1656 3351 1715 3402 ὲν

174 3451 301 3523 ’Δσίᾳ
348 3453 556 3506 πόλεων
593 3450 740 3504 ἐστιν
771 3443 846 3503 ὧν
881 3443 1011 3521 ἧκόν
1047 3465 1212 3510 τινες,
1243 3446 1350 3500 τῶν
1376 3442 1714 3516 Χριστιανῶν

166 3541 453 3596 στελλόντων
487 3542 602 3595 ἀπὺ
633 3539 726 3594 τοῦ
761 3539 965 3602 κοινοῦ,
987 3537 1346 3609 βοηθήσοντες
1369 3535 1463 3589 καὶ
1497 3534 1716 3601 ξυναγο-

167 3633 411 3704 ρεύσοντες
444 3636 540 3688 καὶ
580 3631 1106 3704 παραμυθησόμενοι
1141 3630 1232 3683 τὸν
1259 3629 1446 3700 ἄνδρα.
1476 3645 1497 3680 ι
1528 3625 1713 3696 Aliqui

165 3728 299 3781 etiam
343 3744 408 3784 ex
461 3727 796 3798 quibusdam
846 3725 990 3780 Asia
1028 3723 1345 3778 civitatibus
1368 3728 1658 3785 venerunt,
1684 3733 1717 3774 θ

167 3825 410 3879 communi
461 3823 814 3879 mittentibus
863 3819 1216 3886 Christianis,
1249 3819 1344 3884 qui
1386 3819 1507 3872 viro
1554 3831 1716 3887 opem

168 3913 339 3971 ferrent
393 3918 688 3987 ipsumque
727 3913 1080 3968 defenderent
1134 3922 1190 3967 et
1217 3911 1655 3966 consolarentur.
1691 3929 1709 3960 ι

166 4005 219 4062 Et
244 4011 336 4064 hoc
375 4011 539 4064 etiam
595 4008 758 4062 docet
790 4005 996 4060 factum
1027 4019 1152 4060 esse
1180 4020 1246 4058 ex
1277 4019 1427 4058 more
1459 4001 1716 4057 Ecclesia

164 4096 474 4156 Christiana.
509 4101 824 4170 Ἀμήχανον
855 4097 913 4152 δέ
944 4115 996 4151 τι
1029 4095 1091 4150 τὸ
1121 4096 1286 4166 τάχος
1319 4095 1716 4149 ἐπιδείκνυνται

165 4191 347 4246 ἐπειδάν
377 4211 428 4247 τι
460 4191 708 4246 τοιοῦτον
737 4191 962 4262 γένηται
999 4187 1280 4259 δημόσιον,
1309 4189 1366 4241 ὲν
1393 4186 1583 4258 βραχεί
1607 4186 1716 4258 γὰρ

165 4283 406 4353 ἀφειδοῦσι
447 4286 697 4340 πάντων.
753 4283 1173 4338 «Incredibilem
1208 4291 1388 4336 autem
1421 4281 1712 4351 quamdam

167 4377 459 4432 celeritatem
491 4376 816 4439 ostendunt,
850 4375 895 4428 si
927 4373 1060 4444 quid
1096 4373 1203 4428 tale
1245 4371 1523 4442 publicum
1577 4385 1714 4426 con-

1801 490 1998 544 tadeat
2027 486 2171 555 vita,
2225 499 2293 538 ne
2343 496 2488 538 nova
2520 480 2867 536 abstinentiae
2897 477 3188 547 disciplina
3219 492 3381 533 scan-

1800 582 2130 645 dalizentur,
2173 592 2336 648 quam
2387 591 2488 630 nec
2541 574 2635 628 ille
2686 571 2982 636 Pristinus.
3035 578 3238 636 vester,
3271 584 3381 623 non

1799 672 2158 728 Christianus
2210 677 2440 739 martyr,
2473 667 2729 736 attigerat
2768 682 2782 718 :
2830 679 2992 734 quem
3025 670 3081 717 et
3123 660 3384 716 facultate

1802 763 2067 820 custodia
2087 762 2271 816 libera
2287 759 2606 828 aliquandiu:
2633 756 2858 821 fartum,
2873 754 3133 810 omnibus
3150 753 3381 818 balneis,

1801 854 1960 926 quasi
2003 853 2326 922 baptismate
2367 849 2716 914 melioribus,
2761 857 2816 902 et
2859 846 3112 901 omnibus
3153 843 3385 898 luxuria

1803 947 2133 1010 secessibus,
2160 943 2317 1014 quasi
2339 941 2599 997 Ecclesia
2624 938 3104 1003 secretioribus,et
3127 936 3386 992 omnibus

1802 1042 1925 1096 vita
1971 1039 2135 1093 istius
2226 1035 2520 1101 illecebris,
2558 1035 2716 1104 quasi
2764 1042 2982 1088 aterna
3023 1029 3386 1102 dignioribus,

1805 1129 1913 1184 hoc
1965 1137 2098 1198 puto
2149 1127 2450 1197 obligatum
2491 1141 2559 1179 ne
2589 1123 2729 1179 mori
2756 1123 2936 1177 vellet.
2968 1141 2984 1173 ι
3017 1122 3167 1175 Idem
3203 1129 3386 1175 tamen

1805 1219 2170 1277 Tertullianus
2223 1220 2305 1272 Ad
2338 1229 2595 1287 martyres
2627 1233 2748 1287 cap.
2784 1217 2836 1280 I,
2873 1216 2940 1271 de
2971 1214 3162 1270 eadem
3203 1212 3389 1269 Eccle-

1807 1315 1903 1370 sia
1931 1313 2329 1370 consuetudine
2351 1311 2594 1366 sedatius
2635 1310 2880 1380 loquitur
2915 1328 2928 1362 :
2974 1328 2992 1360 ι
3032 1308 3178 1363 Inter
3203 1308 3388 1364 carnis

1807 1406 2086 1470 alimenta,
2136 1403 2405 1459 benedicti
2439 1411 2710 1472 martyres
2765 1401 3054 1469 designati,
3081 1415 3203 1470 qua
3232 1400 3389 1456 vobis

1807 1506 1862 1553 et
1907 1497 2128 1552 domina
2182 1507 2359 1550 mater
2405 1493 2670 1556 Ecclesia,
2711 1499 2765 1546 et
2820 1492 3019 1562 singuli
3069 1491 3268 1546 fratres
3320 1491 3390 1546 de

1812 1588 2011 1658 cpibus
2063 1586 2180 1641 suis
2226 1585 2464 1656 propriis
2513 1584 2569 1638 in
2610 1598 2886 1638 carcerem
2941 1583 3389 1649 subministrant,

1809 1680 1987 1750 capite
2041 1678 2245 1748 aliquid
2298 1687 2350 1731 et
2401 1691 2431 1731 a
2475 1676 2635 1730 nobis
2659 1675 2805 1745 quod
2837 1674 3003 1729 faciat
3033 1675 3099 1729 ad
3135 1675 3387 1744 spiritum

1741 1763 1782 1818 Β
1810 1785 2031 1841 quoque
2059 1769 2428 1824 educandum.
2463 1786 2482 1818 ι
2520 1766 2587 1821 Ει
2619 1782 2741 1834 cap.
2774 1766 2810 1820 2
2843 1785 2855 1821 :
2895 1785 2914 1818 r
2950 1767 3126 1837 Ipsam
3168 1767 3390 1822 interim

1809 1863 2289 1918 conversationem
2342 1859 2526 1916 saeculi
2563 1867 2619 1914 et
2647 1861 2885 1914 carceris
2913 1874 3316 1930 comparemus,
3345 1863 3392 1918 si

1809 1971 1918 2010 non
1980 1954 2102 2024 plus
2158 1954 2213 2008 in
2249 1959 2468 2008 Carcere
2525 1952 2752 2030 spiritus
2781 1953 3038 2023 acquirit,
3064 1969 3228 2023 quam
3259 1969 3393 2009 caro

1810 2047 2008 2102 amittit
2043 2066 2055 2100 :
2087 2046 2199 2100 imo
2248 2055 2303 2100 et
2342 2060 2464 2115 qua
2506 2044 2654 2114 justa
2684 2054 2830 2111 sunt,
2863 2061 2994 2100 caro
3029 2061 3138 2100 non
3168 2047 3390 2115 amittit,

1811 2156 1908 2210 per
1954 2155 2144 2194 curam
2178 2137 2458 2204 Ecclesia,
2493 2152 2701 2208 agapen
2734 2137 2986 2194 fratrum.
3027 2157 3046 2190 υ
3079 2137 3171 2193 Ha
3201 2135 3393 2193 Eccle—

1812 2233 1908 2287 sia
1935 2242 1990 2286 et
2024 2231 2264 2285 fidelium
2289 2217 2442 2300 °opes
2491 2229 2740 2284 diaconis
2771 2230 3266 2298 concredehantur,
3295 2231 3392 2302 qui

1810 2324 2151 2380 confessores
2179 2333 2233 2378 et
2260 2323 2492 2378 consilio
2524 2322 2796 2391 iuvarent,
2826 2331 2880 2376 et
2908 2323 3056 2378 victu
3107 2331 3389 2380 sustenta-

1813 2429 1956 2479 rent,
1992 2427 2046 2472 et
2087 2433 2118 2472 a
2159 2417 2448 2472 custodum
2500 2414 2786 2485 iniquitate
2828 2415 2956 2470 dato
3014 2417 3191 2484 pretio
3243 2417 3393 2471 redi-

1811 2516 2040 2563 merent.
2082 2505 2400 2562 Tertulliani
2448 2521 2565 2561 avo
2611 2505 2669 2560 S.
2717 2505 2986 2576 Perpetua
3031 2507 3085 2561 in
3127 2507 3388 2577 passione

1813 2616 1912 2656 sua
1945 2618 1958 2654 :
1994 2617 2013 2652 ‹
2049 2599 2125 2653 Ibi
2170 2607 2300 2652 tunc
2346 2596 2564 2653 Tertius
2620 2605 2676 2652 et
2731 2596 3067 2668 Pomponius
3119 2598 3392 2655 benedicti

1814 2691 2067 2753 diaconi,
2126 2690 2221 2760 qui
2283 2689 2442 2744 nobis
2509 2689 2924 2758 ministrabant,
2987 2693 3395 2747 constituerunt

1812 2785 2040 2857 pramio
2070 2791 2129 2837 ut
2160 2783 2348 2851 paucis
2381 2781 2532 2838 horis
2573 2784 2761 2840 emissi
2802 2784 2856 2838 in
2887 2783 3170 2839 meliorem
3210 2783 3393 2838 locum

1814 2875 2056 2932 carceris
2112 2871 2585 2943 refrigeraremus.
2637 2893 2656 2926 ι
2717 2873 2794 2930 De
2853 2875 3226 2930 vetustissima
3289 2874 3396 2928 hac

1818 2969 2219 3027 consuetudine
2244 2967 2300 3022 S.
2331 2967 2640 3040 Cyprianus
2665 2967 2892 3038 epistola
2925 2967 2985 3020 Il
3019 2984 3034 3021 :
3068 2984 3087 3018 ι
3118 2964 3186 3021 Ει
3213 2967 3393 3023 credi-

1815 3067 2005 3123 deram
2051 3065 2273 3135 quidem
2329 3062 2680 3133 presbyteros
2723 3070 2779 3116 et
2829 3061 3091 3115 diaconos
3143 3061 3240 3130 qui
3282 3059 3394 3114 illic

1817 3166 2112 3230 prasentes
2137 3164 2287 3221 sunt,
2318 3169 2541 3209 monere
2565 3169 2666 3208 vos
2692 3162 2747 3208 et
2779 3152 3048 3208 instruere
3075 3152 3395 3222 plenissime

1822 3251 1970 3307 circa
1999 3247 2279 3318 Evangelii
2311 3247 2510 3316 legem,
2541 3244 2684 3300 sicut
2728 3245 2782 3298 in
2811 3245 3144 3314 prateritum
3181 3258 3396 3312 semper

1815 3345 1920 3398 sub
1967 3338 2410 3396 antecessoribus
2466 3337 2675 3392 nostris
2707 3335 2913 3391 factum
2947 3344 3051 3402 est,
3084 3344 3144 3390 ut
3175 3336 3395 3391 diaconi

1816 3437 1882 3490 ad
1911 3447 2182 3491 carcerem
2209 3439 2578 3487 commeantes
2604 3439 2906 3500 martyrum
2951 3428 3222 3482 desideria
3263 3443 3396 3482 con-

1817 3527 1957 3583 siliis
1987 3526 2102 3581 suis
2125 3534 2180 3580 et
2205 3522 2610 3595 Scripturarum
2638 3521 2922 3592 praceptis
2949 3521 3339 3590 gubernarent.
3369 3539 3389 3572 ι

1817 3615 1991 3683 Idem,
2026 3617 2258 3685 epistola
2291 3616 2325 3670 5
2360 3635 2373 3670 :
2413 3635 2432 3668 ι
2469 3615 2746 3682 Quantum
2796 3613 2862 3668 ad
2913 3621 3166 3683 sumptus
3195 3628 3396 3684 sugge-

1817 3711 2018 3766 rendos
2045 3711 2160 3766 sive
2182 3710 2292 3765 illis
2316 3709 2410 3780 qui
2441 3709 2678 3779 gloriosa
2710 3722 2841 3761 voce
2865 3705 3035 3760 Deum
3067 3704 3304 3762 confessi
3338 3707 3395 3761 in

1816 3817 2038 3858 carcere
2090 3810 2220 3857 sunt
2267 3799 2575 3866 constituti,
2626 3799 2739 3853 sive
2769 3799 2836 3854 iis
2878 3797 2972 3868 qui
3024 3812 3295 3868 pauperes
3342 3806 3398 3852 et

1819 3896 2122 3967 indigentes
2155 3896 2412 3950 laborant
2457 3904 2514 3950 et
2563 3902 2748 3948 tamen
2787 3893 2842 3948 in
2881 3891 3116 3947 Domino
3139 3906 3398 3962 perseve-

1817 3994 2136 4057 rantzpeto
2195 3986 2336 4041 nihil
2391 3985 2554 4051 desit,
2600 3999 2726 4040 cum
2779 3998 2996 4040 summa
3051 3982 3234 4037 omnis
3275 3997 3399 4052 qua

1818 4081 2039 4134 redacta
2087 4087 2205 4146 est,
2248 4079 2361 4133 illic
2397 4079 2467 4133 sit
2509 4077 2649 4146 apud
2681 4075 2914 4132 clericos
2946 4073 3239 4130 distributa
3270 4089 3398 4144 pro-

1817 4179 1938 4240 pter
1993 4170 2264 4240 ejusmodi
2318 4184 2502 4224 casus.
2569 4187 2588 4219 ι
2649 4167 2706 4222 S.
2759 4167 3057 4238 Dionysius
3105 4166 3399 4236 episc0pns

1818 4262 2243 4328 Alexandrinus,
2275 4261 2416 4331 apud
2443 4259 2762 4323 Eusebium,
2798 4258 2895 4312 lib.
2924 4273 3020 4323 vn,
3047 4273 3169 4326 cap.
3204 4256 3294 4321 Il,
3329 4257 3398 4311 de

1819 4356 2056 4413 Eusebio
2102 4355 2337 4410 diacono
2389 4370 2404 4407 :
2453 4351 2737 4416 Εὐσέϐιος,
2773 4350 2832 4403 ὃν
2889 4347 2949 4414 eg
2987 4340 3229 4420 Δἀρχῆςὸ
3265 4347 3398 4411 Θεὸς

166 4465 327 4534 tingat.
377 4467 524 4522 Illico
555 4466 704 4520 enim
737 4465 870 4518 nulli
904 4439 980 4519 rei
1014 4439 1264 4534 parcunt.
1321 4481 1340 4514 ι
1376 4462 1486 4515 Καὶ
1517 4459 1581 4531 δὴ
1613 4462 1707 4514 καὶ

1813 4447 2204 4517 ἐνεδυνάμωσε,
2233 4445 2327 4498 καὶ
2364 4443 2742 4514 παρεσκεύασε
2784 4441 2882 4504 τὰς
2930 4441 3232 4512 ὑπηρεσίας
3287 4439 3394 4493 τῶν

165 4554 229 4624 τῷ
255 4557 551 4629 Περεγρίνῳ
579 4555 752 4609 πολλὰ
784 4555 905 4609 τότε
937 4551 1040 4628 ἧκε
1071 4556 1329 4626 χρήματα
1364 4555 1496 4627 παρ⁸
1528 4551 1709 4606 αὐτῶν

167 4646 241 4698 ἐπὶ
264 4650 518 4719 προφάσει
551 4647 663 4702 τῶν
708 4646 942 4718 δεσμῶν,
971 4647 1062 4699 καὶ
1105 4645 1363 4718 πρόσοδον
1403 4645 1466 4697 οὐ
1511 4643 1711 4714 μικρὰν

166 4739 333 4812 ταύτην
354 4743 668 4813 ἐποιήσατο.
700 4759 718 4792 ι
764 4739 1001 4794 Proinde
1038 4737 1332 4808 Peregrino
1371 4746 1501 4791 tunc
1527 4737 1714 4789 multa

167 4835 378 4898 pecunia
413 4835 796 4896 mittebantur,
825 4841 878 4887 et
923 4847 1032 4885 non
1079 4831 1336 4901 exiguum
1383 4838 1710 4899 proventum

171 4921 292 4980 hunc
337 4923 628 4980 lucrifecit.
681 4943 699 4976 ι
759 4923 998 4994 Insignis
1056 4922 1350 4975 admodum
1403 4920 1495 4974 hic
1559 4920 1715 4974 locus

169 5007 364 5069 Luciani
406 5026 512 5081 est,
541 5015 890 5079 charitatem,
921 5029 1111 5068 curam
1165 5012 1521 5081 studiumque
1553 5010 1716 5065 Chrio

171 5104 427 5165 stianorum
484 5118 727 5164 veterum
764 5123 892 5177 erga
940 5105 1285 5160 confessores
1325 5103 1584 5173 graphice
1619 5102 1716 5155 de-

168 5196 384 5265 pingens,
416 5199 469 5252 in
527 5215 588 5252 re
634 5199 942 5259 notissima,
979 5209 1100 5264 qua
1152 5195 1256 5248 sub
1297 5193 1462 5247 finem
1500 5191 1715 5261 imperii

167 5287 374 5356 Adriani,
397 5293 450 5345 in
492 5292 669 5362 prima
715 5289 880 5360 hujus
922 5287 1234 5358 phil050phi
1267 5285 1711 5356 peregrinatione

167 5383 374 5452 contigit.
412 5385 520 5439 Sed
579 5383 923 5438 Christianos
953 5381 1100 5452 ipsos
1128 5380 1195 5434 de
1225 5393 1281 5432 re
1311 5378 1500 5432 eadem
1533 5377 1709 5432 disse-

165 5482 316 5528 rentes
339 5476 648 5531 audiamus.
683 5473 1052 5530 Tertullianus
1073 5473 1186 5542 jam
1225 5471 1462 5525 adultior
1488 5467 1707 5523 Monta-

164 5561 281 5620 nista
301 5567 587 5624 factusllb.
621 5568 694 5623 De
718 5568 943 5637 jejuniis
973 5565 1358 5620 catholicorum
1383 5563 1710 5618 charitatem

169 5651 265 5720 ipso
311 5658 551 5716 Luciano
617 5662 873 5717 acerbius
927 5668 985 5715 et
1036 5658 1365 5713 invidiosius
1423 5656 1647 5726 sugillat
1690 5673 1704 5710 :

175 5761 191 5794 ι
217 5746 359 5806 Plano
380 5765 624 5810 vestrum
650 5763 736 5809 est
759 5753 812 5807 in
839 5752 1156 5814 carceribus
1185 5749 1418 5829 popinas
1443 5749 1709 5806 exhibere

371 5849 648 5914 mmor.
689 5850 811 5914 Gn.
855 5855 931 5918 V.

1815 4543 1874 4594 ὲν
1911 4541 2026 4602 ταῖς
2050 4537 2317 4606 φυλακαῖς
2353 4532 2660 4604 γενομένων
2689 4531 2996 4601 ἐναγωνίως
3019 4530 3392 4601 ἀποπληροῦν.

1824 4651 1843 4683 ι
1882 4631 2175 4695 Eusebius,
2207 4643 2368 4698 quem
2409 4627 2554 4680 Deus
2578 4625 2691 4696 jam
2721 4625 2847 4679 inde
2877 4624 2946 4678 ab
2979 4623 3138 4679 initio
3164 4623 3395 4680 robora-

1818 4740 1915 4795 vit,
1947 4727 2273 4797 impulitque
2298 4731 2359 4778 ut
2391 4721 2801 4778 confessoribus
2835 4720 2889 4772 in
2923 4718 3171 4773 custodia
3202 4717 3398 4788 positis

1822 4819 2135 4874 ministeria
2173 4829 2395 4873 strenue
2426 4815 2728 4870 exhiberet.
2765 4831 2784 4864 ι
2811 4812 3018 4867 Auctor
3047 4809 3416 4864 Constantia.

1813 4928 1941 4966 num
1964 4909 2399 4979 apostolicarum,
2415 4907 2511 4961 lib.
2532 4923 2585 4968 v,
2602 4919 2724 4974 cap.
2750 4905 2802 4970 l,
2839 4903 2905 4957 de
2929 4901 3243 4957 confessore
3269 4917 3282 4954 :
3307 4902 3400 4974 Μὴ

1817 5005 2081 5079 παρίδητε
2113 5002 2294 5066 αὑτὸν,
2327 4999 2440 5053 ἀλλ’
2469 5001 2533 5052 ὲκ
2574 4997 2667 5052 τοῦ
2711 4997 2880 5050 κόπου
2917 4995 3011 5049 καὶ
3049 4993 3142 5048 τοῦ
3177 4994 3401 5066 ἱδρῶτος

1818 5098 1971 5170 ὑμῶν
2020 5095 2275 5166 πέμψατε
2333 5089 2483 5162 αὑτῷ
2535 5092 2616 5153 εἰς
2658 5089 2950 5161 διατροφὴν
2981 5086 3147 5141 αὑτοῦ
3191 5086 3285 5139 καὶ
3319 5087 3400 5149 εις

1820 5190 2167 5264 μισθοδοσίαν
2219 5187 2327 5241 τῶν
2372 5182 2760 5258 στρατιωτῶν,
2812 5183 2898 5234 ἵνα
2942 5179 3252 5253 ἐλαφρυνθῇ
3304 5180 3398 5232 καὶ

1817 5281 2135 5355 ἐπιμελείας
2177 5279 2338 5352 τύχῃ,
2365 5279 2434 5332 ἵν’
2455 5278 2576 5330 ὅσον
2610 5277 2671 5329 τὸ
2693 5276 2779 5344 ἐφ’
2811 5274 2937 5344 ὑμῖν
2968 5272 3043 5343 μὴ
3076 5270 3324 5342 θλίόηται
3369 5272 3398 5324 ὁ

1821 5375 2092 5447 μακάριος
2132 5370 2360 5440 ἀδελφὸς
2390 5368 2566 5440 ὑμῶν.
2600 5388 2617 5418 σ
2648 5365 2725 5420 Ne
2754 5381 2879 5421 eum
2916 5362 3230 5433 negligatis;
3262 5363 3397 5431 quin

1817 5467 1998 5538 potius
2038 5464 2235 5520 mittite
2264 5462 2315 5516 ei
2363 5476 2432 5515 ex
2483 5460 2669 5514 labore
2697 5467 2753 5513 et
2781 5457 2982 5512 sudore
3006 5463 3187 5508 vestro
3213 5453 3280 5506 ad
3312 5452 3398 5506 vi-

1816 5569 1990 5622 ctum,
2024 5566 2079 5612 et
2103 5556 2169 5610 ad
2199 5553 2508 5608 mercedem
2539 5551 2810 5605 militibus
2844 5546 3184 5609 solvendam,
3225 5552 3285 5598 ut
3313 5544 3394 5596 al—

1817 5653 2048 5707 Ievietur
2074 5659 2127 5705 et
2153 5656 2410 5712 curetur;
2437 5657 2498 5699 ut
2520 5653 2784 5714 quantum
2810 5642 2864 5696 in
2885 5639 3042 5694 vobis
3073 5647 3176 5705 est,
3200 5637 3396 5690 beatus

1818 5744 1995 5819 frater.
2034 5751 2214 5800 vester
2265 5755 2374 5798 nou
2419 5744 2720 5810 prematur.
2755 5753 2774 5787 ι
2821 5731 3010 5789 Victor
3040 5728 3284 5786 Vitensis
3327 5727 3396 5782 de

3080 5827 3154 5887 13
