  <div class='ocr_page' id='page_1' title='image "/cluster/home/n/w/nwhite01/storage/ocr_20150623/5/nnc1.0046978607/205.png"; bbox 0 0 3834 6214; ppageno 0'>
   <div class='ocr_carea' id='block_1_1' title="bbox 412 287 522 346">
    <p class='ocr_par' dir='ltr' id='par_1_1' title="bbox 412 287 522 346">
     <span class='ocr_line' id='line_1_1' title="bbox 412 287 522 346; baseline 0.027 -3"><span class='ocrx_word' id='word_1_1' title='bbox 412 287 522 346; x_wconf 67' lang='lat'><strong>395</strong></span> 
     </span>
    </p>
   </div>
   <div class='ocr_carea' id='block_1_2' title="bbox 1471 275 2584 342">
    <p class='ocr_par' dir='ltr' id='par_1_2' title="bbox 1471 275 2584 342">
     <span class='ocr_line' id='line_1_2' title="bbox 1471 275 2584 342; baseline -0.003 -7"><span class='ocrx_word' id='word_1_2' title='bbox 1471 279 1529 335; x_wconf 99' lang='grc'><strong>8.</strong></span> <span class='ocrx_word' id='word_1_3' title='bbox 1558 277 1904 340; x_wconf 74' lang='grc' dir='ltr'><strong>ΙΟΝΑτῐυδ.</strong></span> <span class='ocrx_word' id='word_1_4' title='bbox 1935 310 2007 330; x_wconf 70' lang='grc' dir='ltr'><strong>-υ-</strong></span> <span class='ocrx_word' id='word_1_5' title='bbox 2043 275 2584 342; x_wconf 79' lang='lat' dir='ltr'><strong>PROLEGOMENA.</strong></span> 
     </span>
    </p>
   </div>
   <div class='ocr_carea' id='block_1_3' title="bbox 3571 272 3693 333">
    <p class='ocr_par' dir='ltr' id='par_1_3' title="bbox 3571 272 3693 333">
     <span class='ocr_line' id='line_1_3' title="bbox 3571 272 3693 333; baseline 0 -2"><span class='ocrx_word' id='word_1_6' title='bbox 3571 272 3693 333; x_wconf 73' lang='lat'><strong>398</strong></span> 
     </span>
    </p>
   </div>
   <div class='ocr_carea' id='block_1_4' title="bbox 410 395 3700 474">
    <p class='ocr_par' dir='ltr' id='par_1_4' title="bbox 410 395 3700 474">
     <span class='ocr_line' id='line_1_4' title="bbox 410 395 3700 474; baseline -0.003 -16"><span class='ocrx_word' id='word_1_7' title='bbox 410 401 942 474; x_wconf 81' lang='lat' dir='ltr'><strong>Carthagincnsibus</strong></span> <span class='ocrx_word' id='word_1_8' title='bbox 994 401 1049 457; x_wconf 90' lang='lat' dir='ltr'><strong>in</strong></span> <span class='ocrx_word' id='word_1_9' title='bbox 1095 401 1474 473; x_wconf 71' lang='lat' dir='ltr'><strong>persecutione</strong></span> <span class='ocrx_word' id='word_1_10' title='bbox 1505 398 1839 456; x_wconf 70' lang='lat' dir='ltr'><strong>Africanazc</strong></span> <span class='ocrx_word' id='word_1_11' title='bbox 1883 400 1988 456; x_wconf 91' lang='lat' dir='ltr'><strong>Sed</strong></span> <span class='ocrx_word' id='word_1_12' title='bbox 2021 407 2066 464; x_wconf 81' lang='grc' dir='ltr'><strong>Α</strong></span> <span class='ocrx_word' id='word_1_13' title='bbox 2095 411 2273 457; x_wconf 88' lang='lat' dir='ltr'><strong>menta</strong></span> <span class='ocrx_word' id='word_1_14' title='bbox 2325 399 2555 466; x_wconf 80' lang='lat' dir='ltr'><strong>dividit;</strong></span> <span class='ocrx_word' id='word_1_15' title='bbox 2608 412 2843 468; x_wconf 84' lang='lat' dir='ltr'><strong>quorum</strong></span> <span class='ocrx_word' id='word_1_16' title='bbox 2905 398 3014 454; x_wconf 91' lang='lat' dir='ltr'><strong>duo</strong></span> <span class='ocrx_word' id='word_1_17' title='bbox 3083 395 3533 468; x_wconf 73' lang='lat' dir='ltr'><strong>inter-potationes</strong></span> <span class='ocrx_word' id='word_1_18' title='bbox 3592 403 3700 449; x_wconf 74' lang='lat' dir='ltr'><strong>aut</strong></span> 
     </span>
    </p>
   </div>
   <div class='ocr_carea' id='block_1_5' title="bbox 410 493 1989 565">
    <p class='ocr_par' dir='ltr' id='par_1_5' title="bbox 410 493 1989 565">
     <span class='ocr_line' id='line_1_5' title="bbox 410 493 1989 565; baseline 0.001 -17"><span class='ocrx_word' id='word_1_19' title='bbox 410 495 644 565; x_wconf 87' lang='lat' dir='ltr'><strong>populus</strong></span> <span class='ocrx_word' id='word_1_20' title='bbox 673 505 986 551; x_wconf 70' lang='lat' dir='ltr'><strong>memoratae</strong></span> <span class='ocrx_word' id='word_1_21' title='bbox 1034 495 1184 550; x_wconf 84' lang='lat' dir='ltr'><strong>urbis</strong></span> <span class='ocrx_word' id='word_1_22' title='bbox 1213 494 1269 548; x_wconf 93' lang='lat' dir='ltr'><strong>in</strong></span> <span class='ocrx_word' id='word_1_23' title='bbox 1297 493 1528 548; x_wconf 91' lang='lat' dir='ltr'><strong>Domino</strong></span> <span class='ocrx_word' id='word_1_24' title='bbox 1558 508 1772 564; x_wconf 88' lang='lat' dir='ltr'><strong>semper</strong></span> <span class='ocrx_word' id='word_1_25' title='bbox 1795 493 1989 561; x_wconf 90' lang='lat' dir='ltr'><strong>ﬁdelis,</strong></span> 
     </span>
    </p>
   </div>
   <div class='ocr_carea' id='block_1_6' title="bbox 411 584 1995 654">
    <p class='ocr_par' dir='ltr' id='par_1_6' title="bbox 411 584 1995 654">
     <span class='ocr_line' id='line_1_6' title="bbox 411 584 1995 654; baseline -0.003 -10"><span class='ocrx_word' id='word_1_26' title='bbox 411 590 538 644; x_wconf 89' lang='lat' dir='ltr'><strong>dato</strong></span> <span class='ocrx_word' id='word_1_27' title='bbox 562 605 803 646; x_wconf 81' lang='lat' dir='ltr'><strong>.muuere</strong></span> <span class='ocrx_word' id='word_1_28' title='bbox 841 587 1186 654; x_wconf 87' lang='lat' dir='ltr'><strong>carcerariis,</strong></span> <span class='ocrx_word' id='word_1_29' title='bbox 1213 585 1303 642; x_wconf 89' lang='lat' dir='ltr'><strong>die</strong></span> <span class='ocrx_word' id='word_1_30' title='bbox 1331 600 1395 640; x_wconf 88' lang='lat' dir='ltr'><strong>ac</strong></span> <span class='ocrx_word' id='word_1_31' title='bbox 1420 593 1579 640; x_wconf 89' lang='lat' dir='ltr'><strong>nocte</strong></span> <span class='ocrx_word' id='word_1_32' title='bbox 1603 584 1811 640; x_wconf 90' lang='lat' dir='ltr'><strong>Christi</strong></span> <span class='ocrx_word' id='word_1_33' title='bbox 1847 601 1995 640; x_wconf 88' lang='lat' dir='ltr'><strong>mar-</strong></span> 
     </span>
    </p>
   </div>
   <div class='ocr_carea' id='block_1_7' title="bbox 411 682 1056 755">
    <p class='ocr_par' dir='ltr' id='par_1_7' title="bbox 411 682 1056 755">
     <span class='ocr_line' id='line_1_7' title="bbox 411 682 1056 755; baseline -0.005 -19"><span class='ocrx_word' id='word_1_34' title='bbox 411 693 559 755; x_wconf 79' lang='lat' dir='ltr'><strong>tyres</strong></span> <span class='ocrx_word' id='word_1_35' title='bbox 593 682 995 753; x_wconf 80' lang='lat' dir='ltr'><strong>frequentabat.</strong></span> <span class='ocrx_word' id='word_1_36' title='bbox 1037 699 1056 732; x_wconf 73' lang='grc' dir='ltr'><strong>ι</strong></span> 
     </span>
    </p>
   </div>
   <div class='ocr_carea' id='block_1_8' title="bbox 482 769 1994 829">
    <p class='ocr_par' dir='ltr' id='par_1_8' title="bbox 482 769 1994 829">
     <span class='ocr_line' id='line_1_8' title="bbox 482 769 1994 829; baseline -0.004 1"><span class='ocrx_word' id='word_1_37' title='bbox 482 773 607 829; x_wconf 76' lang='lat' dir='ltr'><strong>Haec</strong></span> <span class='ocrx_word' id='word_1_38' title='bbox 652 789 775 828; x_wconf 89' lang='lat' dir='ltr'><strong>cum</strong></span> <span class='ocrx_word' id='word_1_39' title='bbox 827 773 993 827; x_wconf 89' lang='lat' dir='ltr'><strong>fuerit</strong></span> <span class='ocrx_word' id='word_1_40' title='bbox 1040 771 1409 828; x_wconf 86' lang='lat' dir='ltr'><strong>vetustissima</strong></span> <span class='ocrx_word' id='word_1_41' title='bbox 1456 769 1712 827; x_wconf 64' lang='lat' dir='ltr'><strong>Ecclesiae</strong></span> <span class='ocrx_word' id='word_1_42' title='bbox 1755 785 1994 826; x_wconf 90' lang='lat' dir='ltr'><strong>consue-</strong></span> 
     </span>
    </p>
   </div>
   <div class='ocr_carea' id='block_1_9' title="bbox 411 861 1993 934">
    <p class='ocr_par' dir='ltr' id='par_1_9' title="bbox 411 861 1993 934">
     <span class='ocr_line' id='line_1_9' title="bbox 411 861 1993 934; baseline -0.005 -12"><span class='ocrx_word' id='word_1_43' title='bbox 411 867 562 930; x_wconf 84' lang='lat' dir='ltr'><strong>tudo,</strong></span> <span class='ocrx_word' id='word_1_44' title='bbox 601 867 742 920; x_wconf 91' lang='lat' dir='ltr'><strong>idem</strong></span> <span class='ocrx_word' id='word_1_45' title='bbox 784 865 950 919; x_wconf 90' lang='lat' dir='ltr'><strong>etiam</strong></span> <span class='ocrx_word' id='word_1_46' title='bbox 1001 864 1055 918; x_wconf 92' lang='lat' dir='ltr'><strong>in</strong></span> <span class='ocrx_word' id='word_1_47' title='bbox 1099 863 1292 934; x_wconf 87' lang='lat' dir='ltr'><strong>lgnatii</strong></span> <span class='ocrx_word' id='word_1_48' title='bbox 1338 864 1578 918; x_wconf 79' lang='lat' dir='ltr'><strong>vinculis</strong></span> <span class='ocrx_word' id='word_1_49' title='bbox 1627 861 1832 916; x_wconf 89' lang='lat' dir='ltr'><strong>factum</strong></span> <span class='ocrx_word' id='word_1_50' title='bbox 1862 874 1993 916; x_wconf 82' lang='lat' dir='ltr'><strong>con-</strong></span> 
     </span>
    </p>
   </div>
   <div class='ocr_carea' id='block_1_10' title="bbox 411 954 1994 1030">
    <p class='ocr_par' dir='ltr' id='par_1_10' title="bbox 411 954 1994 1030">
     <span class='ocr_line' id='line_1_10' title="bbox 411 954 1994 1030; baseline -0.004 -15"><span class='ocrx_word' id='word_1_51' title='bbox 411 969 537 1015; x_wconf 83' lang='lat' dir='ltr'><strong>stat.</strong></span> <span class='ocrx_word' id='word_1_52' title='bbox 566 958 702 1013; x_wconf 87' lang='lat' dir='ltr'><strong>Nam</strong></span> <span class='ocrx_word' id='word_1_53' title='bbox 729 958 787 1014; x_wconf 93' lang='grc'><strong>8.</strong></span> <span class='ocrx_word' id='word_1_54' title='bbox 821 957 1250 1030; x_wconf 81' lang='lat' dir='ltr'><strong>Chrysoslomus</strong></span> <span class='ocrx_word' id='word_1_55' title='bbox 1279 957 1334 1010; x_wconf 89' lang='lat' dir='ltr'><strong>in</strong></span> <span class='ocrx_word' id='word_1_56' title='bbox 1366 954 1629 1027; x_wconf 83' lang='lat' dir='ltr'><strong>Panegyri</strong></span> <span class='ocrx_word' id='word_1_57' title='bbox 1657 955 1772 1010; x_wconf 64' lang='lat' dir='ltr'><strong>haec</strong></span> <span class='ocrx_word' id='word_1_58' title='bbox 1804 955 1994 1010; x_wconf 87' lang='lat' dir='ltr'><strong>obser-</strong></span> 
     </span>
    </p>
   </div>
   <div class='ocr_carea' id='block_1_11' title="bbox 406 1045 1994 1126">
    <p class='ocr_par' dir='ltr' id='par_1_11' title="bbox 406 1045 1994 1126">
     <span class='ocr_line' id='line_1_11' title="bbox 406 1045 1994 1126; baseline -0.004 -18"><span class='ocrx_word' id='word_1_59' title='bbox 406 1065 543 1110; x_wconf 90' lang='lat' dir='ltr'><strong>vat:</strong></span> <span class='ocrx_word' id='word_1_60' title='bbox 588 1055 652 1108; x_wconf 84' lang='grc' dir='ltr'>Αί</span> <span class='ocrx_word' id='word_1_61' title='bbox 699 1053 808 1126; x_wconf 84' lang='grc' dir='ltr'><strong>γὰρ</strong></span> <span class='ocrx_word' id='word_1_62' title='bbox 855 1052 994 1108; x_wconf 85' lang='grc' dir='ltr'>κατά</span> <span class='ocrx_word' id='word_1_63' title='bbox 1040 1052 1139 1122; x_wconf 84' lang='grc' dir='ltr'>τὴν</span> <span class='ocrx_word' id='word_1_64' title='bbox 1194 1046 1314 1104; x_wconf 82' lang='grc' dir='ltr'>ὁδὸν</span> <span class='ocrx_word' id='word_1_65' title='bbox 1375 1045 1557 1114; x_wconf 77' lang='grc' dir='ltr'>πόλεις</span> <span class='ocrx_word' id='word_1_66' title='bbox 1605 1049 1994 1120; x_wconf 80' lang='grc' dir='ltr'>συντρέχουσαι</span> 
     </span>
    </p>
   </div>
   <div class='ocr_carea' id='block_1_12' title="bbox 409 1141 1996 1217">
    <p class='ocr_par' dir='ltr' id='par_1_12' title="bbox 409 1141 1996 1217">
     <span class='ocr_line' id='line_1_12' title="bbox 409 1141 1996 1217; baseline -0.004 -17"><span class='ocrx_word' id='word_1_67' title='bbox 409 1146 670 1200; x_wconf 83' lang='grc' dir='ltr'>πάντοθεν</span> <span class='ocrx_word' id='word_1_68' title='bbox 726 1145 947 1217; x_wconf 68' lang='grc' dir='ltr'>ἤλειφον</span> <span class='ocrx_word' id='word_1_69' title='bbox 983 1144 1074 1197; x_wconf 85' lang='grc' dir='ltr'><strong>τὸν</strong></span> <span class='ocrx_word' id='word_1_70' title='bbox 1119 1142 1356 1216; x_wconf 79' lang='grc' dir='ltr'>ἀθλητὴν</span> <span class='ocrx_word' id='word_1_71' title='bbox 1375 1183 1390 1209; x_wconf 87' lang='grc'><strong>,</strong></span> <span class='ocrx_word' id='word_1_72' title='bbox 1451 1143 1544 1196; x_wconf 76' lang='grc' dir='ltr'>καὶ</span> <span class='ocrx_word' id='word_1_73' title='bbox 1593 1142 1734 1196; x_wconf 69' lang='grc' dir='ltr'><strong>κατά</strong></span> <span class='ocrx_word' id='word_1_74' title='bbox 1787 1141 1996 1195; x_wconf 79' lang='grc' dir='ltr'>πολλῶν</span> 
     </span>
    </p>
   </div>
   <div class='ocr_carea' id='block_1_13' title="bbox 407 1231 1996 1310">
    <p class='ocr_par' dir='ltr' id='par_1_13' title="bbox 407 1231 1996 1310">
     <span class='ocr_line' id='line_1_13' title="bbox 407 1231 1996 1310; baseline -0.004 -17"><span class='ocrx_word' id='word_1_75' title='bbox 407 1239 710 1310; x_wconf 78' lang='grc' dir='ltr'>ἐξέπεμπον</span> <span class='ocrx_word' id='word_1_76' title='bbox 741 1237 848 1292; x_wconf 83' lang='grc' dir='ltr'><strong>τῶν</strong></span> <span class='ocrx_word' id='word_1_77' title='bbox 880 1236 1128 1306; x_wconf 75' lang='grc' dir='ltr'>ἐφοδίων,</span> <span class='ocrx_word' id='word_1_78' title='bbox 1163 1235 1348 1306; x_wconf 79' lang='grc' dir='ltr'><strong>εὐχαῖς</strong></span> <span class='ocrx_word' id='word_1_79' title='bbox 1383 1231 1478 1289; x_wconf 74' lang='grc' dir='ltr'><strong>καὶ</strong></span> <span class='ocrx_word' id='word_1_80' title='bbox 1503 1234 1822 1306; x_wconf 79' lang='grc' dir='ltr'>πρεσῦείαις</span> <span class='ocrx_word' id='word_1_81' title='bbox 1849 1233 1996 1304; x_wconf 79' lang='grc' dir='ltr'>αὐτῷ</span> 
     </span>
    </p>
   </div>
   <div class='ocr_carea' id='block_1_14' title="bbox 408 1324 1995 1400">
    <p class='ocr_par' dir='ltr' id='par_1_14' title="bbox 408 1324 1995 1400">
     <span class='ocr_line' id='line_1_14' title="bbox 408 1324 1995 1400; baseline -0.004 -18"><span class='ocrx_word' id='word_1_82' title='bbox 408 1328 926 1400; x_wconf 76' lang='grc' dir='ltr'>συναγωνιζόμεναι.</span> <span class='ocrx_word' id='word_1_83' title='bbox 968 1345 987 1378; x_wconf 85' lang='grc'><strong><em>‹</em></strong></span> <span class='ocrx_word' id='word_1_84' title='bbox 1028 1325 1290 1380; x_wconf 76' lang='lat' dir='ltr'><strong>Civitates</strong></span> <span class='ocrx_word' id='word_1_85' title='bbox 1335 1325 1484 1379; x_wconf 89' lang='lat' dir='ltr'><strong>enim</strong></span> <span class='ocrx_word' id='word_1_86' title='bbox 1530 1325 1587 1378; x_wconf 91' lang='lat' dir='ltr'><strong>in</strong></span> <span class='ocrx_word' id='word_1_87' title='bbox 1630 1324 1821 1379; x_wconf 87' lang='lat' dir='ltr'><strong>itinere</strong></span> <span class='ocrx_word' id='word_1_88' title='bbox 1860 1339 1995 1378; x_wconf 90' lang='lat' dir='ltr'><strong>con-</strong></span> 
     </span>
    </p>
   </div>
   <div class='ocr_carea' id='block_1_15' title="bbox 407 1415 1996 1486">
    <p class='ocr_par' dir='ltr' id='par_1_15' title="bbox 407 1415 1996 1486">
     <span class='ocr_line' id='line_1_15' title="bbox 407 1415 1996 1486; baseline -0.005 -10"><span class='ocrx_word' id='word_1_89' title='bbox 407 1429 689 1476; x_wconf 84' lang='lat' dir='ltr'><strong>currentes</strong></span> <span class='ocrx_word' id='word_1_90' title='bbox 713 1420 976 1474; x_wconf 86' lang='lat' dir='ltr'><strong>athletam</strong></span> <span class='ocrx_word' id='word_1_91' title='bbox 1007 1417 1343 1481; x_wconf 90' lang='lat' dir='ltr'><strong>animabant,</strong></span> <span class='ocrx_word' id='word_1_92' title='bbox 1371 1424 1428 1472; x_wconf 91' lang='lat' dir='ltr'><strong>et</strong></span> <span class='ocrx_word' id='word_1_93' title='bbox 1460 1431 1586 1471; x_wconf 92' lang='lat' dir='ltr'><strong>cum</strong></span> <span class='ocrx_word' id='word_1_94' title='bbox 1631 1416 1855 1486; x_wconf 89' lang='lat' dir='ltr'><strong>c0pioso</strong></span> <span class='ocrx_word' id='word_1_95' title='bbox 1881 1415 1996 1468; x_wconf 85' lang='lat' dir='ltr'><strong>via-</strong></span> 
     </span>
    </p>
   </div>
   <div class='ocr_carea' id='block_1_16' title="bbox 406 1507 1994 1578">
    <p class='ocr_par' dir='ltr' id='par_1_16' title="bbox 406 1507 1994 1578">
     <span class='ocr_line' id='line_1_16' title="bbox 406 1507 1994 1578; baseline -0.004 -9"><span class='ocrx_word' id='word_1_96' title='bbox 406 1514 516 1569; x_wconf 91' lang='lat' dir='ltr'><strong>tico</strong></span> <span class='ocrx_word' id='word_1_97' title='bbox 548 1512 915 1578; x_wconf 87' lang='lat' dir='ltr'><strong>dimittebant,</strong></span> <span class='ocrx_word' id='word_1_98' title='bbox 947 1508 1291 1565; x_wconf 88' lang='lat' dir='ltr'><strong>orationibus</strong></span> <span class='ocrx_word' id='word_1_99' title='bbox 1333 1516 1389 1562; x_wconf 92' lang='lat' dir='ltr'><strong>et</strong></span> <span class='ocrx_word' id='word_1_100' title='bbox 1430 1509 1694 1564; x_wconf 89' lang='lat' dir='ltr'><strong>comitatu</strong></span> <span class='ocrx_word' id='word_1_101' title='bbox 1740 1507 1818 1562; x_wconf 91' lang='lat' dir='ltr'><strong>illi</strong></span> <span class='ocrx_word' id='word_1_102' title='bbox 1859 1522 1994 1565; x_wconf 88' lang='lat' dir='ltr'><strong>con-</strong></span> 
     </span>
    </p>
   </div>
   <div class='ocr_carea' id='block_1_17' title="bbox 407 1601 1998 1674">
    <p class='ocr_par' dir='ltr' id='par_1_17' title="bbox 407 1601 1998 1674">
     <span class='ocr_line' id='line_1_17' title="bbox 407 1601 1998 1674; baseline -0.004 -12"><span class='ocrx_word' id='word_1_103' title='bbox 407 1615 696 1662; x_wconf 90' lang='lat' dir='ltr'><strong>ccrtantcs.</strong></span> <span class='ocrx_word' id='word_1_104' title='bbox 737 1623 756 1656; x_wconf 73' lang='grc' dir='ltr'><strong>ι</strong></span> <span class='ocrx_word' id='word_1_105' title='bbox 797 1603 1025 1674; x_wconf 90' lang='lat' dir='ltr'><strong>Semper</strong></span> <span class='ocrx_word' id='word_1_106' title='bbox 1050 1602 1196 1657; x_wconf 90' lang='lat' dir='ltr'><strong>enim</strong></span> <span class='ocrx_word' id='word_1_107' title='bbox 1229 1602 1478 1671; x_wconf 77' lang='lat' dir='ltr'><strong>agnoscit</strong></span> <span class='ocrx_word' id='word_1_108' title='bbox 1523 1617 1642 1656; x_wconf 90' lang='lat' dir='ltr'><strong>eam</strong></span> <span class='ocrx_word' id='word_1_109' title='bbox 1685 1616 1850 1671; x_wconf 91' lang='lat' dir='ltr'><strong>quam</strong></span> <span class='ocrx_word' id='word_1_110' title='bbox 1897 1601 1998 1655; x_wconf 86' lang='lat' dir='ltr'><strong>ha-</strong></span> 
     </span>
    </p>
   </div>
   <div class='ocr_carea' id='block_1_18' title="bbox 406 1694 1996 1766">
    <p class='ocr_par' dir='ltr' id='par_1_18' title="bbox 406 1694 1996 1766">
     <span class='ocr_line' id='line_1_18' title="bbox 406 1694 1996 1766; baseline -0.005 -9"><span class='ocrx_word' id='word_1_111' title='bbox 406 1702 526 1757; x_wconf 87' lang='lat' dir='ltr'><strong>buit</strong></span> <span class='ocrx_word' id='word_1_112' title='bbox 563 1702 629 1755; x_wconf 89' lang='lat' dir='ltr'><strong>ab</strong></span> <span class='ocrx_word' id='word_1_113' title='bbox 659 1699 911 1755; x_wconf 90' lang='lat' dir='ltr'><strong>ecclesiis</strong></span> <span class='ocrx_word' id='word_1_114' title='bbox 953 1698 1284 1761; x_wconf 84' lang='grc' dir='ltr'>ἀνάπαυσιν,</span> <span class='ocrx_word' id='word_1_115' title='bbox 1321 1695 1484 1766; x_wconf 91' lang='lat' dir='ltr'><strong>idque</strong></span> <span class='ocrx_word' id='word_1_116' title='bbox 1531 1694 1643 1750; x_wconf 88' lang='lat' dir='ltr'><strong>fere</strong></span> <span class='ocrx_word' id='word_1_117' title='bbox 1682 1710 1778 1764; x_wconf 90' lang='lat' dir='ltr'><strong>per</strong></span> <span class='ocrx_word' id='word_1_118' title='bbox 1811 1695 1996 1749; x_wconf 87' lang='lat' dir='ltr'><strong>diaco-</strong></span> 
     </span>
    </p>
   </div>
   <div class='ocr_carea' id='block_1_19' title="bbox 2095 482 3701 565">
    <p class='ocr_par' dir='ltr' id='par_1_19' title="bbox 2095 482 3701 565">
     <span class='ocr_line' id='line_1_19' title="bbox 2095 482 3701 565; baseline -0.006 -16"><span class='ocrx_word' id='word_1_119' title='bbox 2095 495 2281 564; x_wconf 83' lang='lat' dir='ltr'><strong>spuria</strong></span> <span class='ocrx_word' id='word_1_120' title='bbox 2309 482 2714 565; x_wconf 37' lang='lat' dir='ltr'><strong>spectant,&#39;duo</strong></span> <span class='ocrx_word' id='word_1_121' title='bbox 2741 494 2793 546; x_wconf 91' lang='lat' dir='ltr'><strong>in</strong></span> <span class='ocrx_word' id='word_1_122' title='bbox 2824 500 3073 546; x_wconf 92' lang='lat' dir='ltr'><strong>nostrum</strong></span> <span class='ocrx_word' id='word_1_123' title='bbox 3118 488 3386 558; x_wconf 83' lang='lat' dir='ltr'><strong>lgnatium</strong></span> <span class='ocrx_word' id='word_1_124' title='bbox 3429 488 3701 557; x_wconf 79' lang='lat' dir='ltr'><strong>dirigun-</strong></span> 
     </span>
    </p>
   </div>
   <div class='ocr_carea' id='block_1_20' title="bbox 2095 581 3700 652">
    <p class='ocr_par' dir='ltr' id='par_1_20' title="bbox 2095 581 3700 652">
     <span class='ocr_line' id='line_1_20' title="bbox 2095 581 3700 652; baseline -0.002 -14"><span class='ocrx_word' id='word_1_125' title='bbox 2095 592 2203 638; x_wconf 90' lang='lat' dir='ltr'><strong>tur.</strong></span> <span class='ocrx_word' id='word_1_126' title='bbox 2246 583 2428 638; x_wconf 89' lang='lat' dir='ltr'><strong>Prima</strong></span> <span class='ocrx_word' id='word_1_127' title='bbox 2482 583 2763 640; x_wconf 70' lang='lat' dir='ltr'><strong>modestiae</strong></span> <span class='ocrx_word' id='word_1_128' title='bbox 2815 582 3040 636; x_wconf 87' lang='lat' dir='ltr'><strong>violatio</strong></span> <span class='ocrx_word' id='word_1_129' title='bbox 3084 591 3198 648; x_wconf 90' lang='lat' dir='ltr'><strong>est,</strong></span> <span class='ocrx_word' id='word_1_130' title='bbox 3243 581 3390 652; x_wconf 91' lang='lat' dir='ltr'><strong>quod</strong></span> <span class='ocrx_word' id='word_1_131' title='bbox 3433 600 3453 633; x_wconf 74' lang='grc' dir='ltr'><strong>ι</strong></span> <span class='ocrx_word' id='word_1_132' title='bbox 3489 594 3700 650; x_wconf 79' lang='lat' dir='ltr'><strong>super—</strong></span> 
     </span>
    </p>
   </div>
   <div class='ocr_carea' id='block_1_21' title="bbox 2095 663 3702 742">
    <p class='ocr_par' dir='ltr' id='par_1_21' title="bbox 2095 663 3702 742">
     <span class='ocr_line' id='line_1_21' title="bbox 2095 663 3702 742; baseline -0.002 -10"><span class='ocrx_word' id='word_1_133' title='bbox 2095 677 2398 733; x_wconf 69' lang='lat' dir='ltr'><strong>cmlestium</strong></span> <span class='ocrx_word' id='word_1_134' title='bbox 2451 678 2737 734; x_wconf 86' lang='lat' dir='ltr'><strong>scientiam</strong></span> <span class='ocrx_word' id='word_1_135' title='bbox 2790 676 2892 731; x_wconf 87' lang='lat' dir='ltr'><strong>sibi</strong></span> <span class='ocrx_word' id='word_1_136' title='bbox 2941 676 3205 731; x_wconf 91' lang='lat' dir='ltr'><strong>vindicat.</strong></span> <span class='ocrx_word' id='word_1_137' title='bbox 3260 695 3280 727; x_wconf 73' lang='grc' dir='ltr'><strong>ι</strong></span> <span class='ocrx_word' id='word_1_138' title='bbox 3326 663 3702 742; x_wconf 66' lang='lat' dir='ltr'><strong>Quasi&#39;vero</strong></span> 
     </span>
    </p>
   </div>
   <div class='ocr_carea' id='block_1_22' title="bbox 2093 766 3704 838">
    <p class='ocr_par' dir='ltr' id='par_1_22' title="bbox 2093 766 3704 838">
     <span class='ocr_line' id='line_1_22' title="bbox 2093 766 3704 838; baseline 0 -17"><span class='ocrx_word' id='word_1_139' title='bbox 2093 766 2409 822; x_wconf 81' lang='lat' dir='ltr'><strong>Christiano</strong></span> <span class='ocrx_word' id='word_1_140' title='bbox 2437 768 2574 835; x_wconf 89' lang='lat' dir='ltr'><strong>viro,</strong></span> <span class='ocrx_word' id='word_1_141' title='bbox 2603 775 2657 822; x_wconf 91' lang='lat' dir='ltr'><strong>et</strong></span> <span class='ocrx_word' id='word_1_142' title='bbox 2690 766 2911 836; x_wconf 82' lang='lat' dir='ltr'><strong>quidem</strong></span> <span class='ocrx_word' id='word_1_143' title='bbox 2935 767 3216 837; x_wconf 89' lang='lat' dir='ltr'><strong>episcopo,</strong></span> <span class='ocrx_word' id='word_1_144' title='bbox 3240 768 3386 822; x_wconf 86' lang='lat' dir='ltr'><strong>etab</strong></span> <span class='ocrx_word' id='word_1_145' title='bbox 3415 766 3704 838; x_wconf 81' lang='lat' dir='ltr'><strong>apostolis</strong></span> 
     </span>
    </p>
   </div>
   <div class='ocr_carea' id='block_1_23' title="bbox 2095 858 3701 929">
    <p class='ocr_par' dir='ltr' id='par_1_23' title="bbox 2095 858 3701 929">
     <span class='ocr_line' id='line_1_23' title="bbox 2095 858 3701 929; baseline 0 -15"><span class='ocrx_word' id='word_1_146' title='bbox 2095 859 2291 914; x_wconf 87' lang='lat' dir='ltr'><strong>edocto</strong></span> <span class='ocrx_word' id='word_1_147' title='bbox 2334 859 2480 914; x_wconf 90' lang='lat' dir='ltr'><strong>nulla</strong></span> <span class='ocrx_word' id='word_1_148' title='bbox 2526 858 3000 928; x_wconf 76' lang='lat' dir='ltr'><strong>superctelestium</strong></span> <span class='ocrx_word' id='word_1_149' title='bbox 3049 858 3277 914; x_wconf 88' lang='lat' dir='ltr'><strong>scientia</strong></span> <span class='ocrx_word' id='word_1_150' title='bbox 3327 867 3701 929; x_wconf 71' lang='lat' dir='ltr'><strong>competeret.</strong></span> 
     </span>
    </p>
   </div>
   <div class='ocr_carea' id='block_1_24' title="bbox 2095 949 3704 1021">
    <p class='ocr_par' dir='ltr' id='par_1_24' title="bbox 2095 949 3704 1021">
     <span class='ocr_line' id='line_1_24' title="bbox 2095 949 3704 1021; baseline -0.002 -17"><span class='ocrx_word' id='word_1_151' title='bbox 2095 951 2178 1004; x_wconf 82' lang='lat' dir='ltr'><strong>An</strong></span> <span class='ocrx_word' id='word_1_152' title='bbox 2205 949 2271 1003; x_wconf 84' lang='grc' dir='ltr'><strong>τά</strong></span> <span class='ocrx_word' id='word_1_153' title='bbox 2310 950 2607 1021; x_wconf 77' lang='grc' dir='ltr'>ἐπουράνια</span> <span class='ocrx_word' id='word_1_154' title='bbox 2658 949 2816 1004; x_wconf 87' lang='lat' dir='ltr'><strong>toties</strong></span> <span class='ocrx_word' id='word_1_155' title='bbox 2865 949 2934 1004; x_wconf 90' lang='lat' dir='ltr'><strong>ab</strong></span> <span class='ocrx_word' id='word_1_156' title='bbox 2987 949 3251 1018; x_wconf 83' lang='lat' dir='ltr'><strong>Apostolo</strong></span> <span class='ocrx_word' id='word_1_157' title='bbox 3289 959 3704 1014; x_wconf 85' lang='lat' dir='ltr'><strong>memorantur,</strong></span> 
     </span>
    </p>
   </div>
   <div class='ocr_carea' id='block_1_25' title="bbox 2096 1040 3708 1111">
    <p class='ocr_par' dir='ltr' id='par_1_25' title="bbox 2096 1040 3708 1111">
     <span class='ocr_line' id='line_1_25' title="bbox 2096 1040 3708 1111; baseline -0.002 -13"><span class='ocrx_word' id='word_1_158' title='bbox 2096 1053 2157 1098; x_wconf 90' lang='lat' dir='ltr'><strong>ut</strong></span> <span class='ocrx_word' id='word_1_159' title='bbox 2188 1043 2254 1097; x_wconf 92' lang='lat' dir='ltr'><strong>de</strong></span> <span class='ocrx_word' id='word_1_160' title='bbox 2295 1042 2404 1096; x_wconf 80' lang='lat' dir='ltr'><strong>illis</strong></span> <span class='ocrx_word' id='word_1_161' title='bbox 2435 1042 2570 1096; x_wconf 89' lang='lat' dir='ltr'><strong>nihil</strong></span> <span class='ocrx_word' id='word_1_162' title='bbox 2613 1042 2755 1097; x_wconf 91' lang='lat' dir='ltr'><strong>seire</strong></span> <span class='ocrx_word' id='word_1_163' title='bbox 2777 1083 2791 1108; x_wconf 91' lang='lat'><strong>,</strong></span> <span class='ocrx_word' id='word_1_164' title='bbox 2827 1042 2964 1096; x_wconf 86' lang='lat' dir='ltr'><strong>nihil</strong></span> <span class='ocrx_word' id='word_1_165' title='bbox 3001 1041 3244 1097; x_wconf 88' lang='lat' dir='ltr'><strong>scribere</strong></span> <span class='ocrx_word' id='word_1_166' title='bbox 3272 1051 3498 1111; x_wconf 86' lang='lat' dir='ltr'><strong>possent</strong></span> <span class='ocrx_word' id='word_1_167' title='bbox 3529 1040 3708 1095; x_wconf 86' lang='lat' dir='ltr'><strong>Chri-</strong></span> 
     </span>
    </p>
   </div>
   <div class='ocr_carea' id='block_1_26' title="bbox 2097 1131 3712 1199">
    <p class='ocr_par' dir='ltr' id='par_1_26' title="bbox 2097 1131 3712 1199">
     <span class='ocr_line' id='line_1_26' title="bbox 2097 1131 3712 1199; baseline -0.003 -9"><span class='ocrx_word' id='word_1_168' title='bbox 2097 1135 2294 1191; x_wconf 87' lang='lat' dir='ltr'><strong>stiani?</strong></span> <span class='ocrx_word' id='word_1_169' title='bbox 2323 1133 2456 1188; x_wconf 83' lang='lat' dir='ltr'><strong>Mira</strong></span> <span class='ocrx_word' id='word_1_170' title='bbox 2489 1135 2604 1190; x_wconf 65' lang='lat' dir='ltr'><strong>haec</strong></span> <span class='ocrx_word' id='word_1_171' title='bbox 2634 1135 2782 1188; x_wconf 84' lang='lat' dir='ltr'><strong>mihi</strong></span> <span class='ocrx_word' id='word_1_172' title='bbox 2822 1134 3093 1199; x_wconf 88' lang='lat' dir='ltr'><strong>videntur,</strong></span> <span class='ocrx_word' id='word_1_173' title='bbox 3123 1142 3179 1188; x_wconf 90' lang='lat' dir='ltr'><strong>et</strong></span> <span class='ocrx_word' id='word_1_174' title='bbox 3222 1143 3404 1187; x_wconf 90' lang='lat' dir='ltr'><strong>tamen</strong></span> <span class='ocrx_word' id='word_1_175' title='bbox 3447 1131 3519 1186; x_wconf 92' lang='lat' dir='ltr'><strong>ob</strong></span> <span class='ocrx_word' id='word_1_176' title='bbox 3549 1132 3712 1186; x_wconf 85' lang='lat' dir='ltr'><strong>hanc</strong></span> 
     </span>
    </p>
   </div>
   <div class='ocr_carea' id='block_1_27' title="bbox 2099 1222 3709 1295">
    <p class='ocr_par' dir='ltr' id='par_1_27' title="bbox 2099 1222 3709 1295">
     <span class='ocr_line' id='line_1_27' title="bbox 2099 1222 3709 1295; baseline -0.002 -14"><span class='ocrx_word' id='word_1_177' title='bbox 2099 1242 2261 1282; x_wconf 92' lang='lat' dir='ltr'><strong>unam</strong></span> <span class='ocrx_word' id='word_1_178' title='bbox 2292 1227 2616 1282; x_wconf 92' lang='lat' dir='ltr'><strong>sententiam</strong></span> <span class='ocrx_word' id='word_1_179' title='bbox 2653 1244 2672 1277; x_wconf 85' lang='grc'>‹</span> <span class='ocrx_word' id='word_1_180' title='bbox 2715 1241 2746 1280; x_wconf 91' lang='lat' dir='ltr'><strong>a</strong></span> <span class='ocrx_word' id='word_1_181' title='bbox 2785 1228 3048 1282; x_wconf 89' lang='lat' dir='ltr'><strong>modestia</strong></span> <span class='ocrx_word' id='word_1_182' title='bbox 3087 1227 3177 1281; x_wconf 91' lang='lat' dir='ltr'><strong>hic</strong></span> <span class='ocrx_word' id='word_1_183' title='bbox 3221 1227 3462 1295; x_wconf 90' lang='lat' dir='ltr'><strong>scriptor</strong></span> <span class='ocrx_word' id='word_1_184' title='bbox 3485 1222 3709 1294; x_wconf 84' lang='lat' dir='ltr'><strong>duplici</strong></span> 
     </span>
    </p>
   </div>
   <div class='ocr_carea' id='block_1_28' title="bbox 2098 1315 3708 1386">
    <p class='ocr_par' dir='ltr' id='par_1_28' title="bbox 2098 1315 3708 1386">
     <span class='ocr_line' id='line_1_28' title="bbox 2098 1315 3708 1386; baseline -0.001 -14"><span class='ocrx_word' id='word_1_185' title='bbox 2098 1317 2320 1372; x_wconf 90' lang='lat' dir='ltr'><strong>nomine</strong></span> <span class='ocrx_word' id='word_1_186' title='bbox 2346 1317 2598 1372; x_wconf 90' lang='lat' dir='ltr'><strong>discedit.</strong></span> <span class='ocrx_word' id='word_1_187' title='bbox 2635 1333 2655 1368; x_wconf 69' lang='grc' dir='ltr'><strong>ι</strong></span> <span class='ocrx_word' id='word_1_188' title='bbox 2691 1315 2896 1384; x_wconf 90' lang='lat' dir='ltr'><strong>Primo,</strong></span> <span class='ocrx_word' id='word_1_189' title='bbox 2924 1335 2944 1368; x_wconf 85' lang='grc'><strong><em>‹</em></strong></span> <span class='ocrx_word' id='word_1_190' title='bbox 2983 1317 3086 1372; x_wconf 91' lang='lat' dir='ltr'><strong>sibi</strong></span> <span class='ocrx_word' id='word_1_191' title='bbox 3116 1332 3180 1371; x_wconf 88' lang='lat' dir='ltr'><strong>ea</strong></span> <span class='ocrx_word' id='word_1_192' title='bbox 3210 1317 3402 1372; x_wconf 89' lang='lat' dir='ltr'><strong>tribuit</strong></span> <span class='ocrx_word' id='word_1_193' title='bbox 3447 1331 3574 1386; x_wconf 67' lang='lat' dir='ltr'><strong>quae</strong></span> <span class='ocrx_word' id='word_1_194' title='bbox 3607 1329 3708 1370; x_wconf 82' lang='lat' dir='ltr'><strong>ne-</strong></span> 
     </span>
    </p>
   </div>
   <div class='ocr_carea' id='block_1_29' title="bbox 2099 1407 3706 1478">
    <p class='ocr_par' dir='ltr' id='par_1_29' title="bbox 2099 1407 3706 1478">
     <span class='ocr_line' id='line_1_29' title="bbox 2099 1407 3706 1478; baseline -0.001 -16"><span class='ocrx_word' id='word_1_195' title='bbox 2099 1407 2232 1462; x_wconf 89' lang='lat' dir='ltr'><strong>m—ini</strong></span> <span class='ocrx_word' id='word_1_196' title='bbox 2257 1407 2462 1462; x_wconf 83' lang='lat' dir='ltr'><strong>homini</strong></span> <span class='ocrx_word' id='word_1_197' title='bbox 2482 1407 2695 1462; x_wconf 90' lang='lat' dir='ltr'><strong>mortali</strong></span> <span class='ocrx_word' id='word_1_198' title='bbox 2716 1423 2977 1464; x_wconf 85' lang='lat' dir='ltr'><strong>concessa</strong></span> <span class='ocrx_word' id='word_1_199' title='bbox 3006 1417 3151 1463; x_wconf 88' lang='lat' dir='ltr'><strong>sunt.</strong></span> <span class='ocrx_word' id='word_1_200' title='bbox 3184 1427 3201 1459; x_wconf 79' lang='grc' dir='ltr'><strong>ι</strong></span> <span class='ocrx_word' id='word_1_201' title='bbox 3233 1407 3404 1478; x_wconf 77' lang='lat' dir='ltr'><strong>Nego,</strong></span> <span class='ocrx_word' id='word_1_202' title='bbox 3428 1421 3706 1477; x_wconf 87' lang='lat' dir='ltr'><strong>pernego.</strong></span> 
     </span>
    </p>
   </div>
   <div class='ocr_carea' id='block_1_30' title="bbox 2098 1498 3712 1572">
    <p class='ocr_par' dir='ltr' id='par_1_30' title="bbox 2098 1498 3712 1572">
     <span class='ocr_line' id='line_1_30' title="bbox 2098 1498 3712 1572; baseline -0.002 -18"><span class='ocrx_word' id='word_1_203' title='bbox 2098 1499 2240 1555; x_wconf 81' lang='lat' dir='ltr'><strong>Dicit</strong></span> <span class='ocrx_word' id='word_1_204' title='bbox 2280 1516 2340 1556; x_wconf 85' lang='lat' dir='ltr'><strong>se</strong></span> <span class='ocrx_word' id='word_1_205' title='bbox 2381 1499 2551 1554; x_wconf 82' lang='grc' dir='ltr'>πολλὰ</span> <span class='ocrx_word' id='word_1_206' title='bbox 2585 1503 2802 1572; x_wconf 82' lang='grc' dir='ltr'>φρονεῖν</span> <span class='ocrx_word' id='word_1_207' title='bbox 2840 1502 2902 1553; x_wconf 82' lang='grc' dir='ltr'>ὲν</span> <span class='ocrx_word' id='word_1_208' title='bbox 2941 1499 3082 1570; x_wconf 77' lang='grc' dir='ltr'>Θεῷ,</span> <span class='ocrx_word' id='word_1_209' title='bbox 3123 1517 3142 1550; x_wconf 75' lang='grc' dir='ltr'><strong>Ι</strong></span> <span class='ocrx_word' id='word_1_210' title='bbox 3181 1499 3352 1554; x_wconf 87' lang='lat' dir='ltr'><strong>multa</strong></span> <span class='ocrx_word' id='word_1_211' title='bbox 3395 1513 3599 1572; x_wconf 82' lang='lat' dir='ltr'><strong>sapere</strong></span> <span class='ocrx_word' id='word_1_212' title='bbox 3649 1498 3712 1550; x_wconf 80' lang='lat' dir='ltr'><strong>in</strong></span> 
     </span>
    </p>
   </div>
   <div class='ocr_carea' id='block_1_31' title="bbox 2100 1590 3710 1648">
    <p class='ocr_par' dir='ltr' id='par_1_31' title="bbox 2100 1590 3710 1648">
     <span class='ocr_line' id='line_1_31' title="bbox 2100 1590 3710 1648; baseline -0.002 -1"><span class='ocrx_word' id='word_1_213' title='bbox 2100 1593 2231 1648; x_wconf 87' lang='lat' dir='ltr'><strong>Deo.</strong></span> <span class='ocrx_word' id='word_1_214' title='bbox 2266 1612 2283 1644; x_wconf 71' lang='grc' dir='ltr'><strong>ι</strong></span> <span class='ocrx_word' id='word_1_215' title='bbox 2320 1594 2401 1646; x_wconf 84' lang='lat' dir='ltr'><strong>An</strong></span> <span class='ocrx_word' id='word_1_216' title='bbox 2439 1593 2545 1647; x_wconf 85' lang='lat' dir='ltr'><strong>hoc</strong></span> <span class='ocrx_word' id='word_1_217' title='bbox 2593 1592 2728 1646; x_wconf 91' lang='lat' dir='ltr'><strong>nulli</strong></span> <span class='ocrx_word' id='word_1_218' title='bbox 2773 1592 3087 1647; x_wconf 88' lang='lat' dir='ltr'><strong>mortalium</strong></span> <span class='ocrx_word' id='word_1_219' title='bbox 3121 1606 3448 1647; x_wconf 89' lang='lat' dir='ltr'><strong>concessum</strong></span> <span class='ocrx_word' id='word_1_220' title='bbox 3476 1590 3604 1646; x_wconf 78' lang='lat' dir='ltr'><strong>est?</strong></span> <span class='ocrx_word' id='word_1_221' title='bbox 3631 1605 3710 1644; x_wconf 82' lang='lat' dir='ltr'><strong>an</strong></span> 
     </span>
    </p>
   </div>
   <div class='ocr_carea' id='block_1_32' title="bbox 2100 1683 3712 1756">
    <p class='ocr_par' dir='ltr' id='par_1_32' title="bbox 2100 1683 3712 1756">
     <span class='ocr_line' id='line_1_32' title="bbox 2100 1683 3712 1756; baseline -0.003 -16"><span class='ocrx_word' id='word_1_222' title='bbox 2100 1687 2280 1756; x_wconf 87' lang='lat' dir='ltr'><strong>potius</strong></span> <span class='ocrx_word' id='word_1_223' title='bbox 2308 1685 2376 1739; x_wconf 85' lang='lat' dir='ltr'><strong>ab</strong></span> <span class='ocrx_word' id='word_1_224' title='bbox 2407 1686 2663 1740; x_wconf 92' lang='lat' dir='ltr'><strong>omnibus</strong></span> <span class='ocrx_word' id='word_1_225' title='bbox 2694 1684 3026 1740; x_wconf 84' lang='lat' dir='ltr'><strong>Christianis</strong></span> <span class='ocrx_word' id='word_1_226' title='bbox 3064 1683 3392 1754; x_wconf 88' lang='lat' dir='ltr'><strong>requisitum</strong></span> <span class='ocrx_word' id='word_1_227' title='bbox 3433 1697 3545 1736; x_wconf 89' lang='lat' dir='ltr'><strong>non</strong></span> <span class='ocrx_word' id='word_1_228' title='bbox 3579 1683 3712 1736; x_wconf 84' lang='lat' dir='ltr'><strong>est?</strong></span> 
     </span>
    </p>
   </div>
   <div class='ocr_carea' id='block_1_33' title="bbox 407 1771 1990 1862">
    <p class='ocr_par' dir='ltr' id='par_1_33' title="bbox 407 1785 1990 1862">
     <span class='ocr_line' id='line_1_33' title="bbox 407 1785 1990 1862; baseline -0.006 -15"><span class='ocrx_word' id='word_1_229' title='bbox 407 1809 510 1848; x_wconf 92' lang='lat' dir='ltr'><strong>nos</strong></span> <span class='ocrx_word' id='word_1_230' title='bbox 534 1809 548 1845; x_wconf 91' lang='lat'>:</span> <span class='ocrx_word' id='word_1_231' title='bbox 581 1804 638 1848; x_wconf 93' lang='lat' dir='ltr'><strong>ut</strong></span> <span class='ocrx_word' id='word_1_232' title='bbox 663 1791 732 1846; x_wconf 88' lang='lat' dir='ltr'><strong>ad</strong></span> <span class='ocrx_word' id='word_1_233' title='bbox 761 1789 1074 1862; x_wconf 65' lang='lat' dir='ltr'><strong>Smyrnatos</strong></span> <span class='ocrx_word' id='word_1_234' title='bbox 1102 1807 1116 1843; x_wconf 89' lang='lat'><strong>:</strong></span> <span class='ocrx_word' id='word_1_235' title='bbox 1143 1787 1302 1841; x_wconf 86' lang='grc' dir='ltr'>Κατά</span> <span class='ocrx_word' id='word_1_236' title='bbox 1329 1787 1507 1840; x_wconf 86' lang='grc' dir='ltr'>πάντα</span> <span class='ocrx_word' id='word_1_237' title='bbox 1533 1803 1600 1858; x_wconf 88' lang='grc' dir='ltr'>με</span> <span class='ocrx_word' id='word_1_238' title='bbox 1628 1785 1990 1850; x_wconf 83' lang='grc' dir='ltr'>ἀνεπαύσατε,</span> 
     </span>
    </p>
   </div>
   <div class='ocr_carea' id='block_1_34' title="bbox 2081 1771 3711 1862">
    <p class='ocr_par' dir='ltr' id='par_1_34' title="bbox 2095 1776 3711 1848">
     <span class='ocr_line' id='line_1_34' title="bbox 2095 1776 3711 1848; baseline -0.002 -17"><span class='ocrx_word' id='word_1_239' title='bbox 2095 1777 2176 1832; x_wconf 82' lang='lat' dir='ltr'><strong>Ad</strong></span> <span class='ocrx_word' id='word_1_240' title='bbox 2206 1777 2530 1848; x_wconf 85' lang='lat' dir='ltr'><strong>sapientiam</strong></span> <span class='ocrx_word' id='word_1_241' title='bbox 2561 1778 2617 1831; x_wconf 85' lang='lat' dir='ltr'><strong>in</strong></span> <span class='ocrx_word' id='word_1_242' title='bbox 2649 1776 2760 1832; x_wconf 87' lang='lat' dir='ltr'><strong>Deo</strong></span> <span class='ocrx_word' id='word_1_243' title='bbox 2789 1788 2842 1831; x_wconf 91' lang='lat' dir='ltr'><strong>et</strong></span> <span class='ocrx_word' id='word_1_244' title='bbox 2869 1777 3086 1846; x_wconf 88' lang='lat' dir='ltr'><strong>quidem</strong></span> <span class='ocrx_word' id='word_1_245' title='bbox 3114 1777 3341 1832; x_wconf 91' lang='lat' dir='ltr'><strong>multam</strong></span> <span class='ocrx_word' id='word_1_246' title='bbox 3373 1791 3571 1830; x_wconf 87' lang='lat' dir='ltr'><strong>omnes</strong></span> <span class='ocrx_word' id='word_1_247' title='bbox 3602 1790 3711 1828; x_wconf 65' lang='lat' dir='ltr'><strong>voc</strong></span> 
     </span>
    </p>
   </div>
   <div class='ocr_carea' id='block_1_35' title="bbox 405 1879 1992 1954">
    <p class='ocr_par' dir='ltr' id='par_1_35' title="bbox 405 1879 1992 1954">
     <span class='ocr_line' id='line_1_35' title="bbox 405 1879 1992 1954; baseline -0.006 -11"><span class='ocrx_word' id='word_1_248' title='bbox 405 1897 462 1943; x_wconf 88' lang='lat' dir='ltr'><strong>et</strong></span> <span class='ocrx_word' id='word_1_249' title='bbox 484 1889 550 1943; x_wconf 88' lang='lat' dir='ltr'><strong>de</strong></span> <span class='ocrx_word' id='word_1_250' title='bbox 575 1886 789 1942; x_wconf 85' lang='lat' dir='ltr'><strong>Burrho</strong></span> <span class='ocrx_word' id='word_1_251' title='bbox 815 1904 829 1939; x_wconf 90' lang='lat'><strong>:</strong></span> <span class='ocrx_word' id='word_1_252' title='bbox 862 1883 1020 1938; x_wconf 81' lang='grc' dir='ltr'>Κατά</span> <span class='ocrx_word' id='word_1_253' title='bbox 1056 1883 1235 1938; x_wconf 89' lang='grc' dir='ltr'>πάντα</span> <span class='ocrx_word' id='word_1_254' title='bbox 1269 1897 1335 1954; x_wconf 80' lang='grc' dir='ltr'>με</span> <span class='ocrx_word' id='word_1_255' title='bbox 1361 1880 1636 1935; x_wconf 79' lang='grc' dir='ltr'>ἀνέπαυσε</span> <span class='ocrx_word' id='word_1_256' title='bbox 1656 1897 1669 1910; x_wconf 87' lang='grc'><strong>·</strong></span> <span class='ocrx_word' id='word_1_257' title='bbox 1716 1881 1782 1935; x_wconf 86' lang='lat' dir='ltr'><strong>ad</strong></span> <span class='ocrx_word' id='word_1_258' title='bbox 1813 1879 1992 1950; x_wconf 85' lang='lat' dir='ltr'><strong>Ephe-</strong></span> 
     </span>
    </p>
   </div>
   <div class='ocr_carea' id='block_1_36' title="bbox 407 1970 1996 2045">
    <p class='ocr_par' dir='ltr' id='par_1_36' title="bbox 407 1970 1996 2045">
     <span class='ocr_line' id='line_1_36' title="bbox 407 1970 1996 2045; baseline -0.008 -10"><span class='ocrx_word' id='word_1_259' title='bbox 407 1981 522 2035; x_wconf 87' lang='lat' dir='ltr'><strong>sios</strong></span> <span class='ocrx_word' id='word_1_260' title='bbox 546 1980 611 2034; x_wconf 93' lang='lat' dir='ltr'><strong>de</strong></span> <span class='ocrx_word' id='word_1_261' title='bbox 647 1979 822 2034; x_wconf 90' lang='lat' dir='ltr'><strong>Croco</strong></span> <span class='ocrx_word' id='word_1_262' title='bbox 851 1993 865 2029; x_wconf 88' lang='lat'><strong>:</strong></span> <span class='ocrx_word' id='word_1_263' title='bbox 899 1977 1058 2030; x_wconf 82' lang='grc' dir='ltr'>Κατά</span> <span class='ocrx_word' id='word_1_264' title='bbox 1090 1976 1269 2030; x_wconf 84' lang='grc' dir='ltr'>πάντα</span> <span class='ocrx_word' id='word_1_265' title='bbox 1305 1990 1378 2045; x_wconf 82' lang='grc' dir='ltr'>με</span> <span class='ocrx_word' id='word_1_266' title='bbox 1419 1974 1742 2035; x_wconf 84' lang='grc' dir='ltr'>ἀνέπαυσεν,</span> <span class='ocrx_word' id='word_1_267' title='bbox 1789 1972 1864 2035; x_wconf 84' lang='grc' dir='ltr'>ὡς</span> <span class='ocrx_word' id='word_1_268' title='bbox 1903 1970 1996 2024; x_wconf 79' lang='grc' dir='ltr'>καὶ</span> 
     </span>
    </p>
   </div>
   <div class='ocr_carea' id='block_1_37' title="bbox 407 2063 1994 2141">
    <p class='ocr_par' dir='ltr' id='par_1_37' title="bbox 407 2063 1994 2141">
     <span class='ocr_line' id='line_1_37' title="bbox 407 2063 1994 2141; baseline -0.006 -15"><span class='ocrx_word' id='word_1_269' title='bbox 407 2071 566 2126; x_wconf 71' lang='grc' dir='ltr'>αὐτὸν</span> <span class='ocrx_word' id='word_1_270' title='bbox 589 2072 616 2125; x_wconf 84' lang='grc' dir='ltr'>ὁ</span> <span class='ocrx_word' id='word_1_271' title='bbox 643 2069 834 2141; x_wconf 80' lang='grc' dir='ltr'>Πατὴρ</span> <span class='ocrx_word' id='word_1_272' title='bbox 869 2065 1046 2140; x_wconf 69' lang='grc' dir='ltr'>Ἰησοῦ</span> <span class='ocrx_word' id='word_1_273' title='bbox 1076 2065 1317 2139; x_wconf 81' lang='grc' dir='ltr'>Χριστοῦ</span> <span class='ocrx_word' id='word_1_274' title='bbox 1350 2064 1630 2136; x_wconf 70' lang='grc' dir='ltr'>ἀναψύξει.</span> <span class='ocrx_word' id='word_1_275' title='bbox 1658 2063 1784 2119; x_wconf 63' lang='lat' dir='ltr'><strong>Haec</strong></span> <span class='ocrx_word' id='word_1_276' title='bbox 1814 2073 1994 2118; x_wconf 88' lang='lat' dir='ltr'><strong>autem</strong></span> 
     </span>
    </p>
   </div>
   <div class='ocr_carea' id='block_1_38' title="bbox 407 2155 1998 2228">
    <p class='ocr_par' dir='ltr' id='par_1_38' title="bbox 407 2155 1998 2228">
     <span class='ocr_line' id='line_1_38' title="bbox 407 2155 1998 2228; baseline -0.003 -14"><span class='ocrx_word' id='word_1_277' title='bbox 407 2163 730 2225; x_wconf 82' lang='grc' dir='ltr'>ἀνάπαυσις,</span> <span class='ocrx_word' id='word_1_278' title='bbox 766 2161 881 2216; x_wconf 85' lang='lat' dir='ltr'><strong>sive</strong></span> <span class='ocrx_word' id='word_1_279' title='bbox 918 2158 1200 2228; x_wconf 67' lang='grc' dir='ltr'>ἀνάφυξις,</span> <span class='ocrx_word' id='word_1_280' title='bbox 1251 2157 1356 2214; x_wconf 89' lang='lat' dir='ltr'><strong>fuit</strong></span> <span class='ocrx_word' id='word_1_281' title='bbox 1406 2158 1500 2212; x_wconf 82' lang='lat' dir='ltr'><strong>illa</strong></span> <span class='ocrx_word' id='word_1_282' title='bbox 1546 2155 1887 2228; x_wconf 82' lang='lat' dir='ltr'><strong>refrigeratio</strong></span> <span class='ocrx_word' id='word_1_283' title='bbox 1930 2156 1998 2210; x_wconf 90' lang='lat' dir='ltr'><strong>de</strong></span> 
     </span>
    </p>
   </div>
   <div class='ocr_carea' id='block_1_39' title="bbox 407 2247 1998 2323">
    <p class='ocr_par' dir='ltr' id='par_1_39' title="bbox 407 2247 1998 2323">
     <span class='ocr_line' id='line_1_39' title="bbox 407 2247 1998 2323; baseline -0.003 -17"><span class='ocrx_word' id='word_1_284' title='bbox 407 2268 514 2323; x_wconf 87' lang='lat' dir='ltr'><strong>qua</strong></span> <span class='ocrx_word' id='word_1_285' title='bbox 548 2261 760 2307; x_wconf 89' lang='lat' dir='ltr'><strong>veteres</strong></span> <span class='ocrx_word' id='word_1_286' title='bbox 789 2251 1112 2322; x_wconf 89' lang='lat' dir='ltr'><strong>loquuntur.</strong></span> <span class='ocrx_word' id='word_1_287' title='bbox 1167 2247 1436 2306; x_wconf 90' lang='lat' dir='ltr'><strong>Omnibus</strong></span> <span class='ocrx_word' id='word_1_288' title='bbox 1478 2248 1644 2320; x_wconf 80' lang='lat' dir='ltr'><strong>igitur</strong></span> <span class='ocrx_word' id='word_1_289' title='bbox 1675 2248 1852 2304; x_wconf 87' lang='lat' dir='ltr'><strong>modis</strong></span> <span class='ocrx_word' id='word_1_290' title='bbox 1881 2248 1998 2302; x_wconf 86' lang='lat' dir='ltr'><strong>dia-</strong></span> 
     </span>
    </p>
   </div>
   <div class='ocr_carea' id='block_1_40' title="bbox 409 2337 1998 2413">
    <p class='ocr_par' dir='ltr' id='par_1_40' title="bbox 409 2337 1998 2413">
     <span class='ocr_line' id='line_1_40' title="bbox 409 2337 1998 2413; baseline -0.005 -12"><span class='ocrx_word' id='word_1_291' title='bbox 409 2345 532 2401; x_wconf 91' lang='lat' dir='ltr'><strong>coni</strong></span> <span class='ocrx_word' id='word_1_292' title='bbox 577 2343 785 2413; x_wconf 90' lang='lat' dir='ltr'><strong>aliique</strong></span> <span class='ocrx_word' id='word_1_293' title='bbox 832 2342 902 2397; x_wconf 88' lang='lat' dir='ltr'><strong>ab</strong></span> <span class='ocrx_word' id='word_1_294' title='bbox 938 2341 1185 2397; x_wconf 90' lang='lat' dir='ltr'><strong>ecclesiis</strong></span> <span class='ocrx_word' id='word_1_295' title='bbox 1236 2341 1392 2397; x_wconf 91' lang='lat' dir='ltr'><strong>missi</strong></span> <span class='ocrx_word' id='word_1_296' title='bbox 1446 2337 1658 2412; x_wconf 87' lang='lat' dir='ltr'><strong>lgnatio</strong></span> <span class='ocrx_word' id='word_1_297' title='bbox 1698 2339 1753 2393; x_wconf 90' lang='lat' dir='ltr'><strong>in</strong></span> <span class='ocrx_word' id='word_1_298' title='bbox 1802 2338 1998 2393; x_wconf 89' lang='lat' dir='ltr'><strong>itinere</strong></span> 
     </span>
    </p>
   </div>
   <div class='ocr_carea' id='block_1_41' title="bbox 408 2428 2000 2502">
    <p class='ocr_par' dir='ltr' id='par_1_41' title="bbox 408 2428 2000 2502">
     <span class='ocr_line' id='line_1_41' title="bbox 408 2428 2000 2502; baseline -0.004 -14"><span class='ocrx_word' id='word_1_299' title='bbox 408 2433 840 2498; x_wconf 87' lang='lat' dir='ltr'><strong>ministrabant;</strong></span> <span class='ocrx_word' id='word_1_300' title='bbox 875 2431 1118 2502; x_wconf 86' lang='lat' dir='ltr'><strong>adeoque</strong></span> <span class='ocrx_word' id='word_1_301' title='bbox 1162 2445 1287 2486; x_wconf 89' lang='lat' dir='ltr'><strong>eum</strong></span> <span class='ocrx_word' id='word_1_302' title='bbox 1339 2446 1370 2485; x_wconf 92' lang='lat' dir='ltr'><strong>a</strong></span> <span class='ocrx_word' id='word_1_303' title='bbox 1419 2429 1801 2485; x_wconf 80' lang='lat' dir='ltr'><strong>vexationibus</strong></span> <span class='ocrx_word' id='word_1_304' title='bbox 1849 2428 2000 2483; x_wconf 82' lang='lat' dir='ltr'><strong>mili-</strong></span> 
     </span>
    </p>
   </div>
   <div class='ocr_carea' id='block_1_42' title="bbox 407 2523 1996 2597">
    <p class='ocr_par' dir='ltr' id='par_1_42' title="bbox 407 2523 1996 2597">
     <span class='ocr_line' id='line_1_42' title="bbox 407 2523 1996 2597; baseline -0.004 -15"><span class='ocrx_word' id='word_1_305' title='bbox 407 2537 546 2594; x_wconf 91' lang='lat' dir='ltr'><strong>tum,</strong></span> <span class='ocrx_word' id='word_1_306' title='bbox 577 2535 842 2597; x_wconf 92' lang='lat' dir='ltr'><strong>quantum</strong></span> <span class='ocrx_word' id='word_1_307' title='bbox 884 2525 940 2578; x_wconf 90' lang='lat' dir='ltr'><strong>in</strong></span> <span class='ocrx_word' id='word_1_308' title='bbox 992 2525 1128 2596; x_wconf 89' lang='lat' dir='ltr'><strong>ipsis</strong></span> <span class='ocrx_word' id='word_1_309' title='bbox 1176 2532 1316 2591; x_wconf 88' lang='lat' dir='ltr'><strong>erat,</strong></span> <span class='ocrx_word' id='word_1_310' title='bbox 1350 2523 1590 2595; x_wconf 58' lang='lat' dir='ltr'><strong>praemiis</strong></span> <span class='ocrx_word' id='word_1_311' title='bbox 1635 2523 1996 2578; x_wconf 87' lang='lat' dir='ltr'><strong>redimebant.</strong></span> 
     </span>
    </p>
   </div>
   <div class='ocr_carea' id='block_1_43' title="bbox 409 2615 1996 2688">
    <p class='ocr_par' dir='ltr' id='par_1_43' title="bbox 409 2615 1996 2688">
     <span class='ocr_line' id='line_1_43' title="bbox 409 2615 1996 2688; baseline -0.003 -14"><span class='ocrx_word' id='word_1_312' title='bbox 409 2620 546 2676; x_wconf 79' lang='lat' dir='ltr'><strong>Hinc</strong></span> <span class='ocrx_word' id='word_1_313' title='bbox 591 2627 773 2674; x_wconf 89' lang='lat' dir='ltr'><strong>autem</strong></span> <span class='ocrx_word' id='word_1_314' title='bbox 829 2626 978 2673; x_wconf 88' lang='lat' dir='ltr'><strong>recte</strong></span> <span class='ocrx_word' id='word_1_315' title='bbox 1026 2617 1346 2688; x_wconf 84' lang='lat' dir='ltr'><strong>intelligitur</strong></span> <span class='ocrx_word' id='word_1_316' title='bbox 1394 2615 1543 2687; x_wconf 92' lang='lat' dir='ltr'><strong>quod</strong></span> <span class='ocrx_word' id='word_1_317' title='bbox 1589 2615 1659 2671; x_wconf 90' lang='lat' dir='ltr'><strong>de</strong></span> <span class='ocrx_word' id='word_1_318' title='bbox 1708 2615 1996 2688; x_wconf 84' lang='lat' dir='ltr'><strong>militibus,</strong></span> 
     </span>
    </p>
   </div>
   <div class='ocr_carea' id='block_1_44' title="bbox 407 2707 2002 2786">
    <p class='ocr_par' dir='ltr' id='par_1_44' title="bbox 407 2707 2002 2786">
     <span class='ocr_line' id='line_1_44' title="bbox 407 2707 2002 2786; baseline -0.004 -17"><span class='ocrx_word' id='word_1_319' title='bbox 407 2729 547 2786; x_wconf 85' lang='lat' dir='ltr'><strong>quos</strong></span> <span class='ocrx_word' id='word_1_320' title='bbox 583 2711 866 2781; x_wconf 90' lang='lat' dir='ltr'><strong>leopardos</strong></span> <span class='ocrx_word' id='word_1_321' title='bbox 909 2719 1088 2774; x_wconf 87' lang='lat' dir='ltr'><strong>vocat,</strong></span> <span class='ocrx_word' id='word_1_322' title='bbox 1135 2711 1346 2774; x_wconf 81' lang='lat' dir='ltr'><strong>scribit,</strong></span> <span class='ocrx_word' id='word_1_323' title='bbox 1383 2710 1431 2762; x_wconf 83' lang='grc' dir='ltr'>οἳ</span> <span class='ocrx_word' id='word_1_324' title='bbox 1476 2708 1570 2762; x_wconf 80' lang='grc' dir='ltr'>καὶ</span> <span class='ocrx_word' id='word_1_325' title='bbox 1603 2707 2002 2780; x_wconf 79' lang='grc' dir='ltr'>εὐεργετούμε-</span> 
     </span>
    </p>
   </div>
   <div class='ocr_carea' id='block_1_45' title="bbox 406 2799 2003 2878">
    <p class='ocr_par' dir='ltr' id='par_1_45' title="bbox 406 2799 2003 2878">
     <span class='ocr_line' id='line_1_45' title="bbox 406 2799 2003 2878; baseline -0.005 -17"><span class='ocrx_word' id='word_1_326' title='bbox 406 2824 486 2861; x_wconf 87' lang='grc' dir='ltr'><strong>νοι</strong></span> <span class='ocrx_word' id='word_1_327' title='bbox 515 2804 736 2878; x_wconf 83' lang='grc' dir='ltr'>χείρους</span> <span class='ocrx_word' id='word_1_328' title='bbox 769 2803 1031 2873; x_wconf 84' lang='grc' dir='ltr'>γίνονται,</span> <span class='ocrx_word' id='word_1_329' title='bbox 1073 2823 1090 2854; x_wconf 74' lang='grc' dir='ltr'><strong>ι</strong></span> <span class='ocrx_word' id='word_1_330' title='bbox 1139 2802 1233 2873; x_wconf 87' lang='lat' dir='ltr'><strong>qui</strong></span> <span class='ocrx_word' id='word_1_331' title='bbox 1277 2811 1333 2856; x_wconf 89' lang='lat' dir='ltr'><strong>et</strong></span> <span class='ocrx_word' id='word_1_332' title='bbox 1374 2800 1653 2856; x_wconf 83' lang='lat' dir='ltr'><strong>beneficiis</strong></span> <span class='ocrx_word' id='word_1_333' title='bbox 1701 2799 1877 2854; x_wconf 87' lang='lat' dir='ltr'><strong>affecti</strong></span> <span class='ocrx_word' id='word_1_334' title='bbox 1909 2814 2003 2870; x_wconf 92' lang='lat' dir='ltr'><strong>pe-</strong></span> 
     </span>
    </p>
   </div>
   <div class='ocr_carea' id='block_1_46' title="bbox 405 2891 2000 2970">
    <p class='ocr_par' dir='ltr' id='par_1_46' title="bbox 405 2891 2000 2970">
     <span class='ocr_line' id='line_1_46' title="bbox 405 2891 2000 2970; baseline -0.005 -17"><span class='ocrx_word' id='word_1_335' title='bbox 405 2899 554 2970; x_wconf 89' lang='lat' dir='ltr'><strong>jores</strong></span> <span class='ocrx_word' id='word_1_336' title='bbox 589 2899 758 2962; x_wconf 85' lang='lat' dir='ltr'><strong>fiunt;</strong></span> <span class='ocrx_word' id='word_1_337' title='bbox 799 2915 817 2948; x_wconf 71' lang='grc' dir='ltr'><strong>ι</strong></span> <span class='ocrx_word' id='word_1_338' title='bbox 850 2895 1078 2962; x_wconf 87' lang='lat' dir='ltr'><strong>scilicet,</strong></span> <span class='ocrx_word' id='word_1_339' title='bbox 1107 2910 1216 2965; x_wconf 89' lang='lat' dir='ltr'><strong>quo</strong></span> <span class='ocrx_word' id='word_1_340' title='bbox 1260 2893 1382 2962; x_wconf 88' lang='lat' dir='ltr'><strong>plus</strong></span> <span class='ocrx_word' id='word_1_341' title='bbox 1417 2893 1663 2964; x_wconf 61' lang='lat' dir='ltr'><strong>pecunia:</strong></span> <span class='ocrx_word' id='word_1_342' title='bbox 1691 2907 1722 2947; x_wconf 89' lang='lat' dir='ltr'><strong>a</strong></span> <span class='ocrx_word' id='word_1_343' title='bbox 1753 2891 2000 2946; x_wconf 85' lang='lat' dir='ltr'><strong>ﬁdelibus</strong></span> 
     </span>
    </p>
   </div>
   <div class='ocr_carea' id='block_1_47' title="bbox 409 2984 2002 3060">
    <p class='ocr_par' dir='ltr' id='par_1_47' title="bbox 409 2984 2002 3060">
     <span class='ocr_line' id='line_1_47' title="bbox 409 2984 2002 3060; baseline -0.004 -15"><span class='ocrx_word' id='word_1_344' title='bbox 409 2989 722 3060; x_wconf 87' lang='lat' dir='ltr'><strong>acciperent</strong></span> <span class='ocrx_word' id='word_1_345' title='bbox 753 3003 852 3058; x_wconf 92' lang='lat' dir='ltr'><strong>pro</strong></span> <span class='ocrx_word' id='word_1_346' title='bbox 884 2987 1218 3041; x_wconf 77' lang='lat' dir='ltr'><strong>relaxatione</strong></span> <span class='ocrx_word' id='word_1_347' title='bbox 1261 2985 1584 3048; x_wconf 82' lang='lat' dir='ltr'><strong>vexationis,</strong></span> <span class='ocrx_word' id='word_1_348' title='bbox 1623 2997 1688 3038; x_wconf 91' lang='lat' dir='ltr'><strong>eo</strong></span> <span class='ocrx_word' id='word_1_349' title='bbox 1723 2984 1905 3039; x_wconf 90' lang='lat' dir='ltr'><strong>aerius</strong></span> <span class='ocrx_word' id='word_1_350' title='bbox 1935 3000 2002 3038; x_wconf 81' lang='lat' dir='ltr'><strong>ex</strong></span> 
     </span>
    </p>
   </div>
   <div class='ocr_carea' id='block_1_48' title="bbox 2099 1869 3709 1944">
    <p class='ocr_par' dir='ltr' id='par_1_48' title="bbox 2099 1869 3709 1944">
     <span class='ocr_line' id='line_1_48' title="bbox 2099 1869 3709 1944; baseline -0.004 -18"><span class='ocrx_word' id='word_1_351' title='bbox 2099 1881 2333 1941; x_wconf 78' lang='lat' dir='ltr'><strong>cantur;</strong></span> <span class='ocrx_word' id='word_1_352' title='bbox 2366 1872 2456 1928; x_wconf 90' lang='lat' dir='ltr'><strong>ille</strong></span> <span class='ocrx_word' id='word_1_353' title='bbox 2486 1873 2810 1944; x_wconf 60' lang='lat' dir='ltr'><strong>praisertim,</strong></span> <span class='ocrx_word' id='word_1_354' title='bbox 2844 1889 3005 1943; x_wconf 89' lang='lat' dir='ltr'><strong>quem</strong></span> <span class='ocrx_word' id='word_1_355' title='bbox 3044 1870 3100 1926; x_wconf 91' lang='grc'><strong>8.</strong></span> <span class='ocrx_word' id='word_1_356' title='bbox 3137 1871 3572 1942; x_wconf 75' lang='lat' dir='ltr'><strong>Chrysostomus</strong></span> <span class='ocrx_word' id='word_1_357' title='bbox 3603 1869 3709 1921; x_wconf 85' lang='grc' dir='ltr'>ἀν-</span> 
     </span>
    </p>
   </div>
   <div class='ocr_carea' id='block_1_49' title="bbox 2095 1965 3705 2039">
    <p class='ocr_par' dir='ltr' id='par_1_49' title="bbox 2095 1965 3705 2039">
     <span class='ocr_line' id='line_1_49' title="bbox 2095 1965 3705 2039; baseline -0.004 -18"><span class='ocrx_word' id='word_1_358' title='bbox 2095 1968 2354 2039; x_wconf 72' lang='grc' dir='ltr'>τίρροπον</span> <span class='ocrx_word' id='word_1_359' title='bbox 2387 1967 2593 2038; x_wconf 78' lang='grc' dir='ltr'>Πέτρου</span> <span class='ocrx_word' id='word_1_360' title='bbox 2629 1966 2944 2021; x_wconf 83' lang='grc' dir='ltr'>διδάσκαλον</span> <span class='ocrx_word' id='word_1_361' title='bbox 2977 1965 3250 2036; x_wconf 83' lang='lat' dir='ltr'><strong>appellare</strong></span> <span class='ocrx_word' id='word_1_362' title='bbox 3293 1978 3402 2017; x_wconf 91' lang='lat' dir='ltr'><strong>non</strong></span> <span class='ocrx_word' id='word_1_363' title='bbox 3441 1973 3705 2017; x_wconf 80' lang='lat' dir='ltr'><strong>veretur.</strong></span> 
     </span>
    </p>
   </div>
   <div class='ocr_carea' id='block_1_50' title="bbox 2097 2053 3707 2127">
    <p class='ocr_par' dir='ltr' id='par_1_50' title="bbox 2097 2053 3707 2127">
     <span class='ocr_line' id='line_1_50' title="bbox 2097 2053 3707 2127; baseline 0.001 -18"><span class='ocrx_word' id='word_1_364' title='bbox 2097 2055 2236 2112; x_wconf 83' lang='lat' dir='ltr'><strong>Dicit</strong></span> <span class='ocrx_word' id='word_1_365' title='bbox 2266 2073 2324 2113; x_wconf 90' lang='lat' dir='ltr'><strong>se</strong></span> <span class='ocrx_word' id='word_1_366' title='bbox 2353 2073 2414 2112; x_wconf 89' lang='lat' dir='ltr'><strong>ea</strong></span> <span class='ocrx_word' id='word_1_367' title='bbox 2447 2058 2688 2113; x_wconf 87' lang='lat' dir='ltr'><strong>scribere</strong></span> <span class='ocrx_word' id='word_1_368' title='bbox 2716 2073 2899 2127; x_wconf 85' lang='lat' dir='ltr'><strong>posse,</strong></span> <span class='ocrx_word' id='word_1_369' title='bbox 2930 2073 3053 2127; x_wconf 83' lang='lat' dir='ltr'><strong>quae</strong></span> <span class='ocrx_word' id='word_1_370' title='bbox 3088 2053 3400 2110; x_wconf 87' lang='lat' dir='ltr'><strong>Trallenses</strong></span> <span class='ocrx_word' id='word_1_371' title='bbox 3445 2069 3558 2110; x_wconf 90' lang='lat' dir='ltr'><strong>non</strong></span> <span class='ocrx_word' id='word_1_372' title='bbox 3605 2070 3707 2110; x_wconf 84' lang='lat' dir='ltr'><strong>ca-</strong></span> 
     </span>
    </p>
   </div>
   <div class='ocr_carea' id='block_1_51' title="bbox 2096 2147 3711 2219">
    <p class='ocr_par' dir='ltr' id='par_1_51' title="bbox 2096 2147 3711 2219">
     <span class='ocr_line' id='line_1_51' title="bbox 2096 2147 3711 2219; baseline -0.001 -17"><span class='ocrx_word' id='word_1_373' title='bbox 2096 2156 2304 2219; x_wconf 90' lang='lat' dir='ltr'><strong>perent.</strong></span> <span class='ocrx_word' id='word_1_374' title='bbox 2357 2150 2440 2202; x_wconf 84' lang='lat' dir='ltr'><strong>An</strong></span> <span class='ocrx_word' id='word_1_375' title='bbox 2490 2151 2594 2206; x_wconf 80' lang='lat' dir='ltr'><strong>hoc</strong></span> <span class='ocrx_word' id='word_1_376' title='bbox 2651 2149 2787 2202; x_wconf 92' lang='lat' dir='ltr'><strong>nulli</strong></span> <span class='ocrx_word' id='word_1_377' title='bbox 2842 2147 3157 2203; x_wconf 84' lang='lat' dir='ltr'><strong>mortalium</strong></span> <span class='ocrx_word' id='word_1_378' title='bbox 3205 2162 3535 2202; x_wconf 88' lang='lat' dir='ltr'><strong>concessum</strong></span> <span class='ocrx_word' id='word_1_379' title='bbox 3584 2154 3711 2208; x_wconf 61' lang='lat' dir='ltr'><strong>est?</strong></span> 
     </span>
    </p>
   </div>
   <div class='ocr_carea' id='block_1_52' title="bbox 2096 2239 3706 2311">
    <p class='ocr_par' dir='ltr' id='par_1_52' title="bbox 2096 2239 3706 2311">
     <span class='ocr_line' id='line_1_52' title="bbox 2096 2239 3706 2311; baseline 0 -17"><span class='ocrx_word' id='word_1_380' title='bbox 2096 2240 2349 2297; x_wconf 86' lang='lat' dir='ltr'><strong>Nondum</strong></span> <span class='ocrx_word' id='word_1_381' title='bbox 2394 2249 2547 2296; x_wconf 87' lang='lat' dir='ltr'><strong>tanta</strong></span> <span class='ocrx_word' id='word_1_382' title='bbox 2594 2242 2755 2298; x_wconf 92' lang='lat' dir='ltr'><strong>nobis</strong></span> <span class='ocrx_word' id='word_1_383' title='bbox 2805 2249 2936 2296; x_wconf 93' lang='lat' dir='ltr'><strong>tunc</strong></span> <span class='ocrx_word' id='word_1_384' title='bbox 3001 2241 3269 2311; x_wconf 89' lang='lat' dir='ltr'><strong>temporis</strong></span> <span class='ocrx_word' id='word_1_385' title='bbox 3320 2239 3706 2294; x_wconf 88' lang='lat' dir='ltr'><strong>Trallensium</strong></span> 
     </span>
    </p>
   </div>
   <div class='ocr_carea' id='block_1_53' title="bbox 2100 2333 3708 2406">
    <p class='ocr_par' dir='ltr' id='par_1_53' title="bbox 2100 2333 3708 2406">
     <span class='ocr_line' id='line_1_53' title="bbox 2100 2333 3708 2406; baseline -0.002 -16"><span class='ocrx_word' id='word_1_386' title='bbox 2100 2335 2325 2391; x_wconf 82' lang='lat' dir='ltr'><strong>scientia</strong></span> <span class='ocrx_word' id='word_1_387' title='bbox 2365 2334 2537 2392; x_wconf 90' lang='lat' dir='ltr'><strong>fuisse</strong></span> <span class='ocrx_word' id='word_1_388' title='bbox 2565 2343 2811 2406; x_wconf 88' lang='lat' dir='ltr'><strong>apparet.</strong></span> <span class='ocrx_word' id='word_1_389' title='bbox 2843 2333 2982 2390; x_wconf 90' lang='lat' dir='ltr'><strong>Cum</strong></span> <span class='ocrx_word' id='word_1_390' title='bbox 3015 2335 3085 2388; x_wconf 89' lang='lat' dir='ltr'><strong>ad</strong></span> <span class='ocrx_word' id='word_1_391' title='bbox 3135 2333 3453 2405; x_wconf 64' lang='lat' dir='ltr'><strong>Smyrnmos</strong></span> <span class='ocrx_word' id='word_1_392' title='bbox 3503 2349 3708 2404; x_wconf 85' lang='lat' dir='ltr'><strong>super-</strong></span> 
     </span>
    </p>
   </div>
   <div class='ocr_carea' id='block_1_54' title="bbox 2099 2427 3704 2498">
    <p class='ocr_par' dir='ltr' id='par_1_54' title="bbox 2099 2427 3704 2498">
     <span class='ocr_line' id='line_1_54' title="bbox 2099 2427 3704 2498; baseline -0.002 -14"><span class='ocrx_word' id='word_1_393' title='bbox 2099 2427 2428 2493; x_wconf 75' lang='lat' dir='ltr'><strong>etelestium,</strong></span> <span class='ocrx_word' id='word_1_394' title='bbox 2453 2437 2508 2483; x_wconf 90' lang='lat' dir='ltr'><strong>et</strong></span> <span class='ocrx_word' id='word_1_395' title='bbox 2533 2427 2834 2483; x_wconf 86' lang='lat' dir='ltr'><strong>visibilium</strong></span> <span class='ocrx_word' id='word_1_396' title='bbox 2867 2427 3334 2498; x_wconf 89' lang='lat' dir='ltr'><strong>invisibiliumque</strong></span> <span class='ocrx_word' id='word_1_397' title='bbox 3358 2428 3704 2482; x_wconf 82' lang='lat' dir='ltr'><strong>mentionem</strong></span> 
     </span>
    </p>
   </div>
   <div class='ocr_carea' id='block_1_55' title="bbox 2102 2519 3704 2591">
    <p class='ocr_par' dir='ltr' id='par_1_55' title="bbox 2102 2519 3704 2591">
     <span class='ocr_line' id='line_1_55' title="bbox 2102 2519 3704 2591; baseline 0.001 -17"><span class='ocrx_word' id='word_1_398' title='bbox 2102 2520 2348 2585; x_wconf 83' lang='lat' dir='ltr'><strong>fecisset,</strong></span> <span class='ocrx_word' id='word_1_399' title='bbox 2403 2523 2586 2576; x_wconf 90' lang='lat' dir='ltr'><strong>statim</strong></span> <span class='ocrx_word' id='word_1_400' title='bbox 2632 2520 2782 2576; x_wconf 88' lang='lat' dir='ltr'><strong>addit</strong></span> <span class='ocrx_word' id='word_1_401' title='bbox 2824 2540 2837 2576; x_wconf 93' lang='lat'>:</span> <span class='ocrx_word' id='word_1_402' title='bbox 2876 2541 2895 2573; x_wconf 70' lang='grc' dir='ltr'><strong>ε</strong></span> <span class='ocrx_word' id='word_1_403' title='bbox 2927 2519 3031 2587; x_wconf 87' lang='lat' dir='ltr'><strong>Qui</strong></span> <span class='ocrx_word' id='word_1_404' title='bbox 3078 2521 3244 2591; x_wconf 89' lang='lat' dir='ltr'><strong>capit,</strong></span> <span class='ocrx_word' id='word_1_405' title='bbox 3298 2521 3498 2590; x_wconf 85' lang='lat' dir='ltr'><strong>capiat.</strong></span> <span class='ocrx_word' id='word_1_406' title='bbox 3535 2539 3557 2571; x_wconf 72' lang='grc' dir='ltr'><strong>ι</strong></span> <span class='ocrx_word' id='word_1_407' title='bbox 3593 2519 3704 2575; x_wconf 83' lang='grc' dir='ltr'><strong>Ρο-</strong></span> 
     </span>
    </p>
   </div>
   <div class='ocr_carea' id='block_1_56' title="bbox 2101 2611 3704 2688">
    <p class='ocr_par' dir='ltr' id='par_1_56' title="bbox 2101 2611 3704 2688">
     <span class='ocr_line' id='line_1_56' title="bbox 2101 2611 3704 2688; baseline -0.002 -18"><span class='ocrx_word' id='word_1_408' title='bbox 2101 2626 2339 2678; x_wconf 89' lang='lat' dir='ltr'><strong>stremo,</strong></span> <span class='ocrx_word' id='word_1_409' title='bbox 2396 2614 2511 2669; x_wconf 75' lang='lat' dir='ltr'><strong>lucc</strong></span> <span class='ocrx_word' id='word_1_410' title='bbox 2564 2613 2864 2688; x_wconf 78' lang='grc' dir='ltr'>ἐπουράνια</span> <span class='ocrx_word' id='word_1_411' title='bbox 2915 2613 3120 2669; x_wconf 90' lang='lat' dir='ltr'><strong>clarius</strong></span> <span class='ocrx_word' id='word_1_412' title='bbox 3171 2611 3390 2678; x_wconf 91' lang='lat' dir='ltr'><strong>deﬁnit,</strong></span> <span class='ocrx_word' id='word_1_413' title='bbox 3445 2613 3581 2666; x_wconf 90' lang='lat' dir='ltr'><strong>dum</strong></span> <span class='ocrx_word' id='word_1_414' title='bbox 3643 2627 3704 2666; x_wconf 85' lang='lat' dir='ltr'><strong>se</strong></span> 
     </span>
    </p>
   </div>
   <div class='ocr_carea' id='block_1_57' title="bbox 2099 2705 3702 2776">
    <p class='ocr_par' dir='ltr' id='par_1_57' title="bbox 2099 2705 3702 2776">
     <span class='ocr_line' id='line_1_57' title="bbox 2099 2705 3702 2776; baseline -0.002 -15"><span class='ocrx_word' id='word_1_415' title='bbox 2099 2708 2198 2772; x_wconf 80' lang='grc' dir='ltr'>τὰς</span> <span class='ocrx_word' id='word_1_416' title='bbox 2248 2707 2564 2770; x_wconf 80' lang='grc' dir='ltr'>τοποθεσίας</span> <span class='ocrx_word' id='word_1_417' title='bbox 2608 2705 2707 2770; x_wconf 77' lang='grc' dir='ltr'>τὰς</span> <span class='ocrx_word' id='word_1_418' title='bbox 2757 2707 3072 2776; x_wconf 80' lang='grc' dir='ltr'>ἀγγελικὰς,</span> <span class='ocrx_word' id='word_1_419' title='bbox 3121 2707 3216 2760; x_wconf 76' lang='grc' dir='ltr'>καὶ</span> <span class='ocrx_word' id='word_1_420' title='bbox 3257 2705 3358 2769; x_wconf 76' lang='grc' dir='ltr'><strong>τὰς</strong></span> <span class='ocrx_word' id='word_1_421' title='bbox 3405 2706 3702 2769; x_wconf 83' lang='grc' dir='ltr'>συστάσεις</span> 
     </span>
    </p>
   </div>
   <div class='ocr_carea' id='block_1_58' title="bbox 2099 2797 3696 2872">
    <p class='ocr_par' dir='ltr' id='par_1_58' title="bbox 2099 2797 3696 2872">
     <span class='ocr_line' id='line_1_58' title="bbox 2099 2797 3696 2872; baseline -0.001 -18"><span class='ocrx_word' id='word_1_422' title='bbox 2099 2801 2200 2864; x_wconf 76' lang='grc' dir='ltr'>τὰς</span> <span class='ocrx_word' id='word_1_423' title='bbox 2231 2799 2558 2872; x_wconf 84' lang='grc' dir='ltr'>ἀρχοντικάς</span> <span class='ocrx_word' id='word_1_424' title='bbox 2593 2799 2892 2870; x_wconf 83' lang='lat' dir='ltr'><strong>intelligere</strong></span> <span class='ocrx_word' id='word_1_425' title='bbox 2941 2815 3103 2869; x_wconf 90' lang='lat' dir='ltr'><strong>posse</strong></span> <span class='ocrx_word' id='word_1_426' title='bbox 3148 2799 3299 2854; x_wconf 90' lang='lat' dir='ltr'><strong>dicit.</strong></span> <span class='ocrx_word' id='word_1_427' title='bbox 3349 2797 3463 2854; x_wconf 86' lang='lat' dir='ltr'><strong>Nec</strong></span> <span class='ocrx_word' id='word_1_428' title='bbox 3507 2809 3696 2854; x_wconf 81' lang='lat' dir='ltr'><strong>tamen</strong></span> 
     </span>
    </p>
   </div>
   <div class='ocr_carea' id='block_1_59' title="bbox 2108 2891 3701 2963">
    <p class='ocr_par' dir='ltr' id='par_1_59' title="bbox 2108 2891 3701 2963">
     <span class='ocr_line' id='line_1_59' title="bbox 2108 2891 3701 2963; baseline 0.003 -21"><span class='ocrx_word' id='word_1_429' title='bbox 2108 2911 2126 2942; x_wconf 72' lang='grc' dir='ltr'><strong>ι</strong></span> <span class='ocrx_word' id='word_1_430' title='bbox 2169 2901 2315 2963; x_wconf 90' lang='lat' dir='ltr'><strong>patet</strong></span> <span class='ocrx_word' id='word_1_431' title='bbox 2358 2892 2474 2948; x_wconf 84' lang='lat' dir='ltr'><strong>haec</strong></span> <span class='ocrx_word' id='word_1_432' title='bbox 2518 2892 2836 2961; x_wconf 90' lang='lat' dir='ltr'><strong>hujusmodi</strong></span> <span class='ocrx_word' id='word_1_433' title='bbox 2894 2907 3037 2959; x_wconf 88' lang='lat' dir='ltr'><strong>esse,</strong></span> <span class='ocrx_word' id='word_1_434' title='bbox 3079 2907 3200 2962; x_wconf 76' lang='lat' dir='ltr'><strong>qua:</strong></span> <span class='ocrx_word' id='word_1_435' title='bbox 3245 2891 3381 2946; x_wconf 92' lang='lat' dir='ltr'><strong>nulli</strong></span> <span class='ocrx_word' id='word_1_436' title='bbox 3432 2892 3701 2946; x_wconf 75' lang='lat' dir='ltr'><strong>mortales</strong></span> 
     </span>
    </p>
   </div>
   <div class='ocr_carea' id='block_1_60' title="bbox 2102 2983 3698 3055">
    <p class='ocr_par' dir='ltr' id='par_1_60' title="bbox 2102 2983 3698 3055">
     <span class='ocr_line' id='line_1_60' title="bbox 2102 2983 3698 3055; baseline -0.003 -12"><span class='ocrx_word' id='word_1_437' title='bbox 2102 2987 2297 3042; x_wconf 91' lang='lat' dir='ltr'><strong>sciant.</strong></span> <span class='ocrx_word' id='word_1_438' title='bbox 2336 3004 2355 3037; x_wconf 70' lang='grc' dir='ltr'><strong>ι</strong></span> <span class='ocrx_word' id='word_1_439' title='bbox 2383 2983 2494 3040; x_wconf 88' lang='lat' dir='ltr'><strong>Nos</strong></span> <span class='ocrx_word' id='word_1_440' title='bbox 2525 2983 2667 3039; x_wconf 89' lang='lat' dir='ltr'><strong>forte</strong></span> <span class='ocrx_word' id='word_1_441' title='bbox 2694 3000 2804 3039; x_wconf 92' lang='lat' dir='ltr'><strong>non</strong></span> <span class='ocrx_word' id='word_1_442' title='bbox 2838 2994 2983 3040; x_wconf 90' lang='lat' dir='ltr'><strong>recte</strong></span> <span class='ocrx_word' id='word_1_443' title='bbox 3019 2984 3374 3055; x_wconf 86' lang='lat' dir='ltr'><strong>intelligimus</strong></span> <span class='ocrx_word' id='word_1_444' title='bbox 3408 2983 3540 3053; x_wconf 88' lang='lat' dir='ltr'><strong>quid</strong></span> <span class='ocrx_word' id='word_1_445' title='bbox 3579 2983 3698 3052; x_wconf 82' lang='lat' dir='ltr'><strong>epi—</strong></span> 
     </span>
    </p>
   </div>
   <div class='ocr_carea' id='block_1_61' title="bbox 407 3075 3698 3175">
    <p class='ocr_par' dir='ltr' id='par_1_61' title="bbox 407 3075 3698 3175">
     <span class='ocr_line' id='line_1_61' title="bbox 407 3075 3698 3175; baseline -0.002 -39"><span class='ocrx_word' id='word_1_446' title='bbox 407 3080 694 3136; x_wconf 76' lang='lat' dir='ltr'><strong>intervailo</strong></span> <span class='ocrx_word' id='word_1_447' title='bbox 728 3079 785 3134; x_wconf 92' lang='grc'><strong>8.</strong></span> <span class='ocrx_word' id='word_1_448' title='bbox 821 3087 1115 3149; x_wconf 61' lang='lat' dir='ltr'><strong>martyrem</strong></span> <span class='ocrx_word' id='word_1_449' title='bbox 1145 3077 1435 3142; x_wconf 72' lang='lat' dir='ltr'><strong>vexabant,</strong></span> <span class='ocrx_word' id='word_1_450' title='bbox 1466 3090 1576 3146; x_wconf 92' lang='lat' dir='ltr'><strong>quo</strong></span> <span class='ocrx_word' id='word_1_451' title='bbox 1603 3075 1862 3147; x_wconf 89' lang='lat' dir='ltr'><strong>majorem</strong></span> <span class='ocrx_word' id='word_1_452' title='bbox 1896 3090 1991 3146; x_wconf 89' lang='lat' dir='ltr'><strong>pe-</strong></span> <span class='ocrx_word' id='word_1_453' title='bbox 2017 3118 2060 3175; x_wconf 66' lang='grc' dir='ltr'>Ο</span> <span class='ocrx_word' id='word_1_454' title='bbox 2103 3079 2257 3134; x_wconf 68' lang='lat' dir='ltr'><strong>stola:</strong></span> <span class='ocrx_word' id='word_1_455' title='bbox 2296 3077 2531 3148; x_wconf 84' lang='lat' dir='ltr'><strong>scriptor</strong></span> <span class='ocrx_word' id='word_1_456' title='bbox 2561 3093 2658 3147; x_wconf 92' lang='lat' dir='ltr'><strong>per</strong></span> <span class='ocrx_word' id='word_1_457' title='bbox 2689 3077 2792 3132; x_wconf 91' lang='lat' dir='ltr'><strong>ista</strong></span> <span class='ocrx_word' id='word_1_458' title='bbox 2845 3078 3012 3133; x_wconf 89' lang='lat' dir='ltr'><strong>verba</strong></span> <span class='ocrx_word' id='word_1_459' title='bbox 3057 3078 3317 3143; x_wconf 90' lang='lat' dir='ltr'><strong>voluerit,</strong></span> <span class='ocrx_word' id='word_1_460' title='bbox 3350 3086 3404 3133; x_wconf 88' lang='lat' dir='ltr'><strong>at</strong></span> <span class='ocrx_word' id='word_1_461' title='bbox 3442 3091 3570 3132; x_wconf 88' lang='lat' dir='ltr'><strong>eum</strong></span> <span class='ocrx_word' id='word_1_462' title='bbox 3605 3076 3698 3131; x_wconf 77' lang='lat' dir='ltr'><strong>illa</strong></span> 
     </span>
    </p>
   </div>
   <div class='ocr_carea' id='block_1_62' title="bbox 406 3167 1990 3240">
    <p class='ocr_par' dir='ltr' id='par_1_62' title="bbox 406 3167 1990 3240">
     <span class='ocr_line' id='line_1_62' title="bbox 406 3167 1990 3240; baseline -0.005 -8"><span class='ocrx_word' id='word_1_463' title='bbox 406 3175 584 3232; x_wconf 73' lang='lat' dir='ltr'><strong>cunize</strong></span> <span class='ocrx_word' id='word_1_464' title='bbox 627 3173 738 3227; x_wconf 86' lang='lat' dir='ltr'><strong>vim</strong></span> <span class='ocrx_word' id='word_1_465' title='bbox 782 3180 1192 3240; x_wconf 84' lang='lat' dir='ltr'><strong>extorquerent,</strong></span> <span class='ocrx_word' id='word_1_466' title='bbox 1230 3178 1285 3224; x_wconf 90' lang='lat' dir='ltr'><strong>et</strong></span> <span class='ocrx_word' id='word_1_467' title='bbox 1321 3167 1670 3226; x_wconf 86' lang='lat' dir='ltr'><strong>Christianos</strong></span> <span class='ocrx_word' id='word_1_468' title='bbox 1713 3169 1990 3239; x_wconf 91' lang='lat' dir='ltr'><strong>copiosius</strong></span> 
     </span>
    </p>
   </div>
   <div class='ocr_carea' id='block_1_63' title="bbox 405 3259 1993 3334">
    <p class='ocr_par' dir='ltr' id='par_1_63' title="bbox 405 3259 1993 3334">
     <span class='ocr_line' id='line_1_63' title="bbox 405 3259 1993 3334; baseline -0.003 -15"><span class='ocrx_word' id='word_1_469' title='bbox 405 3271 780 3334; x_wconf 85' lang='lat' dir='ltr'><strong>emungerent.</strong></span> <span class='ocrx_word' id='word_1_470' title='bbox 818 3259 1001 3328; x_wconf 84' lang='lat' dir='ltr'><strong>Quare</strong></span> <span class='ocrx_word' id='word_1_471' title='bbox 1043 3275 1169 3316; x_wconf 93' lang='lat' dir='ltr'><strong>cum</strong></span> <span class='ocrx_word' id='word_1_472' title='bbox 1208 3260 1368 3315; x_wconf 88' lang='lat' dir='ltr'><strong>toties</strong></span> <span class='ocrx_word' id='word_1_473' title='bbox 1402 3259 1609 3331; x_wconf 86' lang='lat' dir='ltr'><strong>lgnatio</strong></span> <span class='ocrx_word' id='word_1_474' title='bbox 1651 3261 1993 3332; x_wconf 84' lang='lat' dir='ltr'><strong>contingeret</strong></span> 
     </span>
    </p>
   </div>
   <div class='ocr_carea' id='block_1_64' title="bbox 407 3352 1987 3428">
    <p class='ocr_par' dir='ltr' id='par_1_64' title="bbox 407 3352 1987 3428">
     <span class='ocr_line' id='line_1_64' title="bbox 407 3352 1987 3428; baseline -0.003 -17"><span class='ocrx_word' id='word_1_475' title='bbox 407 3354 769 3428; x_wconf 73' lang='lat' dir='ltr'><strong>refrigeratio,</strong></span> <span class='ocrx_word' id='word_1_476' title='bbox 801 3363 858 3410; x_wconf 91' lang='lat' dir='ltr'><strong>et</strong></span> <span class='ocrx_word' id='word_1_477' title='bbox 883 3355 951 3410; x_wconf 92' lang='lat' dir='ltr'><strong>ab</strong></span> <span class='ocrx_word' id='word_1_478' title='bbox 981 3353 1267 3424; x_wconf 87' lang='lat' dir='ltr'><strong>iniquitate</strong></span> <span class='ocrx_word' id='word_1_479' title='bbox 1296 3353 1532 3408; x_wconf 86' lang='lat' dir='ltr'><strong>militum</strong></span> <span class='ocrx_word' id='word_1_480' title='bbox 1566 3352 1886 3422; x_wconf 81' lang='lat' dir='ltr'><strong>redemptio,</strong></span> <span class='ocrx_word' id='word_1_481' title='bbox 1914 3360 1987 3414; x_wconf 91' lang='lat' dir='ltr'><strong>et,</strong></span> 
     </span>
    </p>
   </div>
   <div class='ocr_carea' id='block_1_65' title="bbox 408 3444 1993 3517">
    <p class='ocr_par' dir='ltr' id='par_1_65' title="bbox 408 3444 1993 3517">
     <span class='ocr_line' id='line_1_65' title="bbox 408 3444 1993 3517; baseline -0.004 -15"><span class='ocrx_word' id='word_1_482' title='bbox 408 3457 470 3504; x_wconf 90' lang='lat' dir='ltr'><strong>ut</strong></span> <span class='ocrx_word' id='word_1_483' title='bbox 519 3447 761 3517; x_wconf 88' lang='lat' dir='ltr'><strong>loquitur</strong></span> <span class='ocrx_word' id='word_1_484' title='bbox 808 3444 1199 3512; x_wconf 85' lang='lat' dir='ltr'><strong>Tertullianns,</strong></span> <span class='ocrx_word' id='word_1_485' title='bbox 1239 3464 1257 3496; x_wconf 75' lang='grc' dir='ltr'><strong>ι</strong></span> <span class='ocrx_word' id='word_1_486' title='bbox 1297 3444 1530 3516; x_wconf 85' lang='lat' dir='ltr'><strong>facultas</strong></span> <span class='ocrx_word' id='word_1_487' title='bbox 1577 3444 1758 3498; x_wconf 64' lang='lat' dir='ltr'><strong>liberae</strong></span> <span class='ocrx_word' id='word_1_488' title='bbox 1809 3454 1993 3498; x_wconf 81' lang='lat' dir='ltr'><strong>custo-</strong></span> 
     </span>
    </p>
   </div>
   <div class='ocr_carea' id='block_1_66' title="bbox 407 3535 1992 3606">
    <p class='ocr_par' dir='ltr' id='par_1_66' title="bbox 407 3535 1992 3606">
     <span class='ocr_line' id='line_1_66' title="bbox 407 3535 1992 3606; baseline -0.004 -12"><span class='ocrx_word' id='word_1_489' title='bbox 407 3539 531 3604; x_wconf 69' lang='lat' dir='ltr'><strong>diae,</strong></span> <span class='ocrx_word' id='word_1_490' title='bbox 569 3555 588 3590; x_wconf 73' lang='grc' dir='ltr'><strong>ι</strong></span> <span class='ocrx_word' id='word_1_491' title='bbox 624 3539 783 3593; x_wconf 82' lang='lat' dir='ltr'><strong>facile</strong></span> <span class='ocrx_word' id='word_1_492' title='bbox 838 3537 1015 3606; x_wconf 92' lang='lat' dir='ltr'><strong>potuit</strong></span> <span class='ocrx_word' id='word_1_493' title='bbox 1058 3537 1178 3591; x_wconf 89' lang='lat' dir='ltr'><strong>illas</strong></span> <span class='ocrx_word' id='word_1_494' title='bbox 1225 3551 1366 3606; x_wconf 89' lang='lat' dir='ltr'><strong>quas</strong></span> <span class='ocrx_word' id='word_1_495' title='bbox 1417 3536 1683 3590; x_wconf 89' lang='lat' dir='ltr'><strong>habemus</strong></span> <span class='ocrx_word' id='word_1_496' title='bbox 1731 3535 1992 3604; x_wconf 88' lang='lat' dir='ltr'><strong>epistolas</strong></span> 
     </span>
    </p>
   </div>
   <div class='ocr_carea' id='block_1_67' title="bbox 406 3630 1990 3702">
    <p class='ocr_par' dir='ltr' id='par_1_67' title="bbox 406 3630 1990 3702">
     <span class='ocr_line' id='line_1_67' title="bbox 406 3630 1990 3702; baseline -0.002 -16"><span class='ocrx_word' id='word_1_497' title='bbox 406 3646 655 3696; x_wconf 81' lang='lat' dir='ltr'><strong>exarare,</strong></span> <span class='ocrx_word' id='word_1_498' title='bbox 680 3646 914 3702; x_wconf 88' lang='lat' dir='ltr'><strong>quarum</strong></span> <span class='ocrx_word' id='word_1_499' title='bbox 940 3630 1135 3700; x_wconf 73' lang='lat' dir='ltr'><strong>aliquae</strong></span> <span class='ocrx_word' id='word_1_500' title='bbox 1163 3645 1271 3685; x_wconf 91' lang='lat' dir='ltr'><strong>non</strong></span> <span class='ocrx_word' id='word_1_501' title='bbox 1295 3630 1527 3684; x_wconf 87' lang='lat' dir='ltr'><strong>multum</strong></span> <span class='ocrx_word' id='word_1_502' title='bbox 1559 3630 1804 3701; x_wconf 81' lang='lat' dir='ltr'><strong>longiore</strong></span> <span class='ocrx_word' id='word_1_503' title='bbox 1826 3645 1990 3700; x_wconf 89' lang='lat' dir='ltr'><strong>quam</strong></span> 
     </span>
    </p>
   </div>
   <div class='ocr_carea' id='block_1_68' title="bbox 408 3721 1993 3792">
    <p class='ocr_par' dir='ltr' id='par_1_68' title="bbox 408 3721 1993 3792">
     <span class='ocr_line' id='line_1_68' title="bbox 408 3721 1993 3792; baseline -0.001 -14"><span class='ocrx_word' id='word_1_504' title='bbox 408 3723 575 3778; x_wconf 86' lang='lat' dir='ltr'><strong>unius</strong></span> <span class='ocrx_word' id='word_1_505' title='bbox 620 3723 770 3777; x_wconf 70' lang='lat' dir='ltr'><strong>hora:</strong></span> <span class='ocrx_word' id='word_1_506' title='bbox 808 3723 983 3792; x_wconf 86' lang='lat' dir='ltr'><strong>spatio</strong></span> <span class='ocrx_word' id='word_1_507' title='bbox 1019 3721 1185 3778; x_wconf 84' lang='lat' dir='ltr'><strong>scribi</strong></span> <span class='ocrx_word' id='word_1_508' title='bbox 1231 3730 1555 3791; x_wconf 89' lang='lat' dir='ltr'><strong>potuerunt;</strong></span> <span class='ocrx_word' id='word_1_509' title='bbox 1595 3737 1773 3791; x_wconf 89' lang='lat' dir='ltr'><strong>neque</strong></span> <span class='ocrx_word' id='word_1_510' title='bbox 1814 3737 1881 3776; x_wconf 82' lang='lat' dir='ltr'><strong>ex</strong></span> <span class='ocrx_word' id='word_1_511' title='bbox 1925 3721 1993 3776; x_wconf 89' lang='lat' dir='ltr'><strong>iis</strong></span> 
     </span>
    </p>
   </div>
   <div class='ocr_carea' id='block_1_69' title="bbox 400 3812 1993 3884">
    <p class='ocr_par' dir='ltr' id='par_1_69' title="bbox 400 3812 1993 3884">
     <span class='ocr_line' id='line_1_69' title="bbox 400 3812 1993 3884; baseline -0.001 -14"><span class='ocrx_word' id='word_1_512' title='bbox 400 3812 520 3870; x_wconf 89' lang='lat' dir='ltr'><strong>ulla</strong></span> <span class='ocrx_word' id='word_1_513' title='bbox 553 3826 662 3870; x_wconf 90' lang='lat' dir='ltr'><strong>tam</strong></span> <span class='ocrx_word' id='word_1_514' title='bbox 703 3815 914 3884; x_wconf 83' lang='lat' dir='ltr'><strong>prolixa</strong></span> <span class='ocrx_word' id='word_1_515' title='bbox 963 3823 1066 3882; x_wconf 90' lang='lat' dir='ltr'><strong>est,</strong></span> <span class='ocrx_word' id='word_1_516' title='bbox 1123 3825 1182 3868; x_wconf 90' lang='lat' dir='ltr'><strong>ut</strong></span> <span class='ocrx_word' id='word_1_517' title='bbox 1230 3814 1416 3884; x_wconf 90' lang='lat' dir='ltr'><strong>plures</strong></span> <span class='ocrx_word' id='word_1_518' title='bbox 1459 3829 1624 3884; x_wconf 90' lang='lat' dir='ltr'><strong>quam</strong></span> <span class='ocrx_word' id='word_1_519' title='bbox 1676 3823 1787 3870; x_wconf 91' lang='lat' dir='ltr'><strong>tres</strong></span> <span class='ocrx_word' id='word_1_520' title='bbox 1828 3815 1993 3869; x_wconf 89' lang='lat' dir='ltr'><strong>horas</strong></span> 
     </span>
    </p>
   </div>
   <div class='ocr_carea' id='block_1_70' title="bbox 406 3905 1992 3978">
    <p class='ocr_par' dir='ltr' id='par_1_70' title="bbox 406 3905 1992 3978">
     <span class='ocr_line' id='line_1_70' title="bbox 406 3905 1992 3978; baseline -0.002 -17"><span class='ocrx_word' id='word_1_521' title='bbox 406 3907 668 3978; x_wconf 86' lang='lat' dir='ltr'><strong>postulet.</strong></span> <span class='ocrx_word' id='word_1_522' title='bbox 696 3906 854 3961; x_wconf 88' lang='lat' dir='ltr'><strong>Certe</strong></span> <span class='ocrx_word' id='word_1_523' title='bbox 891 3925 908 3956; x_wconf 74' lang='grc' dir='ltr'><strong>ε</strong></span> <span class='ocrx_word' id='word_1_524' title='bbox 942 3907 1191 3975; x_wconf 87' lang='lat' dir='ltr'><strong>quamvis</strong></span> <span class='ocrx_word' id='word_1_525' title='bbox 1230 3907 1405 3976; x_wconf 64' lang='lat' dir='ltr'><strong>longae</strong></span> <span class='ocrx_word' id='word_1_526' title='bbox 1445 3905 1690 3975; x_wconf 69' lang='lat' dir='ltr'><strong>epistola:</strong></span> <span class='ocrx_word' id='word_1_527' title='bbox 1736 3921 1844 3959; x_wconf 87' lang='lat' dir='ltr'><strong>una</strong></span> <span class='ocrx_word' id='word_1_528' title='bbox 1883 3921 1992 3958; x_wconf 84' lang='lat' dir='ltr'><strong>nox</strong></span> 
     </span>
    </p>
   </div>
   <div class='ocr_carea' id='block_1_71' title="bbox 409 3995 1994 4068">
    <p class='ocr_par' dir='ltr' id='par_1_71' title="bbox 409 3995 1994 4068">
     <span class='ocr_line' id='line_1_71' title="bbox 409 3995 1994 4068; baseline -0.003 -13"><span class='ocrx_word' id='word_1_529' title='bbox 409 3999 628 4066; x_wconf 84' lang='lat' dir='ltr'><strong>suﬁicit,</strong></span> <span class='ocrx_word' id='word_1_530' title='bbox 670 4017 687 4049; x_wconf 72' lang='grc' dir='ltr'><strong>ι</strong></span> <span class='ocrx_word' id='word_1_531' title='bbox 732 3998 909 4068; x_wconf 87' lang='lat' dir='ltr'><strong>inquit</strong></span> <span class='ocrx_word' id='word_1_532' title='bbox 946 3995 1308 4068; x_wconf 83' lang='lat' dir='ltr'><strong>Hieronymus</strong></span> <span class='ocrx_word' id='word_1_533' title='bbox 1344 3997 1410 4052; x_wconf 88' lang='lat' dir='ltr'><strong>ad</strong></span> <span class='ocrx_word' id='word_1_534' title='bbox 1441 3997 1836 4052; x_wconf 86' lang='lat' dir='ltr'><strong>Chromatium.</strong></span> <span class='ocrx_word' id='word_1_535' title='bbox 1880 3997 1994 4052; x_wconf 93' lang='lat' dir='ltr'><strong>Cur</strong></span> 
     </span>
    </p>
   </div>
   <div class='ocr_carea' id='block_1_72' title="bbox 411 4089 1992 4162">
    <p class='ocr_par' dir='ltr' id='par_1_72' title="bbox 411 4089 1992 4162">
     <span class='ocr_line' id='line_1_72' title="bbox 411 4089 1992 4162; baseline -0.001 -16"><span class='ocrx_word' id='word_1_536' title='bbox 411 4094 596 4162; x_wconf 80' lang='lat' dir='ltr'><strong>igitur,</strong></span> <span class='ocrx_word' id='word_1_537' title='bbox 648 4089 738 4161; x_wconf 91' lang='lat' dir='ltr'><strong>qui</strong></span> <span class='ocrx_word' id='word_1_538' title='bbox 793 4089 862 4144; x_wconf 87' lang='lat' dir='ltr'><strong>ad</strong></span> <span class='ocrx_word' id='word_1_539' title='bbox 917 4089 1184 4160; x_wconf 85' lang='lat' dir='ltr'><strong>Ephesios</strong></span> <span class='ocrx_word' id='word_1_540' title='bbox 1235 4091 1377 4146; x_wconf 89' lang='lat' dir='ltr'><strong>hanc</strong></span> <span class='ocrx_word' id='word_1_541' title='bbox 1423 4091 1708 4160; x_wconf 89' lang='lat' dir='ltr'><strong>epistolam</strong></span> <span class='ocrx_word' id='word_1_542' title='bbox 1752 4091 1992 4161; x_wconf 85' lang='lat' dir='ltr'><strong>scripsit,</strong></span> 
     </span>
    </p>
   </div>
   <div class='ocr_carea' id='block_1_73' title="bbox 408 4181 1995 4253">
    <p class='ocr_par' dir='ltr' id='par_1_73' title="bbox 408 4181 1995 4253">
     <span class='ocr_line' id='line_1_73' title="bbox 408 4181 1995 4253; baseline -0.002 -14"><span class='ocrx_word' id='word_1_543' title='bbox 408 4200 522 4240; x_wconf 89' lang='lat' dir='ltr'><strong>non</strong></span> <span class='ocrx_word' id='word_1_544' title='bbox 551 4191 605 4236; x_wconf 91' lang='lat' dir='ltr'><strong>et</strong></span> <span class='ocrx_word' id='word_1_545' title='bbox 627 4181 810 4247; x_wconf 85' lang='lat' dir='ltr'><strong>aliam,</strong></span> <span class='ocrx_word' id='word_1_546' title='bbox 831 4181 876 4235; x_wconf 91' lang='lat' dir='ltr'><strong>si</strong></span> <span class='ocrx_word' id='word_1_547' title='bbox 906 4195 1046 4252; x_wconf 89' lang='lat' dir='ltr'><strong>opus</strong></span> <span class='ocrx_word' id='word_1_548' title='bbox 1062 4191 1226 4247; x_wconf 86' lang='lat' dir='ltr'><strong>esset,</strong></span> <span class='ocrx_word' id='word_1_549' title='bbox 1241 4181 1512 4237; x_wconf 88' lang='lat' dir='ltr'><strong>scribendi</strong></span> <span class='ocrx_word' id='word_1_550' title='bbox 1531 4181 1876 4237; x_wconf 90' lang='lat' dir='ltr'><strong>occasionem</strong></span> <span class='ocrx_word' id='word_1_551' title='bbox 1897 4197 1995 4253; x_wconf 82' lang='lat' dir='ltr'><strong>op-</strong></span> 
     </span>
    </p>
   </div>
   <div class='ocr_carea' id='block_1_74' title="bbox 407 4273 1995 4347">
    <p class='ocr_par' dir='ltr' id='par_1_74' title="bbox 407 4273 1995 4347">
     <span class='ocr_line' id='line_1_74' title="bbox 407 4273 1995 4347; baseline -0.002 -16"><span class='ocrx_word' id='word_1_552' title='bbox 407 4275 907 4347; x_wconf 89' lang='lat' dir='ltr'><strong>portunitatcmque</strong></span> <span class='ocrx_word' id='word_1_553' title='bbox 932 4273 1177 4343; x_wconf 88' lang='lat' dir='ltr'><strong>polliceri</strong></span> <span class='ocrx_word' id='word_1_554' title='bbox 1214 4274 1318 4328; x_wconf 92' lang='lat' dir='ltr'><strong>sibi</strong></span> <span class='ocrx_word' id='word_1_555' title='bbox 1362 4285 1567 4344; x_wconf 91' lang='lat' dir='ltr'><strong>posset,</strong></span> <span class='ocrx_word' id='word_1_556' title='bbox 1614 4289 1836 4329; x_wconf 85' lang='lat' dir='ltr'><strong>causam</strong></span> <span class='ocrx_word' id='word_1_557' title='bbox 1875 4273 1995 4328; x_wconf 79' lang='lat' dir='ltr'><strong>nul-</strong></span> 
     </span>
    </p>
   </div>
   <div class='ocr_carea' id='block_1_75' title="bbox 406 4364 1992 4437">
    <p class='ocr_par' dir='ltr' id='par_1_75' title="bbox 406 4364 1992 4437">
     <span class='ocr_line' id='line_1_75' title="bbox 406 4364 1992 4437; baseline -0.003 -13"><span class='ocrx_word' id='word_1_558' title='bbox 406 4371 516 4424; x_wconf 89' lang='lat' dir='ltr'><strong>lam</strong></span> <span class='ocrx_word' id='word_1_559' title='bbox 546 4364 916 4422; x_wconf 79' lang='lat' dir='ltr'><strong>video.&#39;Unde</strong></span> <span class='ocrx_word' id='word_1_560' title='bbox 948 4374 1058 4421; x_wconf 90' lang='lat' dir='ltr'><strong>tota</strong></span> <span class='ocrx_word' id='word_1_561' title='bbox 1092 4365 1181 4420; x_wconf 92' lang='lat' dir='ltr'><strong>illa</strong></span> <span class='ocrx_word' id='word_1_562' title='bbox 1215 4366 1580 4437; x_wconf 90' lang='lat' dir='ltr'><strong>imprudentia</strong></span> <span class='ocrx_word' id='word_1_563' title='bbox 1607 4376 1660 4421; x_wconf 88' lang='lat' dir='ltr'><strong>et</strong></span> <span class='ocrx_word' id='word_1_564' title='bbox 1682 4367 1992 4436; x_wconf 87' lang='lat' dir='ltr'><strong>insipientia</strong></span> 
     </span>
    </p>
   </div>
   <div class='ocr_carea' id='block_1_76' title="bbox 2093 3168 3693 3241">
    <p class='ocr_par' dir='ltr' id='par_1_76' title="bbox 2093 3168 3693 3241">
     <span class='ocr_line' id='line_1_76' title="bbox 2093 3168 3693 3241; baseline -0.002 -16"><span class='ocrx_word' id='word_1_565' title='bbox 2093 3186 2203 3226; x_wconf 93' lang='lat' dir='ltr'><strong>non</strong></span> <span class='ocrx_word' id='word_1_566' title='bbox 2236 3170 2570 3226; x_wconf 79' lang='lat' dir='ltr'><strong>intellexisse</strong></span> <span class='ocrx_word' id='word_1_567' title='bbox 2616 3185 2739 3241; x_wconf 70' lang='lat' dir='ltr'><strong>quae</strong></span> <span class='ocrx_word' id='word_1_568' title='bbox 2781 3168 2867 3224; x_wconf 91' lang='lat' dir='ltr'><strong>his</strong></span> <span class='ocrx_word' id='word_1_569' title='bbox 2915 3168 3099 3224; x_wconf 91' lang='lat' dir='ltr'><strong>verbis</strong></span> <span class='ocrx_word' id='word_1_570' title='bbox 3151 3168 3464 3240; x_wconf 86' lang='lat' dir='ltr'><strong>signiﬁcare</strong></span> <span class='ocrx_word' id='word_1_571' title='bbox 3492 3169 3693 3230; x_wconf 80' lang='lat' dir='ltr'><strong>voluit,</strong></span> 
     </span>
    </p>
   </div>
   <div class='ocr_carea' id='block_1_77' title="bbox 2093 3258 3692 3324">
    <p class='ocr_par' dir='ltr' id='par_1_77' title="bbox 2093 3258 3692 3324">
     <span class='ocr_line' id='line_1_77' title="bbox 2093 3258 3692 3324; baseline -0.001 -10"><span class='ocrx_word' id='word_1_572' title='bbox 2093 3276 2258 3316; x_wconf 90' lang='lat' dir='ltr'><strong>nemo</strong></span> <span class='ocrx_word' id='word_1_573' title='bbox 2300 3271 2448 3317; x_wconf 89' lang='lat' dir='ltr'><strong>certe</strong></span> <span class='ocrx_word' id='word_1_574' title='bbox 2488 3261 2803 3317; x_wconf 91' lang='lat' dir='ltr'><strong>mortalium</strong></span> <span class='ocrx_word' id='word_1_575' title='bbox 2842 3261 3015 3315; x_wconf 87' lang='lat' dir='ltr'><strong>novit.</strong></span> <span class='ocrx_word' id='word_1_576' title='bbox 3061 3259 3165 3316; x_wconf 91' lang='lat' dir='ltr'><strong>Per</strong></span> <span class='ocrx_word' id='word_1_577' title='bbox 3200 3259 3523 3324; x_wconf 82' lang='grc' dir='ltr'>τοποθεσίας</span> <span class='ocrx_word' id='word_1_578' title='bbox 3563 3258 3692 3313; x_wconf 82' lang='lat' dir='ltr'><strong>Dal-</strong></span> 
     </span>
    </p>
   </div>
   <div class='ocr_carea' id='block_1_78' title="bbox 2094 3351 3693 3425">
    <p class='ocr_par' dir='ltr' id='par_1_78' title="bbox 2094 3351 3693 3425">
     <span class='ocr_line' id='line_1_78' title="bbox 2094 3351 3693 3425; baseline -0.003 -16"><span class='ocrx_word' id='word_1_579' title='bbox 2094 3356 2226 3409; x_wconf 69' lang='lat' dir='ltr'><strong>lmus</strong></span> <span class='ocrx_word' id='word_1_580' title='bbox 2257 3352 2551 3425; x_wconf 77' lang='lat' dir='ltr'><strong>signiﬁcari</strong></span> <span class='ocrx_word' id='word_1_581' title='bbox 2588 3360 2762 3422; x_wconf 89' lang='lat' dir='ltr'><strong>putat,</strong></span> <span class='ocrx_word' id='word_1_582' title='bbox 2803 3370 2821 3402; x_wconf 70' lang='grc' dir='ltr'><strong>ε</strong></span> <span class='ocrx_word' id='word_1_583' title='bbox 2866 3351 2982 3406; x_wconf 90' lang='lat' dir='ltr'><strong>loca</strong></span> <span class='ocrx_word' id='word_1_584' title='bbox 3036 3351 3090 3406; x_wconf 93' lang='lat' dir='ltr'><strong>in</strong></span> <span class='ocrx_word' id='word_1_585' title='bbox 3125 3352 3328 3422; x_wconf 89' lang='lat' dir='ltr'><strong>quibus</strong></span> <span class='ocrx_word' id='word_1_586' title='bbox 3360 3352 3445 3406; x_wconf 87' lang='lat' dir='ltr'><strong>vel</strong></span> <span class='ocrx_word' id='word_1_587' title='bbox 3489 3351 3693 3422; x_wconf 82' lang='lat' dir='ltr'><strong>singuli</strong></span> 
     </span>
    </p>
   </div>
   <div class='ocr_carea' id='block_1_79' title="bbox 2094 3443 3692 3517">
    <p class='ocr_par' dir='ltr' id='par_1_79' title="bbox 2094 3443 3692 3517">
     <span class='ocr_line' id='line_1_79' title="bbox 2094 3443 3692 3517; baseline 0 -19"><span class='ocrx_word' id='word_1_588' title='bbox 2094 3446 2293 3515; x_wconf 82' lang='lat' dir='ltr'><strong>angeli,</strong></span> <span class='ocrx_word' id='word_1_589' title='bbox 2318 3446 2400 3500; x_wconf 87' lang='lat' dir='ltr'><strong>vel</strong></span> <span class='ocrx_word' id='word_1_590' title='bbox 2423 3445 2741 3517; x_wconf 78' lang='lat' dir='ltr'><strong>angelorum</strong></span> <span class='ocrx_word' id='word_1_591' title='bbox 2767 3444 2987 3500; x_wconf 89' lang='lat' dir='ltr'><strong>ordines</strong></span> <span class='ocrx_word' id='word_1_592' title='bbox 3017 3459 3045 3498; x_wconf 92' lang='lat' dir='ltr'><strong>a</strong></span> <span class='ocrx_word' id='word_1_593' title='bbox 3070 3443 3178 3500; x_wconf 87' lang='lat' dir='ltr'><strong>Deo</strong></span> <span class='ocrx_word' id='word_1_594' title='bbox 3208 3445 3263 3498; x_wconf 92' lang='lat' dir='ltr'><strong>in</strong></span> <span class='ocrx_word' id='word_1_595' title='bbox 3296 3446 3398 3499; x_wconf 89' lang='lat' dir='ltr'><strong>hoc</strong></span> <span class='ocrx_word' id='word_1_596' title='bbox 3429 3445 3692 3500; x_wconf 83' lang='lat' dir='ltr'><strong>universo</strong></span> 
     </span>
    </p>
   </div>
   <div class='ocr_carea' id='block_1_80' title="bbox 2095 3535 3694 3607">
    <p class='ocr_par' dir='ltr' id='par_1_80' title="bbox 2095 3535 3694 3607">
     <span class='ocr_line' id='line_1_80' title="bbox 2095 3535 3694 3607; baseline -0.003 -15"><span class='ocrx_word' id='word_1_597' title='bbox 2095 3537 2260 3607; x_wconf 91' lang='lat' dir='ltr'><strong>positi</strong></span> <span class='ocrx_word' id='word_1_598' title='bbox 2302 3547 2449 3593; x_wconf 90' lang='lat' dir='ltr'><strong>sunt.</strong></span> <span class='ocrx_word' id='word_1_599' title='bbox 2499 3555 2517 3588; x_wconf 78' lang='grc' dir='ltr'><strong>ι</strong></span> <span class='ocrx_word' id='word_1_600' title='bbox 2549 3536 2656 3592; x_wconf 91' lang='lat' dir='ltr'><strong>Sed</strong></span> <span class='ocrx_word' id='word_1_601' title='bbox 2704 3537 2770 3590; x_wconf 93' lang='lat' dir='ltr'><strong>de</strong></span> <span class='ocrx_word' id='word_1_602' title='bbox 2814 3536 2916 3589; x_wconf 85' lang='lat' dir='ltr'><strong>hac</strong></span> <span class='ocrx_word' id='word_1_603' title='bbox 2963 3535 3409 3606; x_wconf 89' lang='lat' dir='ltr'><strong>interpretatione</strong></span> <span class='ocrx_word' id='word_1_604' title='bbox 3451 3535 3694 3590; x_wconf 88' lang='lat' dir='ltr'><strong>dubitari</strong></span> 
     </span>
    </p>
   </div>
   <div class='ocr_carea' id='block_1_81' title="bbox 2093 3625 3691 3698">
    <p class='ocr_par' dir='ltr' id='par_1_81' title="bbox 2093 3625 3691 3698">
     <span class='ocr_line' id='line_1_81' title="bbox 2093 3625 3691 3698; baseline -0.003 -14"><span class='ocrx_word' id='word_1_605' title='bbox 2093 3646 2204 3684; x_wconf 83' lang='lat' dir='ltr'><strong>non</strong></span> <span class='ocrx_word' id='word_1_606' title='bbox 2249 3629 2526 3684; x_wconf 87' lang='lat' dir='ltr'><strong>immerito</strong></span> <span class='ocrx_word' id='word_1_607' title='bbox 2573 3637 2772 3698; x_wconf 83' lang='lat' dir='ltr'><strong>potest.</strong></span> <span class='ocrx_word' id='word_1_608' title='bbox 2828 3625 3092 3692; x_wconf 85' lang='lat' dir='ltr'><strong>Quamvis</strong></span> <span class='ocrx_word' id='word_1_609' title='bbox 3130 3626 3277 3681; x_wconf 91' lang='lat' dir='ltr'><strong>enim</strong></span> <span class='ocrx_word' id='word_1_610' title='bbox 3329 3642 3448 3682; x_wconf 90' lang='lat' dir='ltr'><strong>eam</strong></span> <span class='ocrx_word' id='word_1_611' title='bbox 3497 3642 3691 3682; x_wconf 86' lang='lat' dir='ltr'><strong>vocem</strong></span> 
     </span>
    </p>
   </div>
   <div class='ocr_carea' id='block_1_82' title="bbox 2093 3717 3694 3791">
    <p class='ocr_par' dir='ltr' id='par_1_82' title="bbox 2093 3717 3694 3791">
     <span class='ocr_line' id='line_1_82' title="bbox 2093 3717 3694 3791; baseline -0.001 -15"><span class='ocrx_word' id='word_1_612' title='bbox 2093 3722 2241 3777; x_wconf 88' lang='lat' dir='ltr'><strong>velut</strong></span> <span class='ocrx_word' id='word_1_613' title='bbox 2265 3722 2567 3791; x_wconf 89' lang='lat' dir='ltr'><strong>elegantem</strong></span> <span class='ocrx_word' id='word_1_614' title='bbox 2604 3719 2802 3775; x_wconf 90' lang='lat' dir='ltr'><strong>Cicero</strong></span> <span class='ocrx_word' id='word_1_615' title='bbox 2849 3719 3236 3788; x_wconf 85' lang='lat' dir='ltr'><strong>usurpaverit;</strong></span> <span class='ocrx_word' id='word_1_616' title='bbox 3285 3718 3427 3788; x_wconf 90' lang='lat' dir='ltr'><strong>apud</strong></span> <span class='ocrx_word' id='word_1_617' title='bbox 3467 3717 3694 3774; x_wconf 62' lang='lat' dir='ltr'><strong>Graecos</strong></span> 
     </span>
    </p>
   </div>
   <div class='ocr_carea' id='block_1_83' title="bbox 2095 3809 3690 3884">
    <p class='ocr_par' dir='ltr' id='par_1_83' title="bbox 2095 3809 3690 3884">
     <span class='ocr_line' id='line_1_83' title="bbox 2095 3809 3690 3884; baseline -0.004 -12"><span class='ocrx_word' id='word_1_618' title='bbox 2095 3826 2302 3880; x_wconf 88' lang='lat' dir='ltr'><strong>tamen,</strong></span> <span class='ocrx_word' id='word_1_619' title='bbox 2333 3822 2393 3868; x_wconf 90' lang='lat' dir='ltr'><strong>ut</strong></span> <span class='ocrx_word' id='word_1_620' title='bbox 2429 3813 2642 3884; x_wconf 88' lang='lat' dir='ltr'><strong>opinor,</strong></span> <span class='ocrx_word' id='word_1_621' title='bbox 2675 3826 2802 3866; x_wconf 91' lang='lat' dir='ltr'><strong>raro</strong></span> <span class='ocrx_word' id='word_1_622' title='bbox 2840 3820 3048 3874; x_wconf 81' lang='lat' dir='ltr'><strong>exstat;</strong></span> <span class='ocrx_word' id='word_1_623' title='bbox 3095 3819 3149 3866; x_wconf 91' lang='lat' dir='ltr'><strong>et</strong></span> <span class='ocrx_word' id='word_1_624' title='bbox 3192 3812 3336 3882; x_wconf 91' lang='lat' dir='ltr'><strong>apud</strong></span> <span class='ocrx_word' id='word_1_625' title='bbox 3363 3809 3690 3866; x_wconf 88' lang='lat' dir='ltr'><strong>Ciceronem</strong></span> 
     </span>
    </p>
   </div>
   <div class='ocr_carea' id='block_1_84' title="bbox 2095 3905 3693 3978">
    <p class='ocr_par' dir='ltr' id='par_1_84' title="bbox 2095 3905 3693 3978">
     <span class='ocr_line' id='line_1_84' title="bbox 2095 3905 3693 3978; baseline -0.004 -14"><span class='ocrx_word' id='word_1_626' title='bbox 2095 3925 2158 3964; x_wconf 90' lang='lat' dir='ltr'><strong>ea</strong></span> <span class='ocrx_word' id='word_1_627' title='bbox 2187 3907 2584 3978; x_wconf 86' lang='lat' dir='ltr'><strong>signiﬁcatione</strong></span> <span class='ocrx_word' id='word_1_628' title='bbox 2613 3905 2870 3972; x_wconf 89' lang='lat' dir='ltr'><strong>sumitur,</strong></span> <span class='ocrx_word' id='word_1_629' title='bbox 2902 3919 3024 3974; x_wconf 79' lang='lat' dir='ltr'><strong>quae</strong></span> <span class='ocrx_word' id='word_1_630' title='bbox 3065 3905 3275 3976; x_wconf 83' lang='lat' dir='ltr'><strong>angelis</strong></span> <span class='ocrx_word' id='word_1_631' title='bbox 3321 3919 3431 3958; x_wconf 88' lang='lat' dir='ltr'><strong>non</strong></span> <span class='ocrx_word' id='word_1_632' title='bbox 3462 3919 3693 3974; x_wconf 86' lang='lat' dir='ltr'><strong>compe-</strong></span> 
     </span>
    </p>
   </div>
   <div class='ocr_carea' id='block_1_85' title="bbox 2094 3995 3691 4069">
    <p class='ocr_par' dir='ltr' id='par_1_85' title="bbox 2094 3995 3691 4069">
     <span class='ocr_line' id='line_1_85' title="bbox 2094 3995 3691 4069; baseline 0 -17"><span class='ocrx_word' id='word_1_633' title='bbox 2094 4003 2181 4058; x_wconf 85' lang='lat' dir='ltr'><strong>tit.</strong></span> <span class='ocrx_word' id='word_1_634' title='bbox 2213 3997 2389 4064; x_wconf 82' lang='grc' dir='ltr'>Τόπος</span> <span class='ocrx_word' id='word_1_635' title='bbox 2423 4000 2476 4053; x_wconf 91' lang='lat' dir='ltr'><strong>in</strong></span> <span class='ocrx_word' id='word_1_636' title='bbox 2521 4000 2628 4054; x_wconf 92' lang='lat' dir='ltr'><strong>hoc</strong></span> <span class='ocrx_word' id='word_1_637' title='bbox 2661 3998 2782 4069; x_wconf 88' lang='lat' dir='ltr'><strong>ipso</strong></span> <span class='ocrx_word' id='word_1_638' title='bbox 2809 3997 3074 4068; x_wconf 87' lang='lat' dir='ltr'><strong>scriptore</strong></span> <span class='ocrx_word' id='word_1_639' title='bbox 3095 4013 3195 4067; x_wconf 90' lang='lat' dir='ltr'><strong>pro</strong></span> <span class='ocrx_word' id='word_1_640' title='bbox 3217 3995 3396 4052; x_wconf 78' lang='lat' dir='ltr'><strong>ofﬁcio</strong></span> <span class='ocrx_word' id='word_1_641' title='bbox 3419 4006 3475 4051; x_wconf 82' lang='lat' dir='ltr'><strong>et</strong></span> <span class='ocrx_word' id='word_1_642' title='bbox 3503 3997 3691 4068; x_wconf 88' lang='lat' dir='ltr'><strong>digni-</strong></span> 
     </span>
    </p>
   </div>
   <div class='ocr_carea' id='block_1_86' title="bbox 2097 4087 3695 4161">
    <p class='ocr_par' dir='ltr' id='par_1_86' title="bbox 2097 4087 3695 4161">
     <span class='ocr_line' id='line_1_86' title="bbox 2097 4087 3695 4161; baseline -0.004 -13"><span class='ocrx_word' id='word_1_643' title='bbox 2097 4102 2205 4148; x_wconf 91' lang='lat' dir='ltr'><strong>tate</strong></span> <span class='ocrx_word' id='word_1_644' title='bbox 2242 4092 2498 4154; x_wconf 89' lang='lat' dir='ltr'><strong>sumitur,</strong></span> <span class='ocrx_word' id='word_1_645' title='bbox 2545 4099 2604 4145; x_wconf 92' lang='lat' dir='ltr'><strong>ut</strong></span> <span class='ocrx_word' id='word_1_646' title='bbox 2641 4089 2710 4144; x_wconf 86' lang='lat' dir='ltr'><strong>ad</strong></span> <span class='ocrx_word' id='word_1_647' title='bbox 2741 4087 3089 4160; x_wconf 66' lang='lat' dir='ltr'><strong>&#39;Smyrnmos,</strong></span> <span class='ocrx_word' id='word_1_648' title='bbox 3120 4089 3283 4152; x_wconf 86' lang='grc' dir='ltr'>τόπος</span> <span class='ocrx_word' id='word_1_649' title='bbox 3333 4089 3539 4159; x_wconf 78' lang='grc' dir='ltr'>μηδένα</span> <span class='ocrx_word' id='word_1_650' title='bbox 3588 4108 3695 4161; x_wconf 77' lang='grc' dir='ltr'><strong>φυ-</strong></span> 
     </span>
    </p>
   </div>
   <div class='ocr_carea' id='block_1_87' title="bbox 2095 4180 3694 4251">
    <p class='ocr_par' dir='ltr' id='par_1_87' title="bbox 2095 4180 3694 4251">
     <span class='ocr_line' id='line_1_87' title="bbox 2095 4180 3694 4251; baseline -0.001 -12"><span class='ocrx_word' id='word_1_651' title='bbox 2095 4185 2313 4240; x_wconf 84' lang='grc' dir='ltr'>σιούτω.</span> <span class='ocrx_word' id='word_1_652' title='bbox 2342 4181 2510 4237; x_wconf 84' lang='lat' dir='ltr'><strong>Vetus</strong></span> <span class='ocrx_word' id='word_1_653' title='bbox 2553 4182 2823 4251; x_wconf 89' lang='lat' dir='ltr'><strong>interpres</strong></span> <span class='ocrx_word' id='word_1_654' title='bbox 2861 4200 2876 4235; x_wconf 89' lang='lat'><strong>:</strong></span> <span class='ocrx_word' id='word_1_655' title='bbox 2920 4199 2939 4232; x_wconf 70' lang='grc' dir='ltr'><strong>ι</strong></span> <span class='ocrx_word' id='word_1_656' title='bbox 2977 4180 3249 4246; x_wconf 90' lang='lat' dir='ltr'><strong>Qualitate</strong></span> <span class='ocrx_word' id='word_1_657' title='bbox 3296 4182 3481 4236; x_wconf 88' lang='lat' dir='ltr'><strong>nullus</strong></span> <span class='ocrx_word' id='word_1_658' title='bbox 3531 4181 3694 4238; x_wconf 79' lang='lat' dir='ltr'><strong>inﬁc-</strong></span> 
     </span>
    </p>
   </div>
   <div class='ocr_carea' id='block_1_88' title="bbox 2097 4271 3692 4344">
    <p class='ocr_par' dir='ltr' id='par_1_88' title="bbox 2097 4271 3692 4344">
     <span class='ocr_line' id='line_1_88' title="bbox 2097 4271 3692 4344; baseline -0.003 -10"><span class='ocrx_word' id='word_1_659' title='bbox 2097 4286 2218 4344; x_wconf 90' lang='lat' dir='ltr'><strong>tur,</strong></span> <span class='ocrx_word' id='word_1_660' title='bbox 2255 4296 2272 4328; x_wconf 76' lang='grc' dir='ltr'><strong>ι</strong></span> <span class='ocrx_word' id='word_1_661' title='bbox 2305 4283 2367 4331; x_wconf 92' lang='lat' dir='ltr'><strong>ut</strong></span> <span class='ocrx_word' id='word_1_662' title='bbox 2399 4283 2543 4329; x_wconf 89' lang='lat' dir='ltr'><strong>recte</strong></span> <span class='ocrx_word' id='word_1_663' title='bbox 2592 4272 2883 4344; x_wconf 77' lang='lat' dir='ltr'><strong>legendum</strong></span> <span class='ocrx_word' id='word_1_664' title='bbox 2915 4273 3128 4328; x_wconf 84' lang='lat' dir='ltr'><strong>monuit</strong></span> <span class='ocrx_word' id='word_1_665' title='bbox 3179 4271 3396 4329; x_wconf 83' lang='lat' dir='ltr'><strong>lsaacus</strong></span> <span class='ocrx_word' id='word_1_666' title='bbox 3424 4273 3692 4342; x_wconf 82' lang='lat' dir='ltr'><strong>Vossius;</strong></span> 
     </span>
    </p>
   </div>
   <div class='ocr_carea' id='block_1_89' title="bbox 2096 4367 3690 4436">
    <p class='ocr_par' dir='ltr' id='par_1_89' title="bbox 2096 4367 3690 4436">
     <span class='ocr_line' id='line_1_89' title="bbox 2096 4367 3690 4436; baseline -0.002 -11"><span class='ocrx_word' id='word_1_667' title='bbox 2096 4386 2222 4424; x_wconf 93' lang='lat' dir='ltr'><strong>nam</strong></span> <span class='ocrx_word' id='word_1_668' title='bbox 2255 4368 2511 4425; x_wconf 86' lang='lat' dir='ltr'><strong>Usserius</strong></span> <span class='ocrx_word' id='word_1_669' title='bbox 2547 4382 2658 4421; x_wconf 92' lang='lat' dir='ltr'><strong>non</strong></span> <span class='ocrx_word' id='word_1_670' title='bbox 2697 4374 2844 4422; x_wconf 86' lang='lat' dir='ltr'><strong>recte</strong></span> <span class='ocrx_word' id='word_1_671' title='bbox 2875 4384 2896 4418; x_wconf 73' lang='grc' dir='ltr'><strong>ι</strong></span> <span class='ocrx_word' id='word_1_672' title='bbox 2934 4367 3169 4436; x_wconf 89' lang='lat' dir='ltr'><strong>qualiter</strong></span> <span class='ocrx_word' id='word_1_673' title='bbox 3205 4383 3222 4417; x_wconf 73' lang='grc' dir='ltr'><strong>ι</strong></span> <span class='ocrx_word' id='word_1_674' title='bbox 3257 4381 3322 4422; x_wconf 80' lang='lat' dir='ltr'><strong>ex</strong></span> <span class='ocrx_word' id='word_1_675' title='bbox 3371 4383 3480 4422; x_wconf 88' lang='lat' dir='ltr'><strong>ms.</strong></span> <span class='ocrx_word' id='word_1_676' title='bbox 3525 4377 3690 4422; x_wconf 87' lang='lat' dir='ltr'><strong>tran-</strong></span> 
     </span>
    </p>
   </div>
   <div class='ocr_carea' id='block_1_90' title="bbox 400 4456 1990 4530">
    <p class='ocr_par' dir='ltr' id='par_1_90' title="bbox 400 4456 1990 4529">
     <span class='ocr_line' id='line_1_90' title="bbox 400 4456 1990 4529; baseline -0.001 -14"><span class='ocrx_word' id='word_1_677' title='bbox 400 4456 466 4515; x_wconf 76' lang='grc' dir='ltr'>’ἱιι</span> <span class='ocrx_word' id='word_1_678' title='bbox 496 4459 602 4515; x_wconf 93' lang='lat' dir='ltr'><strong>alio</strong></span> <span class='ocrx_word' id='word_1_679' title='bbox 628 4459 812 4514; x_wconf 88' lang='lat' dir='ltr'><strong>libello</strong></span> <span class='ocrx_word' id='word_1_680' title='bbox 845 4459 1211 4528; x_wconf 90' lang='lat' dir='ltr'><strong>promittendo</strong></span> <span class='ocrx_word' id='word_1_681' title='bbox 1260 4475 1486 4529; x_wconf 89' lang='lat' dir='ltr'><strong>prorsus</strong></span> <span class='ocrx_word' id='word_1_682' title='bbox 1536 4460 1832 4514; x_wconf 83' lang='lat' dir='ltr'><strong>evanescit.</strong></span> <span class='ocrx_word' id='word_1_683' title='bbox 1865 4457 1990 4514; x_wconf 63' lang='lat' dir='ltr'><strong>Haec</strong></span> 
     </span>
    </p>
   </div>
   <div class='ocr_carea' id='block_1_91' title="bbox 2081 4456 3690 4530">
    <p class='ocr_par' dir='ltr' id='par_1_91' title="bbox 2097 4458 3690 4530">
     <span class='ocr_line' id='line_1_91' title="bbox 2097 4458 3690 4530; baseline -0.001 -15"><span class='ocrx_word' id='word_1_684' title='bbox 2097 4461 2336 4530; x_wconf 91' lang='lat' dir='ltr'><strong>scripsit.</strong></span> <span class='ocrx_word' id='word_1_685' title='bbox 2370 4459 2727 4529; x_wconf 90' lang='lat' dir='ltr'><strong>lnterpolator</strong></span> <span class='ocrx_word' id='word_1_686' title='bbox 2759 4474 2774 4512; x_wconf 88' lang='lat'><strong>:</strong></span> <span class='ocrx_word' id='word_1_687' title='bbox 2806 4458 2981 4522; x_wconf 85' lang='grc' dir='ltr'>Τόπος</span> <span class='ocrx_word' id='word_1_688' title='bbox 3017 4459 3110 4512; x_wconf 78' lang='grc' dir='ltr'>καὶ</span> <span class='ocrx_word' id='word_1_689' title='bbox 3144 4459 3360 4530; x_wconf 85' lang='grc' dir='ltr'>ἀξίωμα</span> <span class='ocrx_word' id='word_1_690' title='bbox 3387 4459 3483 4512; x_wconf 74' lang='grc' dir='ltr'><strong>καὶ</strong></span> <span class='ocrx_word' id='word_1_691' title='bbox 3514 4460 3690 4513; x_wconf 80' lang='grc' dir='ltr'>πλοῦ-</span> 
     </span>
    </p>
   </div>
   <div class='ocr_carea' id='block_1_92' title="bbox 408 4550 1988 4624">
    <p class='ocr_par' dir='ltr' id='par_1_92' title="bbox 408 4550 1988 4624">
     <span class='ocr_line' id='line_1_92' title="bbox 408 4550 1988 4624; baseline -0.002 -13"><span class='ocrx_word' id='word_1_692' title='bbox 408 4571 475 4611; x_wconf 90' lang='lat' dir='ltr'><strong>eo</strong></span> <span class='ocrx_word' id='word_1_693' title='bbox 510 4553 786 4608; x_wconf 87' lang='lat' dir='ltr'><strong>lubentius</strong></span> <span class='ocrx_word' id='word_1_694' title='bbox 816 4552 921 4607; x_wconf 92' lang='lat' dir='ltr'><strong>hoc</strong></span> <span class='ocrx_word' id='word_1_695' title='bbox 947 4550 1068 4608; x_wconf 93' lang='lat' dir='ltr'><strong>loco</strong></span> <span class='ocrx_word' id='word_1_696' title='bbox 1097 4555 1544 4618; x_wconf 86' lang='lat' dir='ltr'><strong>commemoravi,</strong></span> <span class='ocrx_word' id='word_1_697' title='bbox 1575 4563 1629 4609; x_wconf 91' lang='lat' dir='ltr'><strong>et</strong></span> <span class='ocrx_word' id='word_1_698' title='bbox 1655 4554 1988 4624; x_wconf 67' lang='lat' dir='ltr'><strong>fusius-pro-</strong></span> 
     </span>
    </p>
   </div>
   <div class='ocr_carea' id='block_1_93' title="bbox 408 4643 1988 4713">
    <p class='ocr_par' dir='ltr' id='par_1_93' title="bbox 408 4643 1988 4713">
     <span class='ocr_line' id='line_1_93' title="bbox 408 4643 1988 4713; baseline -0.003 -10"><span class='ocrx_word' id='word_1_699' title='bbox 408 4658 629 4703; x_wconf 88' lang='lat' dir='ltr'><strong>secutus</strong></span> <span class='ocrx_word' id='word_1_700' title='bbox 657 4661 800 4710; x_wconf 88' lang='lat' dir='ltr'><strong>sum,</strong></span> <span class='ocrx_word' id='word_1_701' title='bbox 833 4644 1074 4699; x_wconf 89' lang='lat' dir='ltr'><strong>utsimnl</strong></span> <span class='ocrx_word' id='word_1_702' title='bbox 1096 4643 1359 4699; x_wconf 46' lang='lat' dir='ltr'><strong>Blondc‘lli</strong></span> <span class='ocrx_word' id='word_1_703' title='bbox 1400 4645 1688 4713; x_wconf 78' lang='lat' dir='ltr'><strong>quaestioni</strong></span> <span class='ocrx_word' id='word_1_704' title='bbox 1759 4659 1988 4713; x_wconf 90' lang='lat' dir='ltr'><strong>respon-</strong></span> 
     </span>
    </p>
   </div>
   <div class='ocr_carea' id='block_1_94' title="bbox 403 4737 1982 4808">
    <p class='ocr_par' dir='ltr' id='par_1_94' title="bbox 403 4737 1982 4808">
     <span class='ocr_line' id='line_1_94' title="bbox 403 4737 1982 4808; baseline -0.004 -12"><span class='ocrx_word' id='word_1_705' title='bbox 403 4743 617 4796; x_wconf 90' lang='lat' dir='ltr'><strong>derem.</strong></span> <span class='ocrx_word' id='word_1_706' title='bbox 647 4758 668 4790; x_wconf 75' lang='grc' dir='ltr'><strong>ι</strong></span> <span class='ocrx_word' id='word_1_707' title='bbox 704 4737 825 4805; x_wconf 93' lang='lat' dir='ltr'><strong>Quo</strong></span> <span class='ocrx_word' id='word_1_708' title='bbox 857 4737 1016 4808; x_wconf 90' lang='lat' dir='ltr'><strong>palpo</strong></span> <span class='ocrx_word' id='word_1_709' title='bbox 1043 4737 1337 4792; x_wconf 90' lang='lat' dir='ltr'><strong>belluiuam</strong></span> <span class='ocrx_word' id='word_1_710' title='bbox 1365 4737 1741 4806; x_wconf 88' lang='lat' dir='ltr'><strong>leopardorum</strong></span> <span class='ocrx_word' id='word_1_711' title='bbox 1778 4737 1982 4791; x_wconf 89' lang='lat' dir='ltr'><strong>rabiem</strong></span> 
     </span>
    </p>
   </div>
   <div class='ocr_carea' id='block_1_95' title="bbox 402 4819 1984 4896">
    <p class='ocr_par' dir='ltr' id='par_1_95' title="bbox 402 4819 1984 4896">
     <span class='ocr_line' id='line_1_95' title="bbox 402 4819 1984 4896; baseline -0.004 -9"><span class='ocrx_word' id='word_1_712' title='bbox 402 4819 600 4887; x_wconf 79' lang='lat' dir='ltr'><strong>sedare</strong></span> <span class='ocrx_word' id='word_1_713' title='bbox 625 4829 808 4884; x_wconf 90' lang='lat' dir='ltr'><strong>datum</strong></span> <span class='ocrx_word' id='word_1_714' title='bbox 840 4836 942 4892; x_wconf 88' lang='lat' dir='ltr'><strong>est,</strong></span> <span class='ocrx_word' id='word_1_715' title='bbox 972 4837 1029 4882; x_wconf 92' lang='lat' dir='ltr'><strong>ut</strong></span> <span class='ocrx_word' id='word_1_716' title='bbox 1064 4827 1306 4881; x_wconf 89' lang='lat' dir='ltr'><strong>vinctum</strong></span> <span class='ocrx_word' id='word_1_717' title='bbox 1351 4843 1511 4882; x_wconf 88' lang='lat' dir='ltr'><strong>suum</strong></span> <span class='ocrx_word' id='word_1_718' title='bbox 1556 4842 1664 4882; x_wconf 91' lang='lat' dir='ltr'><strong>non</strong></span> <span class='ocrx_word' id='word_1_719' title='bbox 1691 4829 1865 4882; x_wconf 87' lang='lat' dir='ltr'><strong>modo</strong></span> <span class='ocrx_word' id='word_1_720' title='bbox 1909 4825 1984 4896; x_wconf 89' lang='lat' dir='ltr'><strong>pii</strong></span> 
     </span>
    </p>
   </div>
   <div class='ocr_carea' id='block_1_96' title="bbox 406 4917 1985 4982">
    <p class='ocr_par' dir='ltr' id='par_1_96' title="bbox 406 4917 1985 4982">
     <span class='ocr_line' id='line_1_96' title="bbox 406 4917 1985 4982; baseline -0.003 -4"><span class='ocrx_word' id='word_1_721' title='bbox 406 4923 573 4978; x_wconf 92' lang='lat' dir='ltr'><strong>unius</strong></span> <span class='ocrx_word' id='word_1_722' title='bbox 621 4929 715 4974; x_wconf 89' lang='lat' dir='ltr'><strong>aut</strong></span> <span class='ocrx_word' id='word_1_723' title='bbox 757 4919 978 4975; x_wconf 89' lang='lat' dir='ltr'><strong>alterius</strong></span> <span class='ocrx_word' id='word_1_724' title='bbox 1025 4918 1235 4974; x_wconf 89' lang='lat' dir='ltr'><strong>solatiis</strong></span> <span class='ocrx_word' id='word_1_725' title='bbox 1283 4917 1411 4982; x_wconf 90' lang='lat' dir='ltr'><strong>frui,</strong></span> <span class='ocrx_word' id='word_1_726' title='bbox 1451 4919 1544 4974; x_wconf 90' lang='lat' dir='ltr'><strong>sed</strong></span> <span class='ocrx_word' id='word_1_727' title='bbox 1589 4919 1728 4973; x_wconf 90' lang='lat' dir='ltr'><strong>idem</strong></span> <span class='ocrx_word' id='word_1_728' title='bbox 1773 4920 1985 4974; x_wconf 88' lang='lat' dir='ltr'><strong>vicinas</strong></span> 
     </span>
    </p>
   </div>
   <div class='ocr_carea' id='block_1_97' title="bbox 407 5007 1985 5082">
    <p class='ocr_par' dir='ltr' id='par_1_97' title="bbox 407 5007 1985 5082">
     <span class='ocr_line' id='line_1_97' title="bbox 407 5007 1985 5082; baseline -0.001 -15"><span class='ocrx_word' id='word_1_729' title='bbox 407 5014 649 5082; x_wconf 90' lang='lat' dir='ltr'><strong>undique</strong></span> <span class='ocrx_word' id='word_1_730' title='bbox 677 5011 957 5077; x_wconf 89' lang='lat' dir='ltr'><strong>ecclesias,</strong></span> <span class='ocrx_word' id='word_1_731' title='bbox 986 5009 1134 5065; x_wconf 92' lang='lat' dir='ltr'><strong>nullo</strong></span> <span class='ocrx_word' id='word_1_732' title='bbox 1182 5009 1417 5064; x_wconf 89' lang='lat' dir='ltr'><strong>incendii</strong></span> <span class='ocrx_word' id='word_1_733' title='bbox 1447 5007 1789 5064; x_wconf 87' lang='lat' dir='ltr'><strong>Christianos</strong></span> <span class='ocrx_word' id='word_1_734' title='bbox 1853 5011 1985 5065; x_wconf 86' lang='lat' dir='ltr'><strong>orbe</strong></span> 
     </span>
    </p>
   </div>
   <div class='ocr_carea' id='block_1_98' title="bbox 405 5102 1984 5174">
    <p class='ocr_par' dir='ltr' id='par_1_98' title="bbox 405 5102 1984 5174">
     <span class='ocr_line' id='line_1_98' title="bbox 405 5102 1984 5174; baseline -0.001 -14"><span class='ocrx_word' id='word_1_735' title='bbox 405 5116 523 5160; x_wconf 90' lang='lat' dir='ltr'><strong>toto</strong></span> <span class='ocrx_word' id='word_1_736' title='bbox 576 5105 917 5174; x_wconf 87' lang='lat' dir='ltr'><strong>depascentis</strong></span> <span class='ocrx_word' id='word_1_737' title='bbox 971 5115 1116 5157; x_wconf 91' lang='lat' dir='ltr'><strong>metu</strong></span> <span class='ocrx_word' id='word_1_738' title='bbox 1165 5103 1444 5174; x_wconf 81' lang='lat' dir='ltr'><strong>aggregari</strong></span> <span class='ocrx_word' id='word_1_739' title='bbox 1504 5102 1777 5157; x_wconf 79' lang='lat' dir='ltr'><strong>sinerent?</strong></span> <span class='ocrx_word' id='word_1_740' title='bbox 1809 5123 1828 5155; x_wconf 71' lang='grc' dir='ltr'><strong>ι</strong></span> <span class='ocrx_word' id='word_1_741' title='bbox 1863 5102 1984 5159; x_wconf 69' lang='lat' dir='ltr'><strong>llrec</strong></span> 
     </span>
    </p>
   </div>
   <div class='ocr_carea' id='block_1_99' title="bbox 405 5194 1986 5264">
    <p class='ocr_par' dir='ltr' id='par_1_99' title="bbox 405 5194 1986 5264">
     <span class='ocr_line' id='line_1_99' title="bbox 405 5194 1986 5264; baseline -0.002 -11"><span class='ocrx_word' id='word_1_742' title='bbox 405 5198 553 5253; x_wconf 91' lang='lat' dir='ltr'><strong>enim</strong></span> <span class='ocrx_word' id='word_1_743' title='bbox 593 5195 780 5250; x_wconf 81' lang='lat' dir='ltr'><strong>cadent</strong></span> <span class='ocrx_word' id='word_1_744' title='bbox 812 5211 972 5264; x_wconf 86' lang='lat' dir='ltr'><strong>opera</strong></span> <span class='ocrx_word' id='word_1_745' title='bbox 1015 5194 1309 5250; x_wconf 87' lang='lat' dir='ltr'><strong>dilllantur.</strong></span> <span class='ocrx_word' id='word_1_746' title='bbox 1345 5194 1448 5260; x_wconf 91' lang='lat' dir='ltr'><strong>Qui</strong></span> <span class='ocrx_word' id='word_1_747' title='bbox 1478 5197 1622 5249; x_wconf 91' lang='lat' dir='ltr'><strong>enim</strong></span> <span class='ocrx_word' id='word_1_748' title='bbox 1674 5205 1860 5250; x_wconf 89' lang='lat' dir='ltr'><strong>nostra</strong></span> <span class='ocrx_word' id='word_1_749' title='bbox 1910 5197 1986 5250; x_wconf 84' lang='lat' dir='ltr'><strong>le-</strong></span> 
     </span>
    </p>
   </div>
   <div class='ocr_carea' id='block_1_100' title="bbox 407 5285 1982 5358">
    <p class='ocr_par' dir='ltr' id='par_1_100' title="bbox 407 5285 1982 5358">
     <span class='ocr_line' id='line_1_100' title="bbox 407 5285 1982 5358; baseline 0 -15"><span class='ocrx_word' id='word_1_750' title='bbox 407 5289 563 5358; x_wconf 86' lang='lat' dir='ltr'><strong>gerit,</strong></span> <span class='ocrx_word' id='word_1_751' title='bbox 593 5297 646 5341; x_wconf 89' lang='lat' dir='ltr'><strong>et</strong></span> <span class='ocrx_word' id='word_1_752' title='bbox 689 5285 910 5355; x_wconf 89' lang='lat' dir='ltr'><strong>palpum</strong></span> <span class='ocrx_word' id='word_1_753' title='bbox 953 5287 1135 5340; x_wconf 88' lang='lat' dir='ltr'><strong>statim</strong></span> <span class='ocrx_word' id='word_1_754' title='bbox 1165 5285 1388 5351; x_wconf 87' lang='lat' dir='ltr'><strong>videbit,</strong></span> <span class='ocrx_word' id='word_1_755' title='bbox 1428 5297 1482 5340; x_wconf 92' lang='lat' dir='ltr'><strong>et</strong></span> <span class='ocrx_word' id='word_1_756' title='bbox 1529 5296 1608 5341; x_wconf 92' lang='lat' dir='ltr'><strong>tot</strong></span> <span class='ocrx_word' id='word_1_757' title='bbox 1642 5285 1982 5343; x_wconf 87' lang='lat' dir='ltr'><strong>Christiano-</strong></span> 
     </span>
    </p>
   </div>
   <div class='ocr_carea' id='block_1_101' title="bbox 406 5376 1745 5436">
    <p class='ocr_par' dir='ltr' id='par_1_101' title="bbox 406 5376 1745 5436">
     <span class='ocr_line' id='line_1_101' title="bbox 406 5376 1745 5436; baseline 0 -1"><span class='ocrx_word' id='word_1_758' title='bbox 406 5397 529 5436; x_wconf 78' lang='lat' dir='ltr'><strong>rum</strong></span> <span class='ocrx_word' id='word_1_759' title='bbox 563 5395 890 5435; x_wconf 87' lang='lat' dir='ltr'><strong>concursum</strong></span> <span class='ocrx_word' id='word_1_760' title='bbox 924 5376 1127 5433; x_wconf 90' lang='lat' dir='ltr'><strong>factum</strong></span> <span class='ocrx_word' id='word_1_761' title='bbox 1155 5395 1274 5434; x_wconf 89' lang='lat' dir='ltr'><strong>esse</strong></span> <span class='ocrx_word' id='word_1_762' title='bbox 1303 5396 1411 5433; x_wconf 90' lang='lat' dir='ltr'><strong>non</strong></span> <span class='ocrx_word' id='word_1_763' title='bbox 1443 5380 1745 5436; x_wconf 89' lang='lat' dir='ltr'><strong>mirabitur.</strong></span> 
     </span>
    </p>
   </div>
   <div class='ocr_carea' id='block_1_102' title="bbox 475 5471 1984 5542">
    <p class='ocr_par' dir='ltr' id='par_1_102' title="bbox 475 5471 1984 5542">
     <span class='ocr_line' id='line_1_102' title="bbox 475 5471 1984 5542; baseline -0.001 -15"><span class='ocrx_word' id='word_1_764' title='bbox 475 5471 662 5542; x_wconf 84' lang='lat' dir='ltr'><strong>Capite</strong></span> <span class='ocrx_word' id='word_1_765' title='bbox 689 5473 758 5525; x_wconf 71' lang='grc'><strong>24</strong></span> <span class='ocrx_word' id='word_1_766' title='bbox 787 5487 848 5524; x_wconf 90' lang='lat' dir='ltr'><strong>ea</strong></span> <span class='ocrx_word' id='word_1_767' title='bbox 873 5472 1135 5539; x_wconf 81' lang='lat' dir='ltr'><strong>congerit,</strong></span> <span class='ocrx_word' id='word_1_768' title='bbox 1168 5487 1289 5541; x_wconf 67' lang='lat' dir='ltr'><strong>quae</strong></span> <span class='ocrx_word' id='word_1_769' title='bbox 1332 5471 1383 5524; x_wconf 96' lang='lat' dir='ltr'><strong>in</strong></span> <span class='ocrx_word' id='word_1_770' title='bbox 1416 5472 1659 5541; x_wconf 88' lang='lat' dir='ltr'><strong>epistolis</strong></span> <span class='ocrx_word' id='word_1_771' title='bbox 1688 5481 1984 5527; x_wconf 90' lang='lat' dir='ltr'><strong>occurrunt</strong></span> 
     </span>
    </p>
   </div>
   <div class='ocr_carea' id='block_1_103' title="bbox 404 5563 1978 5634">
    <p class='ocr_par' dir='ltr' id='par_1_103' title="bbox 404 5563 1978 5634">
     <span class='ocr_line' id='line_1_103' title="bbox 404 5563 1978 5634; baseline 0.001 -15"><span class='ocrx_word' id='word_1_772' title='bbox 404 5580 514 5620; x_wconf 90' lang='lat' dir='ltr'><strong>non</strong></span> <span class='ocrx_word' id='word_1_773' title='bbox 567 5565 702 5619; x_wconf 84' lang='lat' dir='ltr'><strong>satis</strong></span> <span class='ocrx_word' id='word_1_774' title='bbox 747 5578 872 5618; x_wconf 91' lang='lat' dir='ltr'><strong>cum</strong></span> <span class='ocrx_word' id='word_1_775' title='bbox 923 5563 1176 5634; x_wconf 89' lang='lat' dir='ltr'><strong>martyris</strong></span> <span class='ocrx_word' id='word_1_776' title='bbox 1230 5564 1496 5618; x_wconf 88' lang='lat' dir='ltr'><strong>modestia</strong></span> <span class='ocrx_word' id='word_1_777' title='bbox 1550 5575 1915 5621; x_wconf 86' lang='lat' dir='ltr'><strong>consentanea</strong></span> <span class='ocrx_word' id='word_1_778' title='bbox 1965 5585 1978 5620; x_wconf 92' lang='lat'><strong>:</strong></span> 
     </span>
    </p>
   </div>
   <div class='ocr_carea' id='block_1_104' title="bbox 400 5653 1982 5728">
    <p class='ocr_par' dir='ltr' id='par_1_104' title="bbox 400 5653 1982 5728">
     <span class='ocr_line' id='line_1_104' title="bbox 400 5653 1982 5728; baseline 0.002 -18"><span class='ocrx_word' id='word_1_779' title='bbox 400 5672 527 5727; x_wconf 63' lang='lat' dir='ltr'><strong>quae</strong></span> <span class='ocrx_word' id='word_1_780' title='bbox 557 5663 737 5710; x_wconf 85' lang='lat' dir='ltr'><strong>tamen</strong></span> <span class='ocrx_word' id='word_1_781' title='bbox 769 5653 967 5708; x_wconf 90' lang='lat' dir='ltr'><strong>fatetur</strong></span> <span class='ocrx_word' id='word_1_782' title='bbox 1001 5669 1122 5709; x_wconf 87' lang='lat' dir='ltr'><strong>esse</strong></span> <span class='ocrx_word' id='word_1_783' title='bbox 1161 5656 1343 5710; x_wconf 90' lang='lat' dir='ltr'><strong>minus</strong></span> <span class='ocrx_word' id='word_1_784' title='bbox 1371 5656 1510 5710; x_wconf 80' lang='lat' dir='ltr'><strong>elata</strong></span> <span class='ocrx_word' id='word_1_785' title='bbox 1541 5673 1704 5727; x_wconf 89' lang='lat' dir='ltr'><strong>quam</strong></span> <span class='ocrx_word' id='word_1_786' title='bbox 1745 5674 1809 5713; x_wconf 90' lang='lat' dir='ltr'><strong>ea</strong></span> <span class='ocrx_word' id='word_1_787' title='bbox 1859 5674 1982 5728; x_wconf 66' lang='lat' dir='ltr'><strong>quae</strong></span> 
     </span>
    </p>
   </div>
   <div class='ocr_carea' id='block_1_105' title="bbox 389 5745 1975 5822">
    <p class='ocr_par' dir='ltr' id='par_1_105' title="bbox 389 5745 1975 5822">
     <span class='ocr_line' id='line_1_105' title="bbox 389 5745 1975 5822; baseline 0 -16"><span class='ocrx_word' id='word_1_788' title='bbox 389 5747 656 5820; x_wconf 55' lang='lat' dir='ltr'><strong>superius</strong></span> <span class='ocrx_word' id='word_1_789' title='bbox 703 5746 1033 5803; x_wconf 80' lang='lat' dir='ltr'><strong>audivimus.</strong></span> <span class='ocrx_word' id='word_1_790' title='bbox 1051 5745 1192 5819; x_wconf 40' lang='lat' dir='ltr'><strong>‘Haec</strong></span> <span class='ocrx_word' id='word_1_791' title='bbox 1221 5757 1400 5803; x_wconf 89' lang='lat' dir='ltr'><strong>autem</strong></span> <span class='ocrx_word' id='word_1_792' title='bbox 1453 5748 1507 5803; x_wconf 93' lang='lat' dir='ltr'><strong>in</strong></span> <span class='ocrx_word' id='word_1_793' title='bbox 1548 5760 1786 5822; x_wconf 85' lang='lat' dir='ltr'><strong>quatuor</strong></span> <span class='ocrx_word' id='word_1_794' title='bbox 1815 5767 1975 5822; x_wconf 88' lang='lat' dir='ltr'><strong>argu-</strong></span> 
     </span>
    </p>
   </div>
   <div class='ocr_carea' id='block_1_106' title="bbox 2088 4547 3687 4622">
    <p class='ocr_par' dir='ltr' id='par_1_106' title="bbox 2088 4547 3687 4622">
     <span class='ocr_line' id='line_1_106' title="bbox 2088 4547 3687 4622; baseline 0.002 -19"><span class='ocrx_word' id='word_1_795' title='bbox 2088 4567 2180 4614; x_wconf 83' lang='grc' dir='ltr'><strong>τος</strong></span> <span class='ocrx_word' id='word_1_796' title='bbox 2209 4549 2410 4622; x_wconf 76' lang='grc' dir='ltr'>μηδένα</span> <span class='ocrx_word' id='word_1_797' title='bbox 2433 4548 2726 4618; x_wconf 85' lang='grc' dir='ltr'>φυσιούτω.</span> <span class='ocrx_word' id='word_1_798' title='bbox 2762 4549 2842 4602; x_wconf 82' lang='lat' dir='ltr'><strong>Ad</strong></span> <span class='ocrx_word' id='word_1_799' title='bbox 2871 4547 3232 4620; x_wconf 82' lang='lat' dir='ltr'><strong>Polycarpum</strong></span> <span class='ocrx_word' id='word_1_800' title='bbox 3270 4569 3284 4604; x_wconf 91' lang='lat'>:</span> <span class='ocrx_word' id='word_1_801' title='bbox 3321 4550 3554 4604; x_wconf 77' lang='grc' dir='ltr'>Ἐκδίκει</span> <span class='ocrx_word' id='word_1_802' title='bbox 3591 4569 3687 4606; x_wconf 83' lang='grc' dir='ltr'><strong>σου</strong></span> 
     </span>
    </p>
   </div>
   <div class='ocr_carea' id='block_1_107' title="bbox 2084 4642 3686 4708">
    <p class='ocr_par' dir='ltr' id='par_1_107' title="bbox 2084 4642 3686 4708">
     <span class='ocr_line' id='line_1_107' title="bbox 2084 4642 3686 4708; baseline 0.002 -12"><span class='ocrx_word' id='word_1_803' title='bbox 2084 4643 2176 4696; x_wconf 83' lang='grc' dir='ltr'><strong>τὸν</strong></span> <span class='ocrx_word' id='word_1_804' title='bbox 2199 4643 2382 4706; x_wconf 88' lang='grc' dir='ltr'>τόπον,</span> <span class='ocrx_word' id='word_1_805' title='bbox 2417 4661 2435 4694; x_wconf 76' lang='grc' dir='ltr'><strong>ι</strong></span> <span class='ocrx_word' id='word_1_806' title='bbox 2467 4642 2682 4696; x_wconf 88' lang='lat' dir='ltr'><strong>vindica</strong></span> <span class='ocrx_word' id='word_1_807' title='bbox 2712 4642 2890 4696; x_wconf 90' lang='lat' dir='ltr'><strong>locum</strong></span> <span class='ocrx_word' id='word_1_808' title='bbox 2925 4651 3100 4708; x_wconf 88' lang='lat' dir='ltr'><strong>tuum,</strong></span> <span class='ocrx_word' id='word_1_809' title='bbox 3141 4663 3159 4694; x_wconf 76' lang='grc' dir='ltr'><strong>ι</strong></span> <span class='ocrx_word' id='word_1_810' title='bbox 3189 4643 3293 4699; x_wconf 87' lang='lat' dir='ltr'><strong>hoc</strong></span> <span class='ocrx_word' id='word_1_811' title='bbox 3337 4644 3686 4700; x_wconf 84' lang='lat' dir='ltr'><strong>cstoﬁicium</strong></span> 
     </span>
    </p>
   </div>
   <div class='ocr_carea' id='block_1_108' title="bbox 2085 4734 3684 4806">
    <p class='ocr_par' dir='ltr' id='par_1_108' title="bbox 2085 4734 3684 4806">
     <span class='ocr_line' id='line_1_108' title="bbox 2085 4734 3684 4806; baseline 0.001 -16"><span class='ocrx_word' id='word_1_812' title='bbox 2085 4743 2140 4790; x_wconf 88' lang='lat' dir='ltr'><strong>et</strong></span> <span class='ocrx_word' id='word_1_813' title='bbox 2174 4734 2495 4803; x_wconf 87' lang='lat' dir='ltr'><strong>dignitatem</strong></span> <span class='ocrx_word' id='word_1_814' title='bbox 2538 4749 2702 4802; x_wconf 90' lang='lat' dir='ltr'><strong>quam</strong></span> <span class='ocrx_word' id='word_1_815' title='bbox 2758 4742 2818 4786; x_wconf 91' lang='lat' dir='ltr'><strong>ut</strong></span> <span class='ocrx_word' id='word_1_816' title='bbox 2871 4734 3159 4806; x_wconf 90' lang='lat' dir='ltr'><strong>episcopus</strong></span> <span class='ocrx_word' id='word_1_817' title='bbox 3208 4736 3444 4791; x_wconf 90' lang='lat' dir='ltr'><strong>obtines.</strong></span> <span class='ocrx_word' id='word_1_818' title='bbox 3502 4735 3684 4803; x_wconf 90' lang='lat' dir='ltr'><strong>Quem</strong></span> 
     </span>
    </p>
   </div>
   <div class='ocr_carea' id='block_1_109' title="bbox 2087 4824 3682 4894">
    <p class='ocr_par' dir='ltr' id='par_1_109' title="bbox 2087 4824 3682 4894">
     <span class='ocr_line' id='line_1_109' title="bbox 2087 4824 3682 4894; baseline 0.003 -17"><span class='ocrx_word' id='word_1_819' title='bbox 2087 4824 2268 4880; x_wconf 90' lang='lat' dir='ltr'><strong>locum</strong></span> <span class='ocrx_word' id='word_1_820' title='bbox 2302 4826 2420 4881; x_wconf 90' lang='lat' dir='ltr'><strong>sine</strong></span> <span class='ocrx_word' id='word_1_821' title='bbox 2447 4825 2615 4880; x_wconf 88' lang='lat' dir='ltr'><strong>dubio</strong></span> <span class='ocrx_word' id='word_1_822' title='bbox 2663 4824 2928 4894; x_wconf 84' lang='lat' dir='ltr'><strong>Origenes</strong></span> <span class='ocrx_word' id='word_1_823' title='bbox 2973 4826 3028 4880; x_wconf 90' lang='lat' dir='ltr'><strong>in</strong></span> <span class='ocrx_word' id='word_1_824' title='bbox 3075 4828 3258 4882; x_wconf 91' lang='lat' dir='ltr'><strong>animo</strong></span> <span class='ocrx_word' id='word_1_825' title='bbox 3309 4829 3520 4893; x_wconf 90' lang='lat' dir='ltr'><strong>habuit,</strong></span> <span class='ocrx_word' id='word_1_826' title='bbox 3554 4846 3682 4884; x_wconf 90' lang='lat' dir='ltr'><strong>cum</strong></span> 
     </span>
    </p>
   </div>
   <div class='ocr_carea' id='block_1_110' title="bbox 2084 4916 3683 4989">
    <p class='ocr_par' dir='ltr' id='par_1_110' title="bbox 2084 4916 3683 4989">
     <span class='ocr_line' id='line_1_110' title="bbox 2084 4916 3683 4989; baseline 0.001 -17"><span class='ocrx_word' id='word_1_827' title='bbox 2084 4920 2140 4972; x_wconf 82' lang='lat' dir='ltr'><strong>in</strong></span> <span class='ocrx_word' id='word_1_828' title='bbox 2191 4917 2600 4972; x_wconf 79' lang='lat' dir='ltr'><strong>Commentariis</strong></span> <span class='ocrx_word' id='word_1_829' title='bbox 2643 4918 2713 4970; x_wconf 88' lang='lat' dir='ltr'><strong>ad</strong></span> <span class='ocrx_word' id='word_1_830' title='bbox 2756 4916 3074 4972; x_wconf 73' lang='lat' dir='ltr'><strong>Matt/tantm</strong></span> <span class='ocrx_word' id='word_1_831' title='bbox 3120 4920 3389 4989; x_wconf 89' lang='lat' dir='ltr'><strong>scripsit:</strong></span> <span class='ocrx_word' id='word_1_832' title='bbox 3438 4921 3592 4972; x_wconf 73' lang='grc' dir='ltr'>Ἐπεὶ</span> <span class='ocrx_word' id='word_1_833' title='bbox 3626 4921 3683 4974; x_wconf 81' lang='grc' dir='ltr'><strong>δὲ</strong></span> 
     </span>
    </p>
   </div>
   <div class='ocr_carea' id='block_1_111' title="bbox 2083 5014 3683 5090">
    <p class='ocr_par' dir='ltr' id='par_1_111' title="bbox 2083 5014 3683 5090">
     <span class='ocr_line' id='line_1_111' title="bbox 2083 5014 3683 5090; baseline 0.003 -22"><span class='ocrx_word' id='word_1_834' title='bbox 2083 5016 2176 5068; x_wconf 82' lang='grc' dir='ltr'><strong>τὸν</strong></span> <span class='ocrx_word' id='word_1_835' title='bbox 2228 5017 2391 5070; x_wconf 85' lang='grc' dir='ltr'>τόπον</span> <span class='ocrx_word' id='word_1_836' title='bbox 2436 5014 2537 5084; x_wconf 76' lang='grc' dir='ltr'>τῆς</span> <span class='ocrx_word' id='word_1_837' title='bbox 2578 5015 2886 5086; x_wconf 71' lang='grc' dir='ltr'>ἐπισκοπῆς</span> <span class='ocrx_word' id='word_1_838' title='bbox 2939 5016 3279 5080; x_wconf 74' lang='grc' dir='ltr'>ἐκδικοῦντες</span> <span class='ocrx_word' id='word_1_839' title='bbox 3329 5017 3571 5089; x_wconf 82' lang='grc' dir='ltr'>χρῶνται</span> <span class='ocrx_word' id='word_1_840' title='bbox 3605 5019 3683 5090; x_wconf 83' lang='grc' dir='ltr'>τῷ</span> 
     </span>
    </p>
   </div>
   <div class='ocr_carea' id='block_1_112' title="bbox 2086 5108 3677 5181">
    <p class='ocr_par' dir='ltr' id='par_1_112' title="bbox 2086 5108 3677 5181">
     <span class='ocr_line' id='line_1_112' title="bbox 2086 5108 3677 5181; baseline 0.003 -19"><span class='ocrx_word' id='word_1_841' title='bbox 2086 5108 2254 5181; x_wconf 80' lang='grc' dir='ltr'>ῥητῷ.</span> <span class='ocrx_word' id='word_1_842' title='bbox 2289 5109 2355 5164; x_wconf 82' lang='grc' dir='ltr'>Ει</span> <span class='ocrx_word' id='word_1_843' title='bbox 2381 5109 2673 5163; x_wconf 87' lang='grc' dir='ltr'>τοποθεσια</span> <span class='ocrx_word' id='word_1_844' title='bbox 2702 5124 2768 5164; x_wconf 90' lang='lat' dir='ltr'><strong>eo</strong></span> <span class='ocrx_word' id='word_1_845' title='bbox 2807 5125 2973 5166; x_wconf 90' lang='lat' dir='ltr'><strong>sensu</strong></span> <span class='ocrx_word' id='word_1_846' title='bbox 3006 5119 3223 5180; x_wconf 91' lang='lat' dir='ltr'><strong>sumpta</strong></span> <span class='ocrx_word' id='word_1_847' title='bbox 3260 5111 3326 5165; x_wconf 88' lang='lat' dir='ltr'><strong>ad</strong></span> <span class='ocrx_word' id='word_1_848' title='bbox 3357 5113 3677 5180; x_wconf 86' lang='lat' dir='ltr'><strong>angelorum</strong></span> 
     </span>
    </p>
   </div>
   <div class='ocr_carea' id='block_1_113' title="bbox 2084 5201 3680 5274">
    <p class='ocr_par' dir='ltr' id='par_1_113' title="bbox 2084 5201 3680 5274">
     <span class='ocr_line' id='line_1_113' title="bbox 2084 5201 3680 5274; baseline 0.002 -17"><span class='ocrx_word' id='word_1_849' title='bbox 2084 5201 2306 5258; x_wconf 90' lang='lat' dir='ltr'><strong>ordines</strong></span> <span class='ocrx_word' id='word_1_850' title='bbox 2337 5203 2538 5258; x_wconf 88' lang='lat' dir='ltr'><strong>rectius</strong></span> <span class='ocrx_word' id='word_1_851' title='bbox 2568 5201 2802 5259; x_wconf 82' lang='lat' dir='ltr'><strong>fortasse</strong></span> <span class='ocrx_word' id='word_1_852' title='bbox 2842 5204 3102 5274; x_wconf 89' lang='lat' dir='ltr'><strong>applicari</strong></span> <span class='ocrx_word' id='word_1_853' title='bbox 3137 5213 3349 5273; x_wconf 86' lang='lat' dir='ltr'><strong>potest;</strong></span> <span class='ocrx_word' id='word_1_854' title='bbox 3395 5206 3548 5258; x_wconf 90' lang='lat' dir='ltr'><strong>varia</strong></span> <span class='ocrx_word' id='word_1_855' title='bbox 3579 5221 3680 5260; x_wconf 88' lang='lat' dir='ltr'><strong>au-</strong></span> 
     </span>
    </p>
   </div>
   <div class='ocr_carea' id='block_1_114' title="bbox 2085 5295 3678 5367">
    <p class='ocr_par' dir='ltr' id='par_1_114' title="bbox 2085 5295 3678 5367">
     <span class='ocr_line' id='line_1_114' title="bbox 2085 5295 3678 5367; baseline 0.002 -18"><span class='ocrx_word' id='word_1_856' title='bbox 2085 5302 2192 5350; x_wconf 91' lang='lat' dir='ltr'><strong>tem</strong></span> <span class='ocrx_word' id='word_1_857' title='bbox 2218 5312 2407 5351; x_wconf 90' lang='lat' dir='ltr'><strong>eorum</strong></span> <span class='ocrx_word' id='word_1_858' title='bbox 2448 5295 2622 5351; x_wconf 84' lang='lat' dir='ltr'><strong>ofﬁcia</strong></span> <span class='ocrx_word' id='word_1_859' title='bbox 2668 5296 3069 5367; x_wconf 89' lang='lat' dir='ltr'><strong>dignitatesque</strong></span> <span class='ocrx_word' id='word_1_860' title='bbox 3110 5297 3470 5353; x_wconf 88' lang='lat' dir='ltr'><strong>vetustissimi</strong></span> <span class='ocrx_word' id='word_1_861' title='bbox 3513 5297 3678 5352; x_wconf 84' lang='lat' dir='ltr'><strong>Chri-</strong></span> 
     </span>
    </p>
   </div>
   <div class='ocr_carea' id='block_1_115' title="bbox 2083 5387 3678 5462">
    <p class='ocr_par' dir='ltr' id='par_1_115' title="bbox 2083 5387 3678 5462">
     <span class='ocr_line' id='line_1_115' title="bbox 2083 5387 3678 5462; baseline 0.004 -21"><span class='ocrx_word' id='word_1_862' title='bbox 2083 5387 2247 5441; x_wconf 86' lang='lat' dir='ltr'><strong>stiani</strong></span> <span class='ocrx_word' id='word_1_863' title='bbox 2303 5389 2691 5457; x_wconf 86' lang='lat' dir='ltr'><strong>agnoscebant.</strong></span> <span class='ocrx_word' id='word_1_864' title='bbox 2756 5389 3050 5454; x_wconf 85' lang='grc' dir='ltr'>Συστάσεις</span> <span class='ocrx_word' id='word_1_865' title='bbox 3103 5391 3428 5462; x_wconf 80' lang='grc' dir='ltr'>ἁρχοντικάς</span> <span class='ocrx_word' id='word_1_866' title='bbox 3498 5393 3678 5448; x_wconf 86' lang='lat' dir='ltr'><strong>reddit</strong></span> 
     </span>
    </p>
   </div>
   <div class='ocr_carea' id='block_1_116' title="bbox 2082 5477 3674 5551">
    <p class='ocr_par' dir='ltr' id='par_1_116' title="bbox 2082 5477 3674 5551">
     <span class='ocr_line' id='line_1_116' title="bbox 2082 5477 3674 5551; baseline 0.005 -19"><span class='ocrx_word' id='word_1_867' title='bbox 2082 5495 2304 5535; x_wconf 88' lang='lat' dir='ltr'><strong>rursum</strong></span> <span class='ocrx_word' id='word_1_868' title='bbox 2337 5477 2573 5534; x_wconf 73' lang='lat' dir='ltr'><strong>Dallaeus</strong></span> <span class='ocrx_word' id='word_1_869' title='bbox 2603 5498 2622 5532; x_wconf 77' lang='grc' dir='ltr'><strong>ι</strong></span> <span class='ocrx_word' id='word_1_870' title='bbox 2656 5480 3064 5550; x_wconf 89' lang='lat' dir='ltr'><strong>principatuum</strong></span> <span class='ocrx_word' id='word_1_871' title='bbox 3110 5481 3377 5551; x_wconf 88' lang='lat' dir='ltr'><strong>quasdam</strong></span> <span class='ocrx_word' id='word_1_872' title='bbox 3409 5484 3674 5540; x_wconf 81' lang='lat' dir='ltr'><strong>stationes</strong></span> 
     </span>
    </p>
   </div>
   <div class='ocr_carea' id='block_1_117' title="bbox 2082 5571 3671 5647">
    <p class='ocr_par' dir='ltr' id='par_1_117' title="bbox 2082 5571 3671 5647">
     <span class='ocr_line' id='line_1_117' title="bbox 2082 5571 3671 5647; baseline 0.003 -22"><span class='ocrx_word' id='word_1_873' title='bbox 2082 5580 2245 5640; x_wconf 89' lang='lat' dir='ltr'><strong>atque</strong></span> <span class='ocrx_word' id='word_1_874' title='bbox 2271 5572 2440 5635; x_wconf 91' lang='lat' dir='ltr'><strong>acies,</strong></span> <span class='ocrx_word' id='word_1_875' title='bbox 2478 5590 2496 5622; x_wconf 71' lang='grc' dir='ltr'><strong>ι</strong></span> <span class='ocrx_word' id='word_1_876' title='bbox 2529 5587 2655 5626; x_wconf 91' lang='lat' dir='ltr'><strong>cum</strong></span> <span class='ocrx_word' id='word_1_877' title='bbox 2686 5571 2945 5636; x_wconf 88' lang='grc' dir='ltr'>σύστασις</span> <span class='ocrx_word' id='word_1_878' title='bbox 2975 5590 3150 5644; x_wconf 75' lang='lat' dir='ltr'><strong>neque</strong></span> <span class='ocrx_word' id='word_1_879' title='bbox 3172 5577 3462 5630; x_wconf 88' lang='lat' dir='ltr'><strong>stationem</strong></span> <span class='ocrx_word' id='word_1_880' title='bbox 3493 5590 3671 5647; x_wconf 83' lang='lat' dir='ltr'><strong>neque</strong></span> 
     </span>
    </p>
   </div>
   <div class='ocr_carea' id='block_1_118' title="bbox 2079 5662 3670 5737">
    <p class='ocr_par' dir='ltr' id='par_1_118' title="bbox 2079 5662 3670 5737">
     <span class='ocr_line' id='line_1_118' title="bbox 2079 5662 3670 5737; baseline 0.003 -20"><span class='ocrx_word' id='word_1_881' title='bbox 2079 5665 2254 5718; x_wconf 88' lang='lat' dir='ltr'><strong>aciem</strong></span> <span class='ocrx_word' id='word_1_882' title='bbox 2295 5663 2581 5734; x_wconf 81' lang='lat' dir='ltr'><strong>signiticet.</strong></span> <span class='ocrx_word' id='word_1_883' title='bbox 2631 5662 2706 5717; x_wconf 92' lang='lat' dir='ltr'><strong>De</strong></span> <span class='ocrx_word' id='word_1_884' title='bbox 2751 5663 2838 5719; x_wconf 89' lang='lat' dir='ltr'><strong>his</strong></span> <span class='ocrx_word' id='word_1_885' title='bbox 2873 5663 3054 5720; x_wconf 88' lang='lat' dir='ltr'><strong>fusius</strong></span> <span class='ocrx_word' id='word_1_886' title='bbox 3101 5665 3396 5737; x_wconf 89' lang='lat' dir='ltr'><strong>aliquando</strong></span> <span class='ocrx_word' id='word_1_887' title='bbox 3438 5665 3670 5722; x_wconf 82' lang='lat' dir='ltr'><strong>fortasse</strong></span> 
     </span>
    </p>
   </div>
   <div class='ocr_carea' id='block_1_119' title="bbox 2080 5754 3666 5829">
    <p class='ocr_par' dir='ltr' id='par_1_119' title="bbox 2080 5754 3666 5829">
     <span class='ocr_line' id='line_1_119' title="bbox 2080 5754 3666 5829; baseline 0.004 -21"><span class='ocrx_word' id='word_1_888' title='bbox 2080 5769 2324 5824; x_wconf 87' lang='lat' dir='ltr'><strong>agemus.</strong></span> <span class='ocrx_word' id='word_1_889' title='bbox 2375 5754 2595 5812; x_wconf 84' lang='lat' dir='ltr'><strong>Interim</strong></span> <span class='ocrx_word' id='word_1_890' title='bbox 2635 5755 2831 5827; x_wconf 90' lang='lat' dir='ltr'><strong>fateor,</strong></span> <span class='ocrx_word' id='word_1_891' title='bbox 2862 5756 2930 5813; x_wconf 89' lang='lat' dir='ltr'><strong>de</strong></span> <span class='ocrx_word' id='word_1_892' title='bbox 2975 5758 3292 5829; x_wconf 82' lang='lat' dir='ltr'><strong>angelorum</strong></span> <span class='ocrx_word' id='word_1_893' title='bbox 3331 5769 3550 5828; x_wconf 87' lang='lat' dir='ltr'><strong>natura,</strong></span> <span class='ocrx_word' id='word_1_894' title='bbox 3583 5758 3666 5815; x_wconf 78' lang='lat' dir='ltr'><strong>of-</strong></span> 
     </span>
    </p>
   </div>
  </div>
