3848 6204
151 354 234 412 597

921 341 973 400 εἰ.
1014 339 1381 398 PEARSONII
1423 333 1743 395 VlNDlCUE
1795 331 2217 392 lGNATlANIE.
2254 361 2316 373 --
2360 327 2544 385 PARS
2581 327 2647 381 ll.

3257 317 3362 372 598

151 473 294 540 ﬁciis,
333 469 678 540 dignitatibus
726 465 1122 530 ordinibusque
1167 462 1401 519 diversis
1451 461 1592 516 scire
1629 473 1688 513 se
1718 463 1759 516 A
1790 455 1953 527 igitur
1981 453 2185 524 aliquid
2212 451 2506 506 meditatus
2528 456 2665 513 erat,
2687 455 2752 540 ut
2781 443 3038 516 quoniam
3073 440 3188 540 iam
3225 455 3362 540 con-

150 568 303 636 aliqua
331 564 645 634 scriptorem
673 560 917 631 epistola
957 557 1228 612 afﬁrmare
1271 568 1395 624 quae
1438 551 1684 606 Trallen-

149 670 222 712 ses
244 669 420 726 capere
458 668 568 707 non
613 651 855 722 potuisse
894 647 1140 719 putavit;
1170 653 1226 700 et
1263 645 1367 698 hoc
1401 641 1583 713 potius
1616 641 1684 695 ad

149 750 300 804 locum
348 745 402 801 S.
452 743 610 800 Pauli
663 741 732 796 ab
793 739 1018 796 Usserio
1073 738 1376 793 indicatum
1434 742 1644 805 spectat

147 855 283 911 quam
307 838 366 894 ad
405 837 556 892 illum
603 852 634 892 a
673 835 893 900 Dallazo,
919 832 1011 888 ubi
1047 846 1157 886 non
1189 830 1258 885 de
1305 827 1555 892 scientia,
1588 841 1648 880 se

147 934 201 990 de
222 932 453 1002 religioso
476 931 623 986 cultu
651 929 965 1001 angelorum
988 925 1188 996 agitur.
1214 923 1396 990 Quare
1428 921 1532 975 hoc
1557 934 1672 974 sen-

147 1024 209 1079 tio
237 1024 286 1078 S.
308 1022 506 1095 lgnatio
532 1021 702 1091 probe
735 1017 1046 1082 convenire,
1075 1026 1129 1072 et
1155 1015 1224 1071 ab
1248 1029 1314 1070 eo
1339 1027 1448 1067 non
1482 1011 1679 1065 immo-

147 1118 288 1181 deste,
315 1116 402 1172 sed
434 1131 560 1170 vere
591 1114 795 1170 dictum
823 1127 967 1178 esse,
1005 1120 1062 1168 et
1099 1111 1172 1166 ad
1202 1126 1266 1166 ea
1295 1123 1416 1180 quae
1446 1122 1682 1177 sequam

148 1217 219 1262 tur
242 1217 370 1262 recte
405 1206 807 1262 accommodari
852 1219 1033 1274 posse.
1079 1203 1318 1258 lrenaeus
1351 1200 1684 1256 charismata

146 1302 189 1355 in
207 1301 454 1370 primtttva
478 1298 724 1354 Ecclesia
748 1310 1188 1354 commemorans
1213 1293 1459 1349 meminit
1485 1290 1595 1345 τῶν
1615 1289 1686 1345 τὰ

155 1391 389 1463 μυστήρια
419 1389 510 1444 τοῦ
536 1385 674 1440 Θεοῦ
701 1380 1159 1454 ὲκδιηγουμένων,
1191 1398 1207 1430 ι
1229 1392 1420 1434 eorum
1459 1375 1552 1445 qui
1594 1389 1679 1429 ar-

152 1501 260 1541 cana
279 1484 359 1537 Dei
382 1481 637 1537 mvsteria
654 1474 1019 1544 exponebant.
1035 1492 1052 1524 ι
1079 1469 1152 1526 Ut
1173 1469 1416 1541 lgnatius
1439 1468 1503 1523 ad
1520 1465 1681 1528 Po’lv-

148 1580 333 1634 rarpum
376 1584 389 1619 :
435 1566 515 1619 Τα
560 1565 618 1619 δὲ
663 1565 872 1638 ἀόρατα
928 1560 1068 1616 αἴτει
1114 1559 1200 1613 ἵνα
1248 1577 1331 1612 σοι
1377 1557 1684 1633 φανερωθῇ,

148 1658 264 1722 ὅπως
318 1658 534 1729 μηδενὸς
577 1657 763 1730 λείπῃ,
815 1656 909 1710 καὶ
954 1653 1154 1716 παντὸς
1204 1652 1536 1724 χαρίσματος
1585 1669 1683 1706 πε-

1783 550 2074 603 demnatus
2099 555 2266 612 esset,
2289 542 2585 615 apostolica
2613 537 2849 610 quadam
2890 535 3218 589 auctoritate
3245 539 3365 586 ute-

1783 648 1952 696 retur.
1993 638 2099 694 Sed
2131 653 2200 694 ex
2229 651 2416 692 amore
2451 648 2579 704 erga
2610 632 2779 702 ipsos,
2824 640 2878 685 et
2922 645 2990 685 ex
3019 644 3133 684 sua:
3172 625 3365 681 condio

1782 731 1950 786 tionis
1993 745 2156 786 sensu
2200 729 2281 784 eis
2330 727 2523 798 parcit.
2583 722 2761 778 Πολλὰ
2810 721 3016 793 φρονῶ,
3067 719 3264 788 inquit.
3305 719 3335 773 ι

1783 823 1924 896 Θεῷ,
1960 841 1978 875 ι
2014 823 2185 877 multa
2223 821 2377 891 sapio
2403 819 2458 874 in
2483 817 2614 884 Deo,
2649 835 2668 870 ι
2695 814 3098 887 quamplurima
3128 811 3199 867 ab
3231 825 3367 880 apo»

1781 917 1937 974 stolis
1958 915 2092 986 ipsis
2108 913 2314 983 accepi,
2336 927 2458 982 quae
2486 925 2582 966 vos
2605 911 2774 964 latent
2797 925 2812 974 ;
2841 921 3058 978 possem
3079 919 3147 960 ex
3171 915 3366 959 eorum

1782 1009 2108 1064 auctoritate
2158 1006 2313 1061 vobis
2355 1005 2668 1076 praecipere,
2710 1000 2824 1055 ἀλλ’
2865 997 3100 1071 ἐμαυτὸν
3155 994 3366 1068 μετρῶ.

1790 1120 1810 1154 ι
1846 1102 1942 1156 sed
1974 1101 2243 1171 meipsum
2272 1113 2552 1154 mensuro.
2597 1115 2616 1148 ι
2648 1093 2775 1150 llaec
2824 1093 2935 1148 duo
2976 1091 3142 1162 paulo
3186 1089 3366 1145 fusius

1783 1194 2170 1264 persequitur;
2201 1193 2325 1248 dein
2375 1207 2472 1247 eos
2513 1192 2782 1255 hortatur,
2829 1203 2938 1242 non
2975 1201 3076 1241 suo
3120 1177 3364 1252 nomine,

1786 1287 1878 1344 sed
1911 1303 2008 1358 per
2036 1302 2277 1343 amorem
2317 1286 2542 1351 Christi,
2574 1293 2634 1338 ut
2675 1283 2744 1338 ab
2797 1279 3067 1337 haereticis
3112 1284 3362 1334 caveant.

1785 1380 2028 1448 Quorum
2061 1380 2108 1436 si
2136 1381 2320 1450 priora
2343 1378 2486 1433 haud
2509 1377 2787 1446 vulgarem
2816 1373 2873 1428 in
2899 1371 3176 1450 mysteriis
3201 1368 3366 1424 Chri-

1783 1476 1977 1532 stianae
2030 1475 2311 1546 religionis
2373 1472 2660 1528 scientiam
2715 1467 3000 1530 indicant,
3060 1463 3366 1535 posteriora

1775 1567 1930 1633 jcerte
1973 1567 2266 1637 singularis
2311 1563 2608 1619 modestiae.
2634 1562 2907 1632 specimen
2947 1560 3205 1618 exhibeat
3257 1563 3368 1618 0b-

1785 1650 1950 1723 jectio
1988 1659 2171 1706 autem
2208 1653 2321 1717 illa,
2353 1669 2476 1723 quae
2512 1653 2626 1710 haec
2659 1673 2679 1706 ε
2701 1654 2840 1710 satis
2872 1653 3142 1709 invidiose
3172 1678 3193 1711 ο
3218 1652 3365 1708 dicta

149 1749 380 1824 ρισσεύῃς.
417 1769 436 1801 ι
474 1749 776 1804 invisibilia
804 1756 986 1803 autem
1028 1754 1182 1816 petas
1225 1753 1286 1798 ut
1325 1743 1420 1798 tibi
1455 1741 1688 1798 manife»
1720 1785 1764 1843 Β
1787 1743 2140 1816 pronuntiat,
2193 1744 2330 1798 adeo
2370 1745 2689 1814 scriptorem
2714 1761 2825 1801 non
2854 1745 3000 1808 ferit,
3035 1755 3096 1800 ut
3127 1744 3362 1814 seipsam

148 1852 339 1906 stentur,
366 1850 422 1896 ut
454 1842 608 1896 nullo
633 1841 878 1905 deﬁcias,
902 1849 957 1894 et
979 1838 1128 1895 omni
1159 1836 1489 1892 charismate
1513 1835 1690 1890 abun-
1720 1832 1763 1843 “’
1790 1835 2020 1906 iugulet.
2073 1851 2092 1884 α
2130 1833 2266 1888 Cum
2321 1832 2609 1905 proﬁtetur
2631 1869 2648 1894 ,
2689 1835 2906 1906 inquit,
2954 1835 3089 1898 ista,
3129 1849 3365 1906 quorum

147 1937 238 1992 des.
271 1955 289 1988 ι
323 1933 375 1991 S.
405 1934 844 2006 Chrysostomus
865 1933 1069 1989 asserit
1095 1929 1152 1986 S.
1185 1929 1452 2002 lgnatium
1492 1943 1691 1983 arcana

145 2026 353 2098 quaedam
393 2027 462 2082 ab
519 2027 788 2096 apostolis
844 2025 1122 2096 accepisse
1160 2041 1175 2078 :
1216 2021 1538 2091 Συνεγένετο
1579 2022 1691 2084 τοῖς

148 2119 419 2182 ἀποστόλοις
478 2118 760 2189 γνησίως,
832 2116 928 2171 καὶ
989 2113 1374 2186 πνευματικῶν
1435 2113 1692 2182 ναμάτων

149 2209 438 2264 ἀπέλαυσεν·
471 2213 658 2264 ὁποῖον
692 2205 784 2264 οὖν
813 2205 949 2263 εἶναι
973 2209 1118 2272 εἰκὸς
1161 2207 1253 2261 τὸν
1298 2204 1690 2276 συντραφέντα,

148 2303 219 2355 καὶ
246 2303 504 2374 πανταχοῦ
541 2301 960 2373 συγγενόμενον,
988 2300 1082 2355 καὶ
1109 2297 1288 2371 ῥητῶν
1326 2297 1419 2352 καὶ
1451 2297 1695 2369 ἀπορρή-

147 2409 231 2446 των
268 2395 439 2458 αὐτοῖς
487 2394 924 2464 κοινωνήσαντα;
950 2390 1125 2446 «Cum
1146 2389 1414 2460 apostolis
1461 2389 1694 2460 genuine

145 2496 455 2541 conversatus
489 2485 654 2555 aquis
677 2482 1055 2554 spiritualibus
1090 2482 1299 2552 rigatus
1331 2488 1435 2537 εει.
1463 2479 1690 2548 Qualem

145 2576 314 2634 idcirco
347 2594 467 2633 eum
501 2579 680 2634 fuisse
722 2592 822 2647 par
845 2585 948 2642 est,
979 2575 1070 2646 qui
1118 2589 1243 2629 cum
1278 2573 1385 2628 illis
1429 2572 1690 2639 nutritus,

144 2679 185 2722 et
206 2670 384 2740 ubique
412 2677 795 2735 conversatus,
828 2675 880 2722 et
920 2667 988 2722 de
1026 2666 1271 2722 dicendis
1299 2675 1352 2732 et
1381 2665 1447 2720 de
1475 2665 1692 2720 arcanis

144 2764 485 2832 participavit?
507 2784 524 2814 ι
549 2759 659 2818 Ubi
688 2761 756 2816 de
799 2759 1017 2816 arcanis
1059 2767 1243 2814 autem
1289 2757 1553 2827 loquitur,
1581 2771 1691 2811 non

145 2854 298 2909 dubito
319 2855 444 2925 quin
475 2857 628 2909 hunc
664 2853 868 2919 locum,
896 2863 952 2908 et
993 2851 1123 2907 huic
1157 2851 1366 2907 similes
1399 2851 1452 2904 in
1482 2850 1691 2920 episto-

146 2943 196 2999 lis
223 2947 521 3015 respexerit.
567 2945 843 3002 Przeterea
889 2945 943 2999 in
987 2943 1274 3014 Excerptis
1305 2942 1601 2998 Clementis
1627 2943 1692 2996 ἐκ

144 3035 536 3110 τῆςάνατολικῆς
563 3036 974 3109 διδασκαλίαςηι
997 3051 1063 3090 ex
1089 3034 1340 3090 orientali
1363 3033 1632 3100 doctrina,
1664 3052 1684 3086 ι

1791 1924 1896 1980 sibi
1929 1923 2214 1978 scientiam
2247 1935 2485 1993 arrogat,
2519 1923 2656 1976 adeo
2686 1936 2807 1977 esse
2838 1922 3076 1988 excelsa,
3111 1922 3246 1977 adeo
3278 1937 3376 1977 su-

1790 2033 1889 2089 pra
1922 2017 2234 2071 mortalium
2265 2017 2430 2072 etiam
2461 2015 2702 2071 ﬁdelium
2749 2023 2967 2084 captum
3001 2013 3277 2080 sublimia,
3312 2023 3376 2070 ut

1791 2125 1856 2168 ea
1888 2125 1920 2165 a
1953 2108 2244 2166 Trallianis
2277 2109 2392 2166 suis
2425 2108 2544 2178 capi
2577 2122 2740 2178 posse
2771 2107 3039 2178 desperet.
3075 2105 3247 2178 Cujus
3278 2123 3374 2162 τισι

1791 2205 1996 2260 tionem
2031 2203 2187 2260 affert
2219 2217 2329 2258 non
2361 2201 2657 2259 admodum
2691 2201 3010 2268 ofﬁciosam,
3047 2200 3191 2256 hanc
3227 2201 3374 2256 scili-

1793 2307 1898 2362 cet,
1933 2297 2079 2368 quod
2112 2297 2202 2352 isti
2236 2297 2346 2353 sint
2396 2297 2598 2368 νήπιοι,
2640 2315 2659 2348 ι
2698 2295 2947 2365 parvuli,
2978 2294 3156 2364 pueri,
3192 2295 3374 2351 infan-

1797 2399 1897 2446 tes.
1947 2387 2066 2444 Non
2119 2389 2276 2445 video
2308 2389 2585 2460 quomodo
2630 2404 2883 2460 magnam
2931 2389 3037 2445 sibi
3087 2390 3376 2448 scientiam

1795 2491 2034 2553 arrogat,
2069 2482 2162 2553 qui
2198 2496 2257 2537 se
2294 2497 2460 2551 supra
2491 2496 2692 2552 pueros
2725 2496 2916 2550 sapere
2946 2481 3098 2537 dicit.
3133 2480 3254 2538 Non
3290 2485 3374 2538 in-

1796 2575 1976 2646 telligo
2007 2575 2284 2645 qu‘omodo
2317 2575 2442 2645 quis
2476 2575 2566 2629 illa
2601 2575 2736 2629 adeo
2767 2575 2983 2630 excelsa
3013 2591 3158 2641 esse,
3193 2587 3248 2632 et
3279 2592 3376 2633 su-

1793 2683 1889 2737 pra
1921 2668 2166 2721 omnium
2207 2667 2523 2722 mortalium
2569 2676 2789 2737 captum
2838 2667 3094 2723 sublimia
3139 2678 3373 2737 asserat,

1793 2774 1916 2829 qua:
1963 2767 2172 2814 tantum
2218 2760 2288 2814 ab
2330 2759 2633 2816 infantibus
2686 2759 2807 2830 capi
2847 2775 2956 2814 non
2990 2775 3152 2830 posse
3183 2762 3376 2817 existi-

1795 2863 1926 2907 mat.
1962 2850 2082 2907 Non
2125 2853 2283 2922 capio
2338 2868 2512 2922 quare
2546 2853 2697 2923 pueri
2739 2872 2757 2905 ι
2779 2852 2890 2908 Deo
2911 2853 3059 2924 digni
3084 2876 3104 2908 ο
3133 2855 3239 2911 dici
3262 2871 3374 2912 non

1793 2945 2028 3012 possint,
2063 2951 2158 2997 aut
2187 2960 2206 2993 ι
2239 2951 2475 2997 mentem
2509 2943 2840 3014 inculpatam
2873 2952 2928 2998 et
2955 2944 3373 3015 inseparabilem

1796 3035 1851 3090 in
1885 3036 2146 3105 patientia
2189 3053 2208 3085 ι
2247 3050 2358 3089 non
2392 3035 2647 3090 habeant.

145 3141 239 3196 qua:
265 3144 384 3184 sane
411 3129 466 3184 S.
501 3129 718 3195 lgnatio
741 3128 1017 3200 incognita
1045 3142 1168 3182 esse
1188 3141 1296 3180 non
1328 3127 1522 3196 potuit,
1549 3141 1687 3179 non-
1714 3137 1762 3200 (ξ
1865 3125 1972 3181 Sed
2006 3142 2106 3182 nec
2138 3127 2274 3182 satis
2306 3127 2588 3184 modestus
2622 3129 2946 3185 censoribus
2979 3133 3206 3202 nuperis
3236 3135 3376 3190 scri-

150 3219 265 3273 nulla
306 3220 368 3274 de
407 3222 734 3291 angelorum
781 3220 950 3274 variis
999 3217 1187 3274 ofﬁciis
1231 3226 1284 3272 et
1326 3215 1682 3285 dignitatibus

148 3309 433 3367 referuntur.
483 3311 681 3381 Neque
716 3325 846 3365 vero
883 3309 1030 3380 quod
1057 3324 1120 3364 ea
1153 3307 1352 3363 dixerit
1379 3306 1687 3361 Trallianos

147 3405 530 3472 strangulatum,
560 3404 704 3459 adeo
735 3404 849 3459 haec
884 3402 1139 3458 sublimia
1165 3416 1288 3457 esse
1318 3400 1541 3455 iudicat.
1571 3398 1688 3455 Hoc

147 3492 259 3546 enim
280 3495 341 3549 ad
361 3511 452 3552 eos
471 3506 737 3567 tanquam
761 3494 996 3550 infantes
1019 3495 1224 3549 dictum
1253 3501 1359 3559 est,
1383 3495 1478 3564 qui
1509 3493 1687 3548 solido

147 3582 242 3638 cibo
262 3583 406 3642 facile
441 3587 897 3657 strangulantur;
927 3585 1078 3659 quod
1114 3585 1438 3639 tralatitium
1483 3593 1588 3640 est.
1619 3582 1690 3639 Ut

150 3672 469 3736 Tertullianus
515 3680 684 3750 epist.
735 3678 840 3741 64.
885 3677 954 3733 de
1005 3674 1351 3748 Origenianis
1403 3676 1684 3750 loquitur:

155 3787 170 3818 σ
194 3767 259 3822 Ex
278 3786 379 3840 quo
405 3773 602 3827 volunt
645 3770 890 3841 intelligi,
926 3785 1028 3824 nos
1069 3769 1160 3840 qui
1213 3768 1443 3823 necdum
1490 3768 1686 3823 initiati

151 3874 324 3926 sumus,
351 3863 547 3919 debere
578 3863 771 3918 audire
794 3861 1158 3927 mendacium,
1188 3876 1257 3915 ne
1279 3860 1495 3930 parvuli
1526 3869 1690 3930 atque

151 3954 373 4011 lactentes
421 3955 707 4012 solidioris
749 3955 854 4010 cibi
907 3954 1089 4010 edulio
1141 3953 1490 4016 sull‘ocemur,
1531 3971 1550 4004 ι
1585 3951 1690 4007 hoc

150 4055 214 4100 est
238 4047 794 4120 στραγγαλωθὼμεθα.
831 4046 898 4101 Ει
931 4046 1166 4102 Dallaeus
1213 4046 1329 4116 ipse
1372 4043 1548 4114 capite
1593 4043 1685 4112 29,

151 4134 252 4192 dum
283 4141 388 4196 haec
424 4141 622 4212 lgnatii
659 4141 824 4195 verba
855 4140 1065 4204 recitat,
1096 4138 1350 4194 observat
1384 4153 1402 4188 ι
1455 4135 1512 4190 in
1552 4133 1687 4205 ipsis

152 4241 300 4296 aperte
321 4248 572 4304 expressa
616 4232 832 4288 Paulini
863 4247 1059 4287 sensus
1083 4229 1334 4300 vestigia.
1369 4247 1390 4280 ι

209 4322 298 4378 Sed
321 4336 370 4380 et
391 4329 494 4382 hoc
527 4327 715 4396 plane,
748 4325 946 4393 inquit.
980 4343 999 4375 ‹
1028 4323 1472 4392 intempestivum
1499 4340 1518 4375 ι
1545 4329 1683 4376 erat.

153 4414 242 4472 imo
266 4435 381 4474 vero
406 4429 460 4474 et
489 4420 622 4474 huic
652 4418 772 4472 loco
793 4431 847 4472 et
869 4416 1102 4487 tempori
1141 4415 1379 4470 maxime
1407 4415 1680 4484 congruit.

1786 3227 1912 3289 ptor
1965 3219 2210 3284 videtur,
2265 3219 2398 3274 dum
2449 3218 2772 3291 Polycarpo,
2813 3239 2833 3273 ι
2875 3232 3136 3294 tanquam
3190 3227 3374 3296 tyroui

1786 3309 2042 3380 magister
2082 3329 2100 3361 ι
2140 3310 2363 3375 scribit,
2399 3310 2552 3364 αίτοῦ
2585 3309 2798 3364 σύνεσιν
2839 3311 3058 3368 πλείονα
3098 3311 3167 3387 ἧς
3205 3315 3376 3390 ἔχεις⁹

1792 3422 1812 3455 ι
1853 3411 1978 3474 pete
2027 3401 2381 3472 prudentiam.
2427 3404 2745 3473 ampliorem
2792 3420 2856 3460 ea
2902 3421 3067 3476 quam
3111 3407 3300 3464 habes.
3344 3428 3366 3461 ι

1787 3491 1833 3550 Ο
1879 3495 2200 3566 praeclarum
2245 3493 2604 3550 immodestiae
2645 3496 2956 3566 specimen!
3010 3497 3194 3554 Monet
3243 3515 3370 3555 eum

1787 3597 1849 3645 ut
1876 3589 2150 3659 juniorem
2186 3590 2391 3656 senior,
2429 3597 2489 3644 ut
2535 3590 2762 3645 charum
2796 3592 3030 3657 amicus,
3065 3601 3127 3648 ut
3158 3593 3372 3664 episco-

1787 3699 1917 3754 pum
1957 3682 2264 3749 confessor,
2299 3693 2354 3738 et
2399 3683 2651 3738 hortatur
2697 3684 2765 3738 ad
2816 3685 3150 3740 incrementa
3203 3687 3371 3755 spiri-

1787 3775 2018 3829 tualium
2052 3776 2323 3830 donorum
2349 3775 2699 3844 acquirenda,
2733 3786 2786 3830 et
2813 3792 2844 3831 a
2878 3776 2990 3832 Deo
3023 3779 3206 3834 omnis
3237 3779 3370 3835 boni

1787 3866 1938 3922 fonte
1988 3868 2241 3937 petenda.
2289 3865 2558 3922 Monitum
2597 3867 2757 3938 plane
2803 3868 2908 3924 hoc
2953 3885 3063 3925 non
3101 3869 3371 3927 immode-

1788 3967 1958 4026 stum,
1988 3957 2081 4014 sed
2117 3958 2268 4028 pium
2303 3958 2557 4029 inprimis
2599 3967 2655 4014 et
2688 3958 2881 4028 ﬁdele;
2931 3961 3190 4032 quodque
3219 3971 3371 4019 vete-

1786 4066 1875 4106 res
1922 4053 2018 4122 qui
2063 4051 2181 4108 loca
2219 4051 2530 4108 communia
2577 4059 2902 4118 tractarunt,
2945 4053 3048 4108 sibi
3082 4053 3370 4124 diligenter

1786 4143 2206 4198 exscribendum
2239 4143 2522 4212 putabant.
2550 4139 2736 4212 Neque
2769 4157 2898 4200 vero
2931 4143 3067 4199 levis
3099 4145 3365 4214 suspicio,

1787 4237 1904 4293 haec
1956 4234 2128 4291 fuisse
2177 4232 2456 4306 signanter
2487 4237 2653 4304 dicta,
2696 4243 2752 4291 et
2794 4235 3000 4306 aliquid
3051 4234 3143 4294 hic
3188 4237 3368 4304 iunui,

1786 4328 1933 4399 quod
1965 4327 2124 4382 valde
2156 4335 2345 4383 notatu
2379 4327 2612 4398 .diguum
2663 4336 2770 4383 est.
2807 4326 2943 4380 Nam
2977 4337 3031 4383 et
3078 4328 3134 4382 in
3168 4326 3364 4383 Inscri-

1786 4421 1969 4491 ptione
2020 4417 2305 4488 Polycarpi
2367 4417 2555 4472 scribit
2598 4434 2610 4470 :
2688 4417 2998 4488 Ἐπισκόπῳ
3043 4417 3368 4490 Ἐκκλησίας

155 4506 276 4574 Quod
301 4518 482 4567 utnon
513 4511 728 4566 videret
754 4509 1006 4575 Dallaeus,
1037 4507 1204 4574 foeda,
1231 4515 1292 4562 ut
1313 4507 1528 4577 opinor,
1559 4521 1685 4560 sen-

1796 4509 2128 4584 Σμυρναίων,
2167 4508 2368 4579 μᾶλλον
2393 4509 2820 4581 ὲπεσκοπημένῳ
2851 4509 2955 4563 ὑπὸ
2986 4509 3121 4563 Θεοῦ
3154 4511 3368 4586 nam;

157 4601 300 4656 tentia
338 4604 694 4673 praecedentis
741 4602 1070 4671 corruptela,
1119 4599 1210 4654 cui
1254 4607 1362 4654 tam
1402 4598 1687 4653 infeliciter

156 4693 373 4750 medelam
408 4697 671 4751 adhibere
699 4707 927 4749 conatus
957 4702 1041 4748 cst
1069 4691 1398 4755 Salmasius,
1427 4691 1482 4744 in
1523 4705 1688 4744 causa

159 4781 252 4838 fuit.
279 4785 371 4842 Ista
398 4789 505 4842 duo
531 4787 798 4841 vocabula
833 4785 1022 4838 ἑαυτὸν
1045 4785 1294 4856 πότερον,
1322 4783 1390 4837 ab
1411 4782 1504 4836 illo
1525 4781 1689 4836 toties

158 4887 310 4932 vexata
336 4890 386 4934 et
412 4882 599 4950 pejora
629 4879 793 4943 facta,
829 4877 1086 4932 facillime
1126 4876 1182 4930 in
1217 4890 1390 4930 unum
1421 4889 1488 4928 ex
1521 4872 1690 4927 inter-

159 4968 356 5033 polatore
391 4973 840 5042 compinguntur,
876 4978 936 5023 ut
968 4968 1195 5022 minima
1229 4965 1530 5020 mutatione
1569 4982 1692 5017 συν-

160 5058 403 5132 τονώτερον
444 5063 679 5132 legatur.
715 5059 832 5126 Qua
855 5075 990 5114 voce
1019 5059 1292 5123 restituta,
1323 5057 1536 5126 reliqua
1583 5055 1688 5108 mi-

162 5145 278 5202 nimo
316 5153 519 5222 negotio
564 5161 848 5207 sanantur.
897 5151 988 5205 Sic
1015 5150 1178 5220 igitur
1223 5149 1392 5219 lego:
1438 5146 1704 5217 Ἀγαπῶν

163 5236 272 5305 ὑμᾶς
318 5244 588 5315 φείδομαι·
657 5242 1048 5315 συντονώτερον
1106 5241 1402 5312 δυνάμενος
1459 5240 1691 5312 γράφειν

163 5331 260 5399 περὶ
285 5334 457 5389 τούτου
507 5338 589 5400 είς
619 5334 780 5389 τοῦτο
801 5335 985 5406 ᾠήθην
1020 5334 1107 5386 ἵνα
1139 5330 1215 5386 ὢν
1248 5331 1576 5404 κατάκριτος
1615 5330 1692 5394 ὡς

163 5420 405 5491 ἀπόστολος
437 5429 564 5499 ὑμῖν
597 5428 993 5498 διατάσσωμαι.
1023 5426 1306 5497 Signiﬁcat
1336 5439 1395 5480 se
1422 5425 1475 5478 in
1507 5423 1692 5478 animo

165 5507 373 5572 habuisse
408 5519 614 5589 aliquid
647 5519 715 5572 ad
749 5534 844 5574 eos
869 5533 968 5588 pro
1015 5519 1272 5587 episcopo
1325 5531 1425 5569 suo
1469 5512 1694 5584 Polybio

165 5605 374 5674 scribere,
405 5628 566 5680 quem
598 5613 858 5683 majorem
886 5611 1053 5666 etiam
1089 5609 1233 5680 apud
1257 5607 1506 5662 ethnicos
1538 5619 1693 5660 reve-

166 5697 350 5754 rentiam
375 5704 636 5771 obtinere,
675 5720 839 5776 quam
871 5702 1015 5775 apud
1039 5703 1209 5773 ipsos,
1240 5699 1477 5768 indicat;
1509 5697 1691 5754 acrius

217 5787 255 5818 ⁵³
269 5790 387 5864 Cap.
417 5811 476 5864 ιι,
505 5811 560 5852 v.
588 5795 678 5854 l9.

1789 4602 1882 4657 καὶ
1915 4601 2124 4672 Κυρίου
2172 4599 2348 4672 Ἰησοῦ
2380 4599 2636 4671 Χριστοῦ.
2678 4617 2697 4650 ι
2739 4599 3007 4671 Episcopo
3054 4599 3368 4673 Smyrnaea-

1789 4709 1934 4760 rum,
1963 4693 2139 4764 magis
2171 4701 2350 4747 autem
2382 4691 2602 4747 visitato
2647 4707 2677 4746 a
2718 4690 2827 4747 Deo
2859 4690 3016 4747 Patre
3047 4702 3102 4748 et
3134 4692 3369 4750 Domino

1789 4785 1917 4842 Jesu
1947 4786 2187 4840 Christo.
2232 4804 2251 4836 ι
2283 4785 2514 4838 lnnuere
2546 4791 2729 4837 autem
2765 4783 2980 4838 videtur
3013 4784 3195 4838 locum
3229 4784 3362 4855 Apo-

1789 4879 2072 4950 ealypseos
2088 4877 2154 4944 ",
2173 4891 2282 4947 quo
2298 4875 2555 4931 scribitur
2571 4876 2638 4930 ad
2672 4876 2923 4945 angelum
2957 4873 3363 4948 Smyrnaaorum

1791 4971 2082 5026 Ecclesiae:
2109 4989 2126 5021 ‹
2150 4969 2286 5025 Νονί
2305 4985 2468 5040 opera
2485 4979 2598 5024 tua.
2624 4989 2642 5020 ι
2666 4968 2797 5036 Quae
2816 4969 2862 5024 si
2880 4969 3186 5025 observatio
3218 4980 3366 5026 recta

1792 5065 1884 5130 sit,
1919 5080 2028 5119 non
2076 5063 2435 5118 dubitandum
2470 5063 2592 5129 erit,
2655 5062 2883 5132 quinilli
2930 5070 3136 5131 septem
3189 5063 3367 5133 angeli

1791 5156 2144 5212 ecclesiarum
2194 5155 2416 5209 totidem
2453 5151 2657 5207 fuerint
2687 5153 2906 5223 proprie
2937 5153 3070 5208 dicti
3101 5153 3364 5224 episcopi.

2379 5244 2608 5300 CAPUT
2647 5244 2762 5300 XII.

1791 5347 2117 5409 Argumenta
2150 5359 2183 5396 a
2213 5343 2442 5395 dictione
2471 5342 2635 5409 petita
2671 5339 3004 5409 refelluntur.
3049 5337 3184 5409 Vera
3225 5339 3365 5392 vocis

1899 5358 2117 5398 'umenta
2150 5359 2183 5396 a
2213 5358 2442 5395 atcuone
2507 5358 2635 5395 eum
2671 5358 3004 5409 releuuntur.
3054 5358 3184 5392 vera
3225 5358 3365 5392 voas

1899 5415 2121 5486 εοφόρου
2150 5415 2305 5486 Ῠιιοιὶο
2340 5358 2503 5481 aput],
2523 5413 2788 5486 antiquos.
2928 5425 3026 5463 vox
3058 5408 3117 5464 S.
3150 5407 3365 5486 [gnatio

1863 5480 1990 5538 duxit
2029 5480 2083 5537 in
2112 5484 2240 5537 vivis
2271 5480 2434 5548 esset,
2475 5482 2674 5534 tributa
2709 5490 2806 5533 est.
2847 5480 3122 5534 Sermones
3163 5480 3365 5548 Ignatii

1865 5571 1984 5608 cum
2012 5554 2246 5624 Trojano
2274 5553 2442 5605 habiti
2471 5551 2827 5624 explicantur.
2857 5549 3119 5624 Martyres
3153 5565 3184 5601 a
3208 5565 3368 5624 paga-

1861 5626 1967 5690 nis,
1999 5619 2404 5690 κακοδαίμονες,
2449 5619 2656 5685 miSeri,
2697 5638 2785 5674 seu
2817 5621 3061 5675 infelices
3080 5619 3362 5673 nominati.

1868 5641 1967 5690 ms,
1999 5641 2220 5678 κακοοαι
2269 5641 2404 5685 ονες,
2449 5641 2656 5685 miseri,
2697 5641 2785 5674 seu
2817 5641 3061 5675 inteuces
3080 5641 3362 5673 nonunau.

1868 5693 2081 5750 Fabula
2116 5697 2179 5750 de
2304 5693 2516 5763 Ignatio
2546 5708 2706 5762 puero
2746 5692 2799 5744 in
2830 5690 2970 5745 ulnis
2998 5690 3197 5745 Christi
3226 5703 3366 5747 καθ’
