3834 6214
422 357 528 414 399

1472 352 1542 409 ‘S.
1582 350 1927 410 ICNATIUS.
1967 381 2037 393 -—
2067 346 2586 407 PRDLECOMENA

3558 341 3673 397 ιθο

491 487 582 549 pto
614 492 710 549 nec
745 476 903 531 titulo
939 472 1841 549 longedposterioraAlia_tr_atlitio
1863 512 1880 538 ,
1908 471 1991 549 illi

2106 470 2304 541 Ξινδρῶν
2330 467 2656 541 εἰρημένοις.
2694 465 2949 525 Oratione
2982 459 3053 519 37
3078 465 3210 529 z'tk‘
3236 472 3320 530 τις
3350 461 3459 519 τῶν
3488 461 3675 535 μικρῷ

495 542 691 619 fabula:
718 563 913 619 cowva,
939 542 1197 619 veteribus
1229 546 1520 619 incognita.
1550 542 1791 619 Fabula;
1823 544 1992 612 ipsius

490 615 809 672 Anastasius
862 628 909 670 et
961 615 1363 686 Metaphrastes’
1403 615 1562 686 primi
1624 615 1991 686 meminerunt.

496 686 703 758 Ignatii
738 687 1059 758 patriarcha:
1105 684 1680 758 constantinopolitani
1729 693 1885 758 nitate
1910 684 1996 752 fa-

496 753 634 812 bula:
668 753 811 812 natae
835 757 1097 811 videntur.
1139 754 1337 811 Noster
1378 753 1626 825 Ignotius
1666 755 1994 824 presbyteros

504 828 692 892 ἱερέας
718 843 818 881 non
847 826 1100 897 appellat.

492 943 672 1011 Atque
698 941 816 996 haec
839 940 1059 1011 quidem
1088 939 1351 994 hactenus
1381 936 1449 991 de
1481 936 1646 992 rebus
1685 935 1842 1005 ipsis,
1874 949 1997 1004 quae

423 1032 703 1104 epistolas,
735 1046 872 1103 quas
912 1030 1284 1097 defendimus,
1331 1027 1390 1083 S.
1428 1027 1635 1098 lgnatio
1664 1028 1920 1097 episcopo
1944 1035 1998 1080 et

423 1124 649 1196 martyri
690 1124 865 1179 aliena
905 1137 1072 1177 manu
1119 1122 1345 1176 minime
1387 1119 1635 1175 subditas
1664 1117 1837 1175 fuisse
1870 1134 1995 1189 per—

422 1217 673 1273 suadent.
707 1213 840 1283 Quae
858 1222 1163 1285 sequuntur
1208 1233 1227 1264 ι
1259 1213 1561 1268 orationem
1584 1253 1599 1279 ,
1640 1219 1695 1266 et
1722 1211 1887 1266 verba
1928 1226 1997 1265 ex

423 1308 629 1379 quibus
659 1307 835 1363 oratio
859 1315 1109 1363 contexta
1136 1314 1242 1369 est,
1288 1325 1306 1357 ι
1337 1310 1603 1375 spectant.
1636 1301 1713 1358 De
1750 1303 1998 1358 oratione

427 1400 481 1454 in
514 1414 709 1469 genere
737 1397 1009 1469 disputat,
1040 1397 1132 1453 sed
1171 1396 1310 1452 nihil
1342 1396 1490 1451 aliud
1520 1395 1748 1461 asserit,
1793 1409 1994 1465 quam,

420 1491 682 1562 epistolas
710 1489 996 1546 duodecim
1019 1507 1038 1541 ε
1076 1504 1185 1544 non
1213 1504 1334 1545 esse
1363 1490 1527 1544 unius
1546 1488 1791 1559 ejusdem
1810 1496 1999 1542 aucto-

420 1600 522 1651 l'ls,
556 1601 575 1635 ι
612 1584 757 1653 quod
779 1583 826 1637 ei
856 1582 1216 1638 libentissime
1242 1581 1614 1637 concedimus.
1641 1580 1777 1642 Cum
1812 1590 1997 1637 autem

420 1676 666 1730 omnium
698 1673 1057 1744 epistolarum
1090 1672 1368 1744 ingenium
1402 1681 1457 1728 et
1483 1672 1657 1728 ideam
1690 1673 1880 1728 critice
1911 1688 1998 1728 re-

422 1773 740 1836 praesentat,
773 1764 1186 1834 antiquissimas
1212 1764 1357 1830 illas,
1376 1762 1613 1819 Eusebio
1639 1764 1803 1831 visas,
1821 1765 1998 1820 maxi-

423 1873 510 1912 me
530 1856 803 1926 exagitat;
836 1872 1026 1911 earum
1051 1857 1250 1927 stylum
1287 1855 1443 1911 miris
1467 1856 1647 1913 modis
1674 1858 1905 1912 infamat
1929 1872 1994 1912 ac

422 1951 698 2020 deturpat,
730 1949 878 2005 illius
902 1950 1184 2006 sententia:
1211 1950 1269 2004 S.
1296 1948 1614 2022 Hieronymi
1644 1950 1869 2006 minime
1882 1965 1999 2005 me-

421 2063 573 2101 mor:
613 2065 632 2098 t
684 2045 810 2102 Scio
843 2047 986 2101 inter
1014 2044 1360 2102 Christianos
1392 2046 1685 2100 verborum
1717 2046 1849 2100 vitia
1887 2059 1998 2100 non

423 2140 599 2194 solere
628 2138 970 2209 reprehendi.
1001 2157 1019 2190 ι

496 2229 682 2286 Prima
716 2230 977 2286 dictionis
1022 2228 1174 2285 labes
1199 2243 1364 2299 quam
1391 2228 1649 2285 observat
1685 2237 1771 2285 est
1795 2243 2001 2300 cogno-

420 2332 670 2382 mentum
711 2323 971 2397 θεοφόρου
993 2322 1185 2395 lgnatii
1219 2321 1429 2377 nomini
1461 2337 1674 2392 semper
1700 2320 1996 2392 adjectum.

422 2418 493 2472 At
521 2425 666 2472 certe
692 2416 740 2472 si
767 2430 875 2471 vox
913 2414 1171 2487 θεοφόρος
1203 2424 1626 2484 cognomentum
1659 2414 1760 2479 sit,
1800 2414 2000 2486 stylum

422 2509 510 2564 vel
550 2507 847 2564 dictionem
881 2506 1109 2562 minime
1155 2506 1333 2574 laedit;
1389 2521 1568 2576 neque
1612 2507 1904 2578 quisquam
1934 2522 2000 2563 eo

423 2600 615 2657 rudius
650 2609 745 2657 aut
786 2599 1050 2655 incultius
1095 2599 1338 2655 scribere
1368 2598 1477 2654 diei
1511 2607 1729 2669 potest,
1766 2600 1911 2669 quod
1942 2615 2002 2655 se

412 2694 508 2749 τοι
533 2708 643 2749 uno
670 2693 756 2749 vel
790 2692 1043 2762 pluribus
1074 2690 1391 2747 nominibus
1431 2691 1648 2761 prohat.
1693 2690 1797 2747 Sed
1833 2712 1851 2744 ι
1896 2693 2003 2748 hoc

420 2783 618 2857 lgnatii
652 2798 852 2838 nomen
891 2780 1244 2852 Theophanis
1294 2792 1350 2836 et
1399 2781 1544 2851 apud
1599 2781 2003 2837 vetustissimos

426 2890 620 2931 omnes
649 2883 734 2931 est
756 2874 1087 2940 inauditum,
1115 2883 1169 2929 et
1196 2872 1356 2944 plane
1378 2872 1714 2937 fabulosum,
1746 2882 1801 2927 et
1830 2888 1896 2928 ex
1921 2872 2003 2927 l'a-

423 2969 553 3024 bula
579 2977 783 3023 ortum.
804 2965 949 3038 Ergo
975 2966 1235 3036 epistolas
1259 2965 1485 3021 alterius
1513 2965 1747 3036 alicujus
1763 2965 1854 3020 diu
1882 2973 2003 3035 post

419 3058 692 3132 'lgnatium
718 3057 891 3113 fuisse
918 3072 1144 3113 necesse
1168 3065 1274 3112 est.
1316 3075 1336 3109 ι
1365 3054 1481 3111 Hoc
1516 3056 1682 3127 igitur
1711 3070 2003 3125 argumen-

2095 560 2331 633 πρόσθεν
2362 559 2637 632 θεοφόρων
2668 558 3080 629 ἐφιλοσόφησεν.
3113 556 3392 611 Palladius
3422 554 3478 609 in
3519 553 3647 609 Ρη

2095 648 2298 705 fatione
2320 648 2604 705 Lausiactc
2629 649 2871 705 historiae
2896 667 2909 703 :
2941 648 3101 721 Παρὰ
3123 646 3398 719 θεοφόρων
3421 644 3680 716 ἀθλητῶν

2094 739 2188 796 τοῦ
2221 740 2461 813 Χριστοῦ
2495 741 2594 813 τὴν
2641 740 2893 813 οὐράνιον
2927 738 3134 795 τούτων
3162 737 3306 810 ζωὴν
3344 737 3671 809 ὲκμεμάθη·

2096 853 2185 888 κα.
2222 834 2459 901 Quintus
2491 834 2549 890 S.
2581 834 2766 907 Cyrilli
2793 832 3287 889 anathematisrnus
3332 833 3404 887 ab
3432 834 3676 887 Anasta.

2097 928 2181 981 sio
2212 943 2443 983 versus:
2475 945 2496 979 ‹
2530 925 2589 982 Si
2628 926 2753 997 quis
2785 927 2947 982 audet
2978 925 3159 981 dicere
3178 923 3460 980 Christum
3492 923 3682 978 homi-

2095 1038 2219 1077 nem
2270 1022 2556 1096 ἄνθρωπον
2610 1021 2902 1094 θεοφόρον,
2973 1019 3027 1075 id
3080 1028 3166 1075 est
3222 1018 3502 1073 hominem
3560 1015 3681 1071 Deo

2096 1123 2339 1169 utentem
2386 1129 2446 1169 se
2493 1123 2861 1184 asportantem
2891 1106 3027 1183 [lege
3060 1112 3176 1167 sive
3197 1108 3568 1182 portantem],
3624 1118 3682 1164 et

2095 1220 2205 1260 non
2244 1203 2416 1261 Deum
2443 1220 2566 1261 esse
2606 1206 2874 1260 veraciter
2915 1202 3154 1269 dixerit,
3197 1203 3486 1257 anathema
3520 1201 3620 1256 sit.
3652 1218 3677 1254 ι

2097 1296 2163 1351 Ει
2191 1307 2370 1353 tamen
2416 1296 2477 1352 Β.
2525 1295 2902 1352 Theodoretus
2922 1337 2938 1364 ,
2962 1295 3057 1350 τὸν
3086 1295 3339 1367 θεοφόρον
3378 1294 3436 1348 δὲ
3467 1292 3683 1366 ἀνθρω-

2096 1404 2197 1440 πον
2228 1386 2304 1451 ὡς
2346 1386 2559 1452 πολλοῖς
2601 1387 2711 1443 τῶν
2752 1386 2926 1456 ἁγίων
2968 1386 3231 1459 Πατέρων
3275 1384 3568 1457 εἰρημένον
3617 1384 3683 1437 οὐ

2095 1478 2531 1553 παραιτούμεθα·
2566 1499 2586 1532 ι
2626 1476 2899 1533 Deiferum
2928 1479 3228 1542 hominem,
3256 1474 3400 1529 sicut
3427 1489 3459 1527 a
3487 1473 3686 1527 multis

2097 1572 2303 1626 sanctis
2326 1570 2582 1626 Patribus
2607 1570 2786 1626 dictus
2812 1578 2929 1635 est,
2968 1582 3077 1623 non
3106 1567 3409 1636 rejicimus.
3449 1586 3468 1618 ι
3497 1564 3687 1635 Cyril-

2097 1662 2184 1718 lus
2205 1670 2386 1716 autem
2417 1681 2430 1715 :
2462 1661 2647 1733 Φαμὲν
2675 1661 2786 1733 γὰρ
2817 1660 2977 1731 ἡμεῖς
3007 1658 3070 1712 τὸ
3101 1656 3175 1729 μὴ
3208 1656 3407 1728 χρῆναι
3437 1657 3583 1730 πρός
3608 1673 3689 1710 τι·

2098 1773 2187 1819 νος
2220 1755 2475 1828 θεοφόρον
2496 1754 2778 1826 ἄνθρωπον
2808 1750 3166 1824 ὀνομάζεσθαι
3196 1749 3288 1803 τὸν
3319 1748 3686 1821 Χριστὸν,ῖνα

2103 1850 2177 1921 μὴ
2196 1847 2316 1902 καθ’
2338 1847 2434 1901 ἕνα
2445 1846 2552 1901 τῶν
2563 1845 2733 1916 ἁγίων
2747 1848 2935 1900 νοοῖτο.
2959 1863 2976 1896 ί
3001 1843 3241 1899 Dicimus
3264 1842 3410 1897 enim
3433 1856 3537 1896 nos
3568 1855 3685 1895 non

2101 1940 2297 1997 debere
2319 1940 2388 1996 ab
2406 1941 2590 2011 aliquo
2609 1939 2884 1994 Deiferum
2918 1936 3197 1992 hominem
3225 1935 3502 1990 nominari
3525 1935 3688 1989 Chri-

2101 2043 2269 2100 stum,
2308 2043 2464 2089 utne
2509 2032 2651 2088 sicut
2700 2047 2845 2087 unus
2888 2040 3205 2087 sanctorum
3255 2028 3617 2099 intelligatur.
3658 2049 3681 2083 ι

2099 2124 2363 2199 Eulogius
2396 2126 2541 2196 apud
2570 2123 2827 2180 Photium
2852 2124 2921 2179 de
2950 2121 3010 2178 S.
3054 2121 3258 2195 Cyrillo
3293 2139 3307 2174 :
3346 2123 3405 2176 Ὀ
3435 2122 3486 2176 δ’
3517 2121 3687 2186 αὐτὸς

2101 2219 2357 2291 θεοφόρος
2386 2217 2524 2290 ἀνὴρ
2548 2218 2649 2272 κᾶν
2673 2215 2750 2287 τῷ
2772 2215 3012 2288 δευτέρῳ
3039 2214 3470 2287 ἀναθεματισμῷ
3501 2214 3571 2269 τὰ
3596 2215 3689 2267 αὐ-

2097 2310 2169 2366 τὰ
2203 2311 2318 2382 βοᾷ.
2351 2309 2602 2377 Photius,
2637 2310 2868 2380 epistola
2897 2310 3074 2380 prima
3110 2309 3178 2364 de
3195 2309 3385 2379 quinta
3422 2307 3683 2380 synodo:

2059 2438 2068 2448 -
2101 2402 2271 2457 Πέντε
2314 2401 2372 2456 δὲ
2416 2402 2510 2456 καὶ
2550 2402 2818 2473 ἐξήκοντα
2848 2403 2945 2455 καὶ
2980 2403 3176 2455 ἑκατὸν
3204 2401 3480 2472 θεοφόρων
3514 2401 3687 2455 πατέ-

2103 2510 2212 2565 ρων
2242 2492 2516 2564 παρουσίᾳ
2548 2491 2643 2545 καὶ
2682 2491 2952 2564 συνδρομῇ
2987 2489 3335 2564 ἐκρατύνετο.
3372 2488 3449 2544 De
3485 2500 3683 2544 sexta:

2114 2583 2513 2657 Ἐϐδομήκοντα
2550 2584 2607 2638 δὲ
2649 2584 2755 2639 καὶε
2783 2583 2976 2638 ἑκατὸν
3012 2583 3294 2656 θεοφόροις
3330 2581 3561 2653 ἀνδράσι
3594 2581 3686 2635 τὸν

2101 2678 2289 2747 ἀγῶνα
2342 2677 2701 2750 ὑποδυομένη.
2755 2676 2830 2730 De
2882 2676 3159 2746 septima:
3216 2675 3338 2728 Τῶν
3395 2674 3687 2746 μακαρίων

2102 2772 2324 2825 ἐκείνων
2358 2770 2451 2825 καὶ
2474 2769 2636 2842 ἱερῶν
2666 2768 2874 2843 ἀνδρῶν
2903 2770 2936 2841 ἡ
2970 2767 3228 2843 θεοφόρος
3261 2768 3355 2821 καί
3388 2768 3522 2836 ἁγία
3548 2784 3676 2821 παν,

2103 2865 2314 2936 ήγυρις.
2358 2861 2858 2933 Frequentissimus
2915 2861 3083 2931 igitur
3130 2861 3298 2931 hujus
3344 2861 3600 2917 vocabuli
3626 2860 3683 2915 in

2101 2970 2349 3016 veterum
2381 2957 2598 3028 scriptis
2647 2972 2782 3013 usus
2824 2956 3125 3026 reperitur,
3177 2955 3339 3026 cujus
3389 2955 3685 3024 explicatio

2106 3052 2160 3105 in
2186 3050 2423 3107 Scholiis
2450 3050 2673 3105 Maximi
2696 3050 2763 3104 ad
2797 3050 2974 3104 locum
2992 3047 3233 3119 Dionysii
3258 3048 3484 3103 citatum
3504 3046 3685 3104 fusius

423 3161 540 3208 tum
583 3166 685 3209 suo
724 3151 848 3207 loco
875 3150 1146 3205 dimotum
1186 3159 1293 3214 est,
1319 3156 1375 3205 et
1411 3149 1476 3203 ad
1507 3163 1569 3203 ea
1593 3148 1849 3218 pertinet,
1879 3164 2003 3219 quae

2106 3142 2378 3198 traditur:
2409 3141 2723 3213 Σημείωσαι
2756 3141 2839 3194 ὅτι
2880 3139 2973 3193 καὶ
3016 3137 3077 3192 τὸ
3115 3137 3223 3191 τῶν
3257 3138 3426 3207 ἁγίων
3477 3138 3685 3211 θρόνων

426 3253 735 3315 temporum
766 3241 928 3297 ﬁdem
956 3240 1180 3311 pulsare
1211 3239 1523 3295 videantur.
1570 3238 1678 3294 Sed
1724 3239 1873 3293 salva
1911 3246 2001 3294 res

418 3345 552 3405 est;
594 3343 650 3391 et
685 3333 861 3404 magis
903 3340 1053 3389 certa
1095 3331 1263 3402 hujus
1305 3330 1656 3402 cognominis
1700 3330 2003 3400 antiquitas

425 3444 594 3501 quam
619 3436 678 3483 ut
701 3425 939 3483 recentis
968 3423 1170 3479 fabulae
1194 3418 1454 3493 prtetextii
1479 3420 1790 3492 rejiciatur,
1828 3419 2004 3491 magis

424 3520 707 3591 explorata
736 3517 988 3575 vocabuli
1020 3515 1172 3572 notio
1194 3515 1250 3569 in
1285 3523 1532 3568 veterum
1564 3509 1805 3583 scriptis,
1837 3525 2003 3582 quam

426 3625 492 3672 ut
516 3614 886 3685 posteriorum
912 3610 1134 3680 ineptiis
1156 3606 1431 3663 cludatur.

497 3706 767 3777 Θεοφόρος
799 3719 904 3759 vox
939 3712 1022 3759 est
1055 3701 1298 3772 antiquis
1339 3698 1596 3755 Ecclesiae
1644 3694 2005 3767 scriptoribus

428 3798 667 3855 maxime
703 3794 1028 3861 familiaris;
1068 3802 1129 3847 ut
1165 3794 1298 3848 huic
1343 3790 1448 3862 ipsi
1482 3789 1737 3859 scriptori
1783 3785 2005 3857 Ephesii

429 3890 761 3965 θεοφόροι,ει
784 3888 1039 3960 ναοφόροι
1073 3886 1348 3941 dicuntur.
1383 3883 1460 3938 Ita
1489 3883 1741 3939 Clemens
1771 3881 2007 3935 Alexan-

430 3983 624 4038 drinus
654 3983 708 4036 in
730 3980 1015 4051 Excerptis
1039 3979 1254 4041 asserit,
1270 3976 1525 4049 θεοφόρον
1541 3973 1781 4043 γίνεσθαι
1812 3971 1902 4027 τὸν
1921 3970 2005 4025 ἄν·

432 4074 650 4148 θρωπον
678 4074 959 4145 προσεχῶς
980 4068 1370 4144 ἐνεργούμενον
1404 4066 1511 4121 ὑπὸ
1536 4065 1635 4120 τοῦ
1664 4064 1890 4137 Κυρίου,
1915 4063 2010 4117 xa‘t

431 4165 684 4239 καθάπερ
718 4163 877 4235 σῶμα
918 4161 1083 4217 αὐτοῦ
1128 4161 1428 4231 γινόμενον.
1464 4157 1530 4213 Ει
1566 4156 1824 4213 Stromat.
1847 4195 1863 4223 ,
1908 4154 2005 4209 lib.

430 4276 507 4316 vn
530 4278 542 4315 :
570 4260 641 4313 Ἢ
664 4259 765 4312 οὐκ
792 4253 1172 4327 οἴδατε,φησὶν
1190 4255 1219 4305 ὁ
1258 4251 1597 4314 Ἀπόστολος,
1625 4249 1707 4301 ὅτι
1739 4248 1864 4313 ναός
1883 4248 2007 4300 ἐστε

431 4353 527 4410 τοῦ
559 4352 724 4419 Θεοῢ;
757 4351 910 4415 Θεῖος
941 4348 1049 4422 ἄρα
1079 4351 1109 4405 ὁ
1134 4344 1435 4418 γνωστικὸς
1468 4343 1562 4397 καὶ
1591 4342 1692 4414 ἤδη
1722 4342 1875 4410 ἅγιος
1902 4339 2015 4394 θεο-

433 4446 618 4519 φορῶν
662 4448 757 4501 καὶ
789 4442 1233 4515 θεοφορούμενος.
1269 4439 1413 4495 Idem
1446 4438 1591 4492 enim
1622 4444 1708 4490 est
1748 4432 2011 4503 templum

2100 3236 2285 3306 τάγμα
2316 3232 2573 3305 Θεοφόρον
2607 3229 2778 3295 εἶπεν,
2813 3231 2887 3294 ὡς
2922 3229 3085 3302 φέρον
3118 3229 3531 3300 ἀναπαυόμενον
3562 3245 3684 3299 νοη-

2101 3328 2210 3391 τῶς
2240 3326 2331 3380 τὸν
2372 3324 2525 3379 Θεόν.
2553 3324 2695 3395 Ὅρα
2726 3318 2818 3377 οὖν
2850 3321 3037 3393 ἐπειδὴ
3069 3322 3164 3375 καὶ
3195 3323 3223 3374 ὀ
3273 3322 3541 3393 μακάριος
3574 3320 3681 3372 Βα-

2102 3418 2297 3482 σίλειος
2343 3418 2372 3469 ὁ
2416 3416 2792 3486 Καππαδόκης
2847 3413 2946 3486 τὴν
3005 3416 3261 3486 θεοφόρον
3311 3409 3431 3467 εἷπε
3484 3414 3683 3484 σάρκα,

2103 3506 2404 3579 σκοπητέον
2436 3505 2553 3570 πῶς
2592 3504 2826 3577 εἴρηται.
2863 3503 3000 3557 Ἀλλ’
3032 3507 3064 3576 ἡ
3102 3506 3201 3574 μὲν
3233 3503 3370 3576 σὰρξ
3402 3503 3571 3558 αὐτοῦ
3591 3502 3685 3557 τοῦ

2101 3600 2309 3670 Κυρίου
2342 3598 2463 3652 κατ’
2493 3596 2679 3652 οὐσίαν
2711 3598 2803 3651 καὶ
2835 3596 2956 3651 καθ’
2991 3598 3286 3652 ὑπόστασιν
3310 3599 3518 3670 ἥνωται
3536 3595 3686 3668 αὐτῷ

2102 3691 2180 3763 τῷ
2211 3689 2330 3762 Θεῷ
2372 3691 2563 3761 Λόγῳ’
2613 3689 2696 3743 διὸ
2735 3690 2827 3742 καὶ
2861 3693 3221 3762 σαρκοφορεῖν
3252 3689 3417 3753 αὐτὸς
3464 3689 3686 3757 λέγεται

2104 3781 2255 3854 παρὰ
2287 3781 2395 3835 τῶν
2428 3781 2709 3853 Πατέρων,
2738 3781 2833 3833 καὶ
2868 3780 3047 3853 σάρκα
3080 3779 3423 3835 ἐνδύσασθαι.
3462 3780 3531 3833 Τί
3563 3780 3689 3834 ἄτο-

2104 3893 2205 3930 πον
2235 3870 2328 3929 οὖν
2361 3876 2410 3928 ει
2456 3874 2549 3928 καὶ
2594 3875 2628 3947 ἡ
2669 3874 2805 3946 σὰρξ
2835 3873 2998 3927 αὑτοῦ
3031 3871 3249 3941 λέγεται
3280 3872 3567 3945 θεοφόρος,
3613 3874 3690 3936 ὡς

2106 3965 2345 4039 φέρουσα
2376 3964 2466 4020 τὸν
2498 3964 2630 4018 Θεὸν
2660 3966 2830 4034 Λόγον
2859 3964 2978 4019 καθ’
2998 3963 3190 4017 ἕνωσιν
3217 3963 3560 4027 ἀδιᾶστατον,
3590 3965 3690 4017 αό-

2105 4058 2199 4113 τοῦ
2252 4057 2387 4131 σὰρξ
2432 4057 2526 4112 καὶ
2569 4057 2834 4129 λεγομένη
2867 4057 2961 4110 καὶ
3003 4055 3321 4127 ὑπάρχουσα
3353 4056 3560 4128 κυρίως
3596 4056 3692 4109 καὶ

2107 4148 2249 4204 κατὰ
2282 4148 2555 4220 ἀλήθειαν.
2586 4142 2746 4203 Οὗτοι
2777 4147 2834 4200 δὲ
2867 4146 3008 4199 κατά
3034 4146 3195 4216 χάριν
3227 4143 3445 4216 ἔχοντες
3473 4145 3531 4196 ἐν
3555 4146 3691 4199 ἑαυ-

2108 4245 2220 4307 τοῖς
2252 4240 2342 4295 τὸν
2369 4241 2500 4295 Θεὸν
2532 4240 2756 4313 ἀρρήτῳ
2780 4255 2839 4293 τε
2867 4239 3010 4309 λόγῳ
3038 4238 3131 4291 καὶ
3160 4237 3462 4307 ἀνεννοήτῳ
3480 4234 3694 4306 διανοίᾳ

2110 4335 2355 4407 θεοφόροι
2407 4334 2502 4387 καὶ
2549 4332 2700 4386 αὐτοὶ
2751 4332 2841 4385 διὰ
2890 4329 3050 4385 τοῦτο
3079 4327 3343 4398 λέγονται.
3383 4346 3402 4380 t
3443 4326 3694 4384 Observa

2112 4441 2238 4482 eum
2274 4434 2589 4481 sanctorum
2632 4425 2954 4479 thronorum
2993 4422 3241 4477 ordinem
3286 4420 3546 4493 θεοφόρον
3589 4436 3696 4476 no-

435 4513 532 4595 Dei
563 4552 719 4604 esse,
751 4546 805 4592 et
836 4513 1093 4608 θεοφόρον
1125 4547 1247 4588 esse
1267 4571 1283 4596 ,
1316 4530 1401 4586 vel
1432 4530 1729 4601 θεοφορεῖν.
1775 4525 2010 4580 Sanctus
2044 4530 2087 4585 D
2115 4519 2349 4586 minare,
2375 4517 2542 4573 veluti
2587 4517 2836 4587 ferentem
2881 4513 3320 4570 intellectualiter
3355 4513 3695 4569 residentem

436 4629 755 4701 Dionysius,
785 4626 1027 4682 Caelestis
1047 4624 1356 4679 hierarcltite
1396 4636 1517 4692 cap.
1551 4621 1604 4685 7,
1630 4621 1787 4675 docet
1810 4633 2011 4673 nomen

435 4723 619 4778 throni
665 4722 810 4777 inter
851 4719 1073 4775 ordines
1116 4718 1397 4790 angelicos
1437 4720 1699 4774 denotare
1727 4717 1787 4772 τὸ
1819 4717 2011 4787 θεοφό-

439 4834 550 4889 ρον.
587 4815 645 4871 S.
672 4813 908 4871 Basilius
940 4812 1014 4868 De
1039 4810 1247 4884 Spiritu
1278 4810 1361 4878 S.,
1385 4826 1505 4881 cap.
1538 4812 1571 4866 5
1599 4827 1611 4863 :
1663 4811 1757 4864 Ἐκ
1796 4809 1889 4864 τοῦ
1919 4810 2013 4862 ἀν-

436 4906 706 4979 θρωπείου
740 4905 1062 4980 φυράματος
1090 4906 1124 4976 ἡ
1159 4902 1414 4975 θεοφόρος
1448 4901 1585 4974 σὰρξ
1613 4900 1889 4972 συνεπάγη
1912 4941 1927 4965 ,
1961 4910 2016 4954 et

438 4998 663 5055 homilia
707 4999 765 5052 in
808 4996 1208 5052 Nativitatem:
1241 4994 1386 5047 Ἔδει
1428 4994 1489 5048 τὸ
1521 4993 1745 5064 Πνεῦμα
1778 4992 1871 5045 καὶ¹
1916 4991 2014 5064 τὴν

436 5089 663 5161 δύναμιν
688 5091 782 5146 τοῦ
811 5090 1063 5161 Ὑψίστου
1080 5089 1174 5163 τὴν
1202 5086 1461 5159 θεοφόρον
1494 5084 1709 5155 ἐκείνην
1742 5084 2016 5155 συστήσα-

440 5180 563 5234 σθαι
594 5179 793 5252 σάρκα.
830 5179 909 5234 Ac
951 5194 1143 5233 rursus
1183 5176 1410 5231 homilia
1456 5174 1511 5228 in
1558 5174 1830 5245 psalmum
1867 5189 1958 5226 LIX
1991 5190 2005 5225 :

450 5271 735 5342 ’Υπόδημα
764 5270 821 5323 δὲ
864 5268 966 5340 τῆς
999 5267 1248 5336 θεότητος
1282 5266 1315 5337 ἡ
1349 5264 1603 5337 θεοφόρος
1648 5262 1815 5336 σὰρξ,
1850 5261 1918 5314 δι’
1949 5256 2015 5333 ἧς

441 5362 612 5435 ἐπέϐη
644 5365 756 5426 τοῖς
778 5359 1102 5433 ἀνθρώποις.
1153 5358 1448 5428 Gregorius
1489 5354 1866 5410 Nazianzenus
1902 5354 2018 5422 epi-

442 5454 579 5509 stola
618 5455 686 5507 ad
717 5452 1028 5509 Cledonium
1070 5449 1105 5503 2
1130 5491 1144 5517 ,
1179 5449 1245 5504 de
1285 5448 1692 5519 Apollinaristis
1731 5464 1745 5498 :
1785 5446 1857 5499 Τὸ
1906 5445 2019 5498 δεῖν

443 5548 767 5618 προσκυνεῖν
804 5545 877 5616 μὴ
904 5541 1188 5615 ἄνθρωπον
1221 5540 1477 5612 θεοφόρον
1500 5581 1515 5605 ,
1549 5538 1685 5593 ἀλλὰ
1723 5537 1857 5591 Θεὸν
1887 5554 2019 5608 σαρ-

444 5638 695 5705 κοφόρον·
730 5647 785 5690 et
809 5652 822 5688 :
846 5634 938 5701 Μὴ
966 5632 1143 5704 σάρκα
1169 5631 1447 5702 θεοφόρον,
1480 5629 1614 5683 ἀλλὰ
1639 5628 1771 5682 Θεὸν
1808 5627 2015 5699 ἀνθρω-

445 5728 703 5802 ποφόρον.
743 5724 1003 5780 Oratione
1048 5724 1207 5779 tertia
1241 5742 1254 5778 :
1284 5722 1541 5776 Βούλεται
1575 5720 1682 5793 γὰρ
1712 5722 1841 5791 ἡμῖν
1872 5720 1901 5771 ὁ
1931 5719 2020 5772 λό-

441 5837 538 5891 γος
586 5819 662 5893 μὴ
712 5818 912 5887 ἐξεῖναι
957 5818 1253 5873 διαπιστεῖν
1296 5817 1410 5882 τοῖς
1455 5814 1559 5869 ὑπὸ
1592 5811 1698 5869 τῶν
1745 5811 2017 5883 θεοφόρων

2116 4610 2308 4666 Deum.
2344 4608 2524 4676 Quare
2552 4624 2675 4663 cum
2714 4608 2878 4662 etiam
2907 4605 2967 4660 Β.
2998 4605 3226 4662 Basilius
3251 4604 3550 4675 Cappadox
3582 4604 3700 4659 θεο-

2113 4702 2278 4774 φόρον
2306 4716 2531 4756 carnem
2578 4698 2737 4765 dixit,
2760 4696 3216 4753 considerandum
3249 4697 3525 4766 quomodo
3554 4697 3693 4751 illud

2111 4795 2316 4849 dictum
2367 4792 2458 4849 sit.
2511 4792 2654 4848 Caro
2682 4799 2863 4846 autem
2896 4790 3071 4861 ipsius
3118 4788 3336 4843 Domini
3385 4790 3693 4845 secundum

2113 4886 2478 4943 substantiam
2521 4895 2574 4940 et
2617 4884 2918 4940 secundum
2964 4882 3383 4939 subsistentiam
3412 4882 3567 4937 unita
3610 4891 3695 4938 est

2114 4980 2218 5049 ipsi
2252 4979 2364 5034 Deo
2386 4978 2598 5035 Verbo:
2629 4985 2965 5049 quapropter
2990 4984 3045 5031 et
3076 4978 3456 5047 σαρκοφορεῖν,
3476 4992 3694 5031 carnem

2115 5074 2253 5145 ferre
2294 5074 2409 5144 ipse
2454 5073 2654 5128 dicitur
2696 5086 2726 5126 a
2768 5070 3043 5136 Patribus,
3092 5078 3145 5124 et
3185 5084 3398 5122 carnem
3448 5069 3691 5122 induere.

2114 5163 2246 5232 Quae
2285 5165 2450 5234 igitur
2476 5163 2822 5228 absurditas,
2860 5162 2906 5218 si
2936 5163 3101 5216 etiam
3139 5175 3269 5214 caro
3313 5160 3437 5230 ejus
3471 5161 3695 5214 dicatur

2115 5257 2390 5330 θεοφόρος,
2424 5262 2683 5324 tanquam
2711 5254 2881 5323 ferens
2911 5252 3081 5307 Deum
3116 5250 3351 5305 Verbum
3384 5252 3692 5305 secundum

2117 5351 2372 5405 unionem
2400 5347 2848 5418 inseparabilem;
2873 5360 2999 5400 cum
3026 5344 3199 5414 ipsius
3226 5359 3357 5398 caro
3392 5351 3443 5397 et
3472 5343 3694 5397 dicatur

2116 5452 2169 5497 ct
2207 5443 2278 5497 sit
2319 5441 2539 5512 proprie
2574 5449 2629 5494 et
2679 5437 2981 5494 secundum
3030 5436 3314 5491 veritatem
3346 5435 3371 5488 ?
3407 5432 3474 5487 lli
3507 5444 3689 5488 autem

2116 5549 2213 5604 per
2234 5533 2463 5604 gratiam
2492 5532 2756 5587 habentes
2784 5531 2839 5585 in
2877 5529 3074 5599 scipsis
3100 5526 3294 5594 Deum,
3323 5526 3583 5581 incﬂ'ahili
3603 5540 3694 5581 ra-

2119 5626 2265 5680 tione
2313 5633 2366 5680 et
2406 5623 2742 5694 incogitabili
2778 5621 3052 5677 intellectu
3076 5663 3091 5689 ,
3121 5620 3286 5676 etiam
3316 5620 3419 5690 ipsi
3441 5618 3693 5689 tlme

2120 5725 2411 5788 propterea
2442 5714 2719 5770 dicuntur.
2736 5733 2754 5767 ι

2192 5806 2345 5865 Hanc
2369 5821 2556 5865 veram
2595 5804 2846 5863 vocabuli
2877 5803 3157 5863 notionem
3182 5817 3307 5859 cum
3341 5809 3558 5857 veteres
3580 5806 3693 5854 iano
