3848 6204
201 317 283 371 λοι
959 314 1008 370 Ι.
1044 312 1416 370 PEARSONII
1458 312 1781 371 VINDICIIE
1821 317 2242 375 IGNATIANIE.
2282 351 2353 364 --
2391 321 2570 376 PARS
2609 321 2673 377 ΙΙ.

3306 323 3411 378 402

197 441 243 486 to
276 443 526 485 consensu
556 438 884 501 agnoscant,
918 445 1095 502 neque
1140 449 1209 488 an
1245 434 1388 489 idem
1421 433 1477 490 S.
1521 435 1729 507 lgnatio
1758 443 1804 498 Α
1832 437 1970 494 dixit
1999 458 2013 493 :
2050 439 2128 494 Tu
2178 439 2346 511 igitur
2384 441 2439 495 in
2487 442 2664 513 teipse
2714 441 2996 497 Christum
3051 441 3412 498 circumfer-3'

195 521 509 593 peculiariter
532 522 848 577 attributum
877 524 948 579 sit
974 525 1269 596 quisquam
1301 525 1546 594 dubitet;
1579 545 1727 598 quae-

195 615 310 668 ritur
336 623 533 667 tantum
565 629 684 684 qua:
725 615 797 669 sit
831 616 1128 687 antiquitas
1162 618 1326 688 hujus
1363 621 1724 689 cognominis,

192 722 247 760 an
276 704 440 758 fabula
470 705 738 760 vetustius
761 717 1038 776 appareat,
1072 717 1126 762 et
1147 707 1358 779 lgnatio
1392 712 1514 766 vivo
1544 711 1726 782 impo-

192 800 330 852 situm
359 798 542 864 fuerit;
573 815 640 852 an
690 799 873 868 potius
906 799 1089 856 fabula
1121 803 1394 872 posterius
1423 811 1479 857 et
1527 819 1590 856 ex
1636 803 1726 857 illa

190 902 367 945 natum.
395 889 574 945 Primo
615 891 780 960 igitur
816 893 921 948 hoc
960 893 1095 947 mibi
1127 895 1350 949 concedi
1382 896 1600 965 postulo
1621 938 1636 961 ,
1669 904 1728 949 ut

189 991 294 1036 ante
321 983 568 1052 scriptam
600 982 828 1038 Eusebii
849 986 1135 1042 historiam
1165 1002 1366 1041 nomen
1401 987 1494 1041 τοῦ
1534 986 1728 1056 θεοφό-

189 1091 265 1146 pou
289 1073 480 1145 lgnatio
508 1074 831 1130 attributum
864 1077 968 1143 sit;
1003 1077 1050 1131 si
1073 1078 1228 1132 enim.
1247 1087 1436 1150 postea
1459 1080 1722 1132 insertum

187 1174 340 1232 esset,
385 1167 735 1236 epistularum
773 1184 910 1238 quas
949 1169 1296 1226 defendimus
1341 1173 1722 1227 auctoritatem

185 1258 397 1313 minuere
426 1274 532 1312 non
581 1268 799 1329 posset,
842 1275 966 1316 cum
1005 1261 1126 1318 illas
1153 1263 1372 1318 easdem
1423 1278 1546 1319 esse
1586 1279 1725 1334 quas

183 1350 297 1404 vidit
315 1349 590 1412 Eusebius,
623 1351 791 1406 etiam
819 1353 1117 1409 adversarii
1140 1365 1461 1427 agnoscant.
1495 1355 1610 1410 lmo
1632 1372 1726 1410 nn-

182 1455 284 1495 mcu
318 1441 414 1497 hoc
443 1443 693 1511 epistolis
728 1459 971 1500 coaevum
1016 1444 1187 1501 fuisse
1225 1447 1359 1502 mihi
1407 1449 1625 1504 videtur
1656 1464 1723 1504 ex

182 1532 292 1600 ipsis
317 1534 548 1604 epistolis
581 1537 763 1607 colligi
803 1553 912 1592 non
943 1539 1122 1608 inepte
1152 1556 1333 1610 posse.
1361 1540 1454 1597 Sic
1483 1544 1628 1598 enim
1653 1545 1720 1600 ad

180 1626 452 1699 Smyrnaeos
481 1631 719 1700 scriptor
747 1632 1022 1700 loquitur:
1050 1634 1113 1687 Τί
1145 1635 1253 1708 γάρ
1289 1653 1357 1707 με
1386 1636 1589 1707 ὠφελεί
1613 1657 1718 1704 τις,

176 1723 215 1773 εἰ
242 1722 328 1791 ἐμὲ
357 1725 581 1788 ἐπαινεῖ,
618 1725 709 1778 τὸν
737 1724 791 1778 δὲ
811 1725 1015 1798 Κύριόν
1035 1744 1134 1797 μου
1160 1725 1472 1799 βλασφημεῖ
1506 1729 1580 1800 μὴ
1600 1733 1721 1801 ὁμο-

1830 527 2073 600 ignatius
2097 532 2238 586 dixit
2275 548 2288 585 :
2333 531 2608 603 Scriptum
2648 544 2733 589 est
2757 533 2905 588 enim
2941 552 2954 589 :
2990 529 3312 589 Inhabitabo
3351 533 3409 588 in

1828 621 1960 689 ipsis
1994 631 2044 676 et
2079 623 2420 678 inambulabo
2443 625 2508 679 “.
2543 644 2562 676 ι
2606 623 2712 690 Qui
2755 624 2910 680 locus
2945 623 3226 694 prophetae
3266 636 3300 678 at
3340 621 3405 678 8.

1828 713 2031 785 Cyrillo
2073 717 2142 770 ad
2181 716 2275 769 τοῦ
2321 717 2578 788 θεοφόρου
2623 719 3043 788 explicationem
3087 715 3404 772 adhibetur.

1829 803 1925 861 His
1951 807 2130 862 verbis
2155 817 2209 862 et
2238 823 2366 862 vera
2403 809 2706 879 antiquitas
2733 809 3006 874 nominis,
3047 818 3102 864 et
3131 825 3261 864 vera
3299 824 3404 864 no-

1829 900 1906 955 tio
1943 902 2230 956 asseritur.
2259 901 2363 957 Sed
2392 901 2629 960 Dallaeus
2653 903 2914 959 Actorum
2940 912 3219 959 auctorem
3250 921 3270 954 ι
3310 903 3403 957 diu

1827 1003 1951 1064 post
1986 992 2179 1064 lgnatii
2213 1004 2458 1065 tempora
2491 1015 2509 1049 ι
2546 996 2753 1052 vixisse
2776 1005 2953 1067 putat,
2985 1014 3004 1048 ‹
3047 997 3194 1068 quod
3219 1006 3272 1052 et
3294 997 3404 1051 alia

1827 1083 2181 1151 confirmant,
2221 1085 2422 1155 inquit,
2451 1096 2504 1142 et
2527 1086 2670 1142 inter
2701 1097 2895 1143 caetera
2929 1103 3234 1154 sermones,
3262 1103 3404 1157 quos

1825 1191 1950 1230 cum
1989 1175 2228 1246 Trajano
2269 1193 2300 1231 a
2345 1188 2585 1250 martyre
2627 1180 2843 1235 habitos
2890 1181 3030 1235 Acta
3071 1181 3178 1235 ista
3208 1188 3404 1250 praeter

1825 1284 2041 1324 omnem
2068 1271 2181 1326 veri
2210 1286 2275 1326 ac
2301 1272 2484 1327 decori
2510 1273 2746 1342 speciem
2771 1272 3000 1343 lingunt.
3018 1293 3036 1326 ι
3053 1273 3222 1328 Miror
3246 1274 3404 1343 equi-

1824 1361 1946 1416 dem
1971 1377 2094 1416 eum
2125 1363 2240 1420 haec
2269 1363 2458 1434 lgnatii
2506 1364 2638 1419 Acta
2695 1381 2978 1434 nunquam
3021 1365 3089 1420 de
3130 1364 3404 1419 industria

1823 1453 2126 1522 rcfutasse;
2159 1455 2464 1526 praesertim
2495 1471 2622 1512 cum
2663 1471 2728 1510 ea
2761 1464 2874 1512 tam
2916 1456 3130 1510 illustre
3162 1455 3405 1524 epistola:

1825 1547 1890 1602 ad
1920 1545 2198 1603 Romanos
2235 1548 2612 1604 testimonium
2646 1550 2943 1619 praebeant,
2971 1564 3140 1618 quam
3177 1548 3268 1603 ille
3292 1556 3404 1603 tam

1823 1640 2106 1696 fastidiose
2132 1642 2331 1711 rejicit.
2361 1641 2624 1708 Quaenam
2651 1642 2740 1696 illa
2774 1642 2880 1696 alia
2907 1641 3018 1697 sint
3043 1641 3262 1707 nescio,
3288 1656 3405 1696 ser-

1825 1748 2016 1787 mones
2050 1743 2196 1787 certe
2232 1750 2410 1804 neque
2441 1734 2551 1789 veri
2581 1750 2758 1803 neque
2792 1733 2975 1788 decori
3004 1733 3247 1789 rationes
3287 1741 3406 1786 tur-

176 1787 318 1882 λογῶν
354 1815 508 1868 αὐτὸν
545 1787 915 1890 σαρκοφόρονξ
971 1787 1115 1872 ⁹Ο“δὲ
1148 1787 1413 1890 τοῦτο.
1443 1787 1618 1889 λέγων
1633 1787 1721 1876 τε·

1825 1825 1975 1878 bant.
2004 1824 2121 1879 Una
2154 1834 2364 1880 tantum
2395 1841 2500 1880 vox
2529 1842 2560 1880 a
2606 1824 2845 1896 Trajano
2875 1834 3138 1895 usurpata
3175 1823 3402 1895 reliquis

174 1904 305 1968 λείως
339 1907 490 1960 αὐτὸν
523 1908 841 1980 ἁπήρνηται
886 1909 961 1974 ὡς
1002 1912 1358 1983 νεκροφόρος·
1398 1912 1465 1966 τὰ
1497 1913 1555 1966 δὲ
1605 1915 1720 1968 ὀνό-

176 2014 295 2069 ματα
313 1999 480 2052 αὐτῶν
496 2000 629 2056 ὄντα
648 2001 854 2056 ἄπιστα
875 2003 976 2056 οὐκ
997 2002 1143 2068 ἕδοξέ
1163 2021 1250 2076 μοι
1274 2005 1500 2078 γράψαι.
1527 2024 1545 2055 ι
1577 2005 1719 2074 Quid

173 2089 292 2142 enim
320 2090 465 2160 juvat
489 2107 574 2147 me
610 2095 740 2162 quis
780 2095 824 2150 si
854 2110 942 2150 me
969 2095 1183 2159 laudat,
1209 2095 1499 2151 Dominum
1535 2108 1717 2154 autem

175 2195 322 2233 meum
352 2181 715 2253 blasphemat,
751 2201 861 2239 non
895 2189 1162 2242 confitens
1194 2201 1318 2242 eum
1354 2189 1720 2244 carniferum?

173 2271 254 2337 Qui
293 2285 460 2329 autem
502 2279 612 2332 hoc
663 2293 770 2332 non
811 2278 945 2334 dicit
975 2280 1155 2348 ipsum
1196 2281 1436 2351 perfecte
1483 2283 1718 2355 abnega-

172 2365 253 2429 vit,
288 2370 549 2425 exsistens
614 2371 881 2428 mortifer.
937 2370 1173 2430 Nomina
1233 2384 1416 2431 autem
1469 2377 1716 2447 ipsorum

169 2462 448 2518 exsistcntia
470 2465 712 2520 inlidelia
736 2482 841 2521 non
873 2466 1054 2522 visum
1078 2477 1161 2523 est
1185 2469 1319 2522 mihi
1347 2470 1666 2525 inscribere.
1692 2489 1712 2521 ι

171 2555 279 2620 Quis
315 2557 453 2611 enim
502 2575 618 2613 non
673 2558 819 2614 videt
871 2559 1140 2630 lgnatium
1174 2561 1242 2614 ad
1287 2576 1485 2616 nomen
1531 2561 1718 2630 θεοφό-

168 2663 245 2719 pou
270 2650 501 2720 epistola;
525 2652 809 2721 praefixum
842 2654 1116 2720 alludere,
1154 2655 1299 2724 quod
1339 2658 1562 2725 agnovit
1611 2659 1716 2714 sibi

168 2752 222 2790 ne
239 2741 436 2808 quidem
463 2757 495 2796 a
519 2743 742 2798 vocetis
768 2753 1021 2812 negatum
1053 2744 1257 2801 fuisse?
1283 2743 1502 2802 Illorum
1532 2759 1716 2804 autem

171 2830 326 2889 laudes
361 2849 468 2889 non
515 2837 1038 2904 acceptabathdum
1079 2853 1205 2892 eum
1252 2838 1512 2910 Θεοφόρον
1548 2857 1716 2896 voca-

170 2934 293 2988 rent,
319 2937 575 2997 negarent
609 2937 793 2982 autem
835 2928 1114 2984 Christum
1159 2932 1530 3004 σαρκοφόρον,
1567 2942 1621 2987 et
1658 2949 1718 2989 se

168 3015 426 3083 probarent
451 3017 853 3090 νεκροφόρους·
887 3035 1065 3089 neque
1101 3036 1291 3076 eorum
1330 3023 1556 3078 nomina
1587 3027 1718 3079 reci-

1823 1916 2080 1971 omnibus
2107 1918 2455 1973 occasionem
2487 1917 2746 1988 praebuit;
2785 1933 2950 1988 quam
3001 1931 3165 1972 nemo
3204 1916 3406 1972 dixerit

1822 2007 2140 2076 imperatori
2169 2008 2394 2063 minime
2420 2009 2748 2074 convenire,
2778 2009 2873 2079 qui
2913 2024 3034 2064 eam
3063 2016 3210 2064 recte
3242 2008 3404 2063 intel-

1821 2098 2033 2154 lexerit.
2073 2099 2270 2154 Mirum
2302 2098 2538 2155 fortasse
2561 2101 2726 2156 alicui
2770 2101 3064 2166 videbitur,
3101 2099 3402 2170 Trajanum

1823 2191 1902 2245 sic
1945 2188 2213 2261 lgnatium
2250 2191 2611 2260 compellasse
2642 2210 2654 2244 :
2706 2211 2724 2244 ι
2777 2190 2912 2259 Quis
2946 2201 3002 2246 tu
3035 2207 3125 2257 es,
3163 2191 3406 2246 caeodte-

1820 2279 2013 2334 mon?»
2035 2280 2140 2336 Sed
2158 2279 2414 2349 quinovit
2438 2280 2567 2350 quid
2608 2281 2678 2335 sit
2703 2279 3072 2351 κακοδαίμων,
3094 2289 3149 2335 et
3170 2294 3406 2352 quomo-

1820 2373 1890 2428 do
1921 2371 2560 2443 Christianosinjudicio
2576 2375 2909 2444 compellare
2941 2374 3196 2429 solebant
3221 2373 3400 2430 ethni-

1820 2464 1902 2530 ei,
1937 2462 2094 2519 facile
2135 2464 2332 2520 sentiet
2369 2474 2423 2519 et
2472 2482 2659 2520 verum
2702 2466 2808 2522 hoc
2844 2476 2898 2522 et
2941 2468 3202 2522 decorum
3249 2481 3394 2522 esse.

1822 2551 1913 2608 Sic
1924 2554 2152 2611 Latinus
2179 2555 2446 2625 interpres
2471 2556 2525 2609 in
2548 2555 2813 2614 Passione
2832 2557 3158 2613 Andronici:
3191 2575 3210 2610 ι
3228 2555 3404 2612 Maxi-

1820 2662 1941 2702 mus
1967 2647 2107 2703 dixit
2137 2667 2149 2701 :
2183 2646 2322 2713 Quid
2346 2648 2469 2718 jam.
2497 2648 2664 2704 habes
2701 2648 2908 2717 facere,
2936 2649 3078 2705 male
3101 2650 3341 2716 daemon,
3372 2668 3395 2703 ι

1820 2755 1943 2794 cum
1976 2755 2177 2809 prreses
2214 2741 2304 2796 ille
2333 2741 2470 2795 nihil
2503 2741 2652 2795 aliud
2687 2741 2895 2798 dixisse
2923 2743 3205 2809 videatur,
3233 2760 3399 2813 quam

1820 2831 2164 2902 κακόδαιμον.
2194 2829 2292 2886 Est
2320 2842 2500 2887 autem
2530 2832 2876 2904 κακοδαίμων
2900 2834 3037 2888 nihil
3059 2834 3206 2890 aliud
3235 2850 3406 2906 quam

1820 2921 2005 2976 infelix
2049 2925 2233 2976 homo.
2281 2921 2462 2979 Gloss.
2512 2921 2627 2978 Vet.
2668 2922 3076 2996 κακοδαίμων(
3115 2925 3401 2981 calamito~

1820 3028 1934 3067 sus.
1972 3031 1991 3064 ι
2036 3010 2104 3066 Ut
2136 3011 2236 3066 Dio
2265 3011 2698 3085 Chrysostomus
2725 3014 2821 3084 qui
2852 3015 2987 3069 vixit
3024 3015 3129 3070 sub
3169 3016 3403 3086 imperio

170 3113 263 3160 tare
295 3108 522 3163 volebat.
572 3109 642 3164 Et
681 3111 734 3165 in
763 3111 992 3180 epistola
1021 3112 1088 3166 ad
1134 3113 1442 3184 Magnesios
1476 3136 1490 3169 :
1530 3119 1716 3171 Κατα-

1823 3105 2047 3177 Trajani
2085 3106 2488 3162 Alexandrinos
2531 3107 2832 3177 alloquitur
2875 3107 3130 3164 oratione
3165 3107 3236 3164 3‘2
3279 3131 3294 3165 :
3335 3107 3401 3165 Τί

169 3194 347 3262 ξιωθεῖς
385 3198 490 3272 γὰρ
530 3200 802 3271 ὀνόματος
835 3202 1304 3273 θεοπρεπεστάτου
1343 3207 1400 3260 ὲν
1433 3200 1514 3270 οἷς
1561 3225 1716 3280 περι-

169 3288 292 3358 ςέρω
329 3291 542 3362 δεσμοῖς
588 3293 702 3365 ᾄδω
744 3295 842 3359 τὰς
891 3294 1239 3368 Ἑκκλησίας.
1287 3316 1306 3350 ι
1356 3299 1718 3370 Dignificatus

168 3380 286 3434 enim
323 3383 540 3439 nomine
581 3384 1089 3442 Deodeceutissimo
1132 3388 1186 3442 in
1224 3391 1432 3459 quibus
1475 3393 1716 3448 circum-

169 3467 262 3524 fero
284 3473 507 3529 vinculis
538 3486 707 3530 canto
735 3475 1030 3534 Ecclesias.
1072 3500 1091 3533 ι
1132 3479 1236 3536 Ubi
1271 3483 1372 3538 viri
1412 3485 1554 3540 docti
1587 3487 1720 3554 jun—

168 3572 278 3629 gunt
318 3564 441 3619 illud
480 3581 685 3620 nomen
730 3584 856 3623 cum
902 3571 962 3622 ὲν
993 3565 1104 3637 οἷς,
1155 3580 1210 3626 et
1263 3582 1458 3643 putant
1483 3592 1603 3632 esse
1635 3578 1722 3632 vel.

169 3650 540 3722 Christianum,
583 3660 745 3728 quasi
775 3657 1127 3718 Christianus
1175 3677 1285 3718 non
1319 3663 1517 3731 fuerit,
1559 3679 1718 3724 ante-

170 3758 304 3813 quam
333 3749 384 3804 in
414 3751 635 3807 vincula
666 3753 948 3824 conjectus
975 3763 1088 3818 est;
1110 3755 1193 3809 vel
1224 3756 1596 3814 confessorem
1625 3769 1720 3815 aut

171 3847 454 3910 martyrem,
485 3859 618 3898 cum
643 3845 979 3900 confessoris
1019 3862 1220 3901 nomen
1255 3848 1392 3903 adeo
1428 3851 1715 3919 antiquum

171 3939 268 3981 esse
295 3931 514 3987 minime
545 3933 834 4002 videatur;
869 3945 1163 4007 martyrem
1211 3946 1395 3991 autem
1434 3954 1716 4008 nunquam

171 4031 218 4070 se
252 4021 472 4090 appellat
519 4023 786 4096 lgnatius.
836 4024 902 4080 Et
949 4026 1178 4082 omnino
1227 4026 1316 4081 illa
1346 4029 1508 4082 verba
1550 4032 1607 4082 ἐν
1638 4026 1719 4098 οἷς

172 4113 415 4184 περιφέρει)
427 4115 650 4186 δεσμοῖς
667 4117 848 4186 potius
870 4119 1226 4187 sequentibus
1372 4119 1471 4185 τὰς
1501 4121 1722 4193 Ἐκκλη-

174 4200 271 4264 cia;
291 4205 632 4278 adjungemla
657 4209 932 4263 videntur.
968 4207 1127 4274 Quod
1154 4218 1208 4263 et
1235 4225 1301 4264 ex
1345 4212 1616 4265 sententia
1651 4212 1722 4265 ab

175 4291 464 4364 imperatore
496 4303 610 4355 lata
639 4303 836 4358 melius
867 4304 1046 4358 adhuc
1070 4303 1418 4374 intelligitur;
1445 4305 1549 4358 sub
1571 4305 1716 4358 enim

174 4385 258 4441 hoc
281 4393 489 4449 nomine
520 4394 818 4466 θεοφόρου,
852 4405 906 4450 et
942 4396 1010 4450 ad
1050 4396 1171 4465 ejus
1197 4395 1596 4464 expositionem
1627 4410 1718 4450 re-

175 4476 342 4538 latione
373 4485 580 4552 habita,
605 4487 658 4540 in
682 4487 904 4542 vincula
931 4489 1214 4557 conjectus
1244 4496 1350 4553 est,
1380 4487 1458 4542 uti
1489 4487 1543 4541 in
1567 4487 1718 4541 Actis
1750 4521 1794 4576 υ

176 4571 406 4641 legimus:
449 4598 467 4629 σ
505 4578 784 4650 Trajanus
819 4580 1200 4635 sententiavit:
1232 4577 1500 4651 Ignatium
1524 4579 1717 4650 praeci-

176 4665 327 4730 pimus
354 4671 406 4725 in
439 4672 626 4742 seipso
658 4673 930 4728 dicentem
967 4673 1325 4728 circumferre
1361 4673 1721 4739 crucifixum,

176 4757 380 4816 vinctum
401 4779 432 4817 a
456 4765 728 4821 militibus
747 4766 872 4820 duci
891 4767 945 4820 in
964 4781 1217 4838 magnam
1251 4764 1504 4820 Romam.
1528 4785 1546 4816 ι
1570 4765 1720 4821 Adeo

180 4862 264 4902 non
289 4854 399 4910 sine
424 4873 711 4912 sarcasmo
750 4859 1051 4928 imperator
1093 4857 1361 4929 lgnatiuni
1390 4857 1723 4914 condemna-

181 4945 256 4998 vit.
290 4947 383 5003 Sed
410 4953 681 5008 habemus
711 4962 879 5008 testes
918 4952 1140 5008 Eusebii
1183 4953 1520 5023 temporibus
1559 4954 1722 5023 longe

181 5038 498 5109 antiquiores.
536 5045 924 5101 Vetustissima
953 5046 1100 5101 enim
1129 5046 1262 5102 Aeta
1293 5046 1410 5101 haec
1429 5045 1631 5100 diserte
1655 5045 1731 5099 de—

185 5124 230 5181 S.
265 5129 456 5202 lgnatio
499 5152 689 5191 coram
739 5135 980 5206 Trajano
1042 5137 1373 5206 imperatore
1421 5135 1724 5191 constituto

183 5231 392 5280 narrant.
429 5247 446 5277 ‹
479 5226 754 5298 Trajanus
777 5227 949 5282 dixit:
977 5225 1114 5294 Quis
1137 5243 1196 5283 es
1226 5235 1318 5294 tu,
1348 5226 1738 5293 cacodaemon,.

182 5313 258 5381 qui
287 5327 459 5374 nostra
508 5330 780 5391 praecepta
828 5320 1056 5376 festinas
1103 5320 1442 5392 transgredi;
1495 5327 1552 5374 et
1600 5318 1724 5373 aliis

184 5411 442 5470 persuades
489 5423 549 5468 ut
587 5414 727 5468 male
761 5413 1021 5483 pereant?
1058 5411 1300 5482 lgnatius
1337 5411 1520 5466 dixit:
1553 5408 1724 5463 Nemo

188 5494 534 5572 Theophorum
563 5506 999 5580 cacodazmonem
1035 5513 1209 5560 vocat.
1231 5523 1250 5556 ι
1271 5503 1515 5559 Rursus:
1539 5522 1556 5555 ‹
1589 5501 1726 5557 Tra—

183 5589 317 5656 ianus
355 5597 486 5652 dixit
526 5617 540 5652 :
593 5599 658 5653 Et
703 5599 829 5668 quis
876 5607 963 5653 est
1021 5596 1428 5667 Theophorus?
1483 5594 1725 5666 lgnatius

184 5679 333 5742 dixit:
370 5688 471 5756 Qui
514 5691 796 5748 Christum
841 5693 1005 5749 habet
1049 5691 1106 5746 in
1158 5699 1397 5761 pectore.
1453 5688 1725 5761 Trajanus

242 5801 284 5833 "’
311 5803 351 5858 ιι
377 5806 502 5862 Cor.
533 5824 610 5877 vi,
639 5807 732 5865 l6.

1820 3195 1911 3253 οὖν
1944 3199 2101 3254 τοῦτο
2130 3199 2400 3271 λαμπρὸν,
2435 3193 2480 3252 ὧ
2516 3198 2942 3270 κακοδαίμονες;
3001 3218 3036 3250 (-
3059 3197 3198 3265 Quid
3236 3199 3402 3270 igitur

1820 3292 1925 3347 hoc
1950 3291 2197 3361 praeclari
2225 3300 2328 3358 est,
2365 3306 2398 3345 ο
2427 3290 2710 3346 infelices?
2751 3309 2769 3344 ι
2809 3290 2918 3347 Eos
2948 3301 3132 3346 autem
3159 3291 3234 3346 ita
3259 3306 3402 3346 com-

1820 3385 2015 3454 pellat,
2048 3392 2268 3454 propter
2308 3383 2432 3441 illos
2471 3383 2565 3454 qui
2598 3385 2766 3438 vitam
2803 3399 2960 3438 suam
3005 3393 3202 3453 praeter
3228 3383 3399 3438 ratio-

1820 3492 1946 3531 nem
1987 3475 2356 3546 projecerunt.
2389 3477 2524 3529 Φασὶ
2567 3473 2698 3546 γοῦν
2736 3476 2835 3548 ήδη
2867 3476 3020 3539 τινὰς
3058 3475 3166 3530 τῶν
3189 3475 3402 3529 ἀπολω-

1819 3569 1985 3621 λότων
2017 3567 2104 3621 διὰ
2137 3566 2235 3638 τὴν
2266 3566 2520 3640 τοιαύτην
2555 3571 2824 3640 πρόφασιν
2856 3568 3286 3633 νεανιεύσασθαι,
3324 3568 3401 3640 μὴ

1820 3660 2287 3732 παραιτουμένους
2307 3661 2398 3714 τὸν
2431 3660 2682 3727 θάνατον,
2703 3661 2839 3715 ἀλλὰ
2869 3660 3398 3736 προσλιπαροῦντας,

1819 3751 1966 3814 ὅπως
1996 3749 2302 3804 ἀκούσωσιν
2335 3751 2613 3805 ὲπιπλέον.
2657 3769 2676 3803 ι
2717 3751 2886 3806 Aiunt
2914 3753 3078 3823 igitur
3101 3752 3217 3823 jam
3241 3767 3403 3823 quos-

1820 3843 1946 3897 dam
1972 3857 2168 3897 eorum
2194 3843 2289 3914 qui
2311 3844 2592 3914 perierunt
2621 3859 2687 3899 ex
2736 3844 2829 3899 tali
2859 3860 3027 3899 causa
3057 3844 3308 3900 animose
3341 3857 3402 3898 se

1821 3935 2088 4006 gessisse,
2128 3951 2239 3991 non
2270 3936 2626 4007 deprecantes
2665 3944 2898 3990 mortem
2921 3975 2938 4002 ,
2970 3936 3064 3991 sed
3089 3936 3401 4007 supplican-

1823 4038 1924 4093 tes,
1957 4036 2015 4082 ut
2046 4029 2256 4085 diutius
2285 4028 2477 4084 audire
2511 4030 2718 4084 liceret.
2755 4047 2776 4080 ι
2812 4026 2926 4085 Hos
2963 4028 3280 4098 δυστυχεῖς,
3307 4045 3401 4082 τα-

1821 4121 2163 4194 λαιπώρους,
2198 4122 2594 4194 κακοδαίμονας
2632 4121 2907 4192 appellat;
2951 4131 3009 4178 et
3055 4121 3400 4177 Christianos

1820 4214 1889 4267 ad
1931 4213 2192 4284 martyria
2217 4211 2543 4267 festinantes
2572 4213 2708 4268 tales
2743 4213 2969 4267 omnino
3005 4211 3305 4282 putabant,
3345 4217 3402 4264 et

1821 4302 2039 4356 miseros
2069 4317 2134 4356 ac
2163 4301 2398 4371 infelices
2422 4301 2673 4358 homines
2712 4311 2846 4357 tunc
2875 4302 3138 4373 temporis
3161 4301 3403 4372 plerum-

1821 4409 1930 4464 que
1975 4394 2266 4448 vocabant.
2302 4391 2373 4448 Ut
2409 4394 2604 4449 Arrius
2647 4393 2958 4450 Antoninus
3007 4393 3154 4463 apud
3188 4388 3403 4448 Tertul-

1823 4489 2030 4543 lianum
2065 4488 2120 4542 in
2144 4487 2274 4542 Asia
2300 4497 2565 4559 martyres
2595 4489 2864 4544 allocutus
2888 4494 3007 4542 est:
3032 4482 3102 4538 Ὦ
3135 4485 3318 4551 δειλοί,
3345 4486 3403 4542 id

1823 4591 1936 4648 est,
1981 4599 2000 4632 ί
2051 4595 2086 4636 o
2128 4581 2317 4635 miseri
2372 4590 2427 4635 et
2478 4578 2725 4636 infelices
2782 4579 3067 4634 homines!
3107 4597 3126 4630 ι
3177 4575 3401 4633 Homeri

1826 4671 2188 4738 Scholiasles,
2221 4667 2266 4727 ὦ
2298 4673 2489 4728 ἄθλιοι.
2529 4672 2831 4745 Hesychius
2864 4690 2876 4726 :
2909 4666 2984 4722 τΑ
3001 4669 3185 4735 δειλοὶ,
3218 4663 3264 4724 ὧ
3295 4669 3402 4723 δει-

1823 4765 1925 4828 λοὶ,
1958 4763 2051 4818 καὶ
2084 4764 2492 4837 κακοδαίμονες.
2531 4763 2686 4821 Unde
2719 4766 2860 4821 idem
2890 4763 3266 4819 emendandus
3287 4772 3399 4819 sta—

1825 4859 1921 4912 tim
1953 4858 2023 4912 ab
2055 4858 2232 4925 initio,
2259 4860 2352 4912 καὶ
2382 4859 2442 4912 τὸ
2467 4876 2502 4911 α
2533 4858 2754 4932 ἄρθρον,
2796 4860 2871 4923 ὡς
2906 4860 3038 4928 παρ’
3080 4857 3324 4932 Ὁμήρῳ,
3357 4863 3394 4916 ἄ

1822 4951 1990 5023 δηλοῖ.
2028 4949 2338 5022 Legendum
2363 4951 2506 5004 cnim
2540 4961 2642 5018 est,
2685 4961 2780 5005 και
2821 4952 2882 5005 τὸ
2912 4969 2957 5004 ω
2980 4951 3182 5023 ἄρθρον
3227 4952 3405 5023 (nem-

1825 5059 1892 5113 pe
1929 5043 2118 5116 δηλοῖ),
2139 5045 2214 5108 ὡς
2249 5046 2378 5112 παρ’
2419 5045 2658 5116 Ὁμήρῳ,
2690 5041 2762 5097 'A
2785 5043 2966 5097 δειλοί.
2991 5043 3192 5114 Nuperi
3222 5045 3401 5100 edito-

1826 5151 1914 5191 res
1962 5147 2188 5193 monent
2235 5139 2324 5194 hic
2357 5126 2399 5191 Ξ
2447 5153 2553 5191 non
2585 5152 2706 5191 esse
2743 5135 2964 5209 ἄρθρον,
3021 5136 3117 5190 sed
3176 5136 3404 5191 omnino

1824 5228 2001 5283 voluit
2047 5226 2350 5301 Hesychius
2391 5225 2427 5283 ἆ
2481 5227 2623 5298 apud
2674 5225 2969 5282 Homerum
3011 5241 3111 5296 pro
3173 5219 3219 5278 ὧ
3271 5227 3404 5281 arti-

1827 5321 1953 5376 culo
1988 5321 2226 5391 positum
2255 5336 2406 5387 esse;
2460 5320 2575 5390 ipse
2626 5320 2771 5374 enim
2820 5335 2922 5374 suo
2985 5319 3104 5375 loco
3137 5336 3150 5372 :
3188 5311 3258 5371 '0
3301 5318 3403 5390 ἄρ-

1827 5413 1954 5486 θρον
1973 5453 1988 5478 ,
2042 5413 2308 5484 κλητικῆς
2369 5411 2647 5477 πτώσεως,
2684 5406 2795 5465 οἷον
2825 5406 2901 5466 Ὦ
2933 5411 3223 5479 ἄνθρωπε.
3260 5409 3404 5481 Lege

1830 5505 1998 5575 igitur
2051 5504 2145 5558 καὶ
2193 5503 2252 5556 τὸ
2307 5496 2373 5570 ὦ,
2428 5503 2895 5572 quemadmodum
2956 5502 3101 5570 apud
3173 5499 3402 5555 Suidam

1827 5597 2080 5668 legimus,
2115 5594 2294 5649 καὶτὸ
2326 5589 2391 5659 ὦ,
2437 5596 2703 5666 Ὅμηρος,
2751 5591 2786 5648 ἆ
2821 5595 3024 5666 δειλήτι
3066 5593 3274 5658 κακῶν,
3309 5593 3402 5646 ubi.

1827 5691 1990 5746 etiam
2015 5689 2321 5758 legendum,
2342 5684 2414 5740 ’Ἃ
2438 5688 2634 5752 δειλοὶ,
2653 5687 2704 5742 τί
2721 5687 2904 5742 κακῶν
2922 5705 2938 5755 ;
2955 5687 3148 5755 Odyss.
3167 5684 3230 5747 li,
3259 5683 3356 5740 451
3385 5699 3396 5734 :
