3834 6214
443 322 552 378 4θό

1494 328 1550 382 S.
1589 327 1935 387 IGNATIUS.
1973 358 2043 371 --
2081 325 2620 384 PROLEGOMENA.

3587 322 3701 378 404

441 437 519 498 Ἀ
551 441 760 511 δειλοὶ,
794 445 933 500 πόσ’
969 447 1124 518 (per,
1157 465 1210 502 τι
1246 447 1446 505 κακῶν
1477 451 1729 520 ἱμείρετε
1757 452 2008 513 τούτων,

2121 448 2216 518 qui
2244 446 2473 504 J'oannis
2495 445 2731 518 theologi
2754 460 3048 520 germanus
3077 442 3380 514 discipulus
3410 439 3531 506 luit,
3564 455 3704 494 san-

515 531 597 586 Ad
627 548 749 603 qua
796 533 1017 591 Homeri
1051 538 1238 604 verba,
1271 557 1290 590 ι
1334 554 1506 608 quare
1545 541 1659 595 hac
1703 540 1846 596 mala
1879 541 2015 595 adeo
2119 539 2488 610 etissimaque
2549 537 2805 595 Ecclesia
2859 536 3213 592 Antiochena
3268 533 3562 603 episc0pus
3627 531 3702 585 ab

443 623 803 680 desideratis?
838 645 857 677 ι
889 627 1144 682 allusisse
1184 629 1401 684 videtur
1441 630 1635 687 Arrius
1680 631 2012 687 Antoninus.

440 714 541 772 Sic
563 717 834 775 Maximus
863 735 1066 789 prases
1113 720 1353 778 Probum
1400 724 1773 781 confessorem
1820 727 2017 783 atratus

440 819 561 865 est:
599 827 619 861 ι
657 809 961 880 Requiesce
987 828 1018 867 a
1057 815 1300 870 vanitate
1339 826 1434 871 tua
1465 834 1479 870 :
1520 832 1590 871 an
1633 833 1921 888 permanes
1959 819 2013 873 in

440 900 646 956 duritia
685 903 892 959 miser?
929 924 947 955 ι
977 914 1030 960 et
1063 925 1074 960 :
1124 925 1142 958 ι
1191 909 1424 965 Attende
1451 925 1652 978 corpus
1681 919 1834 966 tuum
1861 951 1878 978 ,
1913 911 2017 965 mi-

440 1007 572 1057 ser;
611 1011 630 1044 ι
665 1001 719 1046 et
745 993 1153 1052 Andronicum:
1193 1017 1215 1050 ε
1251 997 1372 1054 Νοη
1397 1002 1568 1056 sentis
1594 1011 1887 1066 tormenta,
1911 1005 2016 1058 mi-

439 1085 564 1139 ser?
593 1103 612 1135 ι
648 1095 702 1140 et
729 1085 1034 1143 Tarachum
1069 1108 1082 1143 :
1118 1108 1137 1141 ι
1177 1090 1566 1163 Misererejam
1600 1094 1713 1162 tui,
1743 1096 1951 1158 miser;
1990 1115 2009 1148 ι

437 1185 605 1246 atque
641 1175 714 1231 ita
747 1179 966 1249 sapius.
1000 1178 1121 1235 Non
1169 1183 1329 1237 aliter
1373 1183 1700 1241 Ammianus
1740 1186 2012 1243 Marcelli-

436 1284 543 1324 nus
575 1287 588 1323 :
627 1289 646 1321 ‹
677 1269 1047 1344 Poterantque
1077 1274 1376 1331 miserandi
1412 1277 1662 1334 homines
1693 1280 1761 1334 ad
1797 1282 2016 1338 crudele

437 1365 767 1436 supplicium
799 1369 948 1424 ducti
986 1369 1432 1427 Christianorum
1467 1373 1785 1444 adjumento
1819 1374 2013 1430 defen-

435 1459 514 1524 di,
539 1461 594 1514 ni
629 1461 848 1533 Georgii
874 1463 1004 1518 odio
1031 1479 1225 1519 omnes
1273 1465 1567 1522 indiscrete
1607 1465 1950 1538 ﬂagrassent.
1988 1488 2008 1522 ι

433 1552 575 1608 Cum
612 1553 780 1624 igitur
815 1554 1087 1626 Traianus
1137 1558 1207 1612 ad
1251 1558 1522 1629 lgnatium
1571 1559 1676 1616 hac
1719 1563 2016 1632 compella-

433 1647 586 1704 tione
607 1664 742 1704 usus
778 1658 944 1715 esset,
977 1644 1022 1703 ὦ
1055 1651 1408 1724 κακόδαιμον,
1438 1653 1528 1708 ille
1551 1666 1767 1727 arrepta
1803 1658 1904 1714 hac
1925 1674 2014 1715 oc-

434 1740 678 1807 casione,
710 1741 954 1811 gentium
985 1741 1268 1814 δαίμονας,
1294 1754 1354 1800 ιιι
1379 1747 1629 1803 solebant
1649 1749 2010 1806 vetustissimi

433 1831 754 1901 Christiani,
785 1835 1044 1905 exagitat.
1065 1833 1341 1892 Putabant
1362 1839 1508 1893 enim
1531 1840 1734 1895 ethnici
1763 1841 2011 1899 homines

433 1923 838 1995 κακοδαίμονας
871 1926 1030 1982 malis
1062 1928 1237 1998 geniis
1267 1945 1365 1984 seu
1410 1930 1751 1989 daemonibus
1776 1932 2010 1988 inservi-

433 2031 514 2071 re.
549 2014 685 2070 Dion
725 2015 1178 2087 Chrysostomus,
1215 2022 1466 2077 oratione
1484 2023 1556 2078 25
1590 2043 1603 2078 :
1645 2025 1882 2098 Ἀνάγκη
1913 2043 2014 2080 κα-

433 2107 726 2180 κοδαίμονα
766 2112 996 2180 φάσκειν
1027 2113 1188 2166 αὐτὸν
1223 2114 1378 2187 κακῷ
1407 2116 1621 2189 δαίμονι
1655 2119 2014 2192 συνεζευγμέ-

433 2211 524 2248 νον
565 2197 659 2249 καὶ
697 2198 1047 2270 λατρεύοντα.
1079 2221 1098 2253 ι
1135 2201 1368 2262 Necesse
1395 2215 1482 2263 est
1531 2224 1656 2264 eum
1697 2210 1878 2266 dicere
1923 2211 2012 2264 in-

433 2284 647 2342 felicem
671 2329 685 2353 ,
751 2291 897 2346 malo
939 2295 1098 2363 genio
1128 2297 1481 2366 conjunctum
1522 2309 1577 2355 et
1607 2303 1952 2358 servientem.
1986 2323 2004 2355 ι

432 2375 592 2446 Nam,
659 2389 722 2436 ut
777 2383 1036 2441 observat
1091 2387 1426 2458 Chalcidius,
1491 2411 1511 2443 ε
1563 2393 1720 2464 juxta
1774 2410 2011 2465 usurpa-

431 2481 546 2527 tam
603 2489 772 2543 penes
813 2475 1030 2534 Gracos
1074 2479 1331 2548 loquendi
1400 2485 1851 2541 consuetudinem
1898 2496 2008 2541 tam

431 2565 610 2619 sancti
653 2574 784 2621 sunt
825 2566 1138 2637 daemones,
1189 2587 1353 2642 quam
1400 2575 1596 2644 polluti
1631 2585 1686 2631 et
1734 2577 1939 2633 infecti.
1986 2598 2007 2633 ι

429 2656 684 2713 Ostendit
707 2657 870 2730 igitur
892 2660 1134 2731 seipsum
1159 2679 1271 2719 non
1302 2667 2010 2738 malogenioconjunctum,

430 2746 528 2800 sed
557 2745 669 2802 Deo
697 2748 897 2818 potius,
932 2749 1028 2804 vel'
1048 2751 1116 2806 ab
1150 2753 1269 2822 ipsa
1323 2757 1684 2826 appellatione
1727 2758 2009 2832 θεοφόρου,

431 2853 556 2908 qua
596 2839 698 2908 ipsi
731 2855 761 2894 a
794 2840 1125 2899 Christianis
1154 2847 1416 2903 attributa
1451 2857 1555 2903 est.
1585 2847 1682 2905 His
1708 2850 2010 2908 observatis

429 2930 630 3001 reliqui
666 2947 953 2988 sermones
983 2942 1034 2989 et
1062 2937 1311 3004 personis
1359 2949 1422 2994 et
1458 2940 1538 2995 rei
1569 2941 1673 3010 ipsi
1706 2943 1842 3003 satis
1870 2958 2009 2999 con-

432 3022 690 3078 scntanei
712 3032 860 3078 sunt.
898 3024 1177 3081 Fruantur
1216 3029 1384 3099 igitur
1418 3046 1480 3086 ea
1516 3033 1852 3104 antiquitatis
1891 3035 2010 3106 opi-

431 3114 606 3170 nione
631 3130 797 3184 quam
832 3116 901 3171 iis
938 3115 1195 3174 Usserius
1227 3121 1613 3192 antiquitatum
1649 3124 1894 3195 optimus
1918 3127 2008 3197 ju-

427 3205 537 3260 dex.
558 3207 891 3262 conciliavit.
926 3206 1112 3278 Neque
1147 3211 1391 3266 hacvox
1433 3213 1603 3268 ullum
1650 3213 1720 3268 iis
1749 3215 2007 3270 novitatis

429 3300 652 3370 sigmrm
680 3299 961 3370 imprimit.
990 3299 1249 3372 Epistola
1275 3304 1405 3374 ipsa
1439 3315 1561 3361 ante
1591 3304 1811 3362 Eusebii
1829 3306 2008 3362 [listo-

427 3392 568 3446 riam
595 3407 660 3446 ex
707 3392 1150 3450 adversariorum
1175 3395 1541 3464 confessione,
1573 3413 1641 3454 ex
1671 3407 1860 3474 nostra
1891 3399 2008 3455 dis.-

428 3485 715 3557 putatione
746 3501 777 3540 a
807 3484 1109 3559 Polycarpo
1148 3489 1308 3544 edita
1347 3488 1476 3546 huic
1517 3492 1831 3562 antiquitati
1871 3493 2006 3550 satis

429 3577 817 3651 sum'agantur.
849 3578 1036 3650 Neque
1065 3581 1255 3637 dubito
1291 3583 1423 3652 quin
1457 3583 1524 3638 ad
1558 3585 1774 3639 titulum
1817 3600 2005 3656 respe-

428 3669 570 3724 xerit
600 3681 823 3726 sanctus
857 3670 1151 3744 Dionysius
1200 3687 1328 3729 cum
1384 3688 1511 3729 eum
1577 3675 1794 3732 vocavit
1849 3677 2004 3731 Θεϊον

440 3761 722 3832 ’Ῑγνάτιον.
767 3761 1074 3819 Snccinunt
1098 3763 1347 3835 epistolis
1386 3775 1498 3822 tres
1547 3767 1756 3822 nobiles
1786 3766 2007 3824 Gracia

429 3853 745 3923 scriptores,
769 3852 1132 3924 Ephramius,
1159 3853 1354 3912 Jobius
1390 3865 1445 3911 et
1479 3857 1748 3913 Gobarus.
1791 3857 2008 3928 Ephra-

428 3944 576 4000 mius
605 3945 923 4015 patriarcha
955 3947 1281 4015 Antiochia,
1315 3957 1370 4003 et
1390 3946 1584 4020 lgnatii
1617 3964 1684 4003 ex
1718 3949 2006 4005 intervallo

429 4047 716 4089 successor
768 4035 910 4090 inter
949 4034 1140 4092 Patres
1171 4039 1421 4093 meminit
1462 4039 1721 4108 Ἱγνατίου
1760 4039 1854 4094 τοῦ
1891 4040 2007 4106 Oso-

430 4126 629 4198 φόρου,
670 4134 820 4182 teste
846 4125 1044 4184 Photio
1076 4130 1263 4185 codice
1307 4131 1436 4186 227.
1474 4129 1667 4189 Jobius
1699 4135 2005 4190 monachus

426 4217 573 4286 apud
617 4219 867 4274 eumdem
891 4259 906 4285 ,
941 4221 1130 4276 codice
1161 4222 1278 4276 222‘
1310 4240 1325 4277 :
1369 4224 1506 4295 Φησὶ
1548 4224 1658 4296 γὰρ
1687 4227 1716 4278 6
1750 4225 2006 4298 θεοφόρος

441 4307 701 4376 Ἰγνάτιος
720 4308 846 4380 τρία
868 4309 1055 4364 λαϐεῖν
1070 4312 1160 4365 τὸν
1191 4311 1428 4386 ἄρχοντα
1454 4315 1547 4368 τοῦ
1579 4316 1771 4381 αἰῶνος
1791 4318 2000 4372 τούτου.

427 4397 742 4467 Stephanus
786 4398 1041 4455 Gobarus
1083 4403 1209 4458 cod.
1249 4403 1357 4456 252
1399 4423 1412 4460 :
1462 4406 1721 4476 Ἰγνάτιος
1761 4409 1944 4480 μέντοι
1977 4412 2004 4463 6

424 4489 716 4558 Θεονρόρος,
753 4492 866 4603 ’καὶ
919 4491 1152 4562 Κλήμης
1201 4495 1230 4547 6
1275 4495 1653 4568 Στρωματεύς.
1708 4498 1788 4554 Ad
1842 4501 2002 4555 tinem
2040 4550 2084 4603 Β

426 4590 568 4636 sext.
602 4582 789 4638 saeuit
820 4582 1083 4640 Leontius
1110 4586 1427 4659 Byzantius,
1460 4590 1563 4644 sub
1599 4591 1756 4646 initio
1789 4594 2002 4664 septimi

425 4675 734 4732 Antiochus
756 4717 773 4744 ,
819 4690 879 4732 ut
908 4677 963 4732 in
991 4677 1344 4737 'chtimoniis
1373 4682 1557 4738 videre
1588 4692 1673 4740 est
1697 4725 1711 4750 ,
1750 4686 1893 4740 idem
1927 4695 2006 4740 te-

427 4775 662 4822 stantur.
689 4767 891 4824 Eodem
924 4773 1125 4826 saculo
1170 4783 1361 4830 auctor
1402 4775 1649 4832 Chronici
1693 4777 2002 4834 Alexandri-

431 4866 508 4930 ni,
535 4861 705 4930 cuius;
725 4862 1099 4918 testimonium
1137 4866 1460 4931 omisimus,
1495 4869 1755 4937 quoniam
1803 4870 2008 4940 episto-

426 4947 534 5002 lam
570 4949 951 5020 interpolatam
1003 4960 1209 5022 spectat
1243 4970 1256 5004 τ
1295 4954 1416 5007 Ὅτι
1461 4955 1517 5008 δὲ
1549 4957 1698 5026 τρεῖς
1726 4957 2006 5021 ἐνιαυτοὺς

427 5040 670 5113 κηρύξας
700 5043 761 5096 τὸ
781 5045 1109 5113 Εὐαγγέλιον
1132 5049 1159 5098 6
1191 5045 1393 5117 Κύριος
1423 5048 1515 5100 ἐπὶ
1534 5049 1624 5102 τὸν
1651 5049 1896 5103 ἑκούσιον
1915 5051 2006 5103 καὶ

425 5131 688 5197 ζωοποιὸν
717 5129 849 5205 ἦλθε
874 5136 1126 5210 σταυρὸν,
1158 5137 1398 5192 διδάσκει
1414 5139 1504 5193 καὶ
1547 5140 1800 5206 Ἰγνάτιος
1825 5142 1852 5193 ὁ
1879 5142 2008 5194 Θεο-

425 5223 714 5296 φόροςκαὶ
742 5227 986 5298 μάρτυς,
1023 5231 1052 5282 ὁ
1084 5230 1332 5284 Ἰωάννου
1373 5231 1464 5284 τοῦ
1507 5229 1757 5300 Θεολὸγου
1786 5235 2007 5306 γνήσιος

431 5315 680 5388 μαθητὴς
713 5318 988 5386 γεγονὼς,
1027 5320 1129 5391 τῆς
1174 5321 1233 5376 δὲ
1258 5324 1316 5377 ἐν
1354 5323 1654 5396 Ἀντιοχείᾳ
1695 5326 2006 5397 ἁγιωτάτης

443 5407 768 5477 Ἐκκλησίας
798 5409 1096 5476 ἐπίσκοπος
1125 5411 1230 5466 ὑπὸ
1261 5414 1368 5467 τῶν
1389 5415 1702 5470 ἀποστόλων
1730 5434 2004 5471 καταστα-

428 5497 560 5559 θείς.
597 5518 614 5548 ι
654 5497 810 5564 Quod
847 5510 1028 5556 autem
1065 5503 1358 5571 Dominus,
1391 5523 1514 5560 cum
1546 5523 1642 5577 per
1687 5517 1796 5564 tres
1832 5525 2004 5564 annos

431 5587 782 5659 Evangelium
816 5594 1186 5664 pradicasset,
1221 5598 1285 5652 ad
1316 5599 1677 5654 voluntariam
1707 5612 1757 5656 et
1787 5602 2001 5655 vitalem

428 5693 648 5734 crucem
686 5684 923 5750 venerit,
964 5685 1127 5741 docet
1157 5684 1400 5759 lgnatins
1444 5689 1622 5744 Deifer
1669 5700 1721 5745 et
1774 5701 1997 5763 martyr,

499 5795 546 5826 “
587 5794 778 5851 Matth.
807 5813 962 5861 xvm,
1001 5799 1034 5853 5

2119 631 2385 700 apostolis
2433 629 2788 686 constitutus.
2825 646 2846 680 ι
2895 626 3049 682 Unde
3086 625 3252 696 paulo
3292 631 3417 694 post
3444 621 3702 677 ostendit

2116 738 2212 778 eos
2247 723 2340 792 qui
2378 721 2666 776 tradebant
2699 719 2977 774 Christum
3015 733 3111 788 per
3159 725 3394 787 quatuor
3424 729 3606 769 annos
3644 720 3703 767 et

2115 815 2325 884 aliquot
2352 814 2471 869 dies
2499 813 2853 882 pradicasse,
2885 809 3324 880 ἐναντιουμένους
3361 806 3438 877 τῷ
3471 804 3700 876 ῥηθέντι

2115 903 2369 974 Θεοφόρῳ
2407 903 2502 957 καὶ
2529 902 2782 973 μάρτυρι.
2819 900 3099 955 Successit
3143 900 3230 954 his
3265 898 3535 952 Maximus
3563 912 3702 966 pm-

2115 997 2266 1051 ximo
2288 997 2511 1062 saculo,
2545 997 2638 1065 qui
2663 995 2793 1050 huic
2821 995 2898 1050 rei
2923 995 3135 1048 illustre
3164 992 3537 1046 testimonium
3557 1005 3704 1059 pra~

2115 1089 2206 1143 bet
2237 1107 2250 1142 :
2295 1089 2382 1152 Ὧς
2415 1087 2510 1142 καὶ
2541 1088 2602 1142 τὸ
2631 1087 2897 1159 Θεοφόρος
2931 1085 3190 1149 πολλάκις
3221 1083 3370 1155 αὑτῷ
3396 1082 3702 1153 λεγόμενόν

2113 1198 2174 1234 τε
2213 1181 2307 1235 καὶ
2348 1180 2714 1252 γραφόμενον·
2769 1199 2788 1231 ι
2837 1189 2899 1234 ut
2942 1179 3072 1234 illud
3119 1177 3445 1233 vocabulum
3489 1175 3703 1244 Θεοφό-

2117 1290 2210 1346 ρος
2238 1287 2380 1342 sape
2400 1272 2471 1327 ab
2497 1287 2563 1327 eo
2589 1280 2652 1328 et
2673 1272 2878 1328 dictum
2904 1281 2958 1327 et
2987 1270 3279 1341 scriptum.
3311 1289 3338 1323 ι.
3366 1269 3520 1324 Istud
3539 1269 3697 1324 enim

2115 1366 2380 1435 scriptum
2411 1365 2693 1435 epistolas,
2719 1364 2924 1419 dictum
2957 1372 3137 1418 autem
3179 1363 3314 1417 Acta
3353 1369 3601 1432 spectat;
3640 1369 3700 1415 et

2114 1457 2246 1513 illud
2297 1458 2516 1528 quidem
2561 1457 2915 1528 epistolarum
2968 1457 3194 1522 titulos,
3252 1457 3357 1512 hoc
3405 1471 3700 1512 sermones

2113 1565 2241 1606 cum
2289 1549 2526 1618 Traiano
2575 1550 2794 1606 habitos
2840 1548 3148 1606 continuat.
3203 1547 3407 1602 Eodem
3455 1547 3700 1616 septimo

2115 1642 2318 1698 saculo
2351 1642 2469 1697 hac
2500 1642 2635 1698 Acta
2669 1650 2917 1698 secutum
2951 1657 3086 1697 esse
3111 1640 3312 1695 Bedam
3347 1647 3604 1705 constat,
3635 1646 3702 1694 ut

2113 1741 2170 1789 et
2215 1743 2411 1790 octavo
2450 1733 2716 1790 Adonem.
2747 1732 2860 1790 Nec
2902 1743 3086 1789 tamen
3117 1732 3429 1787 ullaadhuc
3461 1738 3702 1800 apparet

2043 1807 2086 1867 Β
2115 1825 2274 1882 istius
2303 1825 2534 1893 fabula,
2568 1835 2665 1882 aut
2697 1826 2922 1882 alterius
2977 1824 3287 1896 Theophori
3329 1823 3699 1896 signiﬁcatio-

2032 3177 2077 3237 Ο

2113 1918 2222 1985 nis,
2246 1919 2329 1973 vel
2361 1918 2482 1973 vola
2514 1919 2598 1974 vel
2624 1919 2933 1988 vestigium.

2182 2007 2438 2066 Omnium
2471 2010 2861 2081 antiquissimi,
2887 2025 3026 2080 quos
3045 2024 3144 2082 pro
3169 2023 3270 2065 sua
3298 2007 3490 2063 fabula
3515 2008 3697 2065 addu-

2113 2101 2190 2157 cit
2222 2100 2479 2168 Dallaus,
2531 2111 2661 2158 sunt
2707 2102 3032 2158 Anastasius
3085 2101 3582 2167 Bibliothecarius,
3637 2110 3697 2156 et

2113 2195 2336 2250 Simeon
2364 2194 2793 2265 Metaphrastes;
2816 2210 3049 2265 quorum
3074 2195 3344 2264 posterior
3381 2192 3538 2249 Vitas
3561 2210 3696 2249 san-

2111 2297 2324 2343 ctorum
2349 2303 2458 2343 non
2487 2288 2593 2344 nisi
2611 2299 2731 2358 post
2749 2287 2965 2343 initium
2989 2287 3188 2343 decimi
3216 2287 3405 2344 saculi
3422 2287 3691 2358 scripsit;

2111 2381 2264 2450 prior
2297 2388 2478 2435 autem
2501 2388 2754 2450 vergente
2774 2379 2840 2433 ad
2872 2379 3032 2434 tinem
3063 2395 3211 2435 nono
3252 2389 3507 2435 octavam
3555 2395 3693 2450 syn-

2112 2472 2277 2526 odum
2317 2471 2505 2526 Latine
2531 2471 2722 2526 edidit.
2762 2469 2898 2526 Huic
2929 2481 3108 2527 autem
3149 2472 3294 2527 inter
3329 2476 3551 2528 notulas
3575 2474 3695 2527 hac

2112 2564 2386 2633 aspersit:
2417 2582 2437 2615 ‹
2471 2561 2723 2618 Tradunt
2766 2563 2964 2629 Graci,
3013 2563 3159 2634 quod
3201 2565 3468 2634 parvulus
3516 2579 3690 2634 quem

2113 2655 2382 2713 Dominus
2413 2656 2737 2712 advocatum
2769 2657 2965 2710 statuit
2996 2657 3050 2711 in
3078 2657 3258 2711 medio
3287 2657 3478 2713 dicens
3506 2677 3518 2712 :
3558 2657 3700 2712 Nisi-

2111 2748 2343 2804 oonuersi
2379 2747 2589 2817 fueritis
2621 2757 2673 2802 et
2701 2748 2998 2818 eﬁiciamini
3032 2749 3170 2802 sicut
3204 2749 3290 2802 hic
3324 2749 3584 2819 parvulus
3619 2749 3690 2816 “;

2109 2851 2238 2907 etc.,
2257 2840 2359 2896 iste
2383 2841 2626 2910 lgnatius
2647 2839 2750 2895 fuit
2773 2849 2827 2896 et
2849 2840 3057 2895 idcirco
3081 2840 3228 2896 hunc
3254 2839 3528 2896 Deiferum
3547 2857 3690 2898 nun-

2110 2941 2332 3003 oupent.
2382 2930 2538 2987 Unde
2579 2947 2682 2987 nec
2723 2933 2951 3004 apostoli
2991 2933 3112 2988 ausi
3143 2933 3347 2989 fuerint
3373 2933 3422 2988 ei
3455 2948 3586 2989 cum
3619 2934 3689 2989 ad

2110 3023 2368 3079 Ecclesia
2394 3026 2747 3095 prasulatum
2777 3035 3190 3096 promoveretur
3221 3026 3458 3096 amplius
3484 3043 3702 3081 manus

2112 3118 2424 3190 imponere;
2473 3119 2758 3186 nimirum,
2804 3133 2968 3189 quem
3017 3134 3114 3174 ore
3143 3118 3240 3174 Dei
3295 3119 3583 3174 laudatum
3634 3128 3692 3173 et

2109 3210 2282 3281 ipsius
2311 3219 2455 3266 tactu
2475 3211 2869 3266 sanctiﬁcatum
2888 3210 3256 3280 cognoverint.
3270 3228 3288 3260 ι
3310 3207 3413 3264 Sed
3430 3210 3686 3278 quinam,

2108 3301 2326 3365 amabo,
2357 3301 2411 3354 hi
2436 3299 2614 3354 Graeci.
2631 3299 2803 3367 fuere,
2826 3300 2919 3368 qui
2942 3301 3078 3355 tales
3102 3299 3318 3355 fabulas
3337 3299 3405 3354 de
3432 3299 3492 3354 S.
3523 3298 3689 3371 [gna-

2106 3393 2184 3448 tio
2203 3394 2708 3448 tradiderunwnon
2725 3403 2933 3448 veteres
2957 3402 3125 3459 certe,
3141 3407 3250 3447 non
3272 3408 3462 3448 eorum
3481 3393 3688 3462 aliquis

2107 3487 2201 3558 qui
2243 3493 2370 3541 ante
2403 3487 2752 3541 Anastasium
2787 3487 2840 3540 in
2881 3485 3069 3541 Graca
3108 3485 3354 3541 Ecclesia
3385 3485 3685 3555 scripsere.

2109 3579 2168 3634 S.
2209 3577 2638 3650 Chrysostomus
2686 3577 2949 3634 Ecclesia
2997 3577 3352 3632 Antiochena
3398 3578 3689 3649 presbyter

2107 3671 2347 3726 fabulam
2407 3679 2700 3740 utramque
2751 3679 2938 3740 aperte
2977 3667 3196 3734 refellit,
3229 3669 3358 3724 dum
3408 3666 3683 3738 lgnatium

2105 3763 2382 3818 Christum
2419 3778 2697 3834 nunquam
2723 3761 2927 3818 vidisse
2948 3763 3134 3827 tradit,
3171 3772 3225 3816 et
3245 3763 3526 3832 apostolos
3558 3777 3686 3816 eum

2106 3869 2202 3924 per
2229 3854 2632 3925 impositionem
2670 3869 2930 3908 manuum
2979 3853 3046 3908 ad
3068 3852 3316 3908 ordinem
3333 3851 3689 3922 episcopatus

2105 3947 2366 4002 extulisse
2377 3953 2581 4000 narrat.
2601 3942 2976 4016 Θαυμάζωιτὸν
2992 3944 3159 4015 ἄνδρα
3173 3943 3283 4013 ἐγὼ
3297 3944 3377 3996 ὅτι
3402 3943 3558 4014 παρὰ
3581 3942 3692 3997 τῶν

2107 4039 2276 4107 ἁγίων
2289 4039 2510 4091 ἐκείνων
2526 4037 2618 4109 τὴν
2631 4039 2802 4110 ἀρχὴν
2812 4037 3014 4109 ταύτην
3030 4036 3362 4109 ἐνεχειρίσθη
3372 4075 3386 4099 ,
3400 4039 3493 4089 καὶ
3505 4039 3565 4088 αἱ
3581 4036 3693 4089 τῶν

2112 4133 2394 4205 μακαρίων
2411 4133 2724 4186 ἀποστόλων
2739 4135 2922 4204 χεῖρες
2946 4132 3044 4202 τῆς
3070 4133 3222 4201 ἱερᾶς
3239 4130 3454 4201 ἐκείνης
3475 4131 3693 4199 ἥψαντο

2107 4223 2366 4294 κεφαλῆς.
2403 4241 2422 4274 ι
2454 4222 2643 4277 Virum
2675 4237 2776 4293 ego
2804 4221 3070 4286 admiror,
3101 4220 3251 4286 quod
3283 4235 3312 4274 a
3341 4221 3551 4275 sanctis
3579 4221 3693 4274 illis

2107 4315 2473 4385 principatum
2509 4313 2657 4366 hunc
2684 4313 3006 4376 obtinuerit,
3039 4321 3094 4367 et
3121 4313 3404 4366 beatorum
3455 4321 3692 4380 aposto-

2107 4407 2291 4460 lorum
2327 4421 2524 4460 manus
2555 4420 2772 4461 sacrum
2808 4405 2941 4460 illud
2966 4413 3131 4474 caput
3171 4404 3466 4474 tetigerint.
3504 4422 3523 4454 ι
3555 4403 3693 4458 Post

2112 4495 2170 4550 S.
2201 4495 2654 4566 Chrysostomum
2695 4495 2754 4550 Β.
2783 4493 3181 4560 Theodoretus,
3206 4495 3260 4548 in
3292 4495 3450 4565 Syria
3471 4495 3694 4563 episco-

2112 4605 2231 4656 pus,
2263 4589 2356 4658 qui
2389 4597 2467 4642 tot
2489 4588 2786 4643 conciones
2812 4586 3116 4641 Antiochia
3147 4586 3359 4652 habuit,
3377 4585 3604 4656 dialogo
3636 4586 3689 4639 l:

2124 4679 2388 4750 Ἀκήκοας
2407 4678 2464 4731 δὲ
2489 4677 2706 4741 πάντως
2743 4676 3014 4745 Ἱγνάτιον
3031 4678 3258 4741 ἐκεῖνον,
3273 4677 3331 4740 ὃς
3349 4676 3439 4730 διὰ
3469 4677 3573 4747 τῆς
3593 4676 3694 4731 τοῦ

2113 4771 2345 4843 μεγάλου
2384 4770 2594 4841 Πέτρου
2620 4769 2803 4836 δεξιᾶς
2822 4771 2921 4841 τῆς
2955 4770 3365 4843 ἀρχιερωσύνης
3397 4771 3500 4842 τὴν
3527 4770 3694 4841 χάριν

2108 4864 2346 4928 ἐδέξατο.
2371 4881 2390 4914 ι
2411 4863 2683 4918 Audivisti
2710 4877 2935 4932 prorsus
2967 4861 3235 4930 lgnatium
3265 4862 3442 4928 illum,
3471 4864 3567 4931 qui
3593 4877 3693 4932 per

2111 4955 2255 5010 Petri
2285 4957 2532 5011 dextram
2581 4956 2932 5026 pontiﬁcatus
2975 4956 3209 5028 gratiam
3252 4957 3483 5025 accepit,
3516 4974 3536 5008 ι
3576 4964 3688 5010 etc.

2108 5047 2240 5104 Post
2292 5049 2694 5104 T—heodorctum
2741 5047 2891 5104 Felix
2939 5050 3234 5119 episcopus
3282 5047 3570 5102 Romanus
3619 5048 3690 5102 ad

2112 5143 2388 5197 Zenonem
2422 5143 2488 5197 de
2519 5142 2690 5197 Petro.
2731 5142 2936 5213 Mongo
2977 5159 3001 5194 ε·
3029 5162 3048 5194 ι
3079 5142 3184 5209 Qui
3235 5153 3440 5197 sancta
3485 5142 3688 5196 Antio-

2109 5236 2296 5290 chena
2327 5235 2586 5290 Ecclesia
2615 5235 2993 5306 indignissime
3025 5251 3084 5291 se
3129 5235 3377 5304 ingessit,
3405 5244 3690 5289 sanctam-

2109 5343 2217 5398 que
2246 5329 2430 5382 sedem
2453 5327 2802 5400 pontiﬁcatus
2824 5327 3017 5399 lgnatii
3049 5329 3311 5398 martyris
3341 5328 3559 5397 polluit,
3588 5328 3687 5397 qui

2107 5419 2253 5475 Petri
2285 5420 2476 5474 dextra
2498 5420 2787 5490 episcopus
2811 5420 3096 5474 ordinatus
3117 5429 3254 5475 est.)
3270 5417 3458 5490 Neque
3479 5418 3692 5474 Gracis

2109 5529 2283 5583 neque
2312 5512 2520 5568 Latinis
2540 5512 2812 5568 ordinatio
2832 5512 3026 5584 lgnatii
3053 5515 3172 5569 sine
3203 5530 3468 5569 manuum
3502 5514 3686 5583 impo-

2107 5605 2303 5659 sitione
2330 5615 2425 5659 aut
2454 5615 2670 5674 quarto,
2709 5613 2804 5659 aut
2830 5606 3026 5675 quinto
3061 5607 3263 5662 saculo
3285 5605 3542 5661 innotuit.
3563 5603 3688 5659 Non

2107 5695 2296 5751 dubito
2329 5697 2494 5766 igitur
2524 5697 2654 5766 quin
2681 5695 2854 5752 Graeci
2887 5697 2964 5752 illi
2989 5697 3082 5768 qui
3113 5699 3226 5755 hac
3251 5699 3616 5766 tradiderunt,
3650 5698 3684 5752 ii
