3848 6204
205 343 300 404 ωδ

955 344 1008 394 «Ι.
1035 339 1401 396 PEARSONII
1443 340 1764 397 VlNDlClE
1799 337 2220 397 lGNATlANA.
2253 369 2322 380 --
2345 336 2526 393 PARS
2561 335 2624 392 ll.

3313 337 3419 394 406

203 460 396 526 fuerint,
420 460 735 531 quibuscum
765 460 1092 516 Anastasius
1117 460 1592 532 Constantinopoli
1623 479 1744 518 ver-
1771 473 1817 528 Α
1846 463 1972 517 bula
2003 461 2316 517 communia
2343 460 2398 513 in
2430 459 2649 530 propria
2682 457 2904 512 nomina
2932 469 3192 514 conversa
3223 473 3420 515 accen-

202 564 334 609 satus
356 561 451 616 est,
479 567 604 606 cum
643 559 853 607 octavae
901 553 1113 624 synodo
1160 554 1274 624 ipse
1302 554 1609 610 interesset.
1646 554 1736 611 Lis

199 646 323 702 enim
349 655 469 700 tunc
492 646 752 716 temporis
775 654 892 701 erat
911 648 980 702 de
1001 646 1212 718 Ignatio
1232 647 1736 720 Constantinopoli-

200 749 308 791 tano
329 738 642 807 patriarcha,
673 747 727 793 et
747 737 945 794 Photio
977 740 1239 798 Romanis
1270 742 1508 796 maxime
1536 743 1734 798 inviso.

197 828 416 900 Magnum
446 839 560 885 erat
592 831 757 901 hujus
785 831 977 903 lgnatii
1030 849 1254 901 nomen,
1285 843 1341 889 et
1383 842 1604 904 propter
1629 834 1736 889 loci

197 920 484 990 dignitatem
536 937 701 992 quam
754 924 1040 989 amiserat,
1076 933 1132 980 et
1177 936 1406 997 propter
1455 927 1650 981 exsilia
1683 935 1738 982 et

195 1027 436 1068 erumnas
473 1029 609 1083 quas
637 1029 834 1085 passus
875 1026 1018 1085 erat,
1070 1019 1216 1073 unde
1261 1034 1440 1076 novus
1467 1019 1736 1091 Θεοφόρος

193 1104 458 1172 appellatus
511 1113 613 1160 est.
681 1104 911 1161 Michael
959 1106 1242 1179 Syncellus
1292 1109 1347 1164 in
1425 1105 1682 1165 Encomio
1710 1123 1729 1162 :

205 1191 252 1245 '0
265 1193 366 1256 νέος
390 1189 536 1259 οὗτος
558 1197 650 1248 καὶ
687 1197 859 1266 μέγας
887 1199 1154 1270 Θεοφόρος
1188 1201 1468 1268 Ἰγνάτιοςο
1491 1218 1511 1252 ι
1548 1199 1735 1256 Novus

193 1287 266 1342 hic
299 1299 348 1342 et
371 1304 601 1360 magnus
623 1289 808 1346 Deifer
839 1291 1100 1363 lgnatius.
1135 1313 1152 1344 ι
1195 1293 1552 1363 Chronologia
1577 1291 1734 1350 Nice-

193 1379 339 1449 phoro
391 1381 621 1451 ascripta
682 1384 740 1438 in
791 1400 896 1439 ms.
954 1383 1337 1449 Lpndinensi:
1403 1385 1664 1455 Ἰγνάτιος
1706 1389 1734 1440 6

189 1470 286 1533 νέος
320 1469 575 1543 Θεοφόρος
625 1473 688 1527 τὸ
741 1475 958 1546 πρῶτον
1008 1475 1106 1547 ἔτη
1159 1483 1253 1541 tat,
1311 1477 1486 1548 μῆνας
1525 1485 1590 1544 ε’,
1639 1479 1734 1532 καὶ

188 1559 439 1633 ἐξωρίσθη·
472 1583 490 1614 ι
511 1564 758 1634 lgnatius
788 1581 964 1623 novus
981 1566 1341 1638 Theophanis
1368 1571 1736 1639 primo-annos

188 1653 426 1718 undecim,
458 1671 677 1712 menses
707 1659 969 1730 quinque,
995 1671 1048 1716 et
1068 1661 1278 1732 ejectus
1305 1671 1441 1718 est.»
1473 1663 1556 1718 Ad
1585 1663 1735 1719 hunc

186 1746 544 1803 restituendum
586 1751 827 1806 maxime
874 1753 1118 1810 intentus
1143 1753 1248 1809 fuit
1286 1755 1584 1825 episcopus
1620 1755 1734 1812 Ro-

1838 564 1954 610 tum
2009 554 2226 610 soleant
2281 561 2515 606 mutare.
2564 551 2621 604 '0
2669 550 2939 624 Θεοφόρος
2990 549 3094 606 fuit
3138 552 3418 623 epitheton

1839 647 1989 718 quod
2019 644 2372 715 peculiariter
2401 642 2629 698 adhaesit
2656 643 2865 696 nomini
2889 641 3106 714 lgnatii,
3137 657 3248 698 non
3269 643 3418 713 quod

1837 737 2010 806 ipsius
2037 734 2318 805 proprium
2343 748 2541 788 nomen
2559 740 2706 788 esset
2735 741 2830 787 aut
2852 734 3024 790 ﬁeret.
3045 734 3140 789 sed
3169 734 3316 804 quod
3341 735 3418 790 illi

1837 827 1944 882 hoc
1967 827 2244 896 epitheton
2293 825 2531 895 populus
2577 833 2897 879 conslanter
2937 825 3219 881 tribueret.
3253 823 3324 880 Ut
3349 825 3420 882 de

1835 915 2074 970 Antonio
2118 914 2284 969 tradit
2332 913 2389 968 S.
2445 913 2782 968 Athanasius
2819 932 2832 968 :
2864 913 3072 977 Πάντες
3105 913 3210 987 μὴν
3245 911 3340 968 οὖν
3366 914 3420 967 ot

1834 1007 1942 1062 ἀπὸ
1974 1006 2072 1077 τῆς
2103 1004 2294 1077 κώμης
2331 1003 2630 1074 φιλόκαλοι,
2669 1003 2807 1075 πρὸς
2841 1003 2935 1068 οὓς
2973 1002 3085 1075 εἶχε
3122 1004 3223 1077 τὴν
3253 1006 3418 1078 συνή..

1836 1097 1990 1152 Θειαν
2014 1096 2186 1160 οὕτως
2209 1096 2370 1150 αὐτὸν
2399 1094 2635 1166 ὁρῶντες
2665 1095 2892 1149 ἐκάλουν
2917 1094 3160 1166 Θεοφιλῆ.
3185 1093 3418 1152 «Omnes

1835 1189 2020 1260 itaque
2043 1188 2190 1244 illius
2220 1187 2432 1242 viciniae
2468 1201 2704 1256 quorum
2744 1186 3213 1242 isconsuetudine
3230 1187 3421 1242 uteba-

1835 1292 1943 1351 tur,
1967 1282 2181 1351 pulchri
2200 1289 2363 1350 atque
2381 1280 2594 1334 honesti
2611 1287 2858 1334 amantes
2880 1294 3008 1334 eum
3026 1279 3113 1334 bis
3128 1279 3419 1350 praeditum

1836 1373 2084 1429 moribus
2107 1372 2453 1442 appellabant
2489 1369 2744 1442 Θεοφιλῆ.
2774 1388 2793 1422 ι
2815 1369 2920 1436 Qui
2966 1378 3156 1440 postea
3186 1367 3421 1424 Graeculi

1837 1475 2096 1535 tanquam
2125 1463 2403 1534 proprium
2424 1475 2624 1516 nomen
2641 1460 3271 1532 acceperunt,8:-:6<popov
3284 1461 3421 1516 scri-

1835 1565 2094 1627 pserunt;
2137 1555 2284 1626 quod
2315 1555 2540 1626 propria
2574 1553 2801 1608 nomina
2832 1553 3117 1608 retrahere
3151 1563 3419 1609 accentus

1837 1650 2068 1704 soleant.
2096 1647 2275 1702 Πολλά
2306 1646 2415 1718 γὰρ
2444 1645 2790 1718 εὑρίσκονται
2815 1644 3045 1711 ὀξύτονα
3082 1646 3244 1700 ἆτινα
3274 1646 3422 1715 γινό-

1840 1760 1977 1814 μενα
2000 1742 2162 1809 κύρια
2193 1740 2505 1814 βαρύνεται,
2535 1734 2666 1805 οἷον,
2690 1736 2904 1806 ξανθὸς,
2934 1737 3155 1802 Ξάνθοςο
3187 1739 3417 1811 πυρρὸς,

187 1853 356 1894 manus
384 1839 746 1897 :Anastasius
773 1845 828 1897 in
856 1860 920 1900 ea
945 1845 1577 1918 re,Constantinopolim
1599 1849 1730 1903 mis-

1835 1835 2065 1909 Πύρρος
2090 1835 2347 1907 γλαυκὸς,
2380 1832 2640 1897 Γλαῦκοςο
2670 1831 2884 1896 λευκὸς,
2917 1829 3148 1895 Λεῦκος.
3182 1829 3260 1885 Ita
3291 1830 3421 1903 Ety-

187 1940 286 1990 sus,
316 1929 602 1997 plurimum
629 1934 942 2002 desudavit,
969 1945 1025 1991 et
1058 1952 1182 1993 cum
1216 1936 1513 2010 lgnatianis
1548 1956 1733 1996 versa-

187 2031 276 2086 tus,
305 2023 391 2092 qui
423 2022 685 2081 Photium
726 2029 962 2099 dejicere
987 2032 1173 2086 conati
1219 2043 1369 2100 sunt,
1407 2034 1508 2091 has
1533 2036 1601 2091 ab
1624 2037 1733 2093 illis

184 2109 364 2168 fabulas
393 2116 596 2174 audivit
623 2120 903 2178 veteribus
927 2120 1134 2179 Graecis
1162 2125 1382 2193 penitus
1403 2126 1730 2196 incognitas,

183 2204 492 2279 ειΘεοφόρου
530 2211 745 2266 notioni
797 2213 867 2268 ab
907 2215 1150 2286 antiquis
1189 2217 1478 2273 celebratae
1507 2234 1735 2288 prorsus

184 2308 534 2366 repugnantes.
565 2299 653 2356 Ab
685 2301 774 2358 his
821 2304 1068 2359 eamdem
1108 2305 1352 2361 fabulam
1403 2309 1614 2380 accepit
1650 2308 1738 2364 Si-

183 2401 316 2442 meon
335 2388 751 2462 Metaphrastes,
781 2404 838 2450 et
867 2397 1012 2452 inter
1055 2400 1257 2454 multas
1286 2401 1520 2471 posteris
1553 2411 1735 2458 trans-

181 2480 326 2535 misit.
354 2481 474 2540 Haec
509 2486 556 2541 si
586 2502 720 2541 vera
746 2487 817 2543 sit
849 2487 1047 2545 fabulae
1073 2491 1324 2559 historia,
1359 2502 1422 2546 ut
1453 2495 1588 2548 mihi
1641 2495 1732 2548 vi-

181 2569 349 2626 detur:
381 2583 460 2630 tot
495 2578 718 2634 sarculis
760 2581 983 2636 nomine
1015 2582 1298 2656 Θεοφόρου
1328 2585 1602 2654 posterior
1647 2587 1736 2640 illa

180 2660 282 2728 fuit,
313 2674 493 2722 utnon
516 2685 585 2724 ex
612 2671 706 2724 illa
729 2669 912 2727 fabula
937 2688 1135 2728 nomen
1162 2690 1368 2744 ortum,
1413 2677 1507 2732 sed
1535 2693 1600 2732 ex
1633 2693 1736 2733 no-

181 2755 307 2811 mine
335 2760 469 2814 male
499 2761 826 2818 intellectoa
849 2763 1135 2829 Graeculis,
1166 2782 1404 2823 summae.
1428 2768 1655 2823 factioni
1683 2779 1742 2826 et

180 2850 465 2905 exornando
519 2867 626 2907 suo
678 2854 1006 2923 patriarchae
1052 2857 1251 2913 deditis
1311 2858 1484 2914 eilicta
1512 2915 1524 2926 ε
1554 2858 1738 2914 fabula

181 2939 345 2994 merito
365 2953 667 3011 reputetur.
693 2943 1022 3016 Temporum
1039 2947 1204 3020 igitur
1225 2949 1366 3005 ratio
1392 2950 1498 3007 hoc
1519 2951 1742 3006 nomine

179 3028 371 3085 minime
392 3033 647 3090 violatur.

1835 1927 2108 1997 mologus.
2136 1923 2228 1980 Sic
2255 1924 2542 1996 ἀγαπητὸς
2578 1925 2636 1978 lit
2677 1921 3006 1992 ’Λγάπητος,
3037 1922 3284 1992 νικητὴς,
3321 1922 3419 1975 Νι-

1835 2019 2026 2091 κήτης,
2051 2016 2304 2088 ἀνθηρὸς,
2330 2015 2615 2088 Ἀνθηρος,
2646 2012 2936 2086 Ἀθηναῖοι,
2976 2011 3274 2085 Ἀθήναιος,
3297 2029 3419 2084 qua;

1834 2126 1940 2165 vox
1971 2110 2118 2180 quod
2142 2116 2425 2164 accentum
2453 2123 2564 2162 non
2597 2107 2822 2161 haberet
2850 2107 2904 2160 in
2930 2104 3204 2160 Marmore
3235 2105 3416 2159 Arun-

1834 2202 2092 2266 dellianc,
2109 2213 2222 2256 tam
2241 2201 2382 2254 male
2406 2215 2435 2253 a
2456 2197 2690 2253 Seldeno
2707 2207 2928 2268 accepta
2944 2205 3050 2252 est.
3063 2194 3200 2250 Nam
3217 2195 3421 2253 ΦΡΟΝ·

1837 2295 2086 2348 ΤΙΣΤΗΣ
2115 2291 2462 2346 ΑΘΗΝΑΙοΣ
2489 2305 2597 2344 non
2625 2298 2712 2345 est
2736 2288 3086 2346 Phrontistes
3109 2287 3417 2344 Athenien-

1838 2389 1938 2455 sis,
1973 2388 2068 2443 sed
2095 2384 2412 2448 Athenaeus,
2438 2383 2584 2453 quod
2615 2398 2813 2438 nomen
2846 2391 2932 2438 est
2978 2382 3106 2448 viri,
3135 2392 3198 2436 ut
3223 2397 3291 2436 ex
3319 2381 3416 2437 ad-

1832 2479 2039 2553 junctis
2063 2484 2296 2532 constat.
2327 2474 2403 2530 lta
2429 2484 2581 2529 vetus
2611 2473 2898 2540 Collectio,
2934 2471 3419 2545 Ἀθηναῖος,ΑιΙιε-

1839 2572 2067 2636 mensis,
2101 2569 2404 2640 Ἀθήναιος,
2437 2567 2754 2632 Athenaeus,
2768 2582 2968 2622 nomen
2984 2567 3288 2637 propnium.
3325 2565 3418 2622 Sic

1837 2663 2152 2737 όνησιφόρος
2171 2661 2230 2717 ﬁt
2252 2661 2627 2732 Ὀνησίφορος,
2644 2659 3011 2732 Χριστοφόρος
3026 2659 3417 2731 Χριστόφορος,

1839 2767 1894 2815 et
1945 2758 2190 2812 eamdem
2247 2753 2701 2824 signiﬁcationem
2755 2753 2872 2808 haec
2919 2752 3139 2823 propria
3189 2753 3417 2806 nomina

1839 2851 2008 2906 etiam
2032 2848 2136 2904 sub
2157 2855 2385 2903 accentu
2411 2845 2590 2901 alieno
2617 2845 2854 2900 retinere
2883 2853 3166 2914 putantur.
3196 2843 3274 2898 Ita
3300 2842 3418 2900 for-

1843 2942 2006 2998 tassis
2035 2956 2069 2995 a
2095 2940 2383 3011 φαρμακὸς
2413 2937 2729 3008 Φαρμᾶκος,
2759 2946 2820 2991 ut
2848 2936 2992 3006 apud
3025 2935 3416 3006 Harpocratio-

1841 3051 1964 3090 nem
1985 3034 2245 3106 Didymus
2265 3033 2504 3088 sensisse
2520 3032 2733 3086 videtur
2749 3049 2763 3086 :
2777 3031 3006 3102 Δίδυμος
3030 3029 3087 3082 δὲ
3119 3045 3418 3101 προπερισ-

238 3119 354 3217 ilire
379 3124 543 3195 hujus
570 3127 900 3198 quaestionis
924 3139 1127 3186 statum
1175 3133 1431 3204 proponit
1458 3133 1591 3189 etin
1614 3134 1730 3204 ejus

1844 3128 1952 3198 πᾷν
1990 3125 2129 3190 ἀξιοῖ
2161 3122 2418 3194 τοῦνομα,
2445 3122 2560 3176 ἀλλ’
2585 3125 2744 3194 qusi;
2772 3123 2872 3192 οὐχ
2903 3120 3136 3193 εὕρομεν
3155 3119 3299 3174 οὓτω
3316 3120 3417 3190 τὴν

181 3211 425 3270 solutione
475 3217 787 3288 triumphat
824 3218 1056 3276 Dalla-us
1092 3237 1105 3272 :
1149 3239 1168 3272 ι
1201 3220 1498 3288 Quaeritur,
1531 3223 1731 3292 inquit,

177 3316 232 3355 an
255 3313 303 3358 et
326 3321 428 3375 qua
471 3309 538 3364 de
573 3324 746 3364 causa
778 3308 1019 3382 lgnatius
1059 3321 1289 3369 vocatus
1325 3313 1400 3369 sit
1445 3313 1732 3385 Theopho-

177 3407 271 3448 rus.
303 3415 321 3447 ο
347 3395 500 3454 Certe
528 3415 697 3455 nemo
723 3417 966 3472 unquam
987 3405 1168 3461 adhuc
1197 3408 1454 3476 quaesivit
1479 3423 1546 3462 an
1571 3406 1732 3479 lgna-

179 3485 267 3540 tius
292 3499 468 3545 noster
488 3493 675 3550 dictus
707 3494 780 3549 sit
809 3493 1215 3567 Theophorus;
1254 3515 1476 3555 causam
1502 3500 1617 3556 sive
1644 3515 1732 3554 ra-

178 3573 350 3630 tionem
380 3582 624 3636 nominis
649 3583 817 3638 aliam
849 3587 1084 3657 antiqui,
1115 3589 1280 3644 aliam
1314 3590 1577 3645 neoterici
1607 3592 1732 3646 red-

178 3663 429 3738 diderunt;
477 3682 535 3728 et
580 3675 798 3731 idcirco
827 3679 1001 3747 quaeri
1047 3689 1249 3750 potest,
1298 3698 1330 3737 a
1377 3683 1580 3753 quibus
1606 3698 1730 3739 vera

178 3762 380 3818 nominis
407 3768 548 3823 ratio
582 3769 857 3839 explicata
880 3770 1079 3827 fuerit:
1103 3792 1121 3825 ι
1141 3773 1246 3841 Qui
1273 3775 1378 3831 hoc
1399 3792 1525 3830 eum
1552 3777 1727 3830 nomi-

179 3865 248 3917 nc,
271 3855 450 3926 inquit,
477 3859 692 3915 donant
720 3860 918 3931 Grmci,
943 3863 1202 3938 θεόφορον
1233 3882 1358 3922 cum
1401 3877 1532 3924 tono
1557 3869 1613 3923 in
1644 3883 1732 3924 se-

177 3945 324 4001 cunda
349 3949 550 4020 syllaba
581 3951 842 4020 efferunt,
886 3963 1051 4026 atque
1083 3959 1158 4012 ita
1186 3974 1217 4013 a
1259 3975 1319 4015 se
1353 3961 1581 4031 suisque
1607 3961 1730 4016 ideo

179 4034 351 4093 dictum
378 4052 673 4112 testantur,
698 4047 846 4114 quod
873 4045 1132 4104 Christus
1157 4065 1283 4106 eum
1317 4051 1500 4107 adhuc
1524 4067 1727 4122 parvu-

179 4123 270 4182 lum
292 4145 443 4187 manu
467 4134 522 4189 in
549 4136 715 4192 ulnas
745 4147 1065 4208 susceptum
1110 4142 1347 4198 tulisset.
1380 4161 1400 4195 ι
1431 4141 1537 4198 Sed
1564 4159 1634 4198 an
1670 4145 1726 4199 hi

181 4215 324 4276 Graeci
343 4240 550 4294 omnes,
583 4229 683 4300 qui
709 4245 834 4285 eum
867 4232 972 4287 hoc
1002 4234 1225 4289 nomine
1250 4235 1496 4290 donant?
1535 4234 1728 4291 Nonne

183 4322 343 4369 auctor
366 4320 720 4389 cpistolarum
747 4338 872 4378 eum
898 4325 1168 4398 Θεοφόρον
1197 4342 1415 4398 semper
1442 4337 1604 4384 vocat
1635 4344 1728 4384 ac-

182 4420 314 4463 centu
358 4411 409 4466 in
438 4415 744 4483 penultima
773 4417 1004 4487 posito?
1033 4417 1226 4475 Nonne
1257 4424 1450 4476 eodem
1496 4429 1724 4478 accentu

1836 3221 2051 3292 χρῆσιν.
2101 3216 2280 3272 Graeci
2302 3215 2545 3287 quidem,
2575 3224 2866 3285 postquam
2897 3221 3158 3269 accentus
3200 3213 3415 3267 inventi

1835 3319 1987 3377 sunt,
2009 3311 2115 3366 hoc
2143 3309 2449 3365 discrimen
2474 3308 2529 3361 in
2553 3308 2783 3363 vocibus
2809 3307 3130 3376 compositis
3152 3306 3413 3361 observa-

1833 3404 1994 3470 bant;
2025 3401 2118 3456 diu
2141 3410 2266 3457 ante
2297 3401 2569 3458 Homerus
2612 3400 2852 3470 seipsum
2884 3398 3162 3469 explicare
3186 3407 3413 3454 coactus

1833 3510 1956 3552 esse
1990 3495 2226 3562 videtur,
2257 3495 2347 3548 Ὶλ.
2375 3512 2430 3567 ρ,
2457 3496 2530 3549 ὕει

1939 3631 2339 3700 Πρωτοτόκος,
2367 3628 2574 3697 κούρη,
2609 3631 2678 3682 οὺ
2699 3627 2842 3694 πρὶν
2864 3624 3056 3680 εὶδυῖα
3083 3624 3301 3678 τόκοιο.

1904 3767 2010 3824 Ubi
2042 3776 2199 3824 vetus
2227 3767 2563 3823 Scholiastes
2587 3787 2602 3822 :
2627 3765 3017 3838 Πρωτοτόκος,
3050 3763 3294 3838 πρώτως¹
3327 3778 3414 3816 τε-

1830 3861 2041 3913 τοκυῖα·
2074 3857 2152 3930 τῷ
2183 3854 2276 3912 οὖν
2291 3858 2428 3928 τόνῳ
2466 3857 2866 3929 παροξυτόνως,
2899 3855 2965 3911 ἵν’
3040 3853 3415 3927 ἐνεργητικόν·

1833 3951 2324 4024 προπαροξυτόνως
2343 3950 2400 4004 δὲ
2425 3950 2574 4020 δηλοῖ
2599 3951 2790 4021 ὴλέξις
2818 3949 2918 4021 τὴν
2941 3948 3174 4021 πρώτως
3205 3947 3416 4019 τεχθεῖ-

1832 4061 1952 4098 σαν.
1987 4043 2311 4098 Ammonius
2351 4043 2420 4098 de
2454 4043 2727 4098 similibus
2756 4050 2813 4097 et
2837 4039 3215 4096 dilferentibus
3251 4055 3416 4096 voca-

1829 4137 1975 4192 bulis
1993 4152 2120 4191 cum
2149 4151 2284 4192 cura
2303 4135 2696 4190 Bonaventura:
2714 4132 2969 4188 Vulcanii
2991 4133 3190 4198 editus,
3205 4131 3299 4188 sed
3311 4146 3416 4202 ope

1829 4229 2330 4298 manuscriptorum
2362 4228 2599 4283 maxime
2632 4225 2902 4297 indigens.
2945 4225 3292 4298 Ἀγρονόμος,
3316 4223 3415 4278 ὲάν

1831 4319 1929 4390 μὲν
1957 4317 2365 4390 παροξύνωμεν,
2403 4315 2549 4371 ἐστιν
2582 4318 2610 4370 6
2651 4318 2710 4369 ὲν
2741 4316 2932 4388 ἀγροῖς
2965 4315 3282 4386 νεμόμενος.
3331 4315 3415 4370 Τὰ

1827 4409 1938 4480 γὰρ
1950 4405 2473 4480 προπαροξυνόμενα
2489 4406 2768 4478 χαίρουσιν
2785 4405 2911 4460 ἀνα)
2923 4405 3111 4459 ύεσθαι
3137 4405 3217 4468 εἰς
3241 4403 3412 4475 πάθη.

183 4494 412 4561 Maximus
437 4509 601 4563 tradit
627 4509 762 4564 illud
788 4512 1117 4566 vocabulum
1157 4528 1299 4583 sazpe
1330 4514 1400 4569 ab
1429 4513 1639 4585 lgnatio
1674 4523 1728 4570 ει
1758 4503 1802 4559 D
1839 4499 1980 4555 Vidit
2010 4501 2206 4556 locum.
2226 4500 2482 4554 mutilum
2510 4513 2635 4554 esse
2657 4495 2992 4564 Vulcanius;
3025 4513 3188 4568 quem
3211 4513 3277 4552 ex
3300 4511 3410 4554 ms.

181 4589 350 4650 dictum
381 4607 430 4653 et
455 4601 761 4672 scriptum?
807 4602 999 4659 Nonne
1043 4603 1418 4676 Ephraemius,
1473 4605 1727 4662 Gobarus

183 4692 226 4737 et
255 4686 426 4747 Jobius
474 4693 550 4749 ita
598 4695 886 4765 loquentes
915 4712 945 4751 a
975 4696 1172 4752 Photio
1221 4700 1728 4768 repraesentantur?

183 4770 342 4834 Nonne
368 4784 741 4840 vetustissima
769 4785 1197 4858 A'ctalgnatium
1222 4789 1402 4858 ipsum
1435 4791 1522 4844 sui
1554 4789 1728 4844 nomi-

185 4865 254 4921 nis
276 4883 480 4928 sensum
509 4876 587 4930 ita
604 4877 970 4946 cxpiicantem
998 4879 1388 4934 introducunt?-
1416 4878 1608 4936 Nonne
1626 4896 1728 4935 an-

187 4956 437 5027 tiquissimi
465 4967 767 5038 scriptores
792 4967 964 5024 Graeci
989 4969 1245 5042 Θεοφόρον
1275 4985 1344 5026 eo
1384 4987 1552 5027 sensu
1591 4972 1725 5027 viris

187 5053 357 5109 sanctis
400 5057 567 5112 tribui
621 5075 766 5130 saepe
817 5060 1422 5118 observarunt?~Nemo
1455 5079 1722 5134 unquam,

186 5140 359 5211 0l’inor,
410 5147 669 5222 θεόφορον
722 5162 854 5207 tono
901 5155 960 5207 in
1015 5154 1263 5208 secunda
1304 5155 1509 5226 syllaba
1545 5156 1723 5225 posito

189 5232 371 5302 Scripsit
390 5251 513 5296 ante
543 5243 821 5299 decimum
839 5245 1122 5312 saculum,
1155 5245 1260 5300 hoc
1291 5255 1384 5302 est
1412 5262 1574 5302 nemo
1597 5257 1724 5302 ante

186 5318 387 5383 fabulam
403 5342 606 5389 natam.
638 5335 760 5406 Ipse
787 5339 1114 5394 Anastasius
1154 5337 1414 5407 Ἱγνάτιον
1441 5339 1720 5413 θεοφόρονο

191 5413 462 5483 tignatium
508 5424 786 5481 Deilerum
820 5446 840 5479 ι
894 5428 1292 5497 interpretatur
1327 5445 1340 5480 :
1374 5437 1430 5483 et
1476 5429 1722 5497 lgnatius

188 5502 787 5586 Constantinopolitanus
815 5519 933 5583 νέος,
985 5519 1258 5592 Θεοφόρος
1297 5520 1727 5591 οοςηοηιίηεώξια

191 5602 275 5652 tur.
321 5601 527 5664 Primus
572 5608 971 5680 Metapbrastes
999 5620 1286 5666 accentum
1343 5611 1624 5666 transtulit
1660 5620 1722 5666 ut

191 5683 390 5749 fabulam
420 5698 474 5752 in
520 5715 739 5756 scenam
792 5701 1100 5772 speciosius
1132 5702 1437 5770 induceret,
1484 5716 1722 5772 eumque

191 5784 349 5848 nihliuni
367 5794 532 5850 secuti
567 5804 696 5851 sunt
743 5795 910 5868 quue
942 5795 1024 5854 illi
1046 5795 1206 5854 facile
1235 5795 1358 5866 fuit,
1398 5810 1526 5853 cum
1551 5809 1718 5851 voca-

1828 4591 2016 4648 codice
2060 4591 2116 4644 in
2148 4589 2478 4645 bibliotheca
2505 4587 2672 4658 Regis
2701 4587 2877 4645 nostri
2919 4587 3001 4642 sic
3045 4585 3412 4655 supplendum

1827 4698 1952 4739 esse
1979 4696 2272 4738 monemus
2303 4701 2317 4736 :
2367 4680 2714 4753 Ἀγρονόμος,
2750 4679 2849 4734 ἐὰν.
2867 4679 2964 4750 μὲν
2995 4677 3410 4750 παροξύνωμεν,

1828 4775 1981 4833 ἔσται
2017 4778 2046 4829 ὁ
2084 4777 2142 4829 ὲν
2181 4776 2372 4846 ἀγροῖς
2415 4773 2613 4844 νέμων·
2650 4771 2744 4829 ὲάν
2789 4771 2846 4824 δὲ
2885 4770 3410 4844 προπαροξύνωμεν,

1827 4865 1979 4924 ἔσεται
2019 4869 2048 4921 6
2080 4868 2138 4923 ὲν
2169 4867 2358 4938 ἀγροῖς
2413 4864 2730 4937 νεμομένος.
2771 4862 2843 4918 Ut
2882 4873 3041 4919 vetus
3095 4862 3358 4918 Collectio
3392 4880 3408 4920 :

1841 4959 2190 5030 Ἀγρονόμος,
2232 4977 2251 5009 ι
2282 4958 2335 5010 in
2381 4971 2514 5027 agro
2544 4970 2800 5026 pascens,
2840 4973 2858 5006 ι
2902 4952 3250 5025 Ἀγρόνομος,
3286 4970 3306 5004 ι
3353 4952 3409 5006 in

1827 5066 1960 5122 agro
1998 5058 2211 5120 pastus.
2237 5067 2258 5100 ι
2292 5047 2762 5114 Quemadmodum
2792 5054 2848 5101 et
2870 5046 2974 5100 ista
3003 5047 3168 5115 paulo
3194 5043 3411 5113 plenius

1826 5149 1883 5202 in
1916 5161 1982 5200 eo
2011 5160 2118 5200 ms.
2145 5144 2421 5213 leguntur,
2439 5155 2601 5212 quam
2634 5141 2688 5194 in
2715 5139 3050 5194 editionibus
3069 5156 3082 5193 :
3101 5137 3411 5209 Ταυρόκτο-

1826 5256 1936 5304 νος,
1977 5241 2006 5292 6
2043 5238 2148 5292 ὑπὸ
2187 5235 2281 5290 τοῦ
2316 5234 2518 5306 ταύρου
2565 5231 2894 5304 ἀναιρεθείς·
2947 5229 3305 5302 ταυροκτόνος
3350 5227 3410 5282 δὲ

1827 5328 2228 5403 παροξυτόνως,
2247 5330 2276 5382 6
2306 5325 2506 5398 ταῦρον
2528 5323 2873 5386 ἀποκτείνας.
2931 5321 3058 5376 Haec
3081 5322 3217 5375 adeo
3244 5334 3408 5374 accu-

1825 5433 1944 5478 rate
1991 5420 2360 5476 observabant
2384 5417 2580 5484 Graeci,
2625 5425 2686 5471 ut
2731 5431 2857 5470 cum
2912 5413 3403 5486 grammaticorum

1825 5530 2002 5572 canon
2035 5521 2201 5578 esset,
2226 5526 2408 5567 voces.
2430 5508 2933 5580 byperdissyllabas
2955 5505 3008 5560 in
3041 5522 3100 5570 ος
3128 5505 3183 5559 in
3208 5504 3405 5574 penul-

1825 5609 1962 5665 tima
1985 5614 2269 5661 accentum
2289 5603 2551 5658 habentes
2577 5609 2769 5654 tonum
2788 5598 3035 5667 rejicere,
3061 5611 3276 5665 semper
3299 5595 3406 5651 hac

1823 5699 2144 5769 exceptione
2168 5703 2470 5760 uterentur,
2499 5693 2668 5764 χωρὶς
2697 5693 2745 5745 εἰ
2782 5691 2856 5763 μὴ
2889 5689 3140 5744 σύνθετον
3170 5688 3404 5762 ὑπάρχει

1823 5792 1993 5846 ἕνεκα.
2012 5787 2289 5862 ἐνεργείας
2319 5784 2698 5860 παροξύνεται,
2715 5793 2777 5840 ut
2797 5782 3171 5856 Etymologus,
3189 5780 3253 5837 γ.
3287 5783 3404 5837 Ἀν-
