3848 6204
419 332 526 387 ιοπ

1485 328 1539 381 S.
1585 323 1936 382 IGNATIUS.
1975 355 2044 363 —-
2085 320 2622 379 PROLEGOMENA.

3575 315 3678 371 408

417 455 550 520 stoc,
573 460 628 507 et
648 449 1039 523 Κορυοαίολος.
1067 448 1192 505 Haec
1223 450 1290 505 de
1338 450 1656 505 nominibus
1686 448 2003 519 hujusmodi
2033 456 2076 512 Α
2108 456 2293 518 postea
2316 447 2536 502 habitus
2567 445 2784 512 fuisset,
2830 443 2926 514 qui
2956 457 3021 498 eo
3043 440 3264 497 nomine
3290 439 3492 511 dignus
3520 454 3553 494 a
3577 455 3678 495 ne-

418 544 712 614 adjectivis
736 553 1000 613 perpetua
1037 542 1351 598 Cra-corum
1399 542 1738 608 observatio,
1779 541 1871 595 ubi
1903 555 2000 610 pa-

421 643 688 704 roxytona
717 644 867 700 sunt,
900 635 1201 705 significari
1222 635 1283 688 τὸ
1311 633 1688 706 ἐνεργητικόν,
1718 643 1778 688 ιιι
1808 634 1996 703 loqui-

420 734 513 782 tur
541 725 761 781 Homeri
789 725 1140 792 Sclioliastes,
1159 727 1251 780 ubi
1273 736 1734 795 proparoxytona,
1751 723 1998 777 denotari

424 820 622 884 πάθος,
660 832 719 875 ut
749 822 1097 876 Ammonius.
1145 820 1204 874 In
1245 820 1480 890 propriis
1510 819 1825 874 nominibus
1856 819 1998 874 idem

422 911 571 967 haud
599 913 944 980 observatur,
967 928 1090 983 qua:
1115 922 1402 968 accentum
1432 921 1667 978 mutant,
1723 911 2001 980 signiﬁca-

421 997 570 1051 tione
602 1014 711 1052 non
742 1006 974 1054 mutata.
1011 999 1304 1069 Perperam
1362 1001 1530 1070 igitur
1577 1000 1806 1055 omnino
1857 1002 2001 1056 hanc

421 1086 736 1160 Theophori
773 1091 1223 1162 signiticaticnem
1267 1103 1321 1148 et
1363 1109 1430 1148 ex
1459 1109 1521 1147 ea
1557 1093 1800 1147 fabulam
1849 1108 2001 1148 com-

420 1183 590 1234 menti
621 1192 749 1236 sunt
782 1182 1015 1238 Graeculi
1060 1186 1412 1254 posteriores.
1473 1184 1563 1240 Sic
1591 1188 1736 1240 enim
1773 1187 2003 1259 Χριστο-

419 1269 588 1342 φόρος
623 1287 728 1326 vox
756 1274 1031 1330 veteribus
1067 1276 1294 1343 usitata,
1323 1285 1382 1330 ut
1418 1276 1707 1348 Θεοφόρος.
1735 1277 1818 1331 Ab
1841 1276 2001 1346 lgna-

421 1361 499 1416 tio
529 1370 720 1419 nostro
747 1363 968 1434 Ephesii
1003 1367 1350 1436 appellantur
1372 1369 1758 1440 Χριστοφόροι.
1784 1367 2001 1426 Phileas

421 1454 655 1524 scriptor
692 1458 951 1527 antiquus
983 1461 1125 1529 apud
1151 1459 1447 1516 Eusebium
1480 1461 1576 1516 lib.
1618 1478 1674 1524 ι.
1717 1477 1767 1516 c.
1791 1462 1844 1526 8,
1879 1461 2004 1532 Epi-

423 1547 564 1602 stola
620 1549 686 1602 ad
742 1548 1079 1608 Thmuitas:
1128 1555 1218 1608 Διὸ
1270 1554 1612 1626 ζηλώσαντες
1660 1557 1728 1611 τὰ
1784 1558 2004 1628 μείζονα

419 1639 736 1711 χαρίσματα
767 1644 815 1694 ot
862 1645 1225 1719 Χριστοφόροι
1265 1649 1559 1721 μάρτυρες.
1591 1669 1610 1702 ι
1635 1648 1870 1704 Proinde
1891 1666 2004 1705 me-

2100 541 2248 596 mine
2297 540 2684 609 reputabatur;
2742 554 2853 592 non
2909 535 3250 600 Thaumasii,
3313 534 3532 603 opinor,
3580 533 3677 588 sed

2099 632 2374 686 Ammonii
2416 647 2614 685 nomen
2648 631 2836 684 liberis
2860 629 2975 684 suis
3004 628 3395 697 imposuissent
3423 634 3682 695 parentes

2100 727 2422 782 Christiani.
2459 724 2599 779 Hinc
2635 725 2798 792 igitur
2819 732 2914 778 aut
2941 722 3296 793 epistolarum
3330 721 3681 789 scriptorem.

2101 829 2194 874 aut
2222 819 2627 890 lgnatianorum
2649 817 2908 872 Actorum
2929 823 3204 870 auctorem
3224 813 3318 868 diu
3338 823 3460 883 post
3484 808 3685 883 lgnatii

2101 918 2348 978 tempora
2383 908 2586 962 vixisse
2617 907 2767 960 nullo
2796 905 2956 960 modo
2986 904 3298 959 coniicitur.

2171 1000 2290 1054 Jam
2343 1011 2403 1056 ut
2449 1001 2754 1054 institutam
2789 997 2856 1053 de
2907 996 3048 1063 λέξει
3085 995 3508 1066 disputationem
3555 1008 3687 1064 per-

2101 1103 2270 1157 texat,
2297 1093 2568 1156 observat,
2604 1106 2701 1146 eos
2730 1105 2868 1161 quos
2891 1089 3246 1145 vetustissimi
3286 1090 3367 1142 vel
3390 1089 3687 1158 episcopos

2101 1183 2183 1237 vel
2215 1183 2562 1252 presbyteros
2584 1181 2960 1248 vocant,hunc
2979 1179 3158 1250 ἱερέας
3183 1194 3278 1235 seu
3302 1181 3679 1234 «sacerdotes»

2103 1276 2398 1345 appellare.
2434 1275 2513 1329 Ex
2544 1275 2748 1344 spuriis
2786 1276 3018 1344 aliquot,
3050 1290 3118 1329 ex
3160 1276 3364 1329 nostris
3394 1290 3564 1328 unum
3598 1273 3688 1328 lo-

2102 1384 2228 1422 cum
2261 1368 2437 1433 aﬂ‘ert,
2472 1383 2666 1438 nempe
2689 1369 2803 1423 hinc
2829 1385 2896 1423 ex
2919 1369 3146 1437 epistola
3179 1369 3242 1422 ad
3261 1368 3690 1434 Philadelphen-

2103 1477 2192 1517 ses
2215 1462 2373 1517 verba
2407 1479 2421 1516 :
2454 1461 2623 1514 Καλοὶ
2653 1462 2745 1516 καὶ
2774 1464 2822 1514 οἱ
2845 1464 3027 1532 ἱερεῖς.
3064 1459 3211 1533 Nego
3237 1462 3337 1516 hoc
3358 1463 3480 1516 loco
3514 1463 3690 1531 ἱερεῖς

2105 1555 2190 1608 vel
2238 1555 2640 1624 cpiscoposvel
2685 1555 3032 1624 presbyteros
3065 1555 3408 1623 signiﬁcare;
3463 1555 3692 1624 negavit

2105 1652 2232 1699 ante
2255 1659 2344 1699 me
2373 1644 2771 1699 Hammondus.
2804 1643 2964 1699 Walo
3005 1644 3329 1700 Messalinus
3353 1645 3543 1698 eadem
3585 1645 3692 1699 ob-

420 1730 908 1795 liora'charismata
931 1749 1310 1795 consectantes
1334 1750 1600 1813 martyres
1613 1741 2002 1812 quiChristum
2041 1807 2071 1813 _
2101 1736 2340 1805 lectione
2370 1752 2525 1800 usus,
2557 1735 2651 1790 sed
2699 1744 2826 1790 ante
2867 1737 3046 1790 Visum
3071 1736 3316 1790 codicem
3350 1734 3687 1790 Mediceum.

421 1825 724 1892 gestabant.
753 1847 771 1879 ι
798 1827 972 1894 Quam
1005 1807 1778 1903 signiﬁcationemprop-rium
1805 1850 2003 1889 nomen
2039 1807 2078 1860 Β
2112 1826 2426 1883 Blondellus
2471 1827 2562 1881 illo
2607 1827 2796 1882 codice
2844 1827 3089 1895 inspecto
3131 1827 3200 1881 ab
3240 1820 3341 1882 hac
3371 1827 3692 1896 objectione

423 1917 823 1990 Χριστοφὸρος,
857 1923 940 1977 vel
985 1925 1148 1978 etiam
1183 1927 1554 1998 Χριστὸφορος
1593 1936 1817 1982 accentu
1885 1944 2007 1982 mu-

423 2017 562 2073 tato,
595 2012 859 2070 retinuit:
899 2014 1043 2070 unde
1070 2024 1126 2070 et
1153 2033 1291 2072 nova
1318 2017 1503 2073 fabula
1529 2029 1649 2074 orta
1677 2029 1783 2076 est.

497 2101 604 2156 Sed
633 2105 827 2172 quaerit
849 2104 1104 2172 Dallaaus,
1138 2125 1310 2179 quare
1337 2111 1430 2165 alii
1457 2129 1487 2167 a
1514 2111 1846 2183 Theoplioro
1869 2113 2003 2169 dicti

423 2206 533 2245 non
568 2204 697 2248 sunt
725 2194 1057 2267 Theophori,
1092 2207 1202 2254 uta
1228 2201 1628 2273 Cbristophoro
1653 2213 1731 2259 tot
1752 2206 2003 2276 appellati

424 2292 554 2337 sunt
587 2284 992 2357 Christopbori,
1045 2306 1171 2344 cum
1217 2294 1440 2347 nomina
1477 2306 1780 2366 martyrum
1826 2297 2000 2351 nostri

424 2374 542 2428 suis
575 2374 810 2432 libenter
832 2379 1072 2434 donent?
1097 2380 1296 2436 Fateor
1324 2385 1576 2454 equidem
1608 2395 1820 2442 veteres
1842 2386 2004 2441 Chri-

423 2465 631 2520 stianos
678 2480 979 2541 martyrum
1019 2474 1242 2529 nomina
1299 2475 1533 2531 libenter
1585 2480 1701 2534 suis
1746 2481 2000 2536 donasse.

421 2552 688 2613 Observat
728 2559 789 2615 Β.
845 2561 1220 2621 Theodoretus
1259 2582 1510 2623 sermone
1545 2571 1576 2623 8
1625 2592 1636 2625 :
1673 2570 1784 2635 Τὰς
1811 2572 1866 2625 δὲ
1897 2574 2004 2626 τῶν

421 2647 719 2719 μαρτύρων
751 2655 1124 2726 προσηγορίας
1152 2655 1349 2727 μᾶλλον
1382 2657 1561 2712 ίσασιν
1601 2661 1844 2725 ἅπαντας
1873 2663 1906 2728 ἢ
1936 2665 2004 2718 τὰ

421 2738 532 2792 τῶν
563 2743 832 2811 φιλτάτων
858 2746 1130 2817 ὀνόμαται
1149 2749 1240 2802 καὶ
1267 2753 1380 2812 τοῖς
1411 2752 1567 2804 παισὶ
1592 2752 1650 2806 δὲ
1673 2753 1770 2817 τὰς
1804 2756 2004 2808 τούτων

423 2834 796 2906 προσηγορίας
823 2837 1123 2893 ἐπιτιθέναι
1147 2842 1560 2907 σπουδάζουσιν,
1585 2844 1886 2914 ἀσφάλειαν
1911 2847 2005 2898 αὑ-

419 2925 533 2988 τοῖς
565 2925 656 2978 καί
688 2927 930 3000 φυλακὴν
963 2931 1210 2985 ἐντεῦθεν
1241 2933 1642 3004 μηχανώμενοι.
1667 2956 1683 2985 ι
1710 2935 2002 3006 Martyrum

420 3026 602 3072 autem
637 3020 867 3076 nomina
887 3024 1104 3079 notiora
1135 3035 1262 3079 sunt
1288 3027 1543 3082 omnibus
1573 3043 1739 3098 quam
1765 3028 2001 3082 familia-

421 3109 587 3166 rium.
620 3112 765 3179 Quin
781 3125 836 3170 et
852 3116 978 3172 filiis
995 3117 1190 3172 horum
1215 3121 1435 3175 nomina
1460 3123 1737 3192 imponere
1761 3123 1999 3190 student,

421 3207 772 3264 securitatem
804 3210 930 3266 inde
961 3211 1097 3281 ipsis
1128 3213 1470 3284 tutelamque
1520 3225 1925 3285 comparantes.
1973 3235 1992 3267 ι

422 3294 583 3353 Ratio
613 3308 796 3356 tamen
832 3302 998 3372 hujus
1027 3303 1367 3360 diversitatis
1410 3306 1719 3363 manifesta.
1747 3307 1998 3362 Christo-

418 3389 628 3456 pborus
657 3392 803 3446 enim
836 3395 1090 3464 martyris
1116 3394 1398 3465 pr0prium
1433 3412 1630 3451 nomen
1664 3395 1787 3463 fuit,
1821 3395 1998 3452 Theo-

419 3478 631 3544 phorus
653 3483 994 3553 neutiquam.
1020 3483 1113 3540 llle
1128 3486 1222 3556 qui
1242 3503 1384 3557 saepe
1400 3487 1686 3542 dicebatur
1706 3488 1995 3559 Θεοφόρος,

422 3572 703 3642 proprium
735 3589 934 3631 nomen
965 3586 1083 3634 erat
1142 3578 1417 3646 Ἰγνάτιος.
1474 3578 1590 3635 Hoc
1645 3588 1828 3634 autem
1877 3580 1998 3648 ejus

421 3679 620 3719 nomen
645 3667 866 3736 plurimi
894 3672 1074 3726 sortiti
1103 3681 1251 3727 sunt.
1288 3671 1409 3727 Non
1443 3673 1536 3727 diu
1576 3681 1701 3742 post
1737 3673 1858 3740 ejus
1893 3673 1996 3727 ob-

425 3755 560 3808 itum
585 3755 832 3826 lgnatius
856 3761 1080 3831 quidam
1106 3764 1285 3820 dictus
1311 3773 1411 3832 est,
1437 3763 1694 3830 Celerini,
1719 3762 1812 3834 qui
1842 3771 1998 3817 aetate

419 3845 680 3917 Cypriani
705 3851 988 3909 confessor
1023 3854 1146 3919 fuit,
1178 3856 1507 3922 avunculus,
1546 3863 1600 3909 et
1630 3855 1746 3923 ipse
1770 3863 1994 3924 martyr.

421 3932 621 3995 Postea
654 3940 899 4013 lgnatius
953 3947 1268 4016 patriarcha
1328 3945 1993 4016 Constantinopolitanus.

420 4029 666 4099 lgnatius
706 4033 995 4103 diaconus,
1031 4039 1125 4109 qui
1169 4039 1383 4094 Tarasii
1415 4048 1470 4094 et
1513 4037 1808 4108 Nicephori
1844 4035 1996 4091 Vitas

418 4124 661 4194 scripsit.
697 4124 938 4197 lgnatius
963 4130 1345 4202 Xanthopulus
1387 4147 1510 4186 cum
1542 4131 1794 4195 Callisto,
1826 4129 1921 4200 qui
1966 4143 1996 4182 a

424 4214 693 4285 Symeone
720 4217 1196 4278 Thessalonicensi
1217 4211 1481 4295 Θεηγὸροι
1509 4223 1602 4277 καὶ
1621 4220 1880 4293 Θεοφόροι
1906 4219 1998 4274 καὶ

417 4306 784 4383 Χριστοφὸροι
811 4312 904 4366 καὶ
929 4313 1102 4368 ἔνθεοι
1132 4316 1408 4370 dicuntur.
1436 4316 1591 4370 Alius
1622 4313 1884 4385 lgnatius,
1909 4311 1998 4369 cui

417 4399 701 4456 dedicatur
743 4418 883 4473 opus
927 4406 1072 4475 Περὶ
1109 4407 1228 4460 τῶν
1276 4409 1383 4463 τοῦ
1431 4409 1617 4478 λόγου
1673 4404 1998 4474 σχημάτων

2104 1933 2334 1987 prorsus
2386 1919 2670 1985 abstinuit,
2706 1928 2764 1974 ut
2805 1927 2860 1974 et
2893 1917 3218 1974 Salmasius.
3276 1919 3443 1975 Miror
3497 1921 3692 1990 itaque

2104 2009 2362 2066 Dallaeum
2384 2011 2562 2066 adhuc
2578 2012 2756 2066 eidem
2785 2011 3069 2077 inhaerere,
3096 2013 3341 2082 nihilque
3366 2013 3563 2068 afferre
3586 2029 3693 2082 pro

2104 2103 2374 2158 sententia
2409 2119 2533 2162 sua.
2561 2114 2757 2173 praeter
2783 2103 2984 2156 nudam
3034 2105 3416 2158 assertionem.
3454 2125 3473 2157 ι
3502 2106 3691 2174 Appa—

2103 2206 2207 2263 ret,
2236 2195 2435 2266 inquit,
2469 2197 2649 2268 ἱερέας
2679 2197 2801 2251 loco
2843 2195 3064 2250 laudato
3107 2197 3215 2251 dici
3263 2213 3360 2252 eos
3407 2199 3503 2268 qui
3557 2209 3692 2253 sunt

2103 2289 2424 2359 presbyteri.
2458 2308 2477 2341 ι
2510 2289 2626 2342 lmo
2662 2303 2791 2343 vero
2822 2297 3050 2358 apparet
3089 2289 3271 2360 ἱερέας
3320 2305 3387 2344 eo
3410 2290 3537 2346 loco
3563 2306 3692 2360 pre-

2103 2381 2350 2450 sbyteros
2376 2395 2484 2434 non
2507 2380 2615 2435 dici
2645 2397 2658 2433 :
2687 2379 3054 2436 certissimum
3105 2381 3249 2435 enim
3307 2389 3391 2434 est
3440 2380 3692 2449 epistola:

2105 2474 2426 2542 scriptorem
2463 2488 2531 2528 eo
2579 2473 2683 2528 loci
2721 2473 2789 2527 de
2831 2473 3101 2528 ministris
3129 2471 3406 2542 Evangelii
3453 2474 3691 2529 minime

2104 2564 2273 2633 loqui.
2312 2563 2563 2633 Disputat
2589 2563 2852 2617 adversus
2883 2561 3189 2628 Ebionitas,
3219 2561 3313 2631 qui
3339 2560 3692 2616 Christianos

2105 2658 2171 2712 ad
2199 2655 2468 2712 Mosaicas
2499 2657 2859 2711 caeremonias
2902 2659 3254 2718 revocabant,
3298 2663 3353 2708 et
3404 2654 3474 2708 ab
3505 2653 3689 2707 Evan-

2105 2747 2246 2817 gelio
2294 2747 2362 2801 ad
2387 2747 2560 2816 legem
2606 2746 3000 2816 provocabant,
3043 2743 3455 2807 dicebantque:
3487 2762 3506 2794 ι
3547 2742 3605 2798 Si
3633 2743 3686 2797 in

2105 2841 2384 2895 veteribus
2414 2855 2522 2894 non
2556 2839 2799 2905 invenio,
2855 2839 2914 2893 in
2961 2835 3258 2907 Evangelia
3283 2853 3394 2890 non
3424 2837 3618 2890 credo.
3662 2854 3690 2887 »-

2105 2931 2442 3001 Argumento
2474 2933 2576 2986 hoc
2615 2932 2876 2986 adversus
2898 2945 2996 2985 eos
3024 2930 3196 2984 utitur
3226 2945 3240 2981 :
3282 2946 3308 2980 ι.
3338 2927 3474 2982 Boni
3517 2938 3575 2982 et
3599 2941 3692 2982 sa-

2107 3025 2392 3092 cerdotes;
2437 3025 2633 3079 melius
2687 3033 2867 3078 autem
2920 3023 3172 3093 princeps
3204 3021 3558 3077 sacerdotum
3599 3020 3690 3075 cui

2107 3118 2312 3172 credita
2333 3127 2462 3173 sunt
2482 3116 2682 3173 Sancta
2710 3126 3043 3171 sanctorum.
3077 3134 3096 3166 ι
3121 3114 3198 3170 Ita
3231 3131 3296 3169 ex
3327 3114 3446 3183 lege
3490 3112 3689 3182 dispu-

2107 3221 2204 3266 tat.
2237 3209 2343 3264 Per
2375 3211 2672 3281 principem
2698 3220 2877 3263 autem
2895 3207 3240 3262 sacerdotum
3271 3205 3699 3275 intelligendum

2098 3319 2220 3360 esse
2271 3303 2550 3358 Christum
2604 3302 2802 3368 innuit,
2862 3316 2969 3353 non
3014 3309 3227 3353 tantum
3284 3297 3401 3351 hac
3451 3295 3688 3360 addens,

2106 3415 2124 3447 ι
2161 3396 2249 3450 cui
2300 3395 2402 3450 soli
2437 3393 2643 3449 credita
2693 3402 2821 3448 sunt
2858 3393 3072 3449 occulta
3110 3390 3226 3455 Dei,
3287 3409 3308 3442 ι
3356 3389 3450 3445 sed
3483 3399 3542 3443 et
3594 3388 3701 3443 illa.

2097 3492 2284 3555 etiam,
2326 3507 2344 3540 ι
2394 3489 2485 3558 qui
2525 3491 2641 3558 ipse
2684 3495 2770 3541 est
2803 3486 2972 3556 janua
3019 3484 3216 3547 Patris,
3251 3497 3347 3552 per
3393 3497 3561 3551 quam
3603 3481 3691 3534 iu-

2099 3581 2418 3652 grediuntur
2451 3580 2751 3643 Abraham,
2802 3577 2954 3633 lsaac
2999 3586 3055 3632 et
3085 3575 3275 3642 Jacob,
3319 3583 3371 3629 et
3403 3574 3692 3644 prophetae

2099 3685 2153 3729 et
2183 3674 2436 3744 apostoli,
2467 3681 2522 3728 et
2544 3671 2809 3728 Ecclesia.
2835 3691 2877 3722 .›
2932 3669 3159 3726 Summa
3208 3670 3518 3740 argumenti
3571 3669 3692 3724 haec

2099 3779 2217 3824 est:
2251 3766 2369 3822 Non
2401 3782 2524 3822 esse
2565 3766 2901 3821 redeundum
2931 3765 3000 3819 ab
3041 3764 3335 3834 Evangelio
3384 3763 3450 3817 ad
3486 3762 3689 3831 legem,

2101 3861 2194 3915 sed
2243 3876 2276 3915 a
2324 3861 2442 3931 lege
2492 3857 2919 3930 perveniendum
2972 3856 3043 3912 ad
3093 3855 3469 3926 Evangelium.
3535 3852 3692 3908 Licet

2099 3955 2244 4007 enim
2276 3953 2534 4022 praeclara
2562 3951 2722 4006 fuerit
2755 3950 2860 4006 sub
2910 3949 3029 4019 lege
3065 3948 3394 4002 ministratio
3434 3946 3696 4000 sacerdo.

2098 4056 2236 4114 tum,
2264 4061 2477 4116 semper
2503 4054 2683 4100 tamen
2707 4044 2774 4098 iis
2801 4043 2974 4112 major
2997 4053 3114 4096 erat
3137 4056 3387 4096 summus
3411 4037 3692 4105 Pontifex,

2099 4139 2194 4206 qui
2230 4137 2381 4193 solus
2415 4135 2637 4190 intravit
2667 4135 2720 4187 in
2769 4133 2968 4188 Sancta
3028 4139 3386 4187 sanctorum:
3434 4138 3557 4184 erat
3587 4145 3698 4182 au-

2101 4239 2209 4283 tem
2253 4228 2343 4281 ille
2381 4226 2588 4281 Christi
2637 4234 2817 4298 typus,
2847 4222 2942 4291 qui
2977 4237 3102 4274 vere
3135 4235 3387 4275 summus
3437 4217 3697 4288 pontifex

2099 4331 2201 4386 est,
2234 4335 2330 4390 per
2362 4332 2522 4388 quem
2551 4324 2608 4370 et
2631 4315 2725 4385 qui
2765 4323 2890 4369 ante
2926 4313 3128 4383 legem,
3167 4320 3232 4366 et.
3257 4310 3353 4380 qui
3410 4309 3516 4364 sub
3543 4309 3706 4380 lege,

2099 4423 2154 4467 et
2190 4412 2282 4481 qui
2314 4411 2416 4465 sub
2461 4408 2776 4478 Evangelio,
2813 4407 3044 4462 salutem
3079 4402 3361 4458 consecuti
3393 4412 3542 4456 sunt.
3578 4405 3699 4474 Ap-

417 4489 561 4548 intrr
600 4510 734 4548 mss.
796 4495 1140 4555 Barocianos
1182 4500 1237 4554 in
1286 4501 1617 4556 bibliotheca
1670 4496 1990 4553 Oxoniensi.
2026 4505 2071 4564 ι)
2097 4506 2252 4569 paret
2285 4498 2489 4552 idcirco
2515 4504 2794 4551 auctorem
2826 4493 3072 4564 epistolae
3112 4494 3218 4549 sub
3245 4496 3470 4550 nomine
3495 4494 3698 4566 ἱερέων

419 4581 660 4654 lgnatius
683 4588 979 4644 modernus
1005 4593 1315 4660 patriarcha
1337 4593 1716 4648 Antiochenus
1737 4607 1750 4656 ;
1773 4599 1825 4644 et
1849 4589 1997 4659 ejus-

419 4675 546 4730 dem
595 4680 867 4745 nominis,
911 4683 1016 4737 nisi
1069 4684 1261 4752 fallor,
1293 4685 1350 4739 in
1376 4685 1653 4739 Chronico
1681 4682 1996 4738 Cassinensi

418 4765 675 4823 l‘nnacius
697 4772 987 4842 episcopus
1004 4774 1460 4834 Monorbinensis.
1493 4775 1565 4831 Ut
1588 4777 1756 4848 igitur
1781 4791 1810 4829 a
1836 4773 1998 4829 Chri-

419 4863 684 4931 stophoro
733 4874 814 4921 tot
857 4867 1260 4939 Cliristophori,
1299 4871 1374 4924 ita
1404 4870 1473 4924 ab
1501 4870 1709 4940 lgnatio
1733 4878 1995 4937 tanquam

416 4955 930 5030 proprioamartyris
953 4962 1174 5016 nomine
1197 4963 1354 5016 multi
1378 4963 1506 5016 dicti
1540 4969 1669 5016 sunt
1693 4959 1907 5030 lgnatii.
1932 4957 1999 5013 Ut

416 5056 599 5101 autem
623 5049 692 5101 ab
714 5065 825 5105 uno
850 5062 1087 5124 martyre
1106 5054 1217 5109 duo
1245 5054 1467 5108 nomina
1495 5054 1637 5124 apud
1665 5053 1882 5107 Graecos
1904 5052 1970 5107 de

417 5139 752 5209 rivarentur,
791 5146 1068 5213 postulare
1091 5146 1500 5216 iniquissimum
1523 5155 1625 5201 est.
1644 5144 1997 5199 Ammonium

420 5229 752 5288 monachum
800 5237 1090 5305 quemdam
1125 5238 1194 5292 ab
1233 5237 1424 5293 Oreste
1471 5237 1729 5308 praefecto
1763 5236 1999 5289 Alexan-

418 5320 552 5376 driae
579 5325 632 5378 in
665 5329 954 5384 tormentis
979 5331 1307 5384 trucidatum
1335 5330 1392 5385 S.
1416 5330 1652 5401 Cyrillus
1685 5331 1739 5384 in
1765 5329 1998 5384 ecclesia

419 5420 654 5488 quadam
688 5419 986 5488 deponens,
1014 5421 1183 5493 ὄνομα
1207 5422 1394 5495 ἓτερον
1424 5421 1575 5493 αὐτῷ
1602 5419 1996 5487 ὲπιθεὶςβαυ-

422 5512 613 5580 μάσιον
656 5515 978 5579 ὲπεκάλεσε,
1025 5517 1118 5569 καὶ
1165 5517 1418 5589 μάρτυρα
1465 5515 1825 5588 χρηματίζειν
1873 5513 1995 5566 ἐκέ-

417 5600 596 5666 λευσε,
633 5622 655 5656 ι
689 5607 834 5662 aliud
878 5624 1074 5663 nomen
1125 5611 1174 5664 ei
1218 5609 1504 5679 imponens
1530 5651 1546 5676 ,
1593 5609 1989 5663 Thaumasium

420 5696 727 5763 appellavit,
759 5707 814 5753 et
842 5710 1136 5771 martyrem
1164 5703 1346 5757 vocari
1370 5703 1572 5771 jussit,
1603 5719 1620 5751 ι
1642 5709 1700 5755 ιιι
1718 5700 1882 5756 refert
1899 5700 1996 5756 So-

416 5797 617 5855 crates,
650 5789 744 5845 lib.
777 5804 877 5859 vit,
905 5807 953 5846 c.
981 5794 1067 5847 M.
1095 5793 1249 5859 Quod
1279 5795 1325 5850 si
1357 5795 1446 5850 ille
1472 5810 1572 5865 pro
1597 5810 1728 5850 vero
1756 5803 1994 5867 martyre

2100 4591 2410 4646 sacerdotes
2441 4589 2544 4644 sub
2597 4588 2715 4659 lege
2749 4587 3104 4650 intellexisse,
3141 4597 3195 4641 et
3246 4587 3301 4641 in
3360 4588 3464 4641 hac
3499 4588 3698 4657 dispu-

2097 4681 2324 4746 tatione,
2357 4680 2425 4734 de
2463 4679 2800 4750 presbyteris
2834 4689 2930 4732 aut
2975 4678 3102 4732 ullis
3135 4679 3406 4733 ministris
3447 4692 3696 4749 evange-

2098 4775 2221 4829 licis
2247 4788 2316 4827 ne
2349 4775 2620 4843 cogitasse
2646 4771 2892 4841 quidem.
2939 4767 3089 4824 Vidit
3138 4770 3255 4824 hzec
3305 4773 3516 4835 omnia,
3570 4776 3696 4844 opi-

2097 4882 2222 4930 nor,
2246 4880 2384 4919 vera.
2415 4878 2537 4919 esse
2567 4862 2834 4929 Dallzeus;
2877 4877 3002 4916 nam
3036 4877 3160 4918 cum
3193 4864 3360 4932 paulo
3389 4873 3517 4934 post
3567 4866 3690 4921 loca

2098 4959 2334 5013 adducat
2366 4971 2433 5010 ex
2479 4956 2702 5026 spuriis,
2741 4956 2941 5025 quibus
2986 4957 3194 5024 probet,
3221 4957 3543 5026 episcopum
3579 4960 3692 5016 dict

2097 5049 2379 5123 ἀρχιερέα,
2415 5051 2532 5104 hac
2571 5049 2760 5116 verba,
2807 5051 3060 5120 κρεῖσσον
3107 5051 3136 5102 ὁ
3185 5050 3499 5122 ἀρχιερεὺς,
3557 5067 3695 5121 pru-

2095 5144 2232 5199 dens
2265 5143 2458 5212 mittit;
2490 5143 2594 5196 hac
2633 5140 2848 5194 ratione
2895 5139 3098 5206 addita,
3127 5142 3272 5211 quod
3313 5160 3333 5187 ι
3371 5158 3434 5196 ea
3461 5146 3696 5199 tametsi

2096 5235 2163 5290 de
2185 5234 2444 5304 episcOpo
2475 5234 2584 5288 dici
2613 5234 2923 5297 videantur,
2953 5232 3046 5286 alii
3080 5233 3147 5286 de
3187 5231 3410 5288 Christo
3449 5233 3692 5288 Domino

2096 5342 2208 5381 non
2261 5325 2500 5382 absurde
2552 5325 2998 5394 interpretentur.
3049 5345 3070 5377 ι
3131 5323 3246 5380 lmo
3287 5325 3563 5379 veroralii
3616 5325 3690 5380 de

2095 5419 2314 5474 Christo
2352 5417 2580 5471 Domino
2617 5427 2672 5472 et
2711 5416 2972 5472 Pontitice
3006 5431 3225 5471 summo
3267 5417 3575 5471 rectissime
3598 5415 3690 5471 in—

2095 5520 2494 5581 terpretantur;
2549 5525 2729 5579 neque
2771 5512 3064 5579 quisquam
3116 5510 3185 5565 de
3229 5509 3489 5579 episeopo
3522 5525 3693 5578 evano

2095 5602 2270 5672 gelico
2305 5602 2412 5656 nisi
2461 5601 2856 5656 absurdissime
2896 5603 3241 5672 interpretari
3296 5608 3496 5671 potest.
3545 5601 3686 5667 Quis

2093 5698 2238 5754 enim
2276 5712 2516 5767 unquam
2559 5695 2876 5765 episcopum
2912 5695 3149 5765 aliquem
3203 5694 3346 5747 inter
3395 5693 3684 5748 ministros

2094 5792 2436 5864 evangelicos
2479 5789 2826 5857 itaelferret,
2879 5796 2938 5844 ut
2981 5804 3103 5846 eum
3142 5786 3565 5844 diceretressc
3603 5787 3682 5857 ja:
