3834 6214
446 305 549 368 411

1449 303 1452 306 ’
1485 299 1543 355 S.
1582 295 1933 356 lGNATlUS.
1972 327 2044 338 —
2082 294 2619 353 PROLEGOMENA.

3619 296 3744 354 “‘2

443 426 588 484 alios
616 423 1057 496 quamplurimas
1092 423 1319 479 secundi
1347 424 1529 478 saculi
1563 424 1860 493 scriptores
1887 421 2030 477 idem
2062 425 2106 483 Α
2135 419 2271 473 bant
2300 417 2412 474 Deo
2435 419 2754 489 episcopum
2787 417 3164 486 constituenti,
3213 417 3295 474 vel
3346 417 3574 474 diabolo
3596 433 3739 475 cre-

445 519 741 576 discrimen
778 520 921 574 inter
954 517 1220 573 vocabula
1249 517 1601 587 episcopatus
1630 525 1684 571 et
1705 515 2028 587 presbyterii

446 613 796 678 observasse,
831 612 977 682 quod
1011 593 1268 665 observat
1309 608 1554 679 lgnatius
1596 618 1821 677 noster;
1863 609 2030 664 adeo-

446 720 555 775 que
586 704 784 760 falsum
825 719 947 760 esse
975 704 1121 774 quod
1158 705 1359 759 asserit
1396 702 1631 759 Dallaus
1671 714 1727 760 et
1767 713 2027 775 tanquam

447 801 754 871 argumenti
795 798 1211 854 fundamentum
1241 798 1416 867 ponit,
1451 814 1645 855 omnes
1669 800 1896 855 secundi
1928 815 2032 856 sa~

447 894 556 948 culi
579 895 876 963 scriptores
908 892 1218 961 promiscue
1242 907 1336 947 eas
1374 908 1538 948 voces
1570 908 1890 964 usurpasse.
1930 892 2029 950 Se-

447 987 626 1041 cunda
655 987 887 1040 assertio
917 987 988 1040 sit
1023 1005 1036 1038 :
1067 983 1284 1040 Nullum
1324 986 1553 1042 secundi
1585 988 1771 1043 saculi
1801 988 2031 1058 scripto-

448 1095 558 1132 rem
594 1079 730 1133 adeo
761 1078 1074 1148 promiscue
1112 1080 1395 1136 vocabulis
1431 1081 1675 1151 episcopi
1714 1092 1768 1137 et
1797 1085 2027 1156 presby—

445 1171 545 1226 teri
607 1187 766 1226 usum
815 1187 938 1227 esse
972 1213 988 1240 ,
1053 1181 1115 1229 ut
1186 1171 1420 1242 simplici
1484 1176 1804 1247 presbytero
1841 1176 1896 1231 in
1935 1192 2026 1232 se-

444 1265 625 1320 cundo
659 1265 950 1320 ministerii
975 1266 1144 1336 gradu
1173 1267 1477 1322 constituto
1507 1283 1750 1338 unquam
1786 1269 2026 1340 episcopi

443 1360 662 1415 titulum
703 1362 984 1417 tribueret.
1021 1361 1201 1417 Tertia
1235 1381 1249 1418 :
1296 1361 1516 1418 Nullum
1547 1364 1774 1418 omnino
1803 1363 2028 1420 secundi

443 1458 630 1534 saculi
666 1461 1016 1530 scriptorem,
1044 1476 1167 1516 cum
1203 1461 1408 1533 gradus
1438 1472 1743 1530 enumerat,
1781 1473 2027 1518 autcum

442 1548 512 1604 de
541 1550 913 1622 singularibus
941 1554 1027 1609 sui
1053 1556 1316 1624 temporis
1351 1555 1620 1612 ministris
1648 1557 1910 1627 loquitur,
1938 1573 2030 1612 no—

442 1657 568 1697 men
622 1644 926 1715 presbyteri
979 1645 1029 1701 ei
1077 1646 1173 1716 qui
1221 1648 1514 1718 episc0pus
1551 1659 1698 1705 esset
1742 1650 2024 1707 tribuisse.

440 1733 650 1802 Quarta
696 1738 930 1792 assertio
985 1748 1069 1794 est
1107 1757 1123 1794 :
1166 1739 1243 1796 Ea
1289 1750 1470 1809 atate,
1509 1759 1618 1813 qua
1669 1741 1728 1798 S.
1784 1745 2028 1814 lgnatius

441 1828 704 1897 epistolas
735 1832 1022 1901 scripsisse
1048 1832 1269 1902 dicitur,
1319 1843 1430 1892 tres
1459 1853 1652 1892 sacros
1681 1837 1902 1893 ordines
1930 1853 2029 1893 seu

443 1925 648 1995 gradus
673 1925 964 1983 distinctos
993 1928 1050 1982 in
1083 1927 1329 1984 Ecclesia
1357 1929 1548 1986 fuisse.
1587 1929 1685 1987 His
1714 1941 1896 1987 autem
1922 1947 2034 1987 om-

443 2019 609 2074 nibus
641 2020 838 2089 positis
876 2030 931 2076 et
964 2023 1335 2094 comprobatis
1361 2025 1572 2080 nemini
1602 2025 1804 2080 mirum
1826 2025 2034 2082 videbi-

443 2119 554 2176 tur,
606 2114 652 2168 si
695 2114 940 2184 Ignatius
977 2125 1165 2172 noster
1195 2126 1305 2172 tam
1343 2118 1679 2190 frequenter,
1717 2129 1828 2175 tam
1857 2130 2028 2186 caste,

442 2206 671 2259 nomina
717 2216 772 2262 et
828 2206 1003 2264 ollicia
1047 2211 1316 2282 episcopi,
1367 2214 1674 2286 presbyteri
1704 2217 1772 2284 {et
1812 2213 2029 2270 diaconi

443 2302 766 2376 distinguat.
803 2304 860 2360 Si
888 2308 1033 2362 enim
1068 2309 1160 2362 alii
1201 2312 1597 2381 quamplurimi
1644 2312 1890 2382 ejusdem
1925 2329 2029 2370 sa-

443 2396 553 2451 culi
602 2399 899 2467 scriptores
951 2400 1092 2454 idem
1142 2403 1439 2459 discrimen
1492 2405 1881 2472 observabant,
1933 2421 2032 2460 cur

442 2501 554 2540 non
593 2497 648 2543 et
689 2490 974 2558 lgnatius?
1027 2490 1085 2546 Si
1127 2495 1312 2551 nullus
1338 2497 1565 2551 omnino
1593 2498 1818 2554 secundi
1845 2499 2030 2554 saeculi

444 2579 680 2648 scriptor
720 2596 920 2637 nomen
956 2583 1195 2656 episcopi
1235 2588 1554 2659 presbytero
1593 2590 1866 2657 tribuerit,
1911 2607 2028 2646 me-

444 2670 551 2726 rito
582 2679 635 2726 et
690 2670 934 2741 lgnatius
987 2675 1140 2730 solos
1177 2675 1466 2747 episcopos
1509 2693 1576 2734 eo
1619 2680 1842 2735 nomine
1880 2696 2032 2735 com-

445 2763 701 2831 pellabat.
741 2762 797 2818 Si
827 2766 991 2835 pauci
1035 2766 1137 2832 illi,
1178 2769 1274 2838 qui
1316 2784 1517 2824 nomen
1568 2771 1873 2844 presbyteri
1914 2773 2031 2842 epi-

447 2873 614 2928 scopo
655 2861 953 2932 aliquando
1002 2864 1225 2930 dabant,
1257 2866 1418 2922 aliter
1451 2883 1667 2938 semper
1689 2869 1856 2925 locuti
1895 2872 2028 2940 sint,

448 2968 572 3007 cum
608 2953 836 3009 materia
869 2957 1184 3026 scriptionis
1211 2958 1506 3030 lgnaliana
1535 2973 1890 3034 congrueret;
1925 2965 2032 3035 epi-

450 3047 722 3102 stolarum
750 3049 1050 3120 antiquitas
1077 3068 1143 3107 ex
1182 3069 1245 3108 ea
1271 3070 1331 3108 re
1359 3055 1414 3108 in
1449 3055 1676 3111 dubium
1708 3057 1892 3112 vocari
1921 3073 2028 3112 non

447 3151 658 3214 potest;
725 3144 817 3199 ille
863 3146 1010 3201 enim
1058 3148 1256 3204 modus
1315 3151 1572 3222 loquendi
1609 3167 1772 3223 quem
1810 3163 2032 3210 secutus

446 3250 560 3308 est,
606 3250 662 3296 et
710 3245 944 3314 tempori
1006 3255 1061 3301 et
1107 3248 1385 3304 occasioni
1428 3258 1483 3306 et
1525 3248 1700 3321 ipsius
1752 3253 2033 3322 proposito

447 3329 686 3387 maxime
717 3335 1090 3393 conveniebat.

517 3421 703 3480 Prima
763 3427 928 3498 igitur
966 3431 1204 3486 assertio
1249 3432 1354 3488 sit:
1392 3431 1546 3489 Alios
1594 3436 2034 3507 quamplurimos

446 3520 674 3575 secundi
705 3522 892 3578 saculi
932 3523 1227 3595 scriptores
1256 3525 1400 3582 idem
1430 3527 1730 3585 discrimen
1770 3531 1912 3587 inter
1943 3547 2036 3587 vo-

447 3612 644 3668 cabula
691 3613 1042 3684 episcopatus
1101 3625 1158 3673 et
1210 3619 1627 3690 presbyteratus
1683 3623 2029 3690 observasse,

447 3705 598 3774 quod
621 3706 875 3762 observat
910 3707 1154 3779 lgnatius
1183 3720 1406 3780 noster;
1438 3729 1579 3782 quos
1615 3731 1896 3786 nunquam
1930 3717 2032 3772 ali-

449 3808 531 3855 ter
561 3802 776 3857 locutos
827 3818 950 3859 esse
995 3805 1328 3874 deprehendi
1395 3819 1593 3878 potest.
1643 3809 2031 3869 Vetustissima

451 3892 511 3947 S.
541 3896 738 3965 Ignatii
766 3896 901 3952 Acta
943 3917 956 3952 :
1001 3917 1020 3951 ‹
1066 3899 1203 3955 Cum
1242 3902 1414 3958 multo
1448 3905 1649 3976 gaudio
1692 3907 2031 3969 descendens

448 3991 518 4046 de
547 3991 671 4046 navi
708 3990 1002 4050 festinabat
1038 3994 1092 4050 S.
1123 3995 1486 4070 Polycarpum
1517 4002 1838 4072 episcopum
1861 4018 2032 4059 coau-

450 4083 686 4140 ditorem
737 4087 941 4144 videre.
995 4109 1015 4142 ι
1072 4089 1138 4146 Ει
1180 4093 1344 4162 paulo
1394 4104 1518 4164 post
1562 4114 1577 4152 :
1621 4116 1640 4149 ι
1683 4096 2034 4158 Honorabant

452 4176 600 4232 enim
633 4192 882 4234 sanctum
925 4196 1022 4251 per
1079 4184 1390 4255 episc0pos,
1435 4189 1786 4260 presbyteros
1825 4200 1880 4246 et
1915 4193 2034 4247 dia-

451 4286 622 4328 conos
669 4272 814 4328 Asia
854 4275 1104 4332 civitates
1137 4288 1191 4333 et
1214 4279 1492 4337 Ecclesia.
1531 4303 1550 4336 ι
1589 4283 1773 4340 Etate
1805 4287 2030 4342 Adriani

451 4365 712 4421 distincta
747 4366 919 4424 fuisse
948 4378 1010 4425 ut
1037 4372 1234 4439 officia,
1269 4375 1340 4428 ita
1377 4384 1431 4431 et
1475 4378 1742 4433 vocabula
1789 4380 2030 4450 episcopi

2131 512 2324 567 derent
2347 512 2662 583 episcopum
2711 512 3093 583 proscribenti.
3135 532 3155 566 ι
3191 512 3402 569 Pariter
3437 512 3581 568 Acta
3629 528 3742 567 an-

2129 604 2441 674 tiquissima
2481 603 2539 659 S.
2569 603 2870 676 Polycarpi,
2902 604 3015 660 sive
3059 603 3411 676 Smyrnensis
3457 603 3743 660 Ecclesia

2129 697 2359 768 epistola
2393 716 2407 753 :
2453 696 2513 754 '0
2546 695 2996 768 θαυμασιώτατος
3031 698 3240 768 μάρτυς
3269 696 3644 768 Πολύκαρπος
3677 699 3742 750 ὲν

2127 797 2242 857 τοῖς
2287 792 2409 847 καθ’
2456 793 2607 864 ἡμᾶς
2647 791 2859 863 χρόνοις
2897 789 3215 854 διδάσκαλος
3246 789 3608 853 ἀποστολικδς
3638 791 3743 843 καὶ

2129 883 2468 957 προφητικὺς
2497 883 2798 954 γινόμενος,
2838 882 3138 945 ὲπίσκοπός
3179 899 3240 936 τε
3265 883 3365 954 τῆς
3397 883 3457 936 ὲν
3493 881 3740 955 Σμύρνῃ

2129 974 2422 1046 καθολικῆς
2465 974 2812 1045 Ἐκκλησίας.
2853 992 2871 1025 ι
2911 971 3278 1027 Admirandus
3307 981 3518 1044 martyr
3557 973 3743 1042 Poly-

2129 1083 2332 1138 carpus
2356 1076 2546 1123 nostra
2577 1075 2737 1122 atate
2763 1065 3099 1137 apostolicus
3134 1074 3190 1120 et
3226 1065 3588 1137 propheticus
3623 1067 3743 1121 do-

2130 1170 2269 1227 ctor,
2293 1168 2348 1215 et
2375 1159 2656 1215 catholica
2685 1158 3036 1230 Smyrnensis
3062 1157 3322 1214 Ecclesia
3338 1159 3671 1229 episcopus.
3716 1177 3735 1210 ι

2130 1248 2202 1305 Ut
2227 1251 2391 1321 igitur
2415 1249 2655 1321 Ignatius
2680 1248 3037 1320 Polycarpum
3061 1249 3358 1303 ἐπίσκοπον
3391 1250 3744 1320 Ἐκκλησίας

2129 1341 2448 1414 Σμυρναίων
2475 1341 2729 1413 appellat,
2763 1343 2936 1398 itaet
2964 1341 3361 1415 Smyrnenses;
3411 1359 3596 1415 neque
3625 1362 3744 1398 un-

2129 1450 2294 1506 quam
2345 1450 2471 1490 cum
2532 1435 2911 1506 presbyterum
2962 1445 3179 1492 vocant.
3231 1437 3346 1492 Sub
3398 1438 3742 1507 pontificatu

2132 1528 2341 1584 Soteris
2376 1529 2618 1599 episcOpi
2676 1528 2911 1583 Romani
2957 1528 3254 1601 Dionysius
3299 1529 3740 1585 Corinthiorum

2129 1623 2416 1694 episcopus
2435 1622 2688 1678 Publium
2711 1632 2764 1679 et
2790 1621 3124 1690 Quadratum
3154 1623 3578 1681 Atheniensium
3612 1627 3746 1696 epi-

2131 1729 2328 1785 scopos
2357 1715 2840 1780 commemoravit;
2890 1716 3133 1772 ostendit
3179 1718 3458 1789 quomodo
3514 1717 3738 1792 Diony-

2130 1808 2249 1864 sius
2291 1809 2613 1880 Areopagita
2665 1809 2883 1882 πρῶτος
2923 1811 3023 1883 τῆς
3085 1811 3380 1881 Ἀθηναίων
3425 1813 3742 1883 παροικίας

2129 1899 2226 1972 τὴν
2267 1901 2573 1973 ἐπισκοπὴν
2613 1902 3009 1975 ἐγκεχείριστο,
3048 1921 3069 1956 ι
3119 1905 3330 1974 primus
3369 1904 3740 1961 Atheniensis

2130 1989 2392 2048 Ecclesiae
2417 1993 2794 2064 episcopatum
2825 1997 3088 2066 suscepit.
3133 2015 3151 2048 ι
3183 1995 3444 2053 Scribens
3478 1998 3548 2052 ad
3581 1998 3736 2055 Gor-

2129 2084 2442 2156 tynensium
2508 2084 2808 2142 Ecclesiam
2858 2087 3122 2143 Φίλιππον
3181 2089 3482 2144 ἐπίσκοπον
3542 2091 3736 2145 αὐτῶν

2129 2177 2476 2248 ἀποδέχεται,
2513 2195 2532 2229 ι
2573 2177 2884 2250 Philippum
2916 2180 3232 2251 episcopum
3283 2196 3479 2237 eorum
3522 2184 3734 2254 pradi-

2128 2275 2238 2335 cat,
2276 2288 2296 2321 ι
2329 2278 2386 2324 ct
2415 2285 2538 2326 eam
2569 2287 2692 2342 qua
2727 2291 2745 2324 ‹
2782 2272 2885 2327 sub
2908 2272 3028 2344 ipso
3066 2291 3085 2325 ι
3121 2284 3242 2329 erat
3266 2273 3606 2342 Ecclesiam;
3662 2280 3734 2333 ad

2128 2361 2552 2432 Amastrianos,
2619 2365 2946 2419 Ἐπίσκοπον
2999 2367 3179 2421 αὐτῶν
3228 2367 3454 2438 ὀνόματι
3493 2369 3734 2442 Πάλμαν

2130 2454 2515 2526 ὑποσημαίνειο
2553 2476 2571 2508 ι
2619 2456 2949 2529 Episcopum
2981 2459 3225 2530 ipsorum
3259 2460 3505 2517 Palmam
3545 2466 3732 2518 nomi-

2129 2549 2300 2602 natim
2341 2549 2575 2620 appellat
2605 2569 2620 2617 ;
2659 2569 2678 2602 ι
2713 2551 2783 2605 ad
2816 2551 3081 2608 Gnossios
3121 2571 3134 2607 :
3188 2553 3418 2608 Πίνυτον
3447 2554 3554 2624 τῆς
3590 2572 3733 2627 παρ-

2127 2641 2306 2705 οικίας
2357 2641 2653 2697 ἐπίσκοπον
2684 2645 3028 2716 παρακαλεῖ,
3077 2664 3097 2697 ‹
3151 2644 3402 2717 Pinytum
3460 2646 3731 2704 Ecclesia

2131 2735 2450 2806 episcopum
2481 2745 2707 2802 monet;
2746 2755 2766 2788 ι
2802 2737 2891 2792 cui
2942 2737 3198 2793 rescribit
3237 2736 3465 2810 Pinytus
3513 2741 3726 2795 exhor-

2133 2834 2254 2881 tans
2288 2835 2348 2882 ut
2370 2826 2626 2884 solidiore
2650 2828 2776 2884 cibo
2808 2829 2900 2882 τὸν
2920 2829 3029 2883 ὑπ’
3065 2830 3217 2901 αὑτῴ
3246 2830 3398 2892 λαὸν,
3450 2851 3471 2883 ι
3507 2833 3726 2902 plebem

2131 2919 2235 2975 sibi
2267 2920 2596 2992 subiectam,
2627 2941 2647 2974 ι
2697 2921 2844 2977 alere
2891 2923 3039 2978 velit.
3096 2921 3337 2993 Epistola
3362 2923 3609 2996 denique
3655 2927 3730 2982 ab

2132 3013 2322 3068 eodem
2369 3014 2436 3069 ad
2503 3013 2782 3070 Romanos
2827 3016 2950 3070 data
2994 3026 3099 3082 est,
3143 3017 3430 3090 ὲπισκόπῳ
3468 3018 3552 3090 τῷ
3601 3021 3726 3073 τότε

2059 3130 2102 3187 C
2136 3103 2350 3178 Σὼτηρι
2381 3107 2798 3178 προσφωνοῦσα,
2842 3126 2861 3159 r
2907 3105 3088 3163 Soteri
3129 3116 3260 3165 tunc
3302 3113 3566 3180 temporis
3609 3113 3726 3181 epi-

2135 3212 2302 3267 scopo
2331 3208 2663 3269 nuncupata,
2710 3218 2728 3251 ι
2763 3198 2923 3270 cujus
2952 3200 3069 3256 hac
3101 3202 3266 3256 verba
3299 3220 3314 3256 :
3349 3204 3417 3256 Ὃ
3453 3203 3517 3256 οὗ
3563 3205 3725 3274 μόνον

2133 3289 2523 3362 διατετήρηκεν
2574 3293 2602 3346 ὀ
2647 3293 2914 3366 μακάριος
2957 3293 3112 3365 ὑμῶν
3154 3295 3453 3360 ἐπίσκοπος
3507 3295 3723 3368 Σὼτηρ,

2133 3381 2270 3436 ἀλλὰ
2301 3384 2395 3437 καὶ
2436 3385 2766 3457 ἐπηύξησεν.
2813 3405 2832 3439 ‹
2885 3386 3058 3454 Quem
3104 3403 3313 3443 morem
3367 3388 3564 3444 beatus
3609 3390 3726 3459 epi-

2135 3490 2334 3546 scopus
2382 3484 2564 3533 vester
2614 3477 2775 3533 Soter
2830 3493 2940 3534 non
2988 3481 3227 3535 servavit
3273 3482 3478 3545 solum,
3531 3497 3725 3536 verum

2135 3569 2296 3623 etiam
2323 3569 2568 3638 adauxit,
2605 3589 2624 3622 ›
2666 3579 2728 3625 ut
2770 3569 2940 3626 refert
2969 3570 3259 3638 Eusebius,
3302 3572 3399 3627 lib.
3431 3589 3506 3640 Iv,
3542 3589 3593 3629 c.
3630 3573 3722 3628 95.

2136 3657 2264 3716 Hac
2298 3669 2426 3716 tunc
2462 3660 2707 3734 Dionysii
2751 3662 2918 3719 dictio
2956 3662 3101 3718 fuit:
3132 3679 3310 3734 neque
3354 3680 3600 3735 unquam
3626 3663 3728 3718 ali-

2138 3761 2220 3807 ter
2269 3753 2487 3810 locutus
2510 3769 2632 3811 esse
2676 3755 3125 3825 deprehenditur.
3171 3753 3567 3825 Lugdunenses
3615 3753 3726 3808 fra-

2134 3851 2248 3899 tres
2292 3843 2396 3900 hoc
2437 3845 2603 3900 etiam
2663 3845 2960 3900 discrimen
3025 3853 3175 3901 caste
3224 3845 3540 3909 observant,
3593 3843 3724 3898 dum

2132 3933 2430 3991 Pothinum
2484 3936 2807 4007 episcopum
2857 3952 3018 3992 suum
3078 3936 3396 4007 appellant,
3454 3934 3725 3991 lrenaum

2133 4044 2266 4084 vero
2293 4029 2692 4101 presbyterum,
2741 4043 2904 4100 quem
2947 4045 3142 4086 onmes
3170 4030 3405 4088 Pothino
3430 4032 3726 4102 episcopa-

2133 4129 2251 4176 tum
2283 4120 2531 4192 Lugduni
2568 4121 2849 4178 obtinente
2887 4123 3088 4178 ibidem
3125 4124 3505 4194 presbyterum
3551 4123 3730 4183 fuisse

2133 4223 2459 4286 agnoscunt.
2491 4213 2567 4269 De
2600 4215 2770 4284 priori
2811 4217 2866 4270 in
2907 4217 3133 4286 epistola
3165 4218 3233 4272 ad
3266 4218 3409 4273 Asia
3443 4218 3728 4290 Phrygia-

2133 4320 2240 4376 que
2273 4303 2546 4360 Ecclesias
2567 4305 2640 4360 ita
2665 4307 2966 4376 loquuntur
3002 4327 3016 4363 :
3059 4306 3119 4364 Ὁ
3137 4309 3193 4363 δὲ
3230 4311 3498 4381 μακάριος
3533 4311 3730 4365 neeu—

2132 4414 2224 4461 νος
2253 4399 2282 4450 ὁ
2328 4397 2426 4469 τὴν
2474 4396 2749 4451 διακονίαν
2794 4397 2893 4469 τῆς
2932 4400 3237 4471 ἐπισκοπῆς
3295 4402 3353 4454 ὲν
3407 4401 3729 4473 Λουγδούνῳ

449 4467 506 4515 et
541 4461 874 4560 presby—teri,
915 4467 1212 4523 ostendunt
1237 4470 1400 4525 verba
1433 4473 1784 4542 imperatoris
1826 4475 1882 4530 in
1913 4476 2030 4546 epi-
2056 4480 2107 4539 D
2135 4461 2584 4560 πεπιστεομὲνος,
2644 4507 2664 4542 ι
2714 4461 2916 4546 Beatus
2963 4499 3145 4545 autem
3177 4461 3466 4554 Pothinus,
3495 4461 3586 4548 cui
3623 4461 3730 4548 mi;

450 4554 591 4610 stola
621 4553 688 4609 ad
725 4555 1048 4613 Servianum
1099 4563 1384 4618 consulem
1443 4567 1645 4636 scripta
1687 4584 1703 4620 :
1747 4586 1767 4619 ‹
1810 4565 1891 4623 illi
1935 4569 2030 4638 qui

453 4649 685 4717 Serapin
726 4651 936 4715 colunt,
987 4651 1284 4710 Christiani
1335 4666 1508 4724 sunt;
1584 4666 1641 4714 et
1681 4659 1863 4714 devoti
1905 4669 2036 4716 sunt

452 4743 643 4811 Serapi
673 4744 766 4814 qui
798 4761 858 4800 se
887 4747 1094 4804 Christi
1138 4751 1428 4822 episcopos
1455 4753 1664 4809 dicunt.
1700 4752 1872 4811 Nemo
1920 4755 2034 4812 illic

452 4833 921 4907 archisynagOgus
949 4836 1288 4908 Judaorum,
1320 4859 1484 4899 nemo
1509 4844 1831 4911 Samarites,
1869 4863 2033 4904 nemo

449 4924 894 4983 Christianorum
944 4933 1249 5003 presbyter,
1286 4951 1394 4990 non
1443 4938 1886 5006 mathematicus,
1921 4956 2032 4996 non

450 5032 708 5090 aruspex,
744 5037 855 5076 non
903 5023 1119 5093 aliptes.
1159 5045 1178 5079 ι
1217 5025 1369 5082 Unde
1398 5038 1588 5099 postea
1631 5029 1866 5086 Romani
1905 5048 2034 5102 pro-

449 5113 708 5170 consules
729 5124 783 5170 et
809 5119 1070 5186 prasides
1099 5120 1186 5177 his
1219 5121 1492 5178 distinctis
1525 5124 1698 5179 titulis
1729 5127 2030 5180 secundum

451 5205 709 5264 Ecclesia
759 5213 1212 5267 consuetudinem
1267 5214 1319 5268 in
1365 5216 1864 5286 proscriptionibus
1913 5228 2034 5274 ute-

449 5300 671 5357 bantur.
705 5301 866 5360 Unde
898 5304 960 5361 S.
987 5306 1296 5377 Cyprianus
1319 5308 1480 5364 docet
1502 5326 1564 5366 se
1597 5309 1770 5367 fuisse
1797 5313 2034 5383 proscri-

449 5404 626 5463 ptum,
655 5398 913 5466 applicito
935 5407 989 5453 et
1009 5399 1272 5469 adjuncto
1299 5402 1646 5472 episcopatus
1667 5405 1752 5459 sui
1785 5407 2032 5474 nomine,

448 5490 676 5558 epistola
731 5493 822 5547 55.
891 5492 1313 5564 Proscriptionis
1353 5497 1517 5552 verba
1561 5498 1757 5554 recitat
1798 5501 2030 5569 epistola

449 5582 555 5638 69:
603 5603 622 5636 ι
668 5585 727 5640 Si
757 5587 883 5660 quis
922 5597 1068 5644 tenet
1117 5590 1202 5644 vcl
1243 5591 1488 5660 possidet
1523 5593 1590 5648 de
1636 5593 1795 5650 bonis
1827 5593 2030 5650 Cacilii

451 5674 711 5750 Cypriani
759 5681 1002 5752 episcopi
1039 5682 1506 5740 Christianorum.
1543 5704 1564 5737 ι
1601 5684 1754 5741 Unde
1791 5686 1882 5740 illa
1920 5687 2033 5741 col-

453 5771 572 5844 ligit
598 5771 841 5844 Optimus
875 5775 1075 5845 prasul
1109 5794 1124 5830 :
1163 5795 1182 5829 ι
1239 5774 1304 5833 Ut
1353 5777 1517 5834 ctiam
1571 5778 1665 5843 qui
1708 5794 1818 5837 nou
1852 5781 2036 5839 crede-

2134 4581 2392 4637 nistratio
2413 4583 2765 4652 episcopatus
2795 4583 3111 4639 concredita
3133 4593 3238 4639 est.
3274 4603 3292 4636 ι
3326 4583 3402 4639 De
3426 4586 3730 4654 posteriori

2133 4672 2188 4725 in
2224 4671 2392 4727 altera
2421 4674 2490 4727 ad
2516 4672 2870 4728 Eleutherum
2903 4671 3167 4728 Romana
3189 4672 3450 4730 Ecclesia
3501 4675 3728 4746 episco-

2132 4779 2264 4834 pum
2305 4765 2430 4819 data
2479 4783 2493 4819 :
2548 4766 2611 4818 Εἰ
2641 4764 2750 4837 γὰρ
2793 4765 3015 4838 ⁴ᾔδειμεν
3037 4765 3200 4820 τόπον
3238 4768 3346 4820 τινὶ
3377 4767 3728 4840 δικαιοσύνην

2131 4857 2552 4929 περιποιεῖσθαι,
2568 4858 2644 4922 ὡς
2656 4858 3026 4930 πρεσϐύτερον
3042 4858 3388 4930 Ἐκκλησίας,
3413 4861 3553 4933 ὅπερ
3575 4864 3727 4916 ἐστιν

2132 4950 2222 5002 ἐπ’
2253 4950 2420 5021 αὐτῷ,
2453 4953 2512 5004 ὲν
2541 4951 2776 5023 πρώτοις
2807 4950 2872 5004 ἂν
2904 4951 3274 5024 παρεθέμεθα.
3311 4971 3329 5004 ι
3359 4952 3517 5019 Quod
3544 4954 3594 5008 si
3628 4970 3727 5008 no-

2133 5041 2220 5096 bis
2243 5050 2584 5111 compertum
2612 5051 2757 5098 esset
2784 5043 2966 5098 locum
2999 5044 3259 5114 cuiquam
3288 5043 3540 5100 conferre
3558 5045 3726 5116 justi-

2131 5133 2287 5201 tiam,
2328 5150 2454 5190 eum
2512 5143 2772 5206 tanquam
2823 5139 3200 5210 presbyterum
3249 5137 3510 5194 Ecclesia
3551 5142 3724 5203 (hunc

2133 5227 2280 5281 enim
2312 5227 2542 5298 gradum
2572 5229 2805 5297 obtinet)
2845 5229 2941 5284 tibi
2971 5231 3243 5301 imprimis
3273 5233 3723 5290 commendasse-

2135 5334 2283 5374 mus.
2316 5340 2334 5372 ι
2369 5319 2585 5377 Diserte
2615 5323 2781 5393 igitur
2815 5321 3162 5395 distinguunt
3199 5321 3497 5379 Pothinum
3531 5324 3723 5382 Eccle-

2133 5413 2231 5468 sia
2259 5411 2642 5483 Lugdunensis
2675 5415 3018 5484 episcopum,
3043 5423 3098 5470 et
3130 5413 3392 5470 Irenaeum
3427 5426 3556 5473 tunc
3584 5429 3722 5476 tem-

2135 5505 2288 5575 poris
2339 5505 2584 5575 ejusdem
2626 5509 2886 5564 Ecclesia
2931 5509 3343 5582 presbyterum;
3401 5512 3717 5583 episcopum

2132 5599 2313 5654 etiam.
2354 5596 2706 5654 Eleutherum
2761 5609 2970 5670 patrem
3013 5610 3232 5670 vocant,
3287 5601 3550 5658 Irenaeum
3595 5614 3718 5660 tan-

2132 5691 2420 5744 tummodo
2470 5690 2717 5758 fratrem,
2770 5705 2825 5747 et
2868 5693 3105 5758 socium,
3151 5694 3237 5747 vel
3277 5695 3569 5767 collegam,
3626 5706 3720 5751 aut

2136 5792 2470 5842 consortem.
2533 5784 2597 5840 Et
2643 5786 2865 5859 quidem
2921 5785 3228 5856 Eusebius,
3273 5789 3382 5859 qui»,
3431 5789 3718 5863 utriusque
