3848 6204
149 328 255 385 H3

935 326 986 384 ι.
1029 314 1403 384 PEARSUMI
1440 326 1767 383 Virtutem
1808 324 2236 384 IGNATIANJE.
2277 357 2344 369 —
2375 327 2557 382 rans
2593 325 2657 382 ιι.

3314 323 3420 382 4η

147 445 398 517 epistola
455 454 712 515 excerpta
771 444 828 499 iu
889 444 1186 502 Historiam
1245 447 1626 517 transcripsit,
1682 457 1737 502 et
1764 452 1814 508 Α
1837 445 1906 501 ad
1927 464 1946 498 ι
1976 445 2273 513 Ecclesias,
2301 464 2320 499 ι
2343 445 2437 501 sed
2461 446 2530 501 ad
2557 465 2575 498 ι
2596 452 2884 516 martyres,
2907 443 3165 515 quisapud
3177 459 3420 500 eoscon-

147 547 446 610 ntramque
485 539 750 609 integram
801 536 966 609 Operi
1008 539 1084 594 De
1130 540 1453 610 martyribus
1477 540 1732 605 inseruit,

146 641 337 702 aperte
379 639 614 687 testatur
649 630 916 686 lrenaum
953 648 1079 687 cum
1114 632 1219 688 ista
1263 633 1332 688 ad
1379 632 1736 688 Eleutherum

146 725 548 792 scriberentur,
601 725 979 796 presbyterum
1024 723 1217 791 fuisse,
1253 725 1347 780 lib.
1389 741 1445 794 v,
1475 741 1525 780 c.
1562 726 1637 780 ις
1673 725 1737 779 Οἱ

142 817 188 870 δ’
219 817 381 869 αὐτοὶ
424 816 702 888 μάρτυρες
740 817 837 870 καὶ
871 815 965 870 τὸν
1007 817 1317 888 Εἰρηναῖον,
1365 816 1738 889 πρεσϐύτερον

143 906 252 958 τότ’
293 906 434 960 ὅντα
493 907 592 978 τῆς
633 908 691 959 ὲν
742 905 1064 979 Δουγδούνῳ
1097 907 1408 979 παροικίας,
1457 907 1538 979 τῷ
1568 908 1740 980 δηλω-

145 997 289 1050 Θέντι
325 999 474 1050 κατὰ
500 998 719 1070 Ῥώμην
752 999 1036 1070 ὲπισκόπῳ
1067 999 1352 1052 συνίστων.
1380 1018 1398 1049 ι
1438 999 1546 1054 Sed
1573 999 1736 1054 iidem

143 1100 420 1162 martyres
455 1090 743 1154 lrenaum,
779 1092 874 1162 qui
916 1101 1050 1149 tunc
1088 1093 1354 1162 temporis
1393 1093 1577 1148 adhuc
1612 1108 1739 1163 pre-

149 1183 340 1254 sbyter
366 1183 759 1253 Lugdunensis
771 1193 890 1238 erat
908 1185 1185 1254 paracia,
1202 1183 1519 1253 supradicto
1550 1181 1740 1238 Roma

140 1276 408 1345 episcopo
435 1277 918 1334 commendarunt.
954 1296 975 1330 ι
1022 1276 1169 1333 ldem
1206 1285 1440 1332 testatur
1469 1276 1740 1348 Hierony-

139 1383 263 1422 mus
291 1367 350 1422 in
379 1367 650 1439 Catalogo
697 1387 711 1423 :
751 1387 771 1421 ‹
811 1367 1053 1424 lrenaus
1084 1366 1306 1423 Pothini
1343 1367 1607 1438 episcopi,
1643 1366 1737 1437 qui

137 1456 570 1529 Lugdunensem
595 1461 651 1514 in
681 1459 859 1516 Gallia
899 1460 1122 1528 regebat
1149 1458 1476 1526 Ecclesiam,
1509 1459 1734 1530 presby-

135 1561 242 1619 ter,
265 1569 297 1607 a
315 1554 662 1622 martyribus
685 1553 931 1624 ejusdem
957 1554 1064 1610 loci
1085 1554 1157 1609 ob
1185 1552 1453 1624 quasdam
1481 1551 1739 1607 Ecclesia

136 1647 482 1715 quastiones
513 1647 723 1718 legatus
753 1645 982 1701 Romam
1012 1646 1243 1710 missus,
1272 1645 1614 1700 lionorificas
1644 1660 1738 1700 su-

135 1753 229 1806 per
258 1739 497 1792 nomine
533 1753 634 1794 suo
670 1739 738 1793 ad
768 1737 1122 1793 Eleutherum
1162 1738 1481 1808 episcopum
1531 1737 1740 1808 perfert

135 1829 370 1884 litteras.
409 1829 611 1886 Postea
648 1830 762 1900 jam
797 1829 1032 1886 Pothino
1057 1846 1227 1900 prope
1257 1831 1631 1902 nonagenario
1670 1831 1739 1887 ob
1771 1828 1814 1883 Β

133 1920 427 1976 Christum
455 1923 722 1993 martyrio
747 1930 1013 1978 coronato
1050 1922 1107 1977 in
1152 1923 1334 1978 locum
1374 1923 1496 1995 ejus
1537 1923 1737 1979 substi-

135 2015 329 2070 tuitur.
392 2034 418 2068 ι
471 2015 643 2072 Plane
713 2026 984 2090 martyres
1039 2016 1435 2087 Lugdunenses
1475 2017 1736 2074 lrenaum

133 2110 316 2166 adhuc
346 2111 766 2182 presbyterum,
792 2126 887 2181 per
917 2125 1080 2181 quem
1115 2111 1385 2166 miserunt
1423 2110 1733 2181 epistolam,

131 2200 442 2258 Eleuthero
470 2203 885 2265 commendant,
915 2202 1381 2272 quemadmodum
1414 2203 1579 2272 paulo
1612 2211 1738 2272 post

129 2294 454 2350 Alexander
506 2295 802 2365 episcopus
853 2295 908 2349 in
956 2295 1192 2359 vinculis
1250 2295 1319 2350 ad
1361 2294 1736 2351 Antiochenos

129 2388 394 2442 scribens
416 2387 756 2443 Clementem
777 2387 1156 2460 presbyterum
1180 2387 1249 2443 iis
1268 2388 1689 2443 commendabat
1719 2405 1733 2442 :

127 2480 316 2533 Ταῦτα
360 2480 426 2534 δὲ
469 2481 624 2552 ὑμῖν,
664 2480 844 2553 κύριοί
889 2499 988 2552 μου
1037 2480 1278 2551 ἀδελφοὶ,
1328 2480 1398 2536 τὰ
1432 2479 1737 2552 γράμματα

125 2571 438 2625 ἀπέστειλα
463 2571 553 2626 διὰ
573 2567 693 2644 Χλή
703 2589 891 2644 μεντος
915 2570 1010 2624 τοῦ
1043 2572 1312 2644 μακαρίου
1337 2571 1734 2644 πρεσϐυτέρου,

126 2663 325 2734 ἀνδρὸς
356 2662 622 2735 ἐναρέτου
651 2663 747 2715 καὶ
778 2661 1022 2733 δοκίμου.
1064 2681 1083 2713 ι
1117 2660 1228 2717 Has
1264 2661 1493 2726 litteras,
1527 2659 1735 2714 domini

126 2753 356 2822 fratres,
419 2771 518 2825 per
563 2755 786 2810 beatum
843 2756 1222 2825 presbyterum
1273 2754 1608 2810 Clementem
1667 2752 1736 2807 ad

125 2863 225 2904 vos
261 2847 423 2910 misi,
449 2848 631 2901 virum
666 2846 868 2908 virtute
907 2846 1198 2917 praeditum
1249 2855 1305 2902 et
1356 2846 1668 2917 probatum.
1709 2864 1730 2898 ι

127 2938 434 3006 Eusebius,
466 2936 562 2992 lib.
593 2952 672 3003 vi,
716 2950 765 2992 c.
799 2937 885 2992 ll.

190 3033 414 3088 Contra
441 3031 560 3087 hac
590 3029 817 3086 Eusebii
849 3036 902 3084 et
941 3027 1262 3102 Hieronymi
1297 3028 1606 3084 clarissima
1641 3035 1729 3082 te-

127 3125 400 3181 stimonia
431 3121 758 3180 Blondellus
801 3122 1028 3188 statuit,
1060 3121 1323 3178 lrenaum
1369 3121 1577 3177 sedisse
1618 3119 1733 3190 jam

127 3217 180 3272 in
226 3216 597 3286 Lugdunensi
651 3213 911 3270 cathedra
970 3211 1190 3270 Pothini
1239 3212 1362 3268 loco
1404 3227 1436 3267 a
1472 3211 1733 3266 fratribus

127 3309 498 3366 constitutum
528 3316 585 3364 et
614 3306 834 3363 colobio
864 3307 1249 3378 episcoporum
1287 3303 1544 3360 vestitum
1563 3345 1579 3371 ,
1605 3318 1732 3358 cum

129 3417 158 3456 a
184 3398 577 3470 delegantibus
618 3415 637 3449 ι
662 3397 944 3468 presbyter
968 3415 986 3448 ι
1007 3405 1319 3452 vocaretur.
1346 3394 1490 3449 Etut
1515 3394 1581 3448 ad
1600 3408 1734 3448 suas

127 3502 314 3563 partes
345 3493 468 3547 hac
501 3491 787 3545 traherent
815 3499 930 3544 tum
960 3489 1050 3544 ille
1079 3497 1196 3544 tum
1229 3487 1536 3543 Salmasius
1559 3486 1732 3541 multa

129 3586 192 3642 de
221 3586 334 3640 hac
357 3601 424 3640 re
457 3583 760 3641 commenti
789 3591 936 3650 sunt,
966 3591 1023 3637 et
1050 3581 1289 3651 plurima
1321 3581 1376 3634 in
1411 3579 1652 3634 Eusebio
1679 3590 1734 3634 et

130 3677 472 3749 Hieronymo
503 3676 890 3740 observarunt,
909 3689 1053 3745 qua,
1077 3683 1138 3728 ut
1171 3671 1346 3737 aiunt,
1372 3689 1391 3724 ι
1414 3671 1732 3742 castigatio-

129 3786 252 3825 nem
271 3777 618 3826 mereantur.
652 3788 672 3822 ι
692 3766 894 3834 Primo,
913 3766 1182 3823 Eusebius
1204 3774 1471 3838 martyres
1495 3765 1644 3834 ipsos
1665 3763 1732 3818 ad

129 3862 492 3920 Eleutherum
520 3861 808 3933 epistolam
853 3860 1140 3931 scripsisse
1159 3899 1176 3926 ,
1209 3874 1318 3929 qua
1349 3857 1734 3914 commendant

131 3957 338 4012 lrenau
348 3972 404 4010 ni
421 3956 833 4026 presbyterum,
855 3951 1340 4009 narrat.Eusebius
1355 3959 1539 4007 autem
1557 3953 1730 4022 ipsam

130 4047 426 4117 epistolam
454 4046 610 4113 vidit,
637 4059 873 4116 eamque
906 4045 1073 4100 etiam
1105 4045 1258 4115 operi
1283 4044 1362 4098 De
1396 4043 1731 4113 passionibus

131 4151 438 4208 martyrum
469 4152 503 4191 a
532 4151 591 4192 se
631 4137 943 4206 conscripto
977 4136 1242 4207 integram
1280 4135 1544 4201 inseruit,
1576 4136 1732 4192 ideo-

131 4247 235 4300 que
262 4248 295 4286 a
323 4230 538 4301 quibus
567 4239 621 4284 et
643 4230 864 4300 quando
887 4230 1200 4300 conscripta
1221 4238 1327 4299 est,
1349 4229 1605 4300 ignorare
1621 4245 1732 4285 non

132 4325 328 4393 potuit.
364 4322 518 4379 Idem
552 4330 792 4378 testatur
820 4331 874 4378 et
906 4321 1295 4394 Hieronymus,
1325 4321 1418 4392 qui
1458 4321 1595 4378 vidit
1623 4320 1732 4378 En-

132 4417 267 4471 sebii
312 4416 402 4470 De
441 4416 775 4486 martyribus
817 4415 1092 4485 opuscula.
1133 4413 1344 4486 Negant
1375 4414 1429 4468 hi
1460 4430 1492 4469 a
1522 4423 1730 4486 marty-

1838 536 2099 594 summati
2129 545 2280 605 sunt,
2303 556 2323 591 ›
2353 545 2540 608 aperte
2582 535 2930 592 referendum
2959 545 3073 604 est;
3111 537 3419 606 exprimere

1836 627 1980 682 enim
2015 627 2190 683 voluit
2215 627 2270 682 id
2299 627 2446 698 quod
2478 628 2773 698 scripserat
2796 625 3088 693 Eusebius,
3109 627 3238 680 οἱδὲ
3267 626 3420 680 αὐτοὶ

1841 717 2134 791 μάρτυρες.
2163 717 2415 775 Secundo
2441 718 2662 775 Eusebii
2686 727 2742 774 et
2759 718 3074 790 Hieronymi
3095 720 3420 774 sententiam

1837 811 1984 867 clare
2042 813 2098 869 in
2154 809 2398 869 Historia
2445 813 2814 883 descriptam,
2852 821 2915 868 et
2957 829 3034 867 ex.
3058 812 3192 883 ipsis
3235 828 3421 867 rerum

1837 921 2104 980 geStarum
2165 909 2539 965 monumentis
2568 909 3145 976 deductam,refellere
3171 923 3231 964 se
3260 923 3422 978 posse

1838 1007 2024 1069 sperat
2055 1017 2124 1057 ex
2176 1001 2244 1056 iis
2275 1016 2401 1071 qua
2445 1000 2515 1055 ab
2548 998 2786 1056 Eusebio
2827 1010 2882 1054 et
2929 998 3260 1070 Hieronymo
3290 998 3421 1053 alibi

1839 1091 2040 1160 scripta
2088 1099 2253 1156 sunt,
2282 1106 2477 1160 nempe
2504 1091 2558 1144 in
2601 1089 2912 1146 Chronicis.
2950 1089 3024 1144 Ut
3063 1091 3167 1145 hoc
3201 1089 3418 1153 eﬂiciat,

1839 1181 2044 1250 profert
2092 1197 2160 1236 ex
2193 1180 2468 1252 Scaligero
2496 1181 2660 1237 verba
2709 1180 2930 1237 Eusebii
2975 1181 3161 1236 Graca
3182 1222 3197 1247 ,
3225 1180 3320 1235 ubi
3348 1179 3417 1234 ad

1841 1289 2047 1330 annum
2080 1273 2249 1329 Marci
2279 1272 2543 1328 Antonini
2587 1274 2879 1342 septimum
2925 1272 3209 1343 passiones
3235 1269 3418 1342 ‘Poly—

1839 1367 1992 1437 carpi
2023 1375 2078 1422 et
2123 1373 2434 1438 martyrum
2463 1364 2870 1419 Gallicanorum
2899 1364 3062 1420 simul
3087 1362 3418 1418 referuntur.

1843 1463 1947 1520 Sed
1982 1463 2036 1517 in
2067 1461 2281 1519 Latinis
2312 1461 2651 1533 Hieronymi,
2676 1460 2842 1516 verba
2877 1462 2954 1516 sic
2983 1475 3041 1516 se
3070 1459 3272 1515 habent
3298 1475 3310 1511 :

1917 1621 1937 1654 ι
1965 1599 2355 1658 Persecutione
2377 1609 2497 1656 orta
2520 1600 2576 1655 in
2600 1601 2730 1656 Asia
2756 1599 3090 1671 Polycarpus
3113 1607 3168 1654 et
3194 1598 3422 1655 Pionius

1842 1693 2028 1750 fecere
2050 1693 2394 1765 martyrium,
2410 1708 2644 1765 quorum
2669 1692 2885 1762 scriptae
2899 1705 3116 1763 quoque
3139 1690 3422 1761 passiones

1840 1784 2115 1842 feruntur.

2330 1890 2541 1940 QUAHTA
2578 1887 2936 1929 PERSECUTIO.

1916 2005 1935 2040 ι
1967 1985 2202 2042 Plurimi
2248 1987 2305 2041 in
2351 1985 2526 2043 Gallia
2557 1985 2794 2056 gloriose
2845 1984 2916 2039 ob
2962 1982 3171 2038 Christi
3217 1995 3418 2036 nomen

1837 2078 2143 2146 interfecti;
2176 2088 2412 2148 quorum
2447 2092 2622 2147 usque
2667 2076 2721 2130 in
2762 2082 3085 2146 praesentem
3115 2072 3259 2130 diem
3288 2089 3424 2130 con-

1837 2169 1952 2226 dita
1982 2170 2140 2226 libris
2170 2168 2470 2224 certamina
2498 2174 2869 2238 perseverant.
2902 2184 2921 2218 ι

1909 2303 2106 2374 Liquet
2155 2317 2222 2357 ex
2283 2301 2370 2357 his
2424 2300 2647 2366 verbis,
2704 2299 3002 2356 Eusebium
3065 2299 3422 2356 celeberrima

1838 2396 2099 2468 martyria
2137 2394 2240 2449 sub
2275 2392 2458 2448 Marco
2489 2391 2766 2448 Antonino
2805 2391 2948 2446 facta
2975 2392 3030 2446 in
3067 2391 3214 2447 hunc
3249 2407 3418 2446 unum

1837 2487 2018 2542 locum
2063 2485 2395 2557 conjecisse;
2430 2500 2608 2554 neque
2635 2485 2780 2539 enim
2817 2499 2912 2554 per
2944 2495 3118 2539 totum
3159 2484 3419 2538 Antonini

1838 2577 2129 2649 imperium
2181 2577 2410 2632 alterius
2455 2576 2622 2632 ullius
2681 2576 2928 2647 martyrii
2986 2576 3254 2632 meminit.
3313 2572 3421 2632 Ubi

1838 2669 2003 2740 igitur
2026 2677 2238 2740 quartae
2263 2668 2659 2740 persecutionis
2687 2668 3022 2722 mentionem
3056 2667 3205 2734 facit,
3228 2669 3418 2724 eodem

1837 2761 1958 2816 loco
1979 2761 2090 2816 duo
2124 2760 2362 2832 insignia
2393 2759 2674 2830 martyria,
2707 2774 2877 2813 unum
2915 2759 2970 2813 in
3000 2758 3153 2824 Asia,
3188 2760 3420 2815 alterum

1837 2853 1890 2908 in
1910 2854 2086 2909 Gallia
2111 2852 2252 2908 facta
2275 2861 2669 2908 commemorat
2692 2869 2705 2905 :
2732 2867 2843 2907 non
2865 2850 3010 2922 quod
3035 2851 3222 2906 eodem
3250 2865 3418 2917 anno,

1837 2945 1932 3001 sed
1961 2946 2066 3002 sub
2098 2945 2288 3000 eadem
2327 2944 2737 3014 persecutione,
2775 2944 2879 2998 hoc
2907 2951 2988 2998 est
3025 2944 3128 2999 sub
3171 2943 3418 3013 ejusdem

1835 3036 2096 3092 Antonini
2131 3036 2362 3106 imperio
2397 3043 2692 3104 utrumque
2735 3033 3042 3104 contigerit.
3070 3031 3222 3087 Hanc
3250 3031 3422 3088 Euse‘

1836 3129 1911 3183 bii
1945 3138 2181 3184 mentem
2214 3127 2386 3182 fuisse
2411 3126 2591 3196 palam
2626 3133 2743 3190 est;
2779 3139 2905 3178 nam
2939 3125 2994 3178 in
3020 3122 3261 3178 Historia
3296 3129 3421 3192 ρυδι

1835 3222 2168 3278 Chronieum
2223 3233 2491 3276 canonem
2541 3217 2779 3287 scripta,
2834 3215 2927 3271 ubi
2977 3215 3044 3271 de
3089 3215 3252 3270 rebus
3285 3214 3420 3284 ipsis

1836 3313 2014 3370 fusius
2042 3313 2240 3384 agitur,
2255 3310 2688 3382 persecutionem
2703 3308 3034 3364 Gallicanam
3060 3307 3129 3362 ad
3143 3307 3416 3361 decimum

1835 3406 2130 3476 septimum
2167 3402 2410 3472 ejusdem
2473 3401 2739 3457 Antonini
2785 3415 2992 3456 annum
3029 3400 3217 3454 refert.
3254 3398 3419 3452 Blon-

1834 3499 2011 3554 dellus
2037 3513 2147 3552 non
2182 3505 2397 3552 tantum
2425 3494 2646 3550 unicam
2677 3493 2821 3548 hanc
2842 3491 3301 3562 persecutionem,
3320 3487 3419 3544 sed

1834 3591 2025 3646 eodem
2057 3604 2204 3644 anno
2235 3589 2290 3642 in
2318 3587 2446 3642 Asia
2479 3587 2750 3656 inceptam
2777 3586 2830 3638 in
2859 3584 3033 3639 Gallia
3061 3582 3270 3636 finitam
3294 3596 3418 3635 esse

1834 3682 2045 3744 statuit,
2093 3696 2283 3736 errore
2325 3679 2479 3751 gravi
2526 3688 2690 3749 atque
2741 3676 3056 3733 manifesto.
3085 3675 3270 3730 Monet
3302 3674 3420 3744 ipse

1833 3775 2103 3831 Eusebius
2128 3773 2441 3830 Gallicanos
2476 3773 2736 3843 martyria
2767 3771 3036 3837 subiisse,
3063 3768 3420 3840 σφοδρότερον

1833 3866 2318 3940 ἀναῤῥιπισθέντος
2363 3863 2459 3919 τοῦ
2513 3863 2636 3918 καθ’
2669 3863 2828 3934 ἡμῶν
2890 3861 3127 3932 διωγμοῦ
3153 3900 3168 3926 ,
3235 3878 3253 3912 ‹
3291 3873 3418 3914 cum

1828 3960 1943 4030 jam
1984 3958 2278 4014 violentius
2311 3954 2634 4012 resuscitata
2657 3964 2710 4009 et
2734 3968 3029 4008 reaccensa
3050 3961 3194 4008 esset
3215 3958 3414 4007 contra

1833 4051 2180 4107 Christianos
2229 4047 2558 4119 persecutio,
2604 4055 2659 4114 et
2701 4045 2917 4114 quidem
2981 4044 3035 4098 in
3079 4043 3412 4114 quibusdam

1834 4142 2306 4212 terrmpartihus.
2348 4158 2367 4192 ›
2417 4138 2735 4194 Persecutio
2777 4137 2881 4192 sub
2913 4135 3097 4192 Marco
3148 4143 3269 4190 orta
3318 4149 3418 4204 per

1832 4237 2036 4292 multos
2091 4248 2264 4288 annos
2315 4231 2550 4295 duravit,
2575 4244 2722 4284 nunc
2765 4228 2819 4282 in
2848 4227 2971 4295 hac,
3040 4241 3187 4281 nunc
3218 4227 3275 4280 in
3321 4225 3416 4280 illa

1831 4324 2113 4398 provincia
2131 4331 2399 4395 grassata,
2424 4337 2523 4391 pro
2550 4319 2736 4374 furore
2766 4319 2973 4389 populi,
3003 4327 3097 4372 aut
3119 4315 3414 4386 prasidum

1833 4419 2177 4476 crudelitate.
2219 4415 2332 4471 Sub
2361 4416 2505 4469 Asia
2542 4414 2871 4483 proconsule
2907 4411 3185 4478 Quadrato
3219 4424 3416 4479 passus

131 4511 283 4568 ribus
308 4510 583 4580 scriptam
615 4524 773 4574 esse;
809 4508 1111 4564 Salmasius
1141 4508 1211 4562 ab
1241 4507 1533 4578 episcopis,
1557 4507 1726 4562 Blon-
1759 4526 1804 4582 ι)
1832 4520 1917 4568 est
1935 4509 2272 4581 Polycarpus
2321 4506 2610 4576 episcopus
2673 4504 2958 4576 Smyrna;
3023 4502 3128 4558 sub
3179 4499 3415 4556 Servilio

131 4602 305 4660 dellus
347 4619 383 4658 a
417 4601 691 4658 fratribus
725 4603 905 4657 datam
943 4601 1267 4656 hariolatur.
1294 4600 1602 4656 Blondcllus
1632 4616 1730 4670 pro

132 4711 236 4751 sua
257 4697 540 4754 sententia
563 4693 840 4749 Huffinum
861 4693 1094 4749 advocat
1126 4692 1343 4748 Eusebii
1375 4691 1728 4761 interpretem

133 4807 240 4847 non
271 4791 414 4848 satis
457 4797 805 4846 accuratum.
837 4786 994 4844 Hunc
1039 4787 1156 4842 vult
1195 4785 1506 4841 Eusebiana
1539 4783 1729 4838 Graeca

133 4880 212 4935 ita
241 4881 555 4937 reddidisse
577 4888 637 4934 ut
659 4879 730 4934 ab
752 4877 1010 4934 Ecclesiis
1033 4875 1355 4942 Galliarum,
1387 4891 1495 4929 non
1520 4889 1552 4927 a
1575 4887 1728 4927 mar-

138 4973 359 5043 tyribus
374 4986 442 5025 ea
465 4969 700 5041 epistola
726 4970 928 5039 scripta
958 4969 1050 5024 sit.
1082 4965 1188 5022 Sed
1223 4966 1338 5021 hac
1368 4973 1465 5020 aut
1489 4980 1558 5019 ex
1583 4963 1728 5020 osci-

136 5064 326 5127 tantia,
353 5072 455 5118 aut
494 5060 784 5117 manifesta
824 5060 1014 5116 fraude
1041 5057 1286 5130 profecta
1314 5064 1461 5114 sunt.
1481 5053 1727 5111 Bufftnus

137 5156 298 5213 refert
319 5155 594 5215 ecclesias
616 5154 913 5212 Galliarum
943 5152 1254 5223 scripsisse,
1273 5149 1533 5220 epistolas
1579 5163 1727 5203 mar-

140 5260 338 5320 tyrum,
371 5251 471 5322 qui
516 5249 660 5320 apud
708 5264 805 5304 eos
851 5245 1219 5303 consummati
1267 5243 1507 5310 fuerant,
1541 5240 1725 5311 profe-

139 5353 335 5409 rentes,
359 5358 505 5413 quas
540 5341 618 5395 illi
651 5340 707 5394 in
739 5339 970 5395 vinculis
1001 5354 1098 5408 per
1122 5337 1313 5392 Asiam
1343 5344 1398 5391 et
1423 5333 1722 5405 Phrygiam

139 5431 398 5488 fratribus
438 5431 874 5487 consistentibus
922 5429 1294 5500 scripserant;
1334 5436 1390 5481 et
1428 5424 1724 5480 Eleuthero

141 5526 289 5582 urbis
325 5524 524 5580 Roma
565 5525 850 5594 episcopo,
884 5523 952 5577 de
969 5536 1101 5593 pace
1127 5537 1252 5576 eum
1293 5519 1551 5575 Ecclesia
1572 5534 1724 5574 com-

137 5626 456 5683 monentes,
485 5615 690 5686 quique
712 5615 875 5670 etiam
901 5614 1162 5668 lrenaum
1191 5612 1566 5682 presbyterum
1591 5621 1722 5666 tunc

140 5705 316 5760 adhuc
329 5705 589 5762 Ecclesia
608 5703 1010 5775 Lugdunensis,
1027 5703 1340 5772 supradicto
1363 5701 1512 5757 urbis
1533 5701 1722 5757 Romae

141 5799 395 5877 cpiscom
410 5796 894 5854 commendabant.
929 5795 1076 5873 »_Uba
1106 5796 1238 5854 illud
1276 5797 1516 5867 (quique
1541 5814 1560 5848 ›
1608 5809 1716 5853 non

1830 4599 2159 4672 proconsule
2205 4597 2430 4668 Sagaris
2475 4598 2769 4666 episcopus
2821 4593 3125 4649 Laodicea.
3173 4591 3415 4646 Durante

1829 4694 1938 4749 bac
1978 4691 2400 4762 persecutione,
2461 4705 2481 4740 ‹
2531 4686 2810 4742 Antonino
2861 4683 3176 4754 imperatori
3230 4681 3414 4738 Melite

1828 4783 2068 4838 Asianus
2122 4778 2438 4835 Sardiensis
2489 4777 2784 4847 episcopus
2842 4773 3256 4844 Apologeticum
3311 4787 3414 4842 pro

1827 4872 2167 4930 Christianis
2199 4869 2445 4931 tradidit,
2479 4887 2498 4921 ›
2537 4875 2596 4922 ut
2627 4867 2896 4922 Eusebius
2927 4867 2980 4920 in
3023 4865 3301 4921 Chronico
3343 4864 3412 4918 ad

1827 4978 2033 5018 annum
2063 4962 2185 5031 ejus
2215 4959 2512 5016 decimum.
2553 4977 2572 5010 ι
2598 4955 2786 5022 Recte,
2830 4955 3011 5025 inquit
3061 4953 3311 5010 Valesius
3341 4953 3412 5008 ad

1827 5053 2030 5110 Euseb.
2059 5056 2155 5110 lib.
2189 5070 2264 5122 iv,
2287 5069 2338 5108 c.
2366 5053 2456 5119 26,
2483 5051 2537 5106 id
2567 5049 2801 5105 refertur
2824 5063 2969 5102 anno
2993 5045 3060 5100 l0
3084 5045 3251 5102 Marci
3287 5045 3403 5100 An-

1828 5147 2021 5215 tonini,
2051 5161 2198 5202 anno
2239 5146 2448 5202 scilicet
2480 5153 2604 5214 post
2651 5149 2883 5196 mortem
2937 5138 3000 5194 L.
3035 5137 3183 5194 Veri.
3215 5158 3234 5190 ι
3263 5137 3408 5193 Idem

1825 5251 2010 5317 autem
2038 5239 2106 5294 ad
2137 5236 2474 5294 Procemium
2503 5234 2628 5290 libri
2651 5232 2830 5304 quinti
2858 5239 3014 5287 notat
3035 5231 3142 5286 hoc
3166 5231 3310 5284 male
3339 5230 3410 5285 ab

1826 5334 2063 5390 Eusebio
2126 5331 2364 5396 factum;
2423 5329 2789 5397 observatque
2854 5324 3166 5380 Melitenem
3219 5321 3407 5377 Marco

1825 5424 2149 5494 Apologiam
2190 5419 2412 5476 dedisse
2449 5418 2553 5473 sub
2590 5417 2753 5472 ﬁnem
2781 5415 2902 5486 ejus
2946 5413 3183 5484 imperii.
3243 5411 3406 5469 Certe

1825 5517 1916 5571 illa
1932 5527 2124 5585 quarta
2164 5512 2468 5582 persecutio
2493 5511 2546 5564 in
2571 5510 2700 5564 Asia
2725 5509 2947 5564 duravit
2968 5523 3142 5577 usque
3170 5507 3239 5563 ad
3265 5507 3402 5562 illud

1823 5615 2038 5674 tempus
2066 5621 2175 5673 quo
2201 5601 2618 5674 scripsitMelito
2638 5642 2653 5667 ,
2682 5600 2797 5657 sive
2821 5600 2912 5655 ille
2940 5599 3008 5654 10
3029 5598 3198 5654 Marci
3227 5613 3398 5665 anno,

1823 5699 1940 5753 sive
1961 5698 2066 5752 sub
2087 5697 2250 5751 finem
2283 5695 2493 5765 imperii
2524 5695 2646 5764 ejus
2672 5693 2990 5765 Apologiam
3023 5693 3240 5757 obtulit,
3262 5692 3399 5757 sive,

1823 5789 1968 5860 quod
1999 5805 2098 5861 ego
2121 5804 2307 5845 verum
2340 5803 2460 5845 esse
2492 5793 2643 5858 puto,
2675 5787 2858 5844 medio
2881 5787 3020 5844 inter
3069 5788 3182 5844 [iac
3228 5784 3406 5840 inter-
