3834 6214
446 321 554 378 815

1508 306 1569 362 S.
1609 298 1962 364 IGNATIUS.
2001 325 2074 340 -—
2107 286 2647 355 PROLEGOMENA.

3610 271 3719 328 416

444 440 609 497 vallo.
628 434 842 491 Mortuo
861 434 920 493 L.
944 431 1171 489 Aurelio
1188 429 1473 501 scripsisse
1491 425 1806 485 Melitonem
1830 423 2027 493 liquet,
2056 432 2105 491 Α
2204 412 2412 483 Quarto
2438 404 2878 501 persecutionem
2898 399 3238 501 Gallicanam
3247 393 3560 501 excitatam

445 532 593 601 quod
619 531 672 585 in
700 527 966 599 Apologia
990 525 1111 598 ejus
1134 538 1245 579 non
1278 521 1546 581 meminit,
1578 519 1821 590 quicum
1844 514 2030 571 Marco

446 637 677 677 consors
711 622 766 674 in
807 618 1037 688 imperio
1073 615 1272 681 fuerat,
1295 613 1390 669 sed
1441 612 1539 667 ﬁlii
1583 610 1754 666 Marci
1793 608 2029 664 mentio-

449 731 575 770 nem
603 712 752 768 facit.
787 711 933 769 Fieri
967 717 1148 764 autem
1178 708 1282 762 hoc
1308 705 1490 777 potuit
1515 719 1640 759 cum
1692 699 2033 759 Commodus

446 807 561 877 jam
612 803 764 859 solus
796 801 982 855 Caesar
1005 806 1171 858 esset.
1228 806 1448 852 mortuo
1469 793 1660 858 fratre,
1719 790 1817 862 qui
1864 787 2034 846 simul

450 915 577 954 cum
606 913 672 952 eo
703 896 889 950 Caesar
913 893 1091 949 factus
1114 898 1219 958 est,
1241 889 1488 946 Pudente
1525 896 1580 942 et
1607 885 1857 942 Pollione
1882 897 2031 939 coss.

451 993 590 1045 Dum
624 989 789 1059 igitur
841 983 1179 1041 Commodus
1231 980 1414 1037 Caesar
1456 987 1605 1035 esset
1652 984 1780 1033 ante
1825 989 2032 1033 annum

450 1082 619 1138 Marci
669 1081 943 1135 decimum
994 1076 1248 1147 quintum
1286 1075 1478 1130 saltem
1535 1071 1751 1127 fluitant
1780 1111 1797 1136 ,
1848 1067 2035 1122 Melite

448 1176 771 1246 Apologiam
799 1172 985 1228 Marco
1003 1169 1228 1225 Aurelio
1252 1165 1472 1222 obtulit.
1491 1162 1608 1230 Qua
1627 1159 1889 1231 Apologia
1906 1172 2034 1214 cum

450 1269 575 1324 aliis
604 1276 907 1337 permotus,
935 1272 998 1319 ut
1032 1261 1199 1319 refert
1250 1256 1497 1316 Chronici
1530 1250 1877 1308 Alexandrini
1932 1266 2035 1306 au-

451 1371 593 1421 ctor,
628 1358 847 1414 Marcus
866 1356 1149 1420 Aurelius,
1174 1353 1243 1408 de
1267 1349 1508 1406 sedanda
1549 1344 1937 1418 persecutione
1964 1342 2034 1398 ad

453 1449 759 1503 Commune
785 1446 930 1501 Asiae
960 1444 1212 1515 scripsit:
1235 1441 1289 1497 id
1321 1448 1502 1496 autem
1556 1436 1687 1493 fecit
1715 1436 1783 1493 15
1824 1432 2039 1505 imperil

454 1540 540 1595 sui
573 1554 740 1603 anno,
773 1548 916 1592 utex
937 1538 1054 1608 ipsa
1083 1533 1440 1603 inscriptione
1472 1539 1639 1601 patet.
1667 1527 2037 1600 Αὐτοκράτωρ

452 1631 671 1703 Καῖσαρ
704 1632 929 1702 Μάρκος
962 1626 1228 1700 Αὐρήλιος
1289 1626 1603 1687 Ἀντωνῖνος
1616 1620 1885 1683 Σεϐαστὸς
1911 1619 2038 1693 ’Λρ-

458 1722 659 1794 μένιος,
707 1722 1024 1794 Ἀρχιερεὺς
1061 1720 1353 1791 μέγιστος,
1397 1713 1743 1788 δημαρχικῆς
1790 1710 2038 1777 ἔξουσίας

2133 508 2212 564 ait
2233 502 2549 560 Blondellus
2585 513 2700 554 non
2742 495 2844 551 sub
2875 494 3194 566 episcopatu
3247 486 3528 541 Eleutheri
3557 526 3575 549 ,
3619 484 3723 540 sed

2134 590 2365 656 Soteris,
2392 589 2486 659 qui
2510 587 2579 643 ad
2617 584 2784 640 Marci
2810 582 3090 638 decimum
3128 592 3333 632 annum
3365 573 3528 641 sedit,
3554 585 3621 628 ut
3649 587 3723 627 ex

2132 682 2391 739 Ecclesiae
2422 679 2683 734 Romanae
2716 675 2916 730 tabulis
2939 673 3217 736 observat,
3258 684 3382 737 quae.
3420 666 3582 721 aliter
3612 680 3718 718 an—

2134 786 2234 826 nos
2261 768 2580 840 pontilicum
2615 780 2785 836 quam
2810 762 3081 818 Eusebius
3103 760 3421 829 disponunt.
3457 755 3567 811 Sed
3599 754 3725 810 haec

2134 860 2500 932 discrepantia
2528 858 2734 913 nullam
2774 856 2831 910 in
2868 854 2973 911 hac
3019 868 3082 908 re
3116 850 3487 905 difﬁcultatem
3535 851 3721 901 creat.

2136 953 2264 1010 Sive
2291 954 2436 1009 enim
2474 950 2642 1006 Marci
2674 948 2775 1016 10,
2824 957 2884 1002 ut
2932 943 3124 1002 statuit
3177 937 3724 1013 pseudo-Damasus,

2137 1050 2252 1105 sive
2277 1047 2366 1108 16.
2395 1055 2453 1102 ut
2477 1044 2768 1108 Eusebius,
2796 1041 2977 1096 sedem
3003 1037 3307 1091 Romanam
3336 1036 3512 1106 primo
3540 1048 3727 1091 occu-

2138 1138 2286 1210 pavit
2320 1135 2668 1202 Eleutherus,
2690 1134 2755 1189 17
2785 1133 2955 1190 Marci
2998 1128 3145 1189 anno
3175 1128 3364 1185 Romae
3399 1126 3542 1182 idem
3594 1123 3726 1196 epi-

2139 1246 2341 1301 scopus
2367 1228 2493 1296 fuit,
2526 1244 2653 1285 cum
2679 1227 2728 1282 ei
2759 1225 2994 1282 lrenaeus
3016 1226 3121 1280 sub
3149 1219 3453 1295 presbyteri
3492 1218 3730 1273 nomine

2137 1340 2169 1379 a
2195 1323 2527 1397 martyribus
2560 1318 2980 1377 commendatus
3000 1327 3105 1375 est.
3144 1315 3273 1373 Haec
3295 1314 3458 1386 igitur
3479 1312 3727 1383 obiectio

2140 1411 2379 1467 nehilum
2422 1411 2641 1483 quidem
2683 1410 2928 1483 prolicit,
2960 1409 3066 1465 nisi
3089 1409 3243 1479 prius
3285 1406 3575 1478 probatum
3623 1404 3726 1469 sit,

2141 1505 2173 1559 7
2196 1504 2362 1559 Marci
2394 1504 2831 1577 persecutionem
2861 1501 3197 1559 Gallicanam
3242 1508 3298 1555 et
3342 1500 3638 1555 excitatam
3667 1508 3732 1554 et

2140 1595 2347 1651 ﬁnitam
2379 1610 2521 1662 esse,
2545 1602 2600 1649 et
2621 1593 2919 1650 Pothinum
2952 1609 3019 1649 eo
3052 1602 3295 1662 tempore
3320 1592 3586 1663 martyrio
3628 1606 3732 1646 eo-

2141 1697 2416 1753 ronatum,
2452 1696 2506 1742 ct
2548 1685 2811 1743 lrenaeum
2850 1685 3033 1742 statim
3056 1685 3412 1751 successisse,
3437 1698 3563 1754 qua
3592 1696 3733 1752 pro-

453 1814 516 1868 τὸ
549 1815 798 1887 πέμπτον
832 1813 925 1867 καὶ
958 1813 1204 1879 δέκατον,
1240 1808 1444 1872 ὕπατος
1477 1808 1537 1862 τὸ
1569 1807 1771 1880 τρίτον.
1814 1825 1832 1857 ι
1866 1804 2041 1874 impe-

2149 1788 2261 1842 bari
2295 1786 2446 1843 nullo
2480 1785 2642 1843 modo
2668 1800 2828 1856 posse
2848 1784 2961 1856 jam
2999 1792 3124 1838 ante
3149 1781 3515 1839 ostendimus.
3579 1777 3727 1833 Nam

457 1918 607 1962 rator
638 1909 822 1962 Caesar
852 1905 923 1960 M.
950 1904 1264 1958 Antoninus
1302 1901 1451 1973 Aug.
1479 1896 1827 1965 Armenicus,
1857 1896 2040 1968 ponti--

456 1999 547 2054 fex
570 2001 865 2066 maximus,
920 1996 1226 2053 tribunicia:
1258 1993 1545 2068 potestatis
1588 1991 1678 2055 15,
1705 1991 1898 2047 consul
1919 1991 1975 2043 ’5.
2011 2007 2032 2042 ι

457 2093 627 2148 Miror
649 2093 902 2164 equidem
931 2091 1209 2146 Valesium
1242 2091 1478 2155 dixisse,
1516 2088 1661 2143 hanc
1691 2087 1974 2159 epistolam
2007 2100 2039 2140 a

457 2185 645 2241 Marco
693 2186 951 2255 scriptam
1007 2200 1128 2240 esse
1186 2199 1371 2239 «anno
1414 2182 1593 2253 primo
1635 2181 1755 2252 ejus
1801 2180 2037 2250 imperii,

457 2295 584 2336 cum
605 2280 720 2348 ipse
742 2286 890 2333 esset
912 2277 1134 2332 tertium
1155 2274 1374 2334 consul.
1407 2293 1427 2326 ι
1450 2272 1602 2329 Licct
1630 2273 1776 2329 enim
1807 2287 1874 2326 eo
1896 2287 2041 2327 anno

459 2370 681 2427 tertium
704 2368 900 2426 consul
920 2375 1086 2435 esset,
1104 2367 1151 2425 is
1167 2375 1350 2424 tamen
1382 2365 1451 2421 15
1467 2364 1777 2421 tribunicia:
1802 2372 2043 2434 potesta-

459 2465 531 2521 tis
557 2479 678 2520 esse
707 2478 817 2518 non
843 2462 1040 2532 potuit.
1059 2459 1130 2517 At
1157 2460 1381 2517 tertium
1404 2458 1600 2515 consul
1627 2458 1909 2513 dicebatur
1928 2471 2041 2511 non

460 2567 672 2613 tantum
699 2572 764 2612 eo
790 2569 961 2622 anno,
986 2568 1098 2627 quo
1119 2552 1470 2610 consulatum
1507 2550 1694 2622 gessit,
1725 2550 1822 2607 sed
1856 2550 2042 2606 omni-

462 2646 568 2703 bus
584 2647 964 2716 sequentibus,
989 2646 1096 2701 nisi
1122 2646 1288 2702 alium
1314 2644 1661 2701 consulatum
1687 2643 1869 2698 iniret.
1899 2640 2046 2697 Mar-

464 2754 564 2795 cus
592 2750 773 2794 autem
797 2751 989 2809 postea
1015 2739 1208 2795 consul
1239 2753 1350 2795 non
1384 2735 1509 2802 fuit,
1539 2736 1773 2806 ideoque
1805 2751 1901 2806 per
1923 2750 2045 2790 om-

464 2846 564 2887 nes
596 2830 1003 2901 imperiiannos
1029 2830 1252 2886 tertium
1274 2828 1471 2886 consul
1499 2827 1683 2885 dictus
1734 2834 1838 2895 est,
1880 2835 1942 2883 ut
1983 2826 2044 2882 in

465 2920 825 2993 inscriptione
849 2920 1209 2979 Gruteriana:

539 3054 679 3111 IMP.
728 3055 888 3110 CAES
951 3054 1024 3108 M.
1067 3051 1322 3107 AVREL.
1365 3049 1763 3107 ANTONINVS
1809 3048 1970 3105 AVG.

725 3126 939 3182 GERM.
982 3124 1095 3179 TR.
1137 3125 1201 3181 P.
1245 3122 1409 3179 XVII.
1450 3122 1596 3177 COS.
1696 3120 1782 3175 ill.

548 3217 682 3285 Quae
714 3216 880 3285 igitur
902 3215 957 3268 in
986 3214 1115 3269 Asia
1140 3212 1169 3265 7
1193 3212 1359 3268 Marci
1385 3223 1532 3266 anno
1551 3206 1859 3279 persecutio
1879 3216 2056 3276 coepta

477 3320 584 3378 est,
614 3312 683 3367 15
710 3310 954 3379 ejusdem
976 3308 1161 3364 sedata
1194 3317 1296 3361 est.
1329 3304 1387 3359 In
1424 3301 1599 3357 Gallia
1651 3311 1833 3355 tamen
1872 3301 2057 3354 statim

479 3404 781 3471 recruduit,
803 3408 858 3457 et
875 3402 1019 3455 circa
1040 3401 1204 3456 tinem
1223 3397 1351 3453 anni
1373 3396 1439 3451 17
1505 3409 1701 3466 passus
1726 3401 1812 3448 est
1843 3392 2058 3462 episco-

479 3516 583 3570 pus
608 3496 856 3567 Lugduni
889 3490 1178 3556 Potlnnus,
1227 3488 1372 3543 Rufo
1406 3495 1462 3542 et
1504 3486 1736 3558 Orphito
1766 3500 1913 3541 coss.
1937 3523 1954 3550 ,
1998 3492 2059 3539 ut

477 3589 645 3646 refert
671 3585 966 3643 Chronicon
990 3582 1427 3637 Alexandrinum.

547 3681 735 3737 Tertio
765 3679 967 3749 excipit
994 3676 1325 3740 Blondellus,
1361 3672 1655 3728 Eusebium
1697 3670 1912 3725 tradere
1936 3684 2059 3739 per-

475 3776 815 3831 secutionem
843 3771 1178 3828 Gallicanam
1213 3767 1568 3829 eﬂ'erbuisse,
1610 3773 1737 3819 ante
1769 3763 2056 3819 victoriam

476 3869 689 3938 legione
708 3863 1065 3921 fuiminatrici
1096 3860 1281 3917 Marco
1309 3871 1544 3932 partam,
1569 3873 1693 3928 quae
1734 3858 1802 3912 15
1842 3855 2057 3927 imperii

475 3962 596 4031 ejus
625 3976 773 4016 anno
805 3959 1056 4029 contigit.
1083 3956 1150 4012 Et
1175 3955 1395 4026 quidem
1428 3953 1698 4008 Eusebius
1721 3959 1844 4022 post
1869 3964 2058 4021 perse-

475 4054 715 4110 cutionis
754 4052 1124 4108 narrationem
1174 4048 1324 4104 illam
1367 4046 1655 4103 historiam
1700 4043 1897 4110 tradit;
1935 4054 2060 4112 post

474 4157 657 4204 autem
695 4145 1136 4218 persecutionem
1174 4141 1475 4212 contigisse
1524 4154 1630 4193 non
1659 4137 1814 4203 dicit,
1856 4135 1951 4190 sed
1991 4149 2057 4188 ea

473 4242 658 4312 potius
691 4256 814 4311 quae
837 4237 1175 4293 contrarium
1202 4234 1482 4289 evincunt.
1512 4229 1732 4285 Claudit
1755 4227 1903 4282 enim
1935 4242 2059 4295 per-

473 4335 775 4392 secutionis
820 4331 1107 4388 historiam
1143 4329 1232 4384 his
1255 4328 1471 4382 verbis:
1520 4323 1683 4378 Ἀλλά
1728 4322 1796 4376 τὰ
1843 4320 1941 4392 μὲν
1969 4320 2056 4373 ἐπ’

484 4427 798 4483 Ἀντωνίνου
826 4422 1072 4478 τοιαῦτα·
1111 4441 1131 4474 ι
1153 4422 1329 4491 Atque
1358 4419 1485 4474 talia
1515 4426 1644 4473 sunt
1664 4432 1787 4486 qua:
1821 4411 1925 4468 sub
1947 4411 2057 4465 An-

471 4520 661 4577 tonino
682 4516 1051 4586 contigerunt,
1086 4531 1105 4565 ι
1142 4511 1237 4565 lib.
1265 4526 1320 4576 v,
1351 4523 1473 4578 cap.
1499 4506 1554 4559 4.
1594 4503 1722 4559 Haec
1752 4503 1900 4559 enim
1938 4517 2062 4573 quae

471 4614 718 4688 proxime
745 4625 1117 4674 enarraverat,
1147 4608 1211 4663 ad
1250 4615 1527 4678 postrema
1572 4602 1719 4656 illius
1762 4601 2059 4655 imperato-

477 4700 552 4749 ris
578 4706 821 4765 tempora
840 4696 1130 4753 referebat.
1154 4700 1286 4751 'i'uu‘
1313 4713 1441 4755 vero
1460 4695 1823 4751 narrationem
1857 4708 2049 4765 quarm

476 4788 600 4840 dam
637 4789 819 4841 statim
876 4788 1155 4843 interserit
1203 4788 1267 4843 de
1291 4785 1530 4857 Legione
1552 4786 1833 4851 fulminea,
1884 4801 2052 4854 quam

477 4880 624 4933 velut
659 4881 924 4934 incertam
962 4882 1266 4952 relinquit:
1315 4879 1451 4934 ἀλλὰ
1490 4878 1661 4933 ταῦτα
1690 4878 1787 4951 μὲν
1828 4878 1936 4950 ὅπη
1970 4895 2054 4936 τις

476 4971 635 5042 ἐθέλῃ
667 4972 918 5039 τιθέσθω,
957 4992 976 5025 ι
996 4973 1091 5029 sed
1120 4974 1184 5027 de
1209 4974 1292 5027 his
1319 4972 1549 5043 quisque
1576 4987 1674 5041 pro
1699 4972 1928 5026 arbitrio
1953 4988 2056 5027 suo

478 5074 714 5133 statuat;
762 5085 780 5117 ι
818 5066 1093 5139 μετίωμεν
1124 5067 1181 5120 δὲ
1215 5068 1375 5137 ἡμεῖς
1393 5065 1486 5120 ἐπὶ
1519 5065 1616 5137 τὴν
1647 5066 1752 5119 τῶν
1788 5066 1915 5135 ἑξῆς
1934 5066 2060 5118 ἀκο-

477 5156 719 5223 λουθίαν,
760 5177 778 5210 ι
800 5175 902 5213 nos
923 5174 1054 5213 vero
1083 5159 1148 5213 ad
1169 5159 1412 5213 historia:
1428 5156 1677 5212 ordinem
1703 5157 2049 5215 redeamus.»

480 5248 862 5305 Narrationem
908 5252 1074 5323 igitur
1093 5251 1241 5305 illam
1258 5252 1325 5306 de
1360 5251 1571 5323 legione
1608 5250 1871 5306 fulminea
1901 5261 2057 5305 extra

480 5342 579 5413 τὴν
611 5343 720 5398 τῶν
753 5342 882 5414 ὲξης
913 5342 1252 5410 ἀκολουθίαν,
1289 5343 1405 5398 sive
1443 5361 1461 5394 ι
1486 5343 1725 5398 historiae
1747 5343 2055 5407 ordinem,»

484 5437 782 5489 secundum
816 5450 996 5489 rerum
1029 5443 1304 5506 gestarum
1338 5435 1783 5504 consequentiam
1823 5444 2057 5489 interse-

360 5544 386 5569 ο
487 5529 663 5582 ruisse
680 5544 739 5583 se
766 5528 986 5583 fatetur.
1029 5526 1189 5582 Redit
1210 5528 1376 5599 igitur
1403 5527 1472 5583 ad
1507 5527 1668 5583 tinem
1722 5543 2057 5598 persecutio-

487 5635 596 5687 ms,
621 5621 690 5676 ad
720 5629 951 5676 mortem
982 5616 1223 5687 Pothini,
1258 5628 1314 5683 et
1353 5619 1755 5678 successionem
1784 5620 1975 5678 lreuazi
2000 5620 2053 5675 in

485 5715 796 5789 episcopatu
824 5711 1198 5784 Lugdunensi.

2140 1877 2362 1933 Eusebii
2391 1877 2708 1934 Chronicon
2737 1876 2895 1931 aliter
2926 1875 3361 1946 intelligendum.
3389 1872 3537 1944 quod
3581 1870 3733 1927 Oro-

2138 1969 2279 2034 sius,
2319 1968 2524 2025 Paulus
2559 1968 2837 2025 Diaconus
2863 2010 2879 2035 ,
2925 1966 3266 2038 Freculphus
3292 1966 3499 2036 aliique
3546 1963 3731 2021 secuti

2140 2072 2289 2129 sunt,
2319 2062 2647 2119 certissimis
2686 2061 3028 2132 argumentis
3055 2061 3341 2116 evicimus.
3372 2057 3561 2128 anue
3593 2071 3731 2112 vera

2140 2169 2264 2211 esse
2286 2154 2369 2211 vel
2410 2155 2539 2211 hinc
2562 2164 2749 2226 aperte
2775 2154 3071 2226 colligitur.
3096 2151 3153 2207 In
3191 2151 3470 2208 Chronico
3498 2148 3730 2205 Eusebii

2141 2246 2206 2301 ad
2233 2246 2293 2301 11
2324 2245 2494 2305 Marci
2538 2262 2745 2301 annum
2777 2244 2895 2303 hazc
2937 2255 3230 2301 notantur:
3287 2261 3306 2295 ι
3338 2239 3734 2312 Pseudo-pro-

2141 2339 2346 2408 pbetia,
2380 2355 2503 2411 qua:
2529 2338 2905 2412 Cataphrygas
2936 2338 3273 2403 nominatur,
3302 2335 3517 2405 accepit
3558 2349 3732 2390 exor-

2141 2432 2316 2499 dium,
2342 2442 2571 2487 auctorc
2598 2430 2879 2500 Montano,
2908 2440 2965 2489 et
2992 2427 3242 2485 Priscilla
3260 2471 3276 2497 ,
3308 2427 3731 2498 Maximillaque

2141 2523 2354 2579 insanis
2385 2523 2624 2581 vatibus.
2657 2542 2676 2576 ι
2706 2522 2775 2577 At
2806 2532 2932 2578 ante
2958 2521 3122 2592 hujus
3146 2520 3416 2576 haereseos
3464 2528 3731 2575 exortum

2143 2614 2197 2670 in
2227 2613 2419 2671 Galliis
2444 2615 2727 2687 martyria,
2760 2614 2952 2675 saltem
2980 2613 3099 2668 haec
3131 2613 3199 2669 de
3234 2613 3436 2677 quibus
3483 2612 3739 2684 agimus,

2143 2707 2261 2762 visa
2287 2722 2395 2762 non
2427 2717 2575 2763 sunt.
2608 2707 2713 2777 Ipsi
2746 2710 2893 2761 enim
2924 2715 3191 2781 martyres
3212 2703 3482 2762 Gallicani
3506 2704 3576 2760 de
3603 2720 3737 2760 con-

2146 2800 2412 2855 troversia
2442 2815 2507 2855 ex
2532 2798 2777 2855 Montani
2811 2799 3007 2855 haeresi
3049 2809 3168 2855 orta
3201 2798 3529 2855 sententiam
3566 2813 3731 2854 suam

2143 2894 2510 2964 protulerunt,
2541 2903 2682 2948 utex
2708 2892 3098 2948 vetustissimis
3126 2908 3316 2949 eorum
3349 2892 3737 2949 monumentis

2146 2989 2311 3043 tradit
2369 2986 2665 3052 Eusebius,
2706 2985 2853 3043 Hist.
2889 2985 2929 3044 l.
2984 3001 3041 3054 v,
3066 3002 3119 3042 c.
3172 2986 3228 3042 5.
3271 2984 3493 3042 Fratres
3524 2984 3737 3056 quippe

2148 3078 2414 3134 Gallicani
2459 3078 2562 3134 hac
2590 3079 2934 3137 dissensione
2960 3089 3082 3137 orta
3104 3078 3374 3151 judicium
3403 3093 3571 3132 suum
3599 3092 3736 3148 pro.

2149 3171 2426 3226 tulerunt:
2472 3169 2756 3242 ἐκθέμενοι
2789 3170 2882 3225 καὶ
2914 3169 3023 3226 τῶν
3053 3171 3388 3246 παράὐτοϊς
3422 3169 3739 3226 τελειωθέν-

2148 3280 2255 3319 των
2292 3262 2586 3337 μαρτύρων
2619 3264 2907 3337 διαφόρους
2949 3263 3260 3329 ἐπιστολὰς,
3305 3263 3371 3328 ἃς
3404 3266 3465 3319 ὲν
3506 3264 3734 3335 δεσμοῖς

2148 3355 2231 3409 ἔτι
2280 3355 2616 3428 ὑπάρχοντες
2661 3359 2773 3421 τοῖς
2806 3357 2895 3413 ἐπ’
2941 3355 3126 3421 ’Δσίας
3158 3358 3251 3410 καὶ
3292 3356 3532 3429 Φρυγίας
3580 3355 3734 3410 ἀδελ-

2150 3449 2269 3523 φοῖς
2300 3447 2646 3520 διεχάραξαν·
2689 3468 2707 3500 ι
2734 3448 2965 3519 prolatis
3013 3446 3426 3505 interfectorum
3464 3448 3613 3517 apud
3672 3462 3733 3502 se

2149 3549 2455 3609 martyrum
2477 3540 2643 3595 variis
2669 3541 2938 3612 epistolis,
2968 3555 3107 3611 quas
3148 3540 3249 3604 illi,
3281 3539 3410 3594 dum
3445 3539 3501 3594 in
3533 3539 3735 3593 vincu-

2149 3630 2220 3686 lis
2242 3631 2423 3687 adbuc
2451 3643 2657 3699 essent,
2698 3633 2766 3688 ad
2794 3631 2991 3689 fratres
3014 3632 3071 3686 in
3098 3631 3226 3687 Asia
3258 3639 3312 3687 et
3346 3628 3586 3700 Phrygia
3635 3628 3737 3683 de-

2150 3731 2337 3794 gentes
2370 3724 2726 3796 scripserant.
2759 3744 2777 3778 ι
2815 3724 2893 3780 Ex
2933 3724 3321 3783 vetustissimis
3346 3723 3513 3793 igitur
3541 3719 3736 3777 Eccle-

2150 3814 2247 3869 siae
2266 3813 2559 3872 Gallicanae
2585 3817 2955 3873 monumentis
2981 3816 3145 3871 tradit
3171 3814 3441 3871 Eusebius
3461 3824 3514 3868 et
3533 3811 3735 3869 Pothi-

2150 3925 2283 3965 num
2309 3926 2339 3965 a
2362 3908 2821 3982 Lugdunensibus
2847 3911 3162 3981 episcOpum
3185 3909 3400 3980 proprie
3422 3908 3732 3965 secundum

2151 4003 2306 4060 illum
2338 4004 2610 4072 ordinem,
2643 4020 2807 4074 quem
2841 4005 2896 4061 in
2926 4002 3171 4061 Ecclesia
3198 4002 3438 4071 tenebat,
3488 4002 3739 4075 appella-

2153 4102 2270 4149 tum
2313 4110 2477 4162 esse,
2507 4106 2559 4151 ct
2613 4094 2877 4151 lrenaeum
2914 4096 3078 4151 etiam
3123 4095 3503 4167 presbyterum
3531 4139 3547 4163 ,
3603 4111 3737 4151 cum

2154 4186 2335 4243 adhuc
2376 4195 2588 4241 tantum
2633 4189 2916 4260 presbyter
2971 4195 3140 4252 esset,
3183 4201 3283 4242 nec
3319 4187 3376 4241 lu
3409 4186 3741 4257 episcopatu

2151 4279 2390 4336 Pothino
2421 4280 2803 4337 successisset.
2842 4279 3010 4348 Vidit,
3039 4281 3262 4353 opinor,
3322 4278 3559 4334 Dallteus
3617 4279 3741 4335 haec

2153 4388 2282 4429 vera
2311 4388 2454 4440 esse,
2474 4372 2705 4444 ideoque
2725 4388 2757 4427 a
2786 4370 3164 4429 Blondelliano
3203 4382 3533 4445 argumento
3575 4388 3742 4445 pror-

2084 4499 2129 4555 θ
2155 4478 2253 4518 sus
2281 4463 2567 4518 abstinuit.
2591 4461 2707 4518 Hoc
2732 4461 2898 4532 igitur
2918 4470 3077 4517 extra
3102 4458 3532 4518 controversiam
3553 4459 3741 4530 posito

2155 4556 2365 4611 rclinua
2386 4570 2799 4626 persequamur.

2228 4691 2562 4763 Hegesippus
2587 4692 2693 4747 sub
2719 4689 2911 4745 eodem
2935 4687 3229 4744 Eleuthero
3257 4686 3507 4743 eamdem
3545 4688 3744 4758 appel-

2155 4796 2415 4841 .attonem
2447 4801 2574 4841 cum
2629 4784 2839 4855 lgnatio
2883 4793 3033 4841 caste
3071 4783 3406 4839 observavit.
3452 4780 3745 4838 Plurimos

2160 4898 2181 4930 ι
2206 4879 2492 4948 episcopos
2514 4898 2533 4931 ι
2551 4894 2608 4934 se
2628 4879 2830 4934 adiisse
2843 4878 2939 4945 ait,
2959 4893 3083 4933 cum
3106 4877 3335 4932 Romam
3359 4874 3742 4947 proficiscere~

2155 4980 2265 5038 tur,
2296 4971 2399 5026 sub
2422 4970 2676 5039 Aniceto,
2701 4971 2860 5041 cujus
2891 4979 3006 5025 tum
3034 4970 3304 5025 diaconus
3326 4977 3448 5023 erat
3476 4966 3746 5023 Eleuthe—

2153 5084 2270 5125 rus.
2305 5067 2438 5139 Ejus
2479 5068 2645 5123 verba
2699 5075 2861 5123 sunt:
2929 5066 3226 5137 Ἐπέμενεν
3275 5067 3309 5137 ἡ
3354 5061 3661 5133 Ἐκκλησία
3706 5064 3743 5134 ἡ

2154 5162 2458 5235 Κορινθίων
2491 5164 2549 5214 ὲν
2580 5160 2656 5232 τῷ
2864 5160 3007 5230 λόγῳ
3042 5159 3205 5231 μέχρι
3249 5157 3464 5230 Πρίμου
3511 5159 3745 5212 ἐπιστω-

2156 5254 2415 5318 πεύοντος
2471 5256 2528 5307 ὲν
2562 5252 2832 5324 Κορίνθῳ.
2875 5251 3327 5306 «Corinthiorum
3390 5248 3640 5306 Ecclesia
3685 5250 3742 5303 in

2156 5355 2302 5399 recta
2328 5345 2433 5400 fide
2457 5344 2757 5414 permansit
2779 5359 2954 5414 usque
2978 5343 3046 5397 ad
3072 5342 3318 5397 Primum
3339 5341 3591 5397 Corinthi
3620 5341 3743 5411 epi-

2155 5452 2400 5506 scopum.
2430 5455 2449 5487 ι
2484 5437 2627 5490 Idem
2651 5434 2718 5490 de
2749 5433 3294 5506 Hierosolymitanis:
3326 5434 3481 5488 Μετὰ
3513 5433 3579 5487 τὸ
3598 5450 3741 5507 μαρ-

2154 5529 2388 5601 τυρῆσαι
2435 5527 2688 5582 Ἰάκωϐον
2719 5529 2811 5582 τὸν
2834 5529 3042 5583 δίκαιον
3083 5528 3246 5582 πάλιν
3288 5529 3318 5582 ὁ
3350 5530 3414 5581 ὲκ
3454 5526 3604 5582 θείου
3636 5529 3740 5583 αὖ·

2156 5620 2251 5674 τοῦ
2301 5618 2524 5691 Συμεὼν
2555 5622 2584 5674 ὁ
2614 5619 2708 5674 τοῦ
2755 5620 2996 5674 Κλεωπᾶ
3040 5618 3364 5673 καθίσταται
3413 5618 3738 5683 sericam.

2165 5731 2189 5766 ι
2223 5711 2353 5770 Post
2376 5714 2699 5787 martyrium
2724 5712 2914 5770 Jacobi
2939 5710 3104 5783 Justi,
3128 5727 3351 5769 rursum
3369 5726 3437 5769 ex
3463 5712 3738 5768 avunculo
