3834 6214
113 361 230 415 417

897 355 947 410 «Ι.
984 353 1349 410 PEARSONII
1386 351 1706 408 VINMCUE
1748 348 2176 408 ΙΟΝΑΤΙᾹΝᾹΞ.
2218 380 2286 391 -
2320 347 2499 404 PARS
2529 345 2594 402 ll.

3281 350 3391 407 M8

111 479 242 546 ejus
277 477 518 546 Symeon
545 476 759 546 (Ileopa
788 471 933 530 ﬁlius
976 476 1267 544 cpiscopus
1292 475 1698 530 constituitum
1737 481 1778 535 Α
1809 472 1971 526 cienti
2021 470 2324 526 videbatur.
2381 468 2765 540 Presbyterum
2820 467 3042 537 quidem
3109 479 3169 523 se
3245 477 3396 526 rorat

113 568 185 623 Et
209 570 429 624 statim:
485 567 749 638 Ἀρχεται
795 566 852 619 δὲ
885 569 913 620 ό
945 565 1202 630 Θέὄουθις
1233 565 1321 619 διὰ
1355 566 1415 619 τὸ
1453 567 1525 637 μὴ
1559 565 1708 634 γενέ-

1823 566 2149 636 Anonymus,
2181 562 2429 618 Zoticum
2464 563 2626 617 etiam
2654 561 2941 627 Otrenum,
2985 572 3039 615 et
3075 560 3394 633 Aneyrano-

113 661 244 714 σθαι
277 660 446 713 αὐτὸν
481 659 778 712 ἐπίσκοπον
813 656 1181 728 ὑποφθείρειν,
1207 676 1225 706 ι
1250 655 1467 710 Primus
1488 655 1709 710 Thebu-

113 754 250 817 this,
268 751 419 822 quod
454 752 748 821 episcopus
779 748 954 804 factus
985 765 1092 803 non
1123 749 1217 811 sit,
1264 747 1564 803 Ecclesiam
1621 763 1710 803 oc-

115 846 268 900 culte
297 846 502 900 vitiare
535 858 830 914 aggressus
853 855 955 897 est.
989 863 1006 894 ι
1042 841 1120 895 Ita
1153 857 1371 910 semper
1420 841 1709 911 episcopos

115 953 224 993 suo
245 937 480 992 nomine
507 935 781 1006 indigitat,
812 950 1092 1004 nunquam
1133 933 1480 1004 presbyteros
1523 941 1708 994 vocat,

115 1029 511 1099 apostolorum
545 1027 890 1096 temporibus
921 1028 1208 1097 proximus
1236 1024 1596 1096 Hegesippus.
1632 1024 1710 1079 lta

113 1123 444 1193 Polycrates
479 1119 885 1190 Ephesinorum
917 1119 1228 1188 episcopus,
1269 1120 1322 1171 in
1355 1119 1585 1188 epistola
1641 1118 1710 1171 ad

116 1214 405 1268 Victorem
455 1228 653 1282 papam
682 1255 696 1276 ,
742 1213 810 1266 de
841 1212 1115 1281 episcopis
1160 1227 1376 1281 semper
1427 1210 1711 1280 Ignatiano

117 1320 270 1360 more
297 1306 582 1374 loquitur:
623 1305 743 1356 Ἔτι
764 1303 819 1356 δὲ
835 1303 928 1356 καὶ
944 1303 1301 1374 Πολύχαρπος
1333 1305 1361 1356 ό
1395 1305 1454 1355 ἐν
1487 1301 1712 1374 Σμύρνῃ

113 1399 212 1452 καὶ
247 1397 557 1458 ἐπίσκοπος
609 1395 703 1448 καὶ
758 1395 986 1466 μάρτυς,
1021 1393 1114 1446 καὶ
1147 1393 1393 1465 Θρασέας
1442 1394 1536 1446 καὶ
1589 1393 1711 1446 ὲπί-

115 1505 329 1553 σκοπος
368 1489 462 1541 καὶ
501 1487 712 1558 μάρτυς
744 1485 852 1539 ἀπὸ
886 1485 1185 1555 Εύμενίας.
1224 1485 1290 1536 Τί
1322 1485 1378 1537 δὲ
1419 1485 1498 1538 δεῖ
1529 1484 1710 1554 λέγειν

113 1583 370 1652 Σάγαριν
405 1580 498 1633 καὶ
533 1579 834 1633 ἐπίσκοπον
868 1578 960 1630 καὶ
1006 1578 1292 1648 μάρτυρα;
1339 1576 1714 1648 sPolycarpus

113 1689 354 1742 quoque
393 1672 488 1742 qui
541 1671 684 1741 apud
741 1669 1033 1740 Smyrnam
1076 1671 1368 1740 episcopus
1398 1680 1453 1725 et
1505 1681 1714 1741 martyr

113 1764 251 1831 fuit,
285 1766 534 1834 itemque
558 1762 834 1818 Thraseas
858 1761 1136 1816 Eumenia
1165 1762 1457 1832 episcOpus
1478 1772 1534 1817 et
1563 1779 1714 1818 mar-

1812 673 1933 710 rum
1965 657 2407 727 presbyterorum
2440 655 2770 708 mentionem
2804 653 2964 719 facit;
3000 654 3093 708 sed
3125 655 3228 708 hos
3275 670 3396 708 om-

1812 763 1909 802 nes
1953 749 2244 816 episcopos
2285 747 2399 800 sive
2428 745 2589 815 primi
2621 746 2832 799 ordinis
2862 743 3182 800 sacerdotes
3204 745 3396 808 luisse,

1811 853 1876 895 ex
1911 841 2027 910 ipsa
2057 850 2335 910 gestorum
2381 841 2698 894 narratione
2723 840 2979 909 colligere
3010 856 3068 893 se
3101 855 3262 909 posse
3298 856 3400 908 pu-

1811 932 1946 987 tavit
1992 932 2076 986 vir
2125 931 2501 997 doctissimus,
2547 947 2671 986 cum
2727 940 2906 984 tamen
2940 931 3006 984 ad
3056 932 3392 1000 probandum

1815 1035 1909 1080 aut
1961 1024 2135 1094 ipsius
2181 1023 2439 1093 auonymi
2490 1031 2584 1076 aut
2612 1022 2785 1076 Zotici
2819 1025 3246 1094 compresbyteri
3286 1025 3400 1093 rpi-

1816 1127 2102 1186 scopatum
2132 1133 2198 1170 ex
2246 1115 2472 1170 historia
2523 1115 2658 1170 nihil
2691 1115 2898 1170 afferat.
2938 1117 3005 1170 Et
3049 1117 3269 1187 quidem
3302 1131 3402 1187 pro

1815 1209 2077 1280 anouymi
2115 1208 2290 1278 ipsius
2320 1207 2644 1276 episcopatu
2690 1209 2822 1277 quid
2872 1208 3052 1264 aﬂerri
3085 1211 3258 1279 possit
3288 1225 3397 1264 non

1817 1299 1996 1360 video,
2024 1299 2069 1351 si
2115 1299 2281 1352 verba
2332 1298 2475 1368 apud
2525 1297 2822 1353 Eusebium
2869 1309 3112 1370 spectes;
3158 1302 3302 1371 quod
3351 1301 3400 1355 si

1817 1387 2464 1462 Ruﬂinuminterpretem
2499 1393 2775 1459 consulas,
2806 1403 2918 1459 aut,
2955 1394 3048 1464 qui
3077 1409 3202 1448 eum
3241 1410 3404 1450 secu-

1816 1492 1906 1539 tus
1952 1493 2070 1548 est,
2103 1483 2473 1556 Martyrologii
2506 1483 2739 1539 Romani
2772 1494 3054 1540 auctorem
3089 1485 3269 1540 Martii
3301 1487 3400 1553 10,

1817 1579 1924 1632 erit
1954 1579 2288 1648 Apollinaris
2331 1577 2774 1650 Hierapolitanus
2824 1580 3134 1650 episcopus.
3172 1579 3276 1636 Sed
3315 1597 3404 1636 er-

1819 1687 1973 1726 rasse
1990 1673 2265 1728 Bullinum
2292 1681 2539 1740 constat;
2573 1687 2681 1727 non
2708 1673 2852 1727 enim
2879 1673 3149 1729 Eusebius
3170 1674 3406 1730 aIIirmat

1818 1764 2188 1833 Apollinarem
2228 1765 2341 1820 hac
2391 1765 2701 1836 scripsisse,
2747 1767 2839 1821 sed
2887 1767 3052 1822 alium
3106 1769 3402 1838 quemdam

114 1870 230 1930 tyr.
254 1857 402 1924 Quid
430 1858 660 1927 Sagarin
686 1857 1006 1926 episcopum
1028 1856 1393 1926 eumdemque
1419 1866 1712 1928 martyrem
1749 1843 1790 1902 Β
1819 1869 1886 1908 ex
1918 1855 2300 1925 eloquentibus
2332 1857 2463 1912 viris
2509 1872 2647 1926 quos
2671 1858 2970 1927 Apollinari
3026 1858 3292 1929 adjungit,
3348 1867 3408 1914 ut

115 1951 327 2005 attinet
356 1950 573 2004 dicere?
608 1969 627 2001 ›
662 1947 917 2018 Seipsum
957 1948 1125 2002 etiam
1184 1949 1502 2018 episcopum
1553 1960 1716 2006 vocat

115 2059 235 2096 non
272 2043 466 2095 minus
505 2055 670 2110 quam
700 2038 979 2109 Ignatius:
1035 2039 1209 2093 Ἑπτὰ
1245 2039 1343 2110 μὲν
1393 2035 1534 2111 ἦσαν
1588 2057 1717 2110 συγ-

115 2138 301 2204 γενεῖς
344 2152 434 2204 μοι
471 2134 777 2196 ἐπίσκοποι,
802 2132 912 2201 ἐγὼ
943 2133 998 2186 δὲ
1030 2133 1236 2202 ὄγδοος·
1278 2153 1297 2184 ι
1322 2133 1538 2204 Septem
1563 2144 1720 2190 erant

114 2228 260 2282 mihi
295 2226 493 2281 aﬂines
514 2225 778 2296 episcopi,
803 2241 904 2296 ego
935 2237 1115 2281 autem
1143 2236 1389 2282 octavus.
1416 2246 1434 2280 ι
1468 2227 1718 2283 Ostendit

113 2335 396 2387 magnum
447 2332 572 2372 esse
601 2333 894 2374 numerum
935 2333 1129 2373 eorum
1186 2321 1280 2388 qui
1335 2321 1438 2376 sibi
1489 2321 1720 2378 aderant

113 2427 256 2467 cum
280 2411 353 2465 ad
377 2409 653 2464 Victorem
679 2409 973 2467 scriberet:
1001 2427 1196 2466 omnes
1218 2415 1505 2482 episcopos
1537 2421 1714 2477 vocat,

117 2503 281 2572 quod
322 2501 568 2572 episcopi
597 2511 806 2568 essent,
838 2517 941 2558 nec
978 2519 1221 2573 unquam
1265 2505 1569 2576 presbyteri
1618 2520 1719 2559 no-

116 2599 280 2652 mine
315 2596 514 2662 utitur.
549 2593 815 2664 Serapion
867 2597 1093 2650 secundi
1137 2597 1323 2650 saculi
1383 2598 1619 2667 scriptor
1651 2598 1713 2651 ll

116 2689 424 2744 Commodi
465 2689 815 2758 imperatoris
865 2704 1010 2742 anno
1072 2686 1377 2743 Antiochia
1426 2690 1720 2759 episcopus

119 2782 469 2844 ordinatus,
497 2780 728 2850 epistola
764 2781 830 2834 ad
878 2780 1134 2834 Caricum
1190 2789 1246 2834 et
1293 2779 1580 2836 Ponticum
1633 2781 1720 2835 his

121 2875 320 2928 verbis
363 2874 433 2928 de
477 2873 792 2942 Apollinare
838 2873 1086 2941 scripsit:
1137 2872 1406 2943 Πέπομφα
1454 2872 1582 2943 ὑμῖν
1626 2872 1720 2926 καὶ

121 2964 405 3018 Κλαυδίου
453 2963 857 3035 Ἀπολλιναρίου
889 2962 982 3016 τοῦ
1035 2963 1454 3035 μακαριωτάτου
1495 2963 1722 3034 γενομέ-

120 3076 224 3112 νου
259 3059 323 3111 ἐν
367 3055 670 3128 Ἱεραπόλει
701 3055 800 3126 τῆς
846 3054 1028 3118 Ἀσίας
1061 3055 1362 3108 ἐπισκόπου
1393 3055 1717 3126 γράμματα.

129 3168 148 3201 ι
175 3148 509 3203 Beatissimi
540 3147 754 3201 Claudii
787 3146 1145 3216 Apollinaris,
1178 3145 1600 3216 Hierapolitana
1630 3163 1721 3200 ur-

125 3243 222 3297 bis
247 3243 302 3295 in
332 3239 464 3296 Asia
493 3238 766 3310 episcopi,
791 3239 1004 3294 litteras
1023 3238 1090 3292 ad
1129 3255 1230 3294 vos
1266 3239 1411 3292 misi.
1454 3257 1472 3289 ι
1521 3237 1577 3292 In
1617 3238 1722 3292 hac

124 3344 320 3389 autem
363 3332 596 3402 epistola
644 3332 966 3402 legebantur
1017 3330 1294 3384 variorum
1338 3331 1720 3400 episcoporum

126 3427 596 3495 subscriptiones,
627 3425 722 3496 qui
752 3426 974 3479 nomina
1008 3440 1135 3480 cum
1185 3424 1362 3479 titulis
1389 3424 1552 3479 simul
1611 3439 1722 3478 non

126 3521 472 3574 verebantur
503 3520 785 3575 scribere:
831 3530 892 3576 ut
948 3522 1126 3584 Αἴλιος
1177 3520 1440 3584 Πούδλιος
1503 3520 1722 3584 Ἰούλιος

128 3611 237 3664 ἀπὸ
299 3611 567 3666 Δεϐελτοῦ
611 3613 922 3678 Κολωνεξας
975 3612 1068 3666 τοῦ
1122 3613 1346 3684 Θρᾴκης
1404 3612 1721 3674 ἐπίσκοπος,

131 3706 344 3774 aliique
393 3705 948 3776 compluresmeque
984 3704 1369 3775 episcoporum
1425 3705 1570 3760 ullus
1600 3719 1724 3774 pre-

130 3797 343 3869 sbyteri
373 3797 596 3851 nomine
621 3798 916 3853 mulctatus
932 3797 1387 3866 deprehenditur.

199 3890 482 3945 Praterea
509 3890 828 3961 Anonymus
851 3890 993 3960 apud
1022 3889 1322 3946 Eusebium
1348 3891 1385 3945 ι.
1417 3907 1472 3956 v,
1494 3905 1544 3945 c.
1577 3891 1642 3944 16
1669 3891 1723 3945 ἰιι

133 3981 427 4051 Excerptis
459 3981 625 4035 trium
655 3981 922 4036 librorum
953 3997 1094 4051 quos
1133 3989 1322 4036 contra
1353 3981 1725 4052 Calapbrygas

135 4073 382 4143 scripsit,
413 4082 676 4144 perpetuo
716 4073 1033 4128 nominibus
1064 4073 1306 4144 episcopi
1344 4083 1397 4128 et
1423 4075 1724 4145 presbyteri

135 4169 396 4222 distincte
459 4176 513 4222 et
578 4176 727 4222 caste
774 4166 982 4232 utitur;
1049 4166 1288 4237 seipsum
1344 4168 1724 4237 presbyterum

139 4260 310 4314 fuisse
353 4259 576 4324 indicat,
612 4258 858 4314 Zoticum
904 4257 1172 4313 Otrenum
1219 4259 1724 4330 compresbyterum

141 4353 398 4422 appellat,
425 4353 727 4422 Aucyrana
755 4350 1015 4407 Ecclesia:
1056 4352 1401 4423 presbyteros
1427 4353 1554 4415 τοὺς
1583 4352 1726 4406 κατὰ

141 4445 302 4500 τόλμων
322 4439 732 4517 πρεσϐυτέρους
758 4453 940 4511 vocat,
970 4445 1107 4500 alios
1146 4455 1326 4499 autem
1359 4445 1560 4516 ἄνδρας
1582 4445 1725 4499 δοκί-

1779 1945 2148 2017 ·Ῑιιηιρι-ἰόειη
2195 1964 2226 2003 a
2273 1950 2408 2004 viris
2460 1950 2636 2006 doctis
2687 1950 2956 2006 Halloixio
2993 1961 3045 2006 et
3089 1951 3306 2007 Valesio
3353 1961 3408 2008 et

1820 2040 2171 2095 observatum
2225 2051 2279 2095 et
2325 2042 2542 2096 abunde
2599 2045 2887 2114 probatum
2939 2053 3042 2100 est.
3093 2045 3170 2101 De
3216 2046 3407 2103 Zotico

1818 2131 1964 2200 quod
1993 2133 2088 2196 ait,
2121 2133 2469 2202 apertissima
2516 2132 2732 2189 fallacia
2760 2144 2862 2190 est.
2909 2134 3153 2190 Zoticum
3185 2137 3404 2206 quidem

1819 2223 2319 2292 compresbyterum
2375 2240 2533 2279 suum
2579 2235 2770 2291 vocat,
2815 2228 2918 2282 sibi
2952 2229 3004 2281 in
3040 2228 3409 2298 disputatione

1819 2328 1944 2367 cum
1996 2313 2344 2371 Montanistis
2394 2325 2695 2384 astantem;
2721 2317 2970 2374 Zoticum
2999 2321 3164 2375 etiam
3195 2321 3408 2392 episco~

1820 2418 1948 2476 pum
1980 2416 2172 2474 vocat;
2211 2407 2304 2462 sed
2345 2408 2434 2464 ille
2465 2424 2626 2478 quem
2664 2413 3170 2484 compresbyterum
3221 2414 3408 2484 appel-

1823 2499 1919 2561 lat,
1954 2497 2194 2553 Otrenus
2244 2497 2381 2566 fuit;
2416 2500 2507 2554 ille
2555 2516 2718 2571 quem
2765 2505 3084 2573 episcopum
3133 2507 3404 2573 nominat,

1824 2590 2207 2647 Comaneusis.
2240 2591 2433 2646 Otrum
2487 2593 2541 2646 in
2588 2593 2824 2665 Phrygia
2876 2596 3408 2665 Salutari,(lomena

1824 2682 1877 2736 in
1905 2683 2163 2738 Armenia
2193 2686 2430 2739 secunda
2465 2684 2586 2741 fuit.
2635 2685 2872 2742 Otrenus
2915 2688 3016 2758 ipsi
3047 2699 3230 2744 astare
3273 2692 3410 2746 dici-

1823 2783 1933 2838 tur,
1965 2791 2088 2831 cum
2117 2778 2231 2845 jam
2277 2778 2344 2832 15
2388 2788 2515 2848 post
2543 2788 2774 2834 mortem
2815 2779 3127 2839 Maximilla
3149 2787 3276 2840 anni
3308 2787 3410 2840 ﬂu-

1822 2869 2030 2924 xissent
2050 2887 2064 2935 ;
2088 2868 2450 2925 Comanensis
2470 2872 2804 2928 examinavit
2825 2875 3074 2944 spiritum
3101 2877 3410 2934 Maximilla

1821 2962 1950 3017 dum
2000 2963 2178 3017 adhuc
2222 2963 2428 3018 viveret
2471 2973 2525 3018 et
2581 2965 2870 3021 insaniret.
2907 2966 3025 3024 Duo
3072 2969 3236 3040 igitur
3265 2974 3406 3043 apud

1823 3070 2153 3127 anonymum
2189 3055 2361 3110 Zotici
2411 3055 2669 3124 fuerunt,
2719 3060 3004 3130 presbyter
3046 3058 3282 3117 Otrenus
3307 3106 3321 3131 ,
3355 3075 3412 3120 et

1827 3149 2116 3217 episcopus
2143 3149 2524 3204 Comanensis.
2562 3147 2709 3204 Vidit
2750 3150 2866 3205 hac
2898 3153 3413 3222 perspicacissimus

1827 3237 1894 3292 Η.
1926 3238 2178 3293 Valesius
2209 3249 2262 3294 et
2291 3240 2598 3306 admonuit,
2631 3259 2652 3292 ι
2689 3241 3134 3314 distinguendum
3180 3247 3268 3302 hic
3304 3247 3411 3302 Zo-

1826 3332 1994 3385 ticum
2028 3330 2292 3385 Otrenum
2345 3347 2375 3384 a
2427 3330 2616 3386 Zotico
2644 3332 3006 3401 Comanensi;
3055 3352 3181 3390 nam
3207 3337 3409 3394 Coma-

1825 3423 2011 3477 nensis
2036 3422 2124 3476 ille
2154 3423 2431 3492 antiquior
2454 3423 2574 3477 fuit.
2611 3443 2628 3476 ι
2663 3424 2776 3480 Cur
2798 3438 2979 3480 autem
3008 3427 3151 3496 illos,
3182 3432 3275 3500 qui
3309 3431 3407 3488 Ec-

1827 3514 2012 3568 clesia
2062 3514 2363 3584 Ancyrana
2414 3515 2718 3586 presbyteri
2773 3527 3079 3586 vocantur,
3121 3521 3409 3591 episcopos

1824 3609 2010 3673 faciat,
2042 3611 2234 3664 miram
2275 3610 2540 3664 rationem
2572 3611 2728 3666 aﬂ'ert
2757 3611 2986 3668 Dallaus
3013 3631 3028 3668 :
3061 3630 3252 3684 nempe
3280 3617 3410 3686 quia

1827 3716 2160 3772 anonymum
2203 3720 2222 3753 ‹
2263 3711 2554 3773 rogaram,
2594 3711 2654 3757 ut
2682 3719 2804 3774 qua
2835 3720 3019 3759 coram
3063 3705 3196 3775 ipsis
3220 3708 3411 3778 dispu-

1825 3802 2068 3859 taverat,
2121 3793 2315 3849 litteris
2381 3796 2641 3851 mandare
2685 3797 2862 3852 vellet.
2913 3795 3004 3851 llla
3054 3800 3200 3852 enim
3253 3814 3407 3866 cura,

1827 3886 2023 3956 inquit,
2049 3888 2267 3958 prOprie
2309 3889 2375 3942 ad
2413 3890 2736 3959 prapositos
2775 3891 2936 3960 primi
2980 3891 3189 3947 ordinis
3235 3895 3412 3963 perti-

1825 3990 1939 4035 net.
1987 3998 2005 4033 ι
2043 3980 2232 4052 Papa!
2278 3981 2410 4038 Erat
2446 3983 2675 4055 Ancyra
2711 3999 3016 4056 anonymus
3059 3995 3153 4040 :et
3193 3986 3411 4040 οἱκατὰ

1826 4075 1990 4126 τόπον
2036 4073 2398 4146 πρεσϐύτεροι
2443 4075 2540 4142 (υι
2591 4075 2755 4144 paulo
2795 4085 2951 4144 ante,
2989 4077 3022 4148 ὴ
3065 4077 3207 4131 κατὰ
3245 4079 3410 4132 τόπον

1843 4165 2181 4238 Ἐκκλησία),
2210 4167 2314 4221 hoc
2343 4176 2448 4233 est,
2475 4187 2493 4218 ι
2518 4167 2636 4238 ejus
2668 4168 2791 4234 loci,
2823 4185 2916 4225 seu
2950 4169 3206 4226 Ecclesia
3230 4171 3410 4243 Ancy-

1827 4273 1974 4313 rana
2003 4260 2326 4331 presbyteri,
2358 4279 2376 4309 ι
2415 4261 2520 4317 hoc
2559 4262 2628 4316 ab
2652 4278 2718 4316 eo
2753 4262 3052 4332 postulant.
3095 4263 3178 4317 An
3224 4263 3408 4332 pluris

1831 4359 1960 4404 tunc
2016 4352 2276 4420 temporis
2333 4353 2564 4424 Ancyra
2622 4363 2777 4408 erant
2845 4355 3126 4424 episcopi?
3186 4353 3412 4410 Minime

1828 4454 1994 4498 certe.
2025 4442 2106 4498 An
2153 4461 2344 4511 rogare
2386 4447 2620 4516 aliquem
2657 4455 2715 4499 ut
2763 4447 2986 4509 scribat,
3046 4447 3282 4502 oﬂicium
3319 4457 3405 4502 est

147 4555 272 4607 μους
309 4538 408 4591 καὶ
449 4537 812 4600 ἐπισκόπους,
851 4556 869 4588 ι
911 4537 1060 4592 viros
1095 4537 1354 4607 probatos
1394 4537 1481 4592 vel
1511 4546 1720 4606 specta-

1828 4536 2068 4606 cpisc0pi
2098 4537 2430 4608 presbyteris
2455 4539 2679 4593 minime
2703 4540 3053 4607 competens?
3083 4539 3198 4594 Non
3249 4550 3406 4610 puto.

144 4629 272 4684 biles
297 4639 352 4684 et
382 4630 694 4700 episcopos,
735 4649 753 4682 ι
793 4629 1038 4686 Zoticum
1067 4645 1259 4700 nempe
1297 4629 1718 4696 Comanensem,

144 4731 192 4775 et
217 4721 496 4777 Julianum
521 4723 843 4792 Apameum.
878 4723 1011 4778 Mire
1053 4724 1165 4779 hac
1207 4723 1272 4778 ad
1305 4739 1461 4779 suam
1494 4738 1720 4778 causam

147 4828 173 4866 a
203 4813 482 4870 Blondello
525 4815 730 4871 omissa
780 4816 949 4870 trahit
980 4816 1232 4872 Dallaus.
1277 4816 1600 4887 Anonymus
1631 4817 1722 4870 ille

155 4923 172 4955 ι
220 4922 274 4962 se
332 4908 594 4976 quidem,
646 4909 861 4978 inquit,
918 4909 1292 4980 presbyterum
1356 4919 1411 4964 et
1470 4909 1718 4963 Zoticum

150 4999 432 5065 quemdam
480 4995 746 5054 Otrenum
778 5001 1297 5072 fsympresbyterum
1331 5017 1492 5056 suum
1524 5011 1717 5066 vocat,

151 5105 262 5145 cum
290 5101 477 5147 tamen
509 5107 577 5146 ex
614 5091 681 5148 iis
714 5108 836 5162 qua
865 5108 896 5147 a
935 5109 994 5148 se
1029 5095 1172 5164 apud
1202 5095 1470 5167 Ancyram
1497 5095 1722 5152 Galatia

153 5193 286 5251 gesta
317 5193 541 5249 narrat,
570 5185 707 5239 satis
733 5193 991 5254 appareat
1015 5201 1172 5252 eum,
1202 5187 1445 5257 adeoque
1476 5197 1530 5242 et
1557 5187 1722 5242 colle-

153 5290 258 5342 μω
292 5275 569 5339 Zoticum,
612 5285 908 5347 utrumque
943 5277 994 5331 in
1036 5278 1216 5347 primo
1253 5279 1597 5334 sacerdotum
1628 5294 1722 5332 or-

153 5363 264 5420 dine
291 5366 487 5421 fuisse.
527 5385 546 5418 ›
575 5363 646 5420 Ut
674 5367 799 5436 quis
828 5368 919 5437 qui
949 5368 1238 5437 cpiscopus
1266 5376 1412 5422 esset
1436 5367 1719 5421 historiam

155 5457 230 5511 sui
255 5459 521 5528 temporis
567 5467 625 5513 et
669 5475 756 5514 res
787 5460 857 5514 ab
902 5460 1022 5529 ipso
1069 5469 1250 5531 gestas
1297 5475 1632 5526 memorans,
1661 5475 1720 5515 se

156 5547 518 5618 presbyterum
551 5557 791 5615 vocaret,
823 5549 1098 5621 aliumque
1123 5552 1288 5605 etiam
1332 5550 1718 5620 coepisc0pum

157 5653 248 5692 suo
277 5642 455 5706 titulo,
485 5656 548 5696 ea
598 5642 904 5711 praesertim
937 5653 1094 5698 atate
1133 5658 1244 5714 qua
1285 5642 1526 5713 episc0pi
1561 5657 1716 5696 sum-

158 5746 293 5786 mum
327 5736 378 5788 in
408 5734 650 5791 Ecclesia
680 5735 1044 5806 principatum
1071 5737 1189 5791 sine
1220 5735 1592 5791 controversia
1621 5735 1721 5788 ob-

158 5824 418 5899 linebant,
450 5828 620 5885 simul
645 5828 936 5902 _spoliaret,
970 5827 1168 5884 mirum
1221 5829 1353 5884 mihi
1407 5828 1492 5884 vel
1539 5828 1703 5898 inspi-

1827 4625 1882 4681 Si
1927 4627 1978 4682 id
2005 4643 2193 4681 verum
2223 4629 2313 4695 sit,
2345 4645 2537 4693 nemo,
2573 4631 2789 4699 opinor,
2822 4629 3080 4684 Dallaum
3113 4633 3324 4700 rogavit
3347 4642 3406 4686 ut

1826 4719 2251 4788 disputationem
2311 4720 2454 4775 hanc
2516 4721 2710 4775 litteris
2775 4723 3078 4776 mandaret.
3143 4722 3408 4780 Petebant

1823 4811 2122 4882 presbyteri
2160 4821 2220 4865 ut
2265 4823 2452 4866 contra
2502 4811 2862 4867 Montanistas
2913 4815 3207 4879 scriberet,
3261 4815 3404 4871 idem

1823 4901 1919 4956 diu
1966 4911 2092 4957 ante
2140 4904 2455 4973 injunxcrat
2485 4903 2774 4973 episcopus
2802 4904 3053 4958 Avircius
3081 4905 3404 4974 Marcellus;

1825 4997 1895 5050 ab
1959 4995 2067 5049 illis
2128 5005 2396 5064 rogatus,
2445 4996 2512 5051 ab
2566 4997 2670 5051 hoc
2707 4997 3020 5068 ἐπιταχθεὶς
3075 5008 3182 5054 tres
3237 5000 3406 5057 libros

1824 5085 2154 5154 conscripsit
2190 5085 2304 5140 sive
2333 5101 2660 5161 anonymus,
2691 5087 2807 5141 sive
2837 5087 3084 5142 Asterius
3110 5085 3362 5144 Urbanus
3390 5107 3402 5144 :

1825 5177 1879 5231 in
1908 5177 2110 5248 quibus
2139 5186 2194 5230 et
2233 5177 2476 5247 seipsum
2516 5187 2569 5232 et
2607 5177 2856 5232 Zoticum
2883 5178 3169 5245 Otrenum,
3207 5191 3259 5233 et
3288 5180 3405 5232 An-

1824 5288 2037 5343 cyrana
2083 5271 2336 5326 Ecclesia
2389 5273 2736 5342 presbyteros
2802 5273 3088 5337 nominat,
3151 5271 3399 5326 Zoticum

1823 5375 2004 5417 autem
2026 5359 2428 5416 Comanensem
2459 5370 2512 5415 et
2533 5360 2809 5417 Julianum
2827 5363 3124 5433 Apamequ
3149 5381 3168 5415 ι
3191 5364 3400 5432 episco-

1823 5470 2017 5526 porum
2045 5473 2062 5505 ι
2099 5454 2258 5509 titulo
2288 5455 2630 5508 cohonestat.

1899 5548 2145 5618 Denique
2173 5549 2428 5618 quamvis
2454 5563 2694 5603 canones
2725 5549 3011 5618 apostolici
3043 5549 3111 5604 ab
3140 5550 3401 5619 apostolis

1823 5641 1958 5710 ipsis
1985 5642 2174 5710 scripti
2200 5657 2308 5695 non
2334 5641 2464 5707 sint,
2491 5650 2707 5695 constat
2729 5651 2933 5706 tamen,
2958 5658 3023 5697 ex
3055 5629 3188 5712 ipsis
3213 5658 3399 5711 quam-

1823 5735 2090 5804 plurimos
2121 5735 2362 5789 secundo
2411 5735 2610 5790 saculo
2641 5736 2889 5791 conditos
2931 5735 3120 5792 fuisse.
3157 5736 3264 5793 Eos
3291 5753 3394 5791 au-

1823 5834 1931 5882 tem
1961 5827 2370 5883 distinctionem
2400 5828 2543 5884 hanc
2573 5827 2714 5885 inter
2758 5830 3044 5902 episcopos
3085 5839 3140 5887 et
3169 5831 3398 5903 presby-
