3848 6204
441 345 550 404 ιω

1497 341 1560 395 S.
1602 332 1949 395 lGNATlUS.
1988 361 2073 386 —.
2095 328 2631 388 PROLEGOMENA.

3583 325 3690 381 £20

441 473 591 520 teros
643 470 800 518 caste
843 470 897 517 et
943 469 1205 531 perpetuo
1249 461 1604 526 observasse,
1639 473 1746 512 non
1789 462 1878 510 est
1922 466 2023 508 cur
2049 457 2097 514 Α
2125 451 2494 506 necessarium
2537 449 2823 504 videbatur
2861 446 3133 518 pracipue
3169 445 3497 510 inculcabat,
3526 453 3588 498 ut
3619 443 3694 498 ab

441 556 690 628 probem,
739 570 864 609 cum
912 554 1145 610 Dallaus
1177 554 1283 609 hoc
1327 553 1486 608 nobis
1517 549 1878 605 libentissime
1906 546 2016 599 lar-

443 648 644 718 giatur.
677 664 698 698 ‹
734 644 800 699 Hi
850 660 1091 701 canones
1111 686 1126 711 ,
1157 645 1355 714 inquit,
1388 643 1442 696 in
1473 642 1610 696 duos
1651 640 1897 695 diversos
1921 650 2017 690 or-

442 739 599 793 dines
631 739 1016 808 episcoporum
1049 745 1104 791 et
1153 735 1596 805 presbyterorum
1637 738 1900 801 perpetuo
1931 727 2020 784 di-

441 831 655 896 vidunt,
685 829 982 898 plurimum
1035 829 1178 882 inter
1224 842 1284 882 se
1329 833 1386 881 et
1431 824 1674 891 nomine,
1706 831 1760 878 et
1786 822 1930 892 jure,
1963 828 2019 876 et

443 930 622 988 statu,
654 931 708 976 et
743 921 1064 976 auctoritate
1094 917 1427 982 diﬂ‘erentes,
1461 934 1487 967 ν
1526 913 1598 968 De
1643 913 2018 985 pseudepigra-

441 1017 558 1086 phis
589 1023 762 1084 apost.
792 1014 887 1068 lib.
925 1030 1007 1080 tn,
1041 1027 1161 1082 cap.
1197 1011 1285 1065 l8.
1321 1009 1395 1063 Ex
1431 1008 1516 1063 his
1549 1015 1730 1062 autem
1759 1006 2018 1060 omnibus

439 1110 656 1166 abunde
699 1107 969 1179 patefacta
1025 1114 1108 1161 est
1169 1104 1360 1174 prima
1415 1100 1737 1157 assertionis
1789 1099 2015 1163 veritas,

438 1201 576 1255 alios
604 1199 1038 1270 quamplurimos
1069 1195 1291 1252 secundi
1327 1193 1510 1248 saculi
1548 1192 1842 1261 scriptores
1873 1189 2016 1244 idem

439 1289 736 1346 discrimen
773 1288 915 1342 inter
940 1285 1206 1340 vocabula
1253 1283 1599 1353 episcopatus
1647 1289 1702 1335 et
1735 1279 2017 1349 presbyte-

438 1391 592 1436 ratus
640 1381 1000 1444 observasse,
1031 1375 1178 1446 quod
1225 1375 1484 1428 observat
1517 1371 1760 1443 lgnatius
1810 1380 2015 1426 noster.

437 1474 619 1540 Quare
647 1473 795 1542 quod
836 1471 902 1524 ad
933 1468 1155 1523 modum
1193 1465 1452 1535 loquendi
1487 1465 1542 1518 in
1579 1464 1684 1518 hac
1705 1478 1766 1518 re
1804 1463 2015 1524 attinet,

436 1564 620 1633 potuit
649 1561 893 1632 ejusdem
937 1559 1111 1614 atatis
1155 1572 1280 1612 cum
1314 1556 1400 1611 his
1431 1555 1686 1610 omnibus
1711 1568 1832 1608 esse
1862 1551 2020 1622 lgna-

437 1659 549 1712 tius
574 1655 912 1726 epistolicus,
959 1651 1105 1722 quod
1152 1665 1256 1705 nos
1295 1664 1422 1705 cum
1451 1646 1723 1702 Salmasio
1748 1657 1802 1703 et
1826 1646 2019 1701 Alber-

438 1747 554 1802 tino
589 1745 878 1801 sentimus.

2117 542 2390 598 bareticis
2437 551 2491 596 et
2540 540 2907 596 schismaticis
2957 547 3243 603 caverent,
3283 553 3352 592 ne
3401 536 3477 590 illi
3524 535 3692 591 latius

2117 634 2298 690 adhuc
2321 641 2626 704 serperent.
2656 631 2975 688 Remedium
2996 631 3131 685 huic
3154 631 3300 684 malo
3325 629 3562 683 maxime
3591 643 3693 698 0p—

2118 736 2414 797 portunnm
2439 727 2734 790 indicabat,
2750 734 2809 780 ut
2827 726 2974 781 clero
2994 739 3096 779 suo
3115 738 3205 778 om
3215 738 3310 777 nes
3328 721 3690 785 adharerent,

2117 832 2172 878 et
2194 821 2563 876 Christianam
2593 824 2862 875 unitatem
2901 818 3182 882 colerent;
3232 829 3529 884 omnesque
3555 813 3690 869 cieri

2119 915 2339 970 ordines
2361 914 2445 968 sui
2470 913 2574 968 loci
2603 913 2919 982 dignitatem
2948 910 3275 965 obtinerent.
3300 906 3502 961 Crebro
3523 905 3692 977 igitur

2117 1007 2337 1062 ordines
2357 1021 2546 1061 sacros
2569 1005 2852 1074 distinguit
2875 1012 2932 1058 et
2949 1011 3252 1066 enumerat,
3275 1008 3329 1054 et
3345 998 3691 1068 singulorum

2118 1098 2371 1152 ordinum
2395 1095 2690 1150 nonnullos
2716 1095 2829 1164 jam
2857 1109 2959 1149 suo
2981 1093 3158 1147 ollicio
3189 1090 3476 1160 fungentes
3506 1086 3694 1142 nomi-

2117 1193 2385 1256 nat;bac
2428 1198 2610 1244 autem
2651 1199 2794 1242 recte
2837 1187 2952 1240 fieri
3001 1201 3108 1239 non
3137 1190 3462 1254 potuerunt,
3495 1179 3604 1234 nisi
3635 1189 3692 1232 et

2118 1282 2373 1337 ordinum
2419 1279 2638 1334 nomina
2687 1277 2940 1332 distincte
2965 1276 3294 1332 enuntiaret.
3323 1272 3510 1343 Neque
3539 1270 3689 1326 enim

2117 1383 2229 1429 tres
2256 1373 2473 1428 ordines
2501 1371 2640 1426 bene
2661 1371 3012 1440 distinguere,
3033 1377 3126 1422 aut
3152 1367 3349 1436 cuique
3374 1380 3474 1420 sua
3502 1362 3688 1418 ofﬁcia

2116 1473 2172 1518 et
2212 1464 2506 1535 dignitates
2551 1473 2698 1518 recte
2743 1462 3025 1531 assignare
3072 1473 3276 1528 petunt,
3320 1456 3427 1511 nisi
3486 1454 3689 1523 cuique

2116 1557 2281 1611 etiam
2334 1556 2611 1626 proprium
2661 1553 2882 1624 aliquod
2927 1567 3126 1606 nomen
3175 1549 3453 1621 affigeret;
3507 1561 3689 1618 neque

2119 1652 2424 1722 singulares
2467 1649 2715 1704 homines
2756 1657 2886 1702 tunc
2911 1643 3174 1714 temporis
3203 1641 3364 1698 certis
3400 1639 3690 1695 ordinibus

2119 1743 2428 1809 distinctos,
2464 1751 2521 1797 et
2547 1738 2726 1794 oflicia
2758 1739 2972 1793 diversa
3001 1736 3058 1790 in
3097 1734 3285 1789 eadem
3321 1730 3556 1787 ecclesia
3585 1744 3688 1785 ex-

511 1834 762 1890 Secunda
809 1830 1044 1888 assertio
1091 1838 1177 1886 est
1211 1849 1234 1884 .:
1278 1826 1499 1884 Nullum
1554 1824 1779 1882 secundi
1833 1821 2016 1878 saculi
2047 1803 2090 1859 Β
2119 1803 2430 1906 sequentes;
2458 1831 2844 1890 commendare
2874 1829 3071 1900 ροιυίι,
3102 1826 3207 1882 nisi
3249 1825 3352 1881 sub
3395 1823 3533 1879 certi
3560 1838 3690 1892 gn-

439 1928 767 1998 scriptorem
813 1924 950 1979 adeo
995 1922 1308 1994 promiscue
1351 1918 1634 1974 vocabulis
1675 1915 1918 1986 episcopi
1963 1924 2019 1970 et

438 2018 739 2093 presbyteri
775 2032 936 2072 usum
963 2031 1116 2078 esse.
1152 2022 1212 2068 ut
1235 2011 1471 2082 simplici
1502 2009 1818 2080 presbytero
1849 2007 1903 2061 in
1939 2023 2018 2062 se-

441 2113 624 2169 cundo
657 2109 946 2166 ministerii
977 2107 1148 2177 gradu
1179 2105 1481 2161 constituto
1507 2117 1749 2173 unquam
1777 2101 2016 2170 episc0pi

441 2219 643 2260 nomen
672 2202 953 2257 tribueret.
986 2198 1101 2254 lloe
1124 2197 1262 2254 adeo
1288 2205 1473 2266 aperte
1501 2209 1688 2249 verum
1717 2201 1822 2259 est,
1849 2203 1910 2247 ut
1939 2191 2017 2246 illi

439 2297 566 2370 ipsi,
596 2296 690 2366 qui
721 2292 1034 2350 confusioni
1076 2289 1362 2345 nominum
1411 2297 1698 2356 tantopere
1728 2285 2013 2350 inharent,

438 2399 494 2446 et
518 2388 794 2459 apostolos
825 2386 877 2440 id
900 2383 1094 2440 fecisse
1120 2382 1357 2437 maxime
1377 2381 1734 2444 contendunt,
1758 2393 1826 2432 ne
1846 2390 2017 2430 unum

439 2482 660 2552 quidem
697 2480 878 2534 locum
909 2493 974 2532 ex
1004 2475 1261 2530 omnibus
1290 2474 1437 2529 illius
1463 2471 1653 2529 saculi
1685 2483 2016 2526 monumen-

439 2575 513 2630 tis
542 2574 720 2629 adhuc
759 2570 953 2626 afferre
992 2568 1274 2638 potuerint
1303 2581 1414 2636 quo
1446 2563 1722 2635 quispiam
1763 2560 1862 2633 qui
1890 2575 2018 2632 pre-

439 2668 626 2739 sbyter
671 2673 886 2720 tantum
930 2670 1101 2726 esset,
1151 2674 1249 2714 nec
1285 2656 1622 2728 presbyteris
1657 2669 1782 2710 cum
1826 2661 2017 2707 aucto-

442 2761 604 2814 ritate
635 2763 928 2827 praesset,
958 2753 1248 2824 episcopus
1278 2749 1587 2804 diceretur.
1623 2744 1792 2800 Miror
1831 2744 2017 2813 itaque

444 2848 704 2904 Dallaum
755 2849 863 2901 hoc
903 2844 1112 2916 lgnatio
1159 2839 1444 2912 epistolico
1491 2838 1772 2908 objicere,
1801 2844 1859 2890 ut
1887 2850 2014 2890 eum

441 2958 510 2997 ex
557 2940 796 2997 secundo
827 2938 1027 2994 saculo
1073 2935 1276 3006 ejiciat,
1326 2942 1382 2988 et
1412 2932 1480 2988 ad
1525 2932 1687 2986 linem
1737 2929 1880 2983 tertii
1922 2935 2018 2983 aut

440 3039 623 3106 quarti
655 3034 868 3090 initium
914 3030 1215 3100 deprimat;
1247 3043 1370 3083 cum
1410 3039 1602 3080 omnes
1631 3021 1881 3093 ejusdem
1915 3036 2018 3075 sa-

439 3129 551 3184 culi
588 3127 883 3196 scriptores
911 3123 1155 3193 episcopi
1179 3133 1378 3174 nomen
1405 3117 1522 3188 pari
1545 3131 1671 3170 cum
1697 3113 2016 3169 discrimine

441 3232 497 3278 et
525 3217 834 3276 reverentia
865 3230 1123 3287 supremo
1151 3212 1332 3268 ordini
1369 3224 1584 3280 semper
1621 3207 1886 3272 tribuant,
1933 3221 2018 3260 se-

441 3311 626 3366 cundo
675 3323 982 3379 nunquam.
1032 3325 1053 3358 α
1106 3304 1438 3375 Episcopum
1484 3299 1752 3371 apostoli,
1807 3298 2015 3367 inquit,

443 3403 720 3457 interdum
753 3401 943 3455 dicunt
985 3397 1080 3467 qui
1129 3394 1357 3451 secundi
1388 3392 1599 3447 ordinis
1643 3399 1761 3456 est;
1811 3389 2016 3459 episto-

441 3495 620 3550 larum
650 3492 882 3562 scriptor
931 3502 1210 3557 nunquam
1243 3501 1258 3538 :
1288 3485 1392 3539 hoc
1422 3483 1626 3554 ubique
1651 3495 1850 3536 nomen
1882 3494 2018 3535 con-

441 3581 782 3640 stantissime
829 3594 927 3648 pro
977 3577 1179 3634 summi
1244 3574 1446 3646 gradus
1497 3570 1793 3643 praposito
1857 3585 2020 3624 usur-

441 3689 602 3746 pans.
643 3692 663 3726 ι
693 3672 828 3739 Qua
878 3671 947 3726 de
1000 3666 1262 3738 apostolis
1310 3664 1463 3730 dicit,
1518 3671 1781 3733 quantum
1826 3668 2018 3714 contra

442 3782 575 3824 suos
607 3763 838 3827 faciunt,
870 3775 1018 3816 nunc
1065 3775 1176 3814 non
1226 3755 1496 3821 discutio;
1544 3768 1668 3824 qua
1709 3751 1778 3807 de
1814 3749 2018 3821 lgnatio

441 3857 721 3928 loquitur,
771 3869 898 3910 eum
953 3868 1063 3907 non
1116 3850 1291 3920 magis
1345 3847 1554 3904 feriunt
1605 3859 1770 3915 quam
1829 3856 2018 3897 omnes

443 3948 691 4021 ejusdem
737 3947 915 4002 atatis
969 3945 1263 4014 scriptores
1295 3941 1380 3997 'ab
1424 3940 1544 4010 ipso
1586 3939 1748 3992 etiam
1781 3934 2019 3990 maxime

441 4042 724 4107 laudatos;
753 4039 847 4110 qui
877 4038 1094 4110 quoties
1129 4034 1448 4106 episcopum
1479 4030 1786 4094 nominant,
1815 4026 2018 4095 ubique

443 4135 578 4192 illud
604 4147 802 4189 nomen
833 4146 934 4202 pro
956 4128 1156 4186 summi
1186 4126 1386 4197 gradus
1413 4121 1706 4194 praposito
1729 4127 2014 4188 usurpant.

448 4224 682 4282 Unicum
731 4223 901 4295 igitur
927 4221 1140 4278 crimen
1183 4217 1376 4290 lgnatii
1415 4214 1588 4271 nostri
1636 4219 1826 4277 restat,
1871 4207 2018 4279 quod

443 4335 538 4376 eos
567 4318 662 4387 qui
693 4331 882 4372 revera
919 4313 1166 4385 episcopi
1207 4319 1410 4375 essent,
1458 4318 1739 4376 nunquam
1787 4299 2017 4372 presby-

443 4419 592 4466 teros
639 4414 891 4473 vocaret,
939 4421 1066 4460 cum
1113 4418 1179 4458 eo
1226 4401 1448 4456 nomine
1497 4397 1620 4451 illos
1667 4391 2018 4463 indigitarent

2117 1929 2221 1986 dus
2255 1929 2476 1983 nomine
2515 1936 2678 1996 atque
2705 1925 3042 1981 charactere.
3071 1919 3208 1988 Quis
3228 1918 3372 1974 enim
3409 1925 3520 1971 tres
3556 1931 3687 1988 gra-

2119 2020 2222 2076 dus
2263 2034 2630 2085 enumerans,
2673 2016 3053 2087 presbyteros,
3099 2020 3156 2068 et
3199 2010 3580 2081 presbyteros,
3632 2018 3692 2063 et

2117 2112 2377 2167 diaconos
2403 2109 2639 2165 diceret?
2659 2108 2784 2179 quis
2823 2106 3167 2178 presbyteros
3191 2101 3522 2174 presbyteris
3549 2101 3656 2156 sub
3675 2130 3689 2140 -

2114 2204 2290 2274 jectos
2337 2217 2461 2258 esse
2508 2201 2704 2256 debere
2753 2199 3008 2255 doceret?
3046 2197 3170 2268 quis
3217 2195 3357 2250 duos
3405 2193 3689 2248 ministros

2117 2299 2310 2354 eodem
2340 2305 2587 2366 tempore
2607 2293 2823 2350 diversa
2845 2301 2897 2348 et
2926 2291 3179 2347 distincta
3206 2287 3387 2344 ofﬁcia
3418 2294 3474 2342 et
3498 2301 3686 2357 opere,

2117 2397 2172 2444 et
2199 2397 2343 2444 statu
2364 2426 2381 2454 ,
2409 2395 2466 2443 et
2498 2385 2760 2457 dignitate
2792 2384 3015 2439 sortitos
3050 2379 3529 2437 indiscriminatim
3562 2392 3688 2448 pre.

2117 2480 2364 2552 sbyteros
2393 2476 2728 2549 appellaret?
2755 2475 3008 2547 Episcopi
3044 2489 3240 2529 nomen
3272 2473 3432 2528 toties
3461 2473 3518 2526 in
3547 2469 3689 2527 Scri-

2116 2576 2294 2646 pturis
2343 2580 2705 2630 memoratum
2758 2580 2888 2626 tunc
2939 2584 3048 2624 non
3095 2567 3384 2624 evanuisse
3432 2574 3684 2630 constat;

2116 2668 2318 2723 nemini
2346 2664 2578 2736 simplici
2605 2664 2919 2734 presbytero
2945 2677 3008 2716 ea
3035 2670 3192 2716 atate
3219 2658 3538 2714 attributum
3564 2670 3690 2712 esse

2115 2776 2183 2816 ex
2213 2760 2456 2814 omnium
2479 2757 2806 2826 scriptorum
2833 2754 3050 2810 silentio
3072 2761 3325 2822 apparet;
3356 2757 3476 2805 erat
3503 2749 3688 2818 itaque

2115 2852 2295 2923 primo
2324 2851 2502 2908 ordini
2531 2860 2663 2904 tunc
2703 2857 3037 2904 reservatum
3071 2854 3126 2900 et
3153 2844 3600 2915 appropriatum;
3631 2851 3687 2896 et

2117 2946 2353 3002 absurde
2393 2945 2612 3000 locutus
2652 2950 2799 2998 esset
2833 2940 3104 3012 lgnatius,
3131 2939 3248 3008 ipse
3279 2938 3443 2992 etiam
3473 2935 3689 3004 cpisco-

2116 3055 2249 3110 pus,
2295 3039 2341 3094 si
2382 3052 2581 3093 nomen
2624 3037 2802 3105 primo
2847 3032 3030 3088 ordini
3075 3044 3396 3086 concessum
3441 3026 3686 3083 inferiori

2044 3157 2086 3214 ε
2121 3133 2433 3196 tribuisset;
2484 3140 2538 3186 et
2577 3144 2701 3185 cum
2750 3127 3096 3197 presbyteros
3140 3132 3415 3187 moneret,
3472 3130 3538 3175 ut
3585 3133 3689 3175 suo

2120 3226 2324 3298 quique
2350 3223 2607 3294 episcopo
2651 3227 2927 3292 parerent,
2956 3219 3104 3286 ipsos
3135 3232 3165 3271 a
3195 3215 3398 3284 quibus
3429 3212 3690 3268 obedien-

2119 3319 2248 3375 tiam
2285 3315 2599 3390 postulabat
2631 3315 2917 3386 episcopos
2937 3355 2951 3378 ,
2982 3321 3076 3366 aut
3105 3310 3282 3373 illum,
3311 3308 3397 3363 cui
3429 3306 3689 3361 obedien-

2121 3413 2250 3467 tiam
2297 3409 2665 3480 prastandam
2701 3407 2950 3472 docebat,
2995 3404 3368 3474 presbyterum
3421 3398 3694 3469 appellas-

2120 3514 2222 3560 set.
2252 3503 2431 3572 z’Equc
2460 3501 2606 3556 enim
2637 3499 2907 3554 absonum
2937 3496 3183 3560 videtur,
3219 3501 3279 3547 ut
3307 3491 3434 3561 quis
3469 3489 3695 3558 episeo-

2117 3611 2219 3666 pos
2241 3595 2521 3665 episeopo,
2563 3599 2660 3648 aut
2682 3589 3024 3661 presbyteros
3062 3586 3378 3656 presbytero
3413 3581 3693 3650 subjectos

2119 3706 2240 3746 esse
2273 3689 2469 3744 debere
2497 3686 2738 3750 doceret,
2771 3692 2824 3738 et
2874 3682 2928 3736 in
2977 3695 3045 3736 eo
3090 3685 3472 3748 argumentum
3517 3673 3694 3729 collo-

2117 3792 2288 3846 caret,
2322 3779 2626 3851 prasertim
2670 3792 2795 3833 eum
2847 3775 2916 3830 de
2965 3773 3260 3828 schismate
3303 3776 3584 3831 tractaret,
3637 3767 3700 3820 in

2117 3890 2227 3946 qua
2254 3889 2313 3929 re
2341 3871 2689 3928 notissimum
2714 3876 2818 3935 est,
2851 3865 3109 3922 Ecclesia
3135 3864 3368 3920 salutem
3397 3862 3453 3915 in
3483 3859 3697 3915 summi

2119 3965 2441 4032 sacerdotis,
2466 3965 2571 4020 hoc
2591 3971 2678 4019 est
2715 3960 2977 4032 episcopi,
3003 3953 3266 4029 dignitate
3289 3951 3565 4024 pendere;
3598 3951 3701 4006 cui

2119 4063 2164 4117 si
2209 4075 2319 4115 non
2371 4073 2563 4114 exsors
2592 4056 2841 4126 quadam
2886 4062 2940 4107 et
2970 4052 3038 4106 ab
3081 4047 3397 4104 hominibus
3439 4043 3702 4098 eminens

2118 4156 2276 4211 detur
2299 4161 2560 4223 potestas,
2597 4157 2676 4203 tot
2699 4149 2751 4203 in
2780 4145 3022 4201 Ecclesia
3042 4141 3346 4197 efﬁcientur
3367 4135 3700 4201 schismata,

2117 4258 2253 4321 quot
2279 4247 2610 4310 sacerdotes,
2640 4244 2745 4298 hoc
2769 4251 2852 4295 est
2873 4235 3194 4309 presbyteri.

2191 4343 2274 4399 Sit
2326 4343 2494 4414 igitur
2545 4341 2702 4394 tertia
2753 4335 2982 4391 assertio
3014 4330 3273 4388 :Nullum
3323 4324 3552 4382 omnino
3604 4338 3702 4379 se-

2120 4437 2283 4493 cundi
2335 4434 2518 4492 saculi
2560 4432 2905 4501 scriptorem,
2958 4441 3083 4483 cum
3133 4422 3333 4494 gradus
3376 4429 3700 4483 enumerat,

443 4501 690 4573 clamem
715 4499 890 4598 mimis
924 4497 1240 4596 scriptores?
1272 4502 1332 4598 unt
1354 4493 1430 4598 ίῳ
1458 4491 1669 4598 "inin"
1702 4491 2016 4598 amnes?"
2045 4500 2091 4555 Β
2118 4491 2213 4587 aut
2238 4491 2384 4586 cum
2432 4530 2500 4585 de
2560 4491 2933 4598 singularibus
2981 4523 3068 4579 sui
3112 4491 3373 4588 temporis
3421 4515 3700 4571 ministris

444 4610 548 4650 nos
577 4591 940 4656 ostendimus,
979 4587 1256 4658 perpauci.
1290 4583 1397 4638 Sed
1426 4590 1481 4638 et
1524 4581 1614 4636 hic
1643 4577 1843 4648 optima
1875 4573 2014 4628 ratio

443 4688 594 4744 reddi
620 4695 816 4757 potest,
845 4698 1014 4753 quare
1040 4695 1164 4736 cum
1193 4681 1260 4734 iis
1298 4676 1481 4748 potius
1509 4674 1820 4742 loqueretur
1851 4666 2012 4738 lgna-

443 4781 576 4844 tius,
602 4779 697 4848 qui
733 4773 1031 4847 presbyteri
1077 4786 1275 4826 nomen
1318 4783 1432 4823 non
1477 4765 1660 4820 minus
1707 4775 1873 4831 quam
1901 4770 2016 4828 ept—

444 4872 595 4942 scopi
643 4870 898 4925 diStincte
939 4877 993 4920 et
1020 4863 1238 4934 proprie
1270 4858 1628 4929 usurpabant,
1671 4867 1839 4924 quam
1886 4864 2013 4904 cum

444 4939 572 5025 illis,
602 4957 697 5029 qui
729 4969 923 5016 nomen
968 4951 1268 5024 presbyteri
1303 4947 1599 5020 aliquando
1627 4945 1884 5014 episcopo
1917 4939 2016 4994 tri-

442 5051 713 5114 buebant;
741 5047 871 5117 quia
922 5045 998 5100 rei
1031 5044 1136 5114 ipsi
1175 5057 1341 5113 quam
1388 5037 1654 5094 tractabat
1686 5031 2016 5090 convenien-

444 5145 551 5199 tior
573 5142 746 5197 multo
771 5139 874 5194 fuit
893 5138 1091 5193 horum
1145 5132 1395 5191 distincta
1436 5144 1601 5200 quam
1633 5127 1850 5181 illorum
1884 5138 2017 5178 con-

443 5234 566 5290 fusa
600 5233 759 5287 istius
786 5229 937 5285 vocis
965 5226 1272 5296 usurpatio.
1309 5220 1670 5278 Confluebant
1701 5215 1768 5270 ad
1802 5230 1930 5270 eum
1959 5213 2015 5267 in

445 5327 638 5381 itinere
665 5325 734 5378 ab
757 5320 1003 5378 ecclesiis
1041 5317 1185 5372 Asia
1217 5323 1272 5370 et
1293 5311 1556 5384 episcopi,
1597 5317 1652 5364 et
1690 5304 2016 5378 presbyteri,

444 5425 499 5471 et
541 5413 757 5471 diaconi
785 5412 1093 5482 complures
1129 5407 1320 5462 ordine
1357 5414 1414 5461 et
1455 5416 1682 5464 munere
1710 5407 1763 5454 et
1792 5397 2016 5453 nomine

446 5516 500 5561 et
527 5507 788 5577 dignitate
822 5501 1064 5559 distineti
1087 5519 1101 5568 ;
1129 5500 1195 5554 de
1222 5511 1448 5552 suarum
1475 5492 1838 5549 ecclesiarum
1866 5494 2014 5542 statu

446 5615 572 5654 eum
603 5601 888 5670 certiorem
920 5596 1229 5651 faciebant:
1258 5591 1326 5646 ad
1355 5590 1570 5644 illorum
1610 5584 1869 5641 ecclesias
1900 5581 2018 5652 epi-

449 5692 616 5746 stolas
648 5690 926 5753 exarabat,
953 5687 1056 5743 sub
1078 5685 1332 5756 martyris
1356 5680 1707 5744 auctoritate,
1731 5684 1786 5730 et
1810 5672 2012 5729 summi

449 5784 506 5839 in
531 5780 683 5854 Syria
704 5779 960 5849 episc0pi,
987 5775 1192 5834 monita
1219 5775 1283 5830 iis
1305 5772 1485 5828 dabat.
1512 5767 1666 5836 Quod
1696 5765 1746 5822 ei
1775 5762 2012 5821 maxime

2116 4625 2381 4696 loquitur,
2423 4639 2620 4679 nomen
2671 4618 2970 4692 presbyteri
3001 4617 3051 4671 ei
3098 4614 3190 4685 qui
3221 4613 3517 4682 episcopus
3549 4618 3700 4664 esset

2115 4725 2395 4780 tribuisse.
2446 4719 2753 4774 Nonnullos
2789 4715 3008 4786 quidem
3056 4707 3277 4764 adducit
3312 4704 3547 4758 Dallaus
3577 4711 3698 4757 tum

2117 4819 2336 4876 Gracos
2368 4827 2480 4872 tum
2522 4815 2766 4875 Latinos,
2800 4826 2830 4864 a
2863 4808 3062 4878 quibus
3087 4801 3248 4874 primi
3277 4798 3480 4870 gradus
3508 4811 3698 4850 sacer-

2117 4915 2272 4970 dotes
2293 4931 2310 4963 ε
2336 4907 2636 4982 presbyteri
2662 4925 2680 4957 ο
2702 4905 3014 4960 dicerentur
3035 4917 3050 4965 ;
3071 4896 3164 4952 sed
3188 4894 3236 4949 si
3261 4890 3510 4961 singulos
3528 4903 3699 4943 exeu—

2119 5009 2340 5072 tiamus,
2373 5011 2468 5058 aut
2514 5001 2568 5056 id
2619 5014 2729 5052 non
2777 4997 2966 5051 dicunt
2995 4991 3142 5062 quod
3173 4989 3261 5043 ille
3303 4986 3443 5048 vult,
3477 4990 3579 5038 aut
3623 4982 3696 5035 ita

2118 5115 2314 5155 nomen
2347 5093 2644 5168 presbyteri
2694 5094 2982 5157 usurpant,
3019 5099 3143 5139 cum
3188 5079 3390 5152 gradus
3417 5092 3530 5131 non
3561 5090 3701 5129 enu-

2118 5200 2351 5256 merant,
2386 5198 2480 5244 aut
2501 5187 2567 5241 de
2592 5199 2705 5240 sua
2729 5180 2905 5236 atatis
2927 5174 3202 5248 episcopis
3225 5187 3332 5226 non
3364 5171 3694 5238 loquuntur.

2117 5284 2332 5353 Papias,
2351 5282 2403 5334 in
2430 5275 2770 5347 Fragmentis
2793 5286 2914 5342 qua
2943 5273 3259 5338 supersunt,
3283 5277 3432 5316 nunc
3457 5258 3700 5331 πρεσϐυ-

2115 5380 2308 5451 τέρους
2333 5374 2530 5447 plurali
2577 5383 2827 5430 numero,
2850 5378 2997 5419 nunc
3029 5358 3400 5432 πρεσϐύτερον
3426 5350 3699 5421 singulari

2117 5476 2185 5530 de
2214 5474 2378 5528 unico
2403 5469 2612 5524 Joanne
2647 5470 2897 5533 usurpat.
2917 5458 3057 5513 Cum
3095 5451 3293 5524 plurali
3329 5459 3567 5500 numero
3601 5442 3698 5494 ad-

2117 5569 2288 5633 hibet,
2322 5580 2428 5621 non
2459 5564 2627 5632 liquet
2652 5572 2776 5612 eum
2808 5553 2892 5608 vel
2927 5552 2993 5605 de
3021 5551 3126 5603 hoc
3157 5545 3242 5600 vel
3282 5541 3375 5596 illo
3405 5536 3581 5609 gradu
3609 5535 3698 5589 vel

2116 5660 2309 5716 ordine
2339 5652 2620 5726 speciatim
2652 5644 3061 5717 intelligendum
3098 5653 3243 5703 esse;
3271 5633 3455 5704 potius
3492 5645 3558 5684 ea
3591 5643 3702 5682 vox

2119 5722 2564 5823 generali—sensu
2616 5738 2928 5812 accipienda
2978 5744 3100 5802 est,
3130 5745 3240 5802 quo
3269 5734 3426 5783 atate
3457 5722 3701 5794 majores
