3848 6204
137 318 239 374 ιρι

927 327 979 383 J.
1024 328 1393 387 PEARSONII
1428 330 1753 391 VINDICLE
1789 333 2219 394 lGNATIAN/E.
2256 370 2328 380 —
2352 338 2533 396 PARS
2568 340 2632 396 ll.

3312 343 3419 399 622

134 453 237 494 seu
270 439 617 511 antiquiores
646 445 972 516 simpliciter
1019 449 1331 520 significare
1371 454 1532 508 solet.
1582 454 1725 509 Cum
1756 459 1803 516 Α
1830 453 2017 527 Neque
2061 458 2206 513 enim
2251 459 2490 516 lrenaeus
2538 476 2781 532 unquam
2833 462 3108 519 Victorem
3150 463 3255 521 sibi
3286 481 3416 538 syn-

132 534 284 586 enim
312 532 533 603 ‘Papias
561 546 778 606 putaret
806 555 872 594 ex
897 540 1019 596 viva
1051 558 1187 599 voce
1221 544 1508 601 hominum
1540 562 1731 616 super-

133 625 333 680 stitum
370 627 500 696 plus
534 629 790 685 utilitatis
820 633 941 703 capi
974 635 1239 703 potuisse,
1272 653 1438 707 quam
1465 654 1532 693 ex
1556 640 1732 694 libro-

130 729 261 771 rum
292 719 567 787 lectione;
616 724 897 791 quaerebat
926 740 992 780 ex
1024 726 1092 782 iis
1143 728 1236 798 qui
1280 743 1441 785 erant
1487 731 1607 801 ipso
1633 732 1731 787 'se-

132 808 344 877 niores,
376 813 512 880 quid
562 813 641 867 illi
692 815 1017 873 audiverant
1062 820 1130 874 ab
1172 821 1243 875 iis
1279 822 1372 892 qui
1410 824 1519 879 illis
1561 825 1727 879 etiam

129 899 272 972 ipsis
304 906 561 962 seniores
589 916 774 975 erant;
802 918 966 980 atque
1007 912 1083 967 ita
1120 913 1339 970 tandem
1377 918 1730 987 perveniebat

129 994 202 1048 ad
228 998 553 1053 testimonia
601 1001 974 1069 apostolorum
1003 1005 1124 1060 viva
1156 1021 1290 1063 voce
1318 1009 1537 1064 tradita.
1566 1008 1728 1077 Quaaw

130 1087 292 1141 rebat
341 1103 374 1142 a
408 1088 696 1160 discipulis
722 1096 1119 1164 apostolorum,
1154 1098 1283 1169 ipse
1322 1101 1469 1156 enim
1522 1103 1727 1160 nullius

129 1181 375 1248 apostoli
400 1182 706 1252 discipulus
732 1185 856 1241 fuit.
895 1186 1254 1260 Presbyteros
1283 1208 1476 1250 omnes
1505 1205 1727 1265 aposto—

128 1270 235 1335 los,
269 1287 581 1345 omnesque
619 1276 825 1339 Christi
853 1278 1070 1335 Domini
1119 1282 1419 1354 discipulos
1447 1296 1626 1352 vocat,
1658 1288 1726 1343 de

129 1362 237 1420 hoc
267 1366 358 1420 vel
406 1367 502 1423 illo
547 1370 743 1426 ordine
783 1372 1074 1429 ministerii
1121 1378 1422 1448 evangelici
1467 1380 1537 1434 ab
1591 1396 1725 1451 apo-

127 1457 287 1513 stolis
318 1458 573 1515 instituto
596 1477 706 1517 non
732 1465 957 1521 omnino
981 1467 1111 1537 agit.
1143 1467 1409 1525 Joannem
1432 1474 1725 1542 quemdam

123 1548 196 1602 ab
226 1552 491 1619 apostolo
525 1554 843 1611 distinctum
871 1574 1015 1629 saepe
1041 1559 1134 1614 τὸν
1162 1561 1536 1635 πρεσϐύτερον
1561 1580 1725 1620 voca-

124 1640 250 1706 bat;
283 1642 385 1697 sed
409 1643 541 1699 “ﬁeri
570 1655 751 1715 potest
774 1658 833 1703 ut
858 1649 950 1706 ille
975 1653 1200 1708 secundi
1228 1655 1438 1711 ordinis
1461 1658 1722 1713 sacerdos

120 1733 330 1800 fuerit;
368 1745 522 1792 certe
556 1739 721 1808 primi
751 1738 926 1797 fuisse
957 1752 1201 1799 veterum
1245 1760 1408 1801 nemo
1442 1748 1609 1816 dixit;
1639 1750 1725 1804 ni-

1834 548 2081 603 cbronon
2136 552 2515 622 presbyterum
2558 555 2809 621 vocavit,
2858 571 3037 626 neque
3074 557 3204 611 dum
3257 567 3414 614 ante-

1834 638 2009 695 riores
2056 642 2405 712 presbyteros
2455 653 2636 708 vocat,
2686 646 2978 717 episcopos
3006 648 3249 706 Victoris
3274 659 3415 707 tem-

1832 746 1965 801 pore
2019 735 2282 791 ecclesias
2331 736 2699 807 gubernantes
2754 742 3102 813 presbyteros
3147 744 3412 814 appellari

1832 825 2024 881 solitos
2051 828 2308 882 ostendit.
2341 829 2592 886 Clemens
2622 831 3022 890 Alexandrinus
3052 835 3182 904 quid
3213 837 3279 891 de
3307 836 3412 893 hac

1831 931 1891 970 re
1928 917 2208 987 scripserit
2233 920 2535 977 videamus.
2574 922 2651 978 De
2672 924 2912 993 perfecto
2937 941 3039 981 suo
3066 925 3407 994 Christiano,

1831 1009 1945 1064 sive
1970 1009 2234 1067 Cnostico
2269 1012 2505 1081 locutus,
2549 1016 2700 1071 addit
2726 1034 2740 1069 :
2770 1036 2795 1069 π
2829 1016 2927 1072 llic
2957 1027 3041 1073 est
3066 1035 3253 1075 revera
3279 1037 3407 1090 pre-

1830 1102 2013 1172 sbyter
2040 1102 2316 1172 Ecclesiae,
2361 1116 2418 1162 et
2448 1124 2609 1164 verus
2655 1110 2922 1167 diaconus
2966 1114 3164 1169 divinae
3212 1116 3408 1170 volun-

1828 1195 1980 1250 tatis.
2008 1215 2026 1248 ι
2048 1195 2117 1251 At
2139 1198 2253 1253 haec
2276 1214 2382 1253 non
2414 1200 2486 1254 ita
2513 1202 2739 1268 diceret,
2763 1223 2780 1255 ι
2806 1203 2850 1257 si
2868 1220 2974 1274 qua
3003 1195 3148 1275 apud
3184 1216 3407 1264 nostros

1829 1285 2068 1356 dignitas
2128 1300 2274 1345 esset
2324 1292 2700 1363 presbyteratu
2730 1297 2998 1366 superior.
3034 1315 3053 1349 ι
3094 1296 3198 1354 Sed
3234 1314 3406 1368 quare

1828 1391 1938 1429 non
1966 1392 2091 1432 eum
2122 1379 2327 1435 diceret
2352 1383 2749 1453 presbyterum,
2788 1384 2917 1440 licet
2956 1386 3302 1456 episcopatus
3335 1389 3406 1444 sit

1826 1467 2202 1537 presbyteratu
2250 1471 2522 1540 superior,
2548 1488 2710 1543 quem
2762 1473 3053 1530 diaconum
3087 1470 3244 1544 dixit,
3278 1480 3406 1535 licet

1828 1555 2122 1614 diaconatu
2160 1563 2412 1630 superior
2456 1563 2526 1618 sit
2564 1565 3009 1636 presbyteratus?
3036 1566 3291 1625 Profecto
3331 1572 3403 1626 ita

1828 1645 2083 1706 Clemens
2118 1666 2243 1707 eum
2271 1655 2581 1724 appellavit,
2604 1672 2729 1714 cum
2763 1659 2880 1729 ipse
2904 1660 3069 1715 sciret
3094 1677 3159 1718 ac
3182 1662 3402 1719 doceret

1827 1742 1970 1810 apud
2007 1751 2227 1799 nostros
2269 1746 2583 1815 dignitatem
2614 1748 2786 1806 fuisse
2828 1753 3201 1824 presbyteratu
3239 1773 3401 1827 supe-

114 1829 230 1883 mis
261 1838 457 1885 autem
508 1831 718 1888 incerta
744 1844 890 1901 sunt,
931 1851 1054 1906 quae
1084 1838 1141 1892 in
1175 1837 1476 1897 Clementis
1506 1841 1691 1897 Consti

1821 1831 2056 1899 riorem;
2087 1850 2212 1889 nam
2238 1838 2421 1891 statim
2453 1847 2743 1911 postquam
2787 1843 2902 1897 haec
2931 1845 3247 1915 scripserat,
3281 1850 3397 1905 ait:

114 1921 449 1989 titionibus,
478 1924 547 1979 de
566 1923 776 1982 Joanne
806 1943 839 1983 a
873 1927 1084 1987 Joanne
1111 1933 1369 2006 episcopo
1406 1934 1553 1992 facto
1576 1936 1719 1993 refe-

114 2021 345 2069 runtur.
381 2014 629 2072 Marcum
653 2018 749 2088 qui
777 2020 967 2076 volunt
980 2022 1054 2077 ab
1073 2038 1140 2078 eo
1161 2024 1326 2080 etiam
1348 2027 1719 2101 πρεσϐύτερον

121 2104 358 2173 dictum,
389 2109 560 2163 verba
599 2111 741 2180 apud
779 2111 1078 2169 Eusebium
1127 2117 1201 2171 ita
1240 2117 1660 2188 interpretantes
1700 2140 1714 2176 :

118 2214 146 2247 ι
180 2195 299 2253 Hoc
331 2200 529 2254 senior
554 2200 771 2259 Marcus
798 2205 937 2260 dixit
966 2205 1110 2261 Petri
1148 2209 1437 2279 interpres,
1467 2232 1486 2264 ›
1518 2211 1717 2267 fallun-

118 2296 224 2344 tur.
267 2291 442 2346 Aliud
478 2308 543 2347 ea
579 2295 744 2350 verba
789 2306 1006 2355 sonant.
1037 2301 1150 2354 Kal.
1172 2302 1329 2357 τοῦτο
1356 2306 1386 2357 ὁ
1414 2305 1714 2376 πρεσϐύτε-

119 2403 208 2457 ρος
255 2387 481 2455 ἔλεγεν·
513 2388 742 2460 Μάρκος
784 2394 883 2462 μὲν
923 2394 1262 2468 ἑρμηνευτὴς
1312 2399 1521 2470 Πέτρου
1564 2402 1718 2469 γενό-

120 2496 278 2548 μενος
326 2481 439 2533 ὅσα
492 2481 919 2554 ἐμνημόνευσεν,
971 2487 1215 2559 ἀκριϐῶς
1263 2489 1519 2560 ἔγραψεν.
1583 2491 1716 2559 Quae

114 2572 249 2625 satis
278 2574 585 2629 commode
622 2591 652 2629 a
680 2574 900 2632 Rulfino
936 2593 1091 2635 versa
1137 2591 1265 2635 sunt
1298 2599 1310 2633 :
1342 2602 1369 2634 1
1400 2582 1577 2638 Etiam
1610 2586 1715 2641 hoc

118 2661 346 2733 (inquit)
383 2666 670 2736 presbyter
697 2669 973 2736 narrabat,
1005 2673 1149 2740 quod
1195 2672 1413 2730 Marcus
1442 2675 1712 2746 interpres

110 2750 279 2807 fuerit
324 2752 508 2820 Petri,
540 2765 594 2811 et
613 2772 957 2829 quaecunque
992 2762 1315 2818 meminerat
1353 2765 1422 2820 ab
1447 2780 1514 2821 eo
1543 2767 1709 2832 dicta,

110 2846 542 2915 conscripserit.
602 2867 622 2899 ι
674 2846 963 2922 Utcunque
1026 2854 1139 2920 sit,
1185 2853 1383 2925 Papias
1428 2873 1711 2928 nunquam

114 2938 319 3005 gradus
372 2938 788 2997 ecclesiasticos
839 2953 1144 3011 enumerat,
1192 2960 1474 3016 nunquam
1529 2949 1710 3005 ofﬁcia

116 3034 447 3105 distinguit;
480 3050 751 3105 nusquam
786 3037 1190 3108 episcoporum,
1217 3051 1315 3095 aut
1348 3041 1709 3099 diaconorum

114 3124 462 3179 mentionem
493 3124 655 3193 facit;
690 3142 970 3198 nunquam
999 3130 1068 3185 de
1095 3131 1352 3202 episcopo
1378 3133 1562 3202 aliquo
1590 3136 1709 3189 sin-

114 3218 287 3286 gulari
340 3228 447 3274 aut
498 3220 836 3291 presbytero,
882 3223 977 3292 qui
1022 3239 1149 3279 cum
1194 3224 1315 3294 ipse
1360 3226 1625 3280 scriberet
1652 3226 1707 3280 in

111 3311 244 3365 rivis
273 3320 438 3366 esset
469 3311 733 3381 loquitur.
768 3311 913 3368 idem
956 3315 1120 3369 etiam
1168 3316 1236 3371 de
1277 3316 1481 3371 Irenaeo
1524 3317 1712 3373 dicen-

111 3404 267 3469 dum;
302 3403 667 3474 presbyteros
705 3406 1032 3475 generaliter
1065 3417 1225 3463 vocat
1264 3409 1586 3479 episcopos,
1614 3411 1709 3465 sed

110 3484 447 3561 nunquam,
493 3493 699 3563 gradus
736 3508 1105 3562 enumerans,
1161 3498 1471 3570 singulares
1524 3500 1706 3567 viros,

110 3583 197 3651 qui
243 3585 511 3653 episcopi
564 3584 819 3654 fuerant,
885 3589 1238 3660 presbyteros
1286 3592 1552 3662 appellat;
1609 3594 1707 3649 sed

110 3693 325 3750 semper
386 3681 685 3751 antiquos,
740 3684 935 3754 quales
984 3694 1144 3739 erant
1189 3687 1238 3738 ot
1296 3686 1403 3756 πρὸ
1456 3687 1706 3758 Σώτηρος

108 3772 505 3843 πρεσϐύτεροι,
543 3775 593 3825 οἱ
635 3774 742 3845 πρὸ
789 3774 885 3830 σοῦ
912 3776 1293 3848 πρεσϐύτεροι,
1322 3780 1371 3831 οἱ
1400 3778 1507 3849 πρὸ
1534 3778 1702 3833 αὐτοῦ

108 3864 503 3935 πρεσϐύτεροι,
539 3867 588 3919 οἱ
614 3867 723 3939 πρὸ
750 3866 909 3942 ἡμῶν
934 3868 1317 3941 πρεσϐύτεροι.
1353 3870 1489 3926 Cum
1519 3881 1701 3928 autem

104 3955 167 4010 de
214 3966 504 4025 prasente
549 3959 807 4030 episcopo
848 3961 980 4030 agit,
1023 3961 1127 4015 sub
1170 3977 1283 4031 quo
1315 3963 1433 4033 ipse
1459 3965 1697 4034 scripsit,

105 4047 329 4116 proprie
360 4056 421 4100 et
446 4048 517 4102 ad
542 4050 764 4105 modum
793 4048 986 4121 Ignatii
1014 4051 1287 4121 loquitur,
1317 4054 1411 4108 lib.
1440 4071 1519 4121 ιιι,
1544 4072 1593 4111 c.
1628 4056 1692 4110 ὃς

112 4156 129 4187 ι
174 4137 510 4193 Fundantes
555 4140 723 4211 igitur
770 4152 825 4198 et
870 4144 1223 4201 instituentes
1270 4146 1413 4201 beati
1464 4148 1697 4217 apostoli

107 4227 436 4297 Ecclesiam,
475 4229 616 4287 Lino
664 4234 1046 4306 episcopatum
1094 4238 1542 4295 administrandae
1587 4241 1693 4296 Ec-

105 4328 285 4385 clesiae
338 4330 707 4385 tradiderunt.
760 4330 1018 4385 Succedit
1062 4341 1245 4385 autem
1277 4331 1329 4386 ei
1359 4331 1688 4398 Anacletus;

106 4433 225 4491 post
253 4438 388 4477 eum
422 4424 582 4478 tertio
630 4423 701 4477 ab
745 4423 1009 4493 apostolis
1043 4424 1415 4493 episcopatum
1459 4426 1689 4480 sortitur

1835 1924 1987 1978 Ἐπεὶ
2013 1926 2105 1979 καὶ
2137 1930 2192 1980 αἱ
2222 1927 2459 1985 ἐνταῦθα
2490 1935 2763 2003 προκοπαὶ
2794 1936 3129 2002 ἐπισκόπων,
3161 1941 3400 2012 πρεσϐυο

1820 2018 2012 2090 τέρων,
2047 2020 2309 2075 διακόνων
2342 2024 2653 2095 μιμήματα,
2684 2022 2836 2098 οἶμαι
2856 2068 2870 2092 ,
2904 2030 3199 2103 ἀηελικῆς
3240 2032 3399 2105 δόξης

1818 2111 2193 2181 τυγχάνουσιν.
2246 2112 2558 2171 Secundum
2600 2117 2936 2177 Clementem
2985 2123 3170 2193 igitur,
3198 2142 3396 2195 quem-

1819 2202 2112 2258 admodum
2138 2207 2387 2278 προκοπή
2430 2222 2525 2262 seu
2545 2209 2826 2279 profectus
2842 2222 2926 2268 est
2951 2229 2982 2269 a
3005 2214 3295 2273 diaconatu
3326 2219 3395 2277 ad

1817 2295 2276 2367 presbyteratum,
2303 2298 2377 2355 ita
2410 2301 2575 2355 etiam
2601 2305 2848 2377 προκοπή
2886 2321 2981 2361 seu
3010 2307 3289 2377 profectus
3310 2318 3396 2366 est

1817 2402 1848 2441 a
1874 2388 2249 2459 presbyteratu
2275 2391 2344 2445 ad
2378 2393 2752 2463 episcopatum
2784 2412 2797 2448 :
2824 2407 2878 2451 et
2906 2397 3007 2455 hos
3033 2407 3142 2456 tres
3171 2403 3393 2460 ordines

1816 2492 1927 2532 non
1958 2487 2169 2535 tantum
2200 2483 2454 2537 ordinum
2479 2485 2849 2554 angelicorum
2877 2489 3216 2547 imitamenta
3244 2510 3394 2564 qure-

1817 2570 1941 2624 dam
1970 2587 2092 2627 esse
2115 2582 2296 2643 putat;
2324 2576 2418 2631 sed
2442 2585 2496 2631 et
2519 2577 2588 2632 ab
2610 2578 2744 2648 ipsis
2766 2583 3029 2651 apostolis
3067 2584 3120 2639 in
3148 2584 3391 2642 Ecclesia

1817 2662 2118 2729 institutos,
2147 2676 2200 2720 et
2240 2668 2472 2725 diversis
2511 2671 2892 2743 distinctisque
2931 2679 3218 2748 praeceptis
3265 2696 3389 2735 mu-

1815 2756 1960 2811 nitos
1983 2756 2235 2822 credidit,
2274 2768 2335 2815 ut
2368 2775 2433 2815 ex
2463 2761 2624 2817 tertio
2664 2762 2953 2836 Pwdagogi
2982 2768 3123 2823 libro
3144 2773 3389 2828 ostendi-

1814 2861 1958 2902 mus.
1990 2847 2091 2902 Ubi
2116 2849 2282 2919 igitur
2312 2850 2533 2907 ordines
2557 2866 2652 2908 seu
2681 2855 2882 2924 gradus
2909 2870 3214 2928 enumerat,
3240 2872 3391 2918 utro-

1812 2938 1978 3009 bique
2026 2955 2152 2995 cum
2207 2941 2415 3013 lgnatio
2463 2954 2653 3000 nostro
2686 2948 3006 3019 episcopos,
3039 2955 3389 3026 presbyteros

1811 3040 1867 3085 et
1894 3029 2158 3087 diaconos
2181 3033 2400 3103 proprie
2441 3041 2497 3090 et
2536 3035 2791 3092 distincte
2828 3043 3091 3110 agnoscit.
3130 3044 3233 3100 Sed
3272 3066 3294 3099 ι
3330 3049 3386 3104 in

1813 3122 2054 3191 quodam
2085 3137 2152 3178 ex
2182 3124 2303 3195 ejus
2319 3123 2587 3194 Operibus
2614 3130 2759 3197 quod
2792 3133 2933 3200 apud
2963 3133 3257 3193 Eusebium
3285 3155 3385 3195 ex-

1810 3222 1920 3269 stat
1970 3214 2309 3286 fragmento,
2345 3233 2507 3289 quem
2558 3220 2738 3289 primo
2784 3224 3101 3295 episcopum
3150 3229 3384 3300 dixerat,

1810 3307 2062 3361 eumdem
2094 3309 2257 3376 paulo
2283 3317 2408 3377 post
2440 3310 2815 3381 presbyterum
2854 3314 3004 3370 dicit.
3044 3336 3065 3371 p
3097 3317 3248 3375 Fecit
3279 3322 3386 3379 hoc

1808 3397 2027 3468 quidem
2064 3399 2119 3452 in
2166 3399 2389 3455 homilia
2435 3401 2546 3471 jam
2596 3403 2818 3460 tandem
2862 3408 2966 3463 sub
3006 3407 3256 3482 Origenis
3282 3431 3384 3470 no-

1807 3490 1959 3545 mine
1996 3489 2165 3555 edita,
2195 3493 2344 3562 quod
2387 3494 2560 3549 miror
2589 3505 2643 3550 et
2669 3496 3007 3555 Blondellum
3036 3510 3089 3557 et
3118 3503 3379 3564 Dallaeum

1807 3582 2069 3649 latuisse;
2103 3584 2197 3639 sed
2228 3586 2503 3654 quomodo
2533 3587 2587 3642 id
2627 3586 2818 3644 fecerit
2862 3591 3160 3650 videamus.
3192 3595 3382 3654 Homi-

1805 3691 1930 3730 nem
1962 3677 2136 3743 illum,
2168 3678 2419 3748 quisquis
2455 3678 2575 3746 fuit,
2606 3680 2928 3736 καθεστῶτα
2966 3685 3379 3746 ὲπίσκοπονειιὶ)

1802 3766 2013 3824 Joanne
2038 3771 2286 3839 apostolo
2309 3771 2495 3837 tradit,
2527 3787 2654 3827 cum
2683 3773 2799 3843 ipse
2826 3778 3108 3845 apostolus
3131 3782 3380 3852 νοέουσι

1801 3862 1923 3917 illas
1945 3872 2276 3935 peragraret,
2312 3864 2644 3930 ἐπισκόπους
2673 3869 3045 3939 καταστήσων·
3070 3875 3376 3941 apostolum

1802 3955 1980 4025 ipsum
2012 3957 2087 4012 ita
2117 3972 2243 4012 eum
2274 3957 2641 4028 alloquentem
2672 3960 2975 4017 introducit
3004 3980 3017 4017 τ
3054 3964 3188 4033 Ἀγε
3215 3966 3301 4035 δὲ,
3329 3961 3377 4022 ὦ

1799 4048 2064 4102 ἐπίσκοπε
2082 4089 2096 4114 ,
2126 4049 2233 4104 hoc
2260 4059 2364 4118 est,
2394 4049 2479 4105 sui
2524 4052 2786 4122 temporis
2828 4054 3143 4125 episcopum
3178 4072 3242 4112 eo
3271 4073 3374 4114 no-

1797 4141 1945 4197 mine
1973 4142 2132 4212 quasi
2166 4141 2349 4198 ofﬁcio
2385 4144 2632 4213 apprime
2670 4157 3004 4219 congruente
3045 4151 3375 4221 compellan-

1797 4244 1928 4291 tem.
1960 4235 2082 4307 Ipse
2112 4246 2294 4293 autem
2324 4237 2578 4295 Clemens
2601 4250 2723 4310 post
2749 4256 2925 4299 annos
2950 4254 3191 4312 centum,
3228 4247 3373 4301 hunc

1793 4344 1955 4399 quem
1989 4338 2044 4384 et
2085 4321 2204 4400 ipse
2248 4340 2301 4386 et
2333 4332 2619 4402 apostolus
2653 4334 2969 4405 episcopum
3016 4338 3366 4406 appellarent,

1792 4421 1959 4475 semel
1985 4421 2351 4493 πρεσϐύτερον
2370 4464 2385 4489 ,
2413 4424 2582 4479 semel
2613 4425 2941 4496 πρεσϐύτην,
2976 4435 3037 4481 ιιι
3066 4429 3371 4495 apostolum

106 4514 394 4581 Clemens;
451 4535 471 4567 ι
502 4524 556 4569 et
599 4515 825 4586 reliquis
862 4517 1198 4571 enumeratis
1226 4534 1239 4569 :
1271 4534 1291 4567 ι
1322 4515 1458 4569 Cum
1501 4528 1681 4571 autem
1714 4530 1760 4585 Ι)
1791 4514 1968 4583 ipsum
2002 4516 2092 4568 τὸν
2122 4516 2354 4587 γέροντα
2378 4525 2558 4572 vocat.
2598 4515 2684 4571 Nil
2729 4518 2893 4588 igitur
2924 4527 3114 4573 contra
3158 4534 3363 4574 morem

54 4641 59 4644 η
106 4608 469 4663 successisset
516 4607 743 4662 Aniceto
780 4605 969 4673 Sotcr,
1017 4623 1164 4663 nunc
1211 4608 1536 4663 duodecimo
1567 4609 1688 4664 loco

106 4701 486 4771 episc0patum
514 4702 583 4755 ab
607 4700 868 4771 apostolis
901 4700 1063 4755 habet
1096 4700 1461 4756 Eleutherius.
1502 4720 1521 4751 ι
1551 4700 1689 4756 Male

105 4790 264 4860 igitur
305 4793 553 4847 Dallreus
596 4807 665 4847 ex
715 4793 906 4848 nescio
938 4807 1049 4862 qua
1095 4794 1381 4863 apostolici
1415 4796 1688 4849 sermonis

105 4883 212 4954 lege
238 4886 510 4955 postulat,
539 4895 599 4940 ut
644 4883 703 4939 S.
755 4883 998 4956 Ignatius
1038 4885 1295 4953 Damam,
1327 4885 1646 4941 Onesimum
1668 4927 1683 4953 ,

104 4987 155 5030 et
186 4976 506 5050 Polybium,
538 4994 647 5033 non
692 4980 875 5036 minus
911 4995 1075 5050 quam
1105 4978 1342 5035 lrenaaus
1370 4980 1681 5047 Anicetum,

105 5072 595 5149 Pium,ﬂygiuum,
615 5076 1029 5148 Telesphorum,
1060 5096 1077 5129 ι
1102 5077 1450 5148 presbyteros
1474 5097 1491 5129 ι
1517 5093 1682 5132 voca—

107 5183 215 5223 cum
268 5172 325 5225 bi
378 5168 586 5225 Irenaeo
632 5170 973 5241 antiquiores
1029 5168 1274 5235 fuerint,
1333 5169 1412 5223 illi
1474 5169 1682 5239 lgnatio

106 5264 275 5327 coaevi,
314 5276 462 5331 quos
510 5276 734 5317 necesse
779 5262 828 5316 ei
878 5261 985 5316 fuit
1027 5275 1058 5315 a
1098 5261 1433 5332 presbyteris
1482 5261 1679 5315 distin-

104 5369 269 5421 guere.
297 5353 472 5423 Pejus
514 5362 694 5409 autem
746 5355 919 5409 multo
968 5352 1273 5409 Salmasius
1312 5353 1368 5407 in
1398 5352 1677 5422 Apparatu

108 5459 124 5491 ι
153 5459 245 5500 nec
291 5443 546 5498 muneris
570 5483 585 5503 .
612 5458 712 5499 nec
753 5444 1036 5515 dignitatis
1090 5444 1232 5498 inter
1260 5443 1575 5513 episcopum
1625 5454 1678 5497 et

103 5536 467 5606 presbyterum
482 5535 805 5590 divisionem
822 5533 1058 5591 Victoris
1070 5542 1318 5604 tempore
1345 5534 1625 5589 exstitisse
1648 5553 1667 5585 ›

104 5626 178 5678 vel
204 5627 329 5681 inde
368 5626 595 5696 probari
637 5626 868 5695 putavit,
903 5645 921 5678 ι
950 5627 1079 5697 quia
1111 5642 1222 5680 non
1253 5626 1433 5680 solum
1468 5625 1669 5695 ipsum,

1790 4606 1984 4677 lgnatii
2010 4605 2154 4660 fecit.
2180 4603 2490 4671 Quinetiam
2514 4603 2873 4677 Polycarpum
2900 4608 3198 4662 secundum
3228 4624 3365 4678 prae-

1790 4706 1995 4752 sentem
2020 4697 2274 4753 Ecclesia
2296 4706 2496 4753 statum
2520 4698 2661 4768 apud
2686 4697 3059 4768 Pbilippenses
3083 4700 3366 4768 scripsisse

1787 4804 1896 4844 non
1931 4791 2142 4845 dubito.
2191 4789 2302 4846 Illis
2346 4790 2565 4860 quidem
2595 4791 2839 4859 praecipit
2881 4798 2939 4843 ut
2984 4790 3211 4860 subjecti
3255 4792 3365 4846 sint

1792 4902 1812 4935 ς
1850 4884 2180 4954 presbyteris
2202 4894 2254 4939 et
2280 4884 2526 4940 diaconis
2548 4883 2692 4939 sicut
2717 4881 2827 4937 Deo
2855 4891 2909 4937 et
2932 4882 3172 4938 Christo.
3207 4903 3226 4937 ι
3257 4884 3363 4941 Sed

1785 4978 1909 5047 quis
1940 4977 2124 5045 dabit,
2157 4978 2472 5048 episcopum
2505 4974 2932 5045 Philippensium
2966 4984 3098 5030 tunc
3141 4977 3196 5030 in
3225 4978 3363 5032 vivis

1784 5069 1993 5125 fuisse?
2021 5068 2156 5135 Quis
2200 5068 2483 5139 praestabit
2530 5065 2903 5136 Philippenses
2956 5065 3080 5121 ideo
3123 5083 3153 5121 a
3197 5067 3361 5138 Poly-

1782 5175 1950 5230 carpo
1993 5159 2288 5215 consilium
2336 5172 2446 5213 non
2475 5157 2820 5227 efﬂagitasse,
2853 5157 3001 5226 quod
3043 5164 3175 5211 tunc
3222 5165 3359 5210 tem-

1782 5252 1931 5321 poris
1956 5251 2212 5320 episcopo
2242 5249 2343 5318 ipsi
2393 5247 2540 5302 haud
2579 5247 2928 5316 potirentur?
2959 5245 3035 5301 lta
3067 5247 3210 5301 enim
3245 5248 3358 5315 ipse

1780 5359 1877 5399 eos
1906 5343 2204 5412 alloquitur
2234 5362 2246 5395 :
2278 5337 2490 5401 Ταῦτα,
2535 5336 2785 5408 ἀδελφοὶ,
2833 5340 2932 5391 οὐκ
2972 5337 3192 5409 ἐμαυτῷ
3236 5339 3354 5391 ἐπι-

1778 5436 1982 5507 τρέψας
2016 5435 2213 5506 γράφω
2243 5434 2371 5503 ὑμίν
2405 5431 2533 5500 περὶ
2559 5431 2658 5500 τῆς
2689 5431 3053 5501 δικοιιοσύνειιρς·⁸
3088 5430 3202 5483 ἀλλ’
3228 5430 3352 5484 ἐπεὶ

1779 5529 1933 5598 ὑμεῖς
1962 5523 2400 5597 προεκαλέσασθέ
2433 5539 2520 5593 με.
2559 5539 2578 5571 ι
2611 5520 2736 5575 Hac
2764 5532 2966 5587 autem,
3000 5521 3217 5587 fratres,
3241 5536 3352 5575 non

1775 5636 1899 5675 meo
1928 5621 2175 5685 arbitrio,
2205 5618 2360 5673 vobis
2388 5617 2454 5671 de
2479 5614 2689 5687 justitia
2724 5615 2927 5679 scribo,
2959 5614 3051 5669 sed
3075 5614 3221 5684 quod
3254 5628 3351 5669 vos

104 5716 188 5770 sed
223 5720 387 5774 etiam
432 5718 739 5774 anteriores
778 5721 1070 5789 episcopos
1116 5718 1401 5773 Romanos
1430 5716 1670 5789 πρεσϐυ-
1773 5714 1841 5766 ad
1876 5727 1961 5766 me
1994 5712 2352 5782 provocastis.
2389 5728 2408 5762 ι
2444 5708 2503 5763 In
2536 5722 2736 5771 causa,
2774 5715 2836 5761 ut
2864 5706 3078 5775 opinor,
3107 5703 3349 5760 Valentis

101 5808 260 5879 τέρων
280 5814 506 5868 nomine
528 5811 822 5884 appellatos
844 5820 1060 5868 constat
1080 5812 1150 5868 ab
1173 5811 1373 5867 [renato
1396 5819 1449 5867 et
1469 5811 1609 5869 aliis.
1641 5830 1662 5868 ι

1772 5806 2093 5880 presbyteri,
2144 5820 2307 5877 quam
2361 5802 2568 5875 judicio
2625 5800 2907 5872 Polycarpi
2944 5798 3345 5870 permittebant.
