3848 6204
475 299 584 361 493

1536 297 1595 354 S.
1639 294 1992 354 IGNATIUS.
2029 327 2102 338 —
2137 294 2675 354 PROLEGOMENA.

3631 302 3733 360 £24

475 420 604 478 Haec
636 420 801 492 igitur
823 435 946 475 cum
975 418 1180 476 incerta
1208 419 1339 485 sint,
1369 417 1504 474 nihil
1526 419 1664 474 certi
1696 434 1764 473 ex
1798 432 2052 474 sermone
2079 426 2128 484 Α
2159 436 2178 470 ι
2213 417 2504 490 Presbyter
2559 424 2750 487 pastor
2807 413 3026 472 titulum
3071 414 3330 471 condidit.
3389 432 3411 467 ι
3470 414 3736 473 Accurate

476 513 763 586 Polycarpi
794 512 976 567 afferri
1023 521 1220 581 potest.
1255 511 1398 577 Sed,
1431 511 1612 580 inquit
1657 509 1921 577 Dallaaus,
1951 509 2058 565 Po-

477 610 731 681 lycarpus
765 623 842 671 se,
875 615 930 661 et
951 622 1064 672 eos,
1099 619 1334 676 quorum
1361 605 1582 658 nomine
1613 602 2056 674 Philippensibus

478 701 691 764 scribit,
733 699 1020 768 episcopos
1067 698 1414 767 presbyteros
1442 695 1598 759 dicit,
1635 713 1655 747 I
1694 695 2052 767 Polycarpus,

477 800 527 846 et
563 792 656 861 qui
702 807 825 845 cum
859 806 924 845 eo
958 799 1083 844 sunt
1121 789 1441 859 presbyteri.
1481 808 1498 840 ι
1533 787 1661 843 Haec
1688 789 1910 859 quidem
1941 793 2057 859 epi-

477 887 630 938 stola:
664 883 782 952 ejus
832 882 1116 950 inscriptio
1163 891 1279 946 est,
1310 881 1670 954 Πολῦκαρπος
1719 881 1813 934 καὶ
1858 882 1908 934 οι
1957 883 2054 935 σὺν

475 977 624 1047 αὑτῷ
671 975 1048 1048 πρεσϐύτεροι.
1103 973 1207 1029 Sed
1257 990 1325 1028 an
1369 974 1458 1029 ille
1505 974 1600 1044 qui
1649 988 1849 1028 nomen
1891 986 2053 1028 suum

477 1077 685 1123 tantum
720 1069 902 1133 refert,
953 1082 1012 1122 se
1048 1067 1424 1137 presbyterum
1470 1065 1644 1120 dicit?
1677 1065 1760 1118 An
1803 1080 1926 1119 cum
1959 1080 2055 1120 ne-

474 1162 619 1216 mine
647 1161 752 1215 nisi
795 1176 922 1215 cum
981 1161 1301 1231 presbytero
1343 1159 1643 1230 presbyteri
1693 1174 1814 1215 esse
1857 1169 2052 1229 potus.

476 1255 639 1308 runt?
689 1252 884 1307 Annon
928 1268 1051 1307 cum
1107 1253 1364 1322 episc0po
1419 1251 1717 1322 presbyteri
1757 1267 1878 1307 esse
1913 1253 2054 1308 sole-

472 1346 640 1400 bant?
669 1344 746 1399 Ex
788 1345 874 1398 his
900 1343 1145 1413 exsculpi
1185 1343 1335 1397 nullo
1367 1343 1529 1397 modo
1567 1352 1765 1412 potest,
1797 1342 2054 1414 Polycar-

471 1454 599 1509 pum
632 1439 870 1507 scipsum
896 1437 1271 1508 presbyterum
1299 1451 1526 1491 vocasse
1561 1454 1573 1490 :
1605 1445 1663 1491 ut
1691 1451 1866 1506 neque
1892 1436 2050 1502 illud,

471 1547 567 1586 eos
591 1546 729 1601 quos
757 1540 917 1585 vocat
957 1530 1303 1600 presbyteros
1333 1542 1580 1600 quosque
1619 1529 1724 1584 sibi
1774 1530 2047 1598 adjungit,

471 1623 758 1690 episcopos
810 1619 1006 1675 fuisse.
1041 1618 1211 1673 Nemo
1257 1619 1404 1673 enim
1436 1620 1649 1674 dubitat
1694 1620 1826 1690 quin
1861 1621 1914 1673 in
1948 1620 2051 1674 Ec-

472 1713 634 1767 clesia
668 1712 985 1783 Sinyrnensi
1031 1710 1333 1784 Polycarpo
1375 1711 1633 1780 episcopo
1659 1711 1901 1780 adjuncti
1933 1710 2050 1766 fue-

472 1806 587 1859 rint
614 1804 948 1876 presbyteri;
987 1819 1108 1858 cuni
1143 1804 1307 1875 igitur
1338 1805 1403 1859 ad
1433 1805 1610 1874 ipsum
1655 1813 2049 1873 provocassent

469 1895 869 1968 Philippenscs,
914 1913 1084 1967 quare
1133 1899 1272 1952 alios
1307 1913 1374 1952 ex
1411 1897 1538 1952 Asia
1589 1898 1876 1968 episcopos
1920 1912 2051 1952 con-

471 1999 714 2057 vocaret,
759 1999 814 2045 et
858 2004 959 2044 suo
1005 1990 1344 2061 presbyterio
1389 1998 1681 2045 contentus
1721 2005 1833 2044 non
1882 1998 2048 2057 esset,

471 2083 726 2151 equidem
775 2097 883 2136 non
916 2082 1095 2137 video.
1129 2081 1196 2136 Et
1244 2083 1298 2136 hi
1344 2083 1563 2153 quidem
1605 2091 1844 2153 quatuor
1876 2083 2049 2138 Graeci

469 2185 598 2230 sunt
629 2175 852 2230 secundi
889 2176 1073 2230 saeculi
1125 2176 1452 2245 scriptores,
1495 2191 1635 2246 quos
1684 2177 1915 2230 advocat
1967 2177 2051 2230 vir

469 2268 855 2334 doctissimus;
903 2269 1155 2338 quintum
1199 2269 1343 2323 enim
1390 2283 1722 2341 anonymum
1767 2270 1880 2341 jam
1925 2280 2051 2325 ante

467 2358 860 2427 expunximus.

540 2451 854 2506 Latinorum
875 2461 1053 2506 autem
1090 2450 1238 2506 illius
1265 2451 1544 2507 memoriae
1573 2453 1775 2506 mirum
1804 2453 1939 2508 texit
1961 2468 2048 2508 ca-

468 2547 731 2617 talogum.
749 2545 991 2600 Primum
1019 2544 1565 2615 lrenaaiinterpretem
1587 2547 1773 2612 refert,
1789 2563 1949 2617 quem
1976 2547 2051 2601 ita

475 2656 498 2691 ‹
518 2638 760 2692 locutum
789 2654 912 2693 esse
935 2659 951 2691 ι
985 2639 1136 2701 dicit,
1175 2657 1195 2691 ‹
1216 2647 1270 2694 et
1301 2654 1366 2693 ex
1399 2653 1508 2706 quo
1545 2653 1668 2708 quae
1696 2637 2048 2693 fueruntlre-

470 2747 661 2786 nmana
684 2732 937 2800 pleraque
955 2747 1012 2785 se
1027 2731 1379 2799 descripsisse
1404 2749 1422 2778 ι
1456 2729 1672 2784 fatetur.
1695 2729 1874 2795 Quare
1902 2731 2048 2784 enim

468 2825 626 2878 aliter
655 2823 970 2892 loqueretur
1002 2820 1190 2876 lrenzei
1224 2822 1492 2890 interpres
1521 2836 1686 2891 quam
1723 2821 1940 2876 locutus
1967 2831 2049 2876 est

469 2915 756 2971 lrenaeus?
791 2915 898 2968 Aut
926 2913 1055 2983 quid
1098 2913 1395 2967 auctoritas
1441 2913 1751 2982 interpretis
1797 2914 1925 2968 huic
1971 2916 2050 2968 rei

467 3009 714 3072 confert,
748 3007 853 3062 nisi
886 3007 1033 3076 quod
1072 3005 1336 3061 Irenaeum
1385 3005 1460 3060 ita
1498 3006 1786 3074 scripsisse
1821 3022 2049 3076 persua-

469 3118 590 3156 sum
636 3100 954 3164 habeamus,
1003 3097 1150 3167 quod
1200 3111 1362 3151 nemo
1413 3097 1606 3167 negat?
1658 3097 1783 3152 Sive
1821 3098 2045 3153 secundi

467 3191 652 3248 saeculi
719 3191 879 3245 fuerit
951 3190 1218 3259 interpres
1272 3189 1394 3256 ille,
1469 3190 1586 3244 sive
1644 3190 1914 3260 sequioris
1943 3191 2044 3244 ali-

465 3285 625 3354 cujus
654 3324 668 3348 ,
717 3283 940 3353 perinde
1001 3291 1120 3348 est;
1171 3282 1376 3335 nullam
1455 3281 1546 3335 ille
1577 3283 1685 3336 vim
1727 3295 2047 3353 argumento

467 3376 637 3430 addit.
689 3373 794 3441 Qui
824 3383 1018 3445 putant
1046 3388 1171 3428 eum
1221 3374 1466 3443 ejusdem
1518 3388 1643 3428 cum
1697 3373 1903 3429 Irenaeo
1944 3375 2045 3429 aevi

465 3467 659 3533 fuisse,
684 3468 859 3537 ipsum
887 3465 1152 3520 lrenaaum
1191 3463 1362 3520 fuisse
1399 3465 1768 3532 hariolantur;
1802 3466 1876 3520 ila
1903 3481 2048 3520 unus

468 3567 681 3613 tantum
719 3573 786 3612 ex
854 3567 1078 3611 auctore
1115 3564 1170 3609 et
1222 3556 1515 3626 interprete
1555 3556 1709 3611 testis
1737 3556 2042 3611 conficitur.

463 3647 570 3718 Qui
621 3649 938 3704 existimant
983 3647 1228 3716 ejusdem
1293 3661 1419 3702 cum
1478 3646 1818 3702 Tertulliano
1867 3649 2045 3703 artatis

464 3758 609 3808 esse,
651 3741 784 3795 nihil
810 3740 958 3795 aliud
989 3740 1239 3805 afferunt,
1276 3739 1381 3794 nisi
1419 3739 1563 3809 quod
1617 3747 1742 3794 ante
1768 3738 1827 3794 S.
1860 3739 2046 3809 Augu-

465 3835 672 3890 stinum
703 3833 991 3902 scripsisse
1023 3833 1306 3899 videatur;
1343 3840 1533 3886 contra
1581 3845 1703 3900 quae
1733 3832 1904 3885 multa
1948 3831 2046 3885 ob-

462 3925 557 3996 jici
588 3931 830 3994 possent,
851 3923 896 3979 si
922 3939 1008 3978 res
1029 3923 1142 3993 ipsa
1164 3923 1254 3976 tali
1281 3920 1600 3976 defensione
1624 3922 1908 3991 indigeret.
1935 3920 2044 3976 Ire-

467 4017 571 4070 τικὶ
617 4016 899 4086 interpreti
953 4015 1234 4086 subjungit
1279 4012 1434 4068 Pium
1492 4012 1681 4068 Roma:
1723 4014 2042 4083 episc0pum

464 4108 626 4177 cujus
652 4108 937 4178 epistolam
960 4106 986 4161 J
996 4116 1119 4162 usto
1146 4107 1401 4176 episcopo
1446 4105 1743 4161 Viennensi
1779 4106 2042 4160 directam

467 4195 627 4250 nobis
663 4195 891 4265 objicit;
921 4210 1085 4263 quam
1137 4202 1322 4249 tamen
1349 4211 1368 4246 ι
1418 4209 1530 4249 non
1557 4195 1626 4249 ab
1664 4195 1816 4249 omni
1867 4196 2044 4264 impo-

461 4294 628 4342 sturae
651 4287 966 4356 suspicione
990 4287 1215 4341 liberam
1246 4304 1266 4338 ι
1306 4285 1436 4340 olim
1479 4284 1796 4340 Blondellus
1822 4285 2042 4355 judica—

463 4378 558 4431 vit.
593 4376 684 4431 ille
733 4379 952 4448 quidem
975 4417 989 4440 ,
1014 4377 1266 4447 quisquis
1303 4385 1422 4441 est,
1466 4377 1534 4432 de
1586 4378 1917 4448 presbyteris
1945 4376 2039 4446 qui

465 4469 535 4524 ab
566 4470 830 4537 apostolis
853 4470 1066 4523 educati
1097 4467 1336 4535 fuerunt,
1351 4468 1612 4537 loquitur,
1638 4469 1732 4523 sed
1752 4469 1888 4538 jam,
1913 4484 2037 4523 cum

465 4561 746 4628 scriberet,
799 4561 1068 4615 mortuis:
1101 4559 1248 4630 quod
1295 4559 1362 4613 ad
1405 4576 1519 4615 rem
1562 4560 1718 4614 nihil.
1757 4559 1814 4614 ln
1849 4561 2036 4614 eadem

462 4662 641 4709 autem
671 4653 899 4722 epistula
947 4652 1014 4706 de
1055 4652 1139 4707 sui
1193 4652 1453 4721 temporis
1495 4653 1710 4708 clericis
1759 4651 2041 4722 lgnatiano

464 4759 616 4798 more
653 4745 918 4812 loquitur,
944 4743 1170 4798 secundi
1197 4744 1406 4799 ordinis
1431 4745 1660 4799 clericos
1687 4744 1887 4798 diserte
1915 4759 2041 4813 pre-

462 4839 708 4909 sbyteros
743 4840 976 4908 appellat
1001 4857 1014 4893 :
1039 4857 1058 4891 r
1089 4839 1342 4894 Salutant
1408 4850 1460 4895 te
1494 4839 1652 4896 Soter
1697 4851 1750 4895 et
1788 4840 2041 4896 Eleuthe-

460 4932 578 4986 rius
601 4932 748 5001 digni
778 4931 1097 5002 presbyteri.
1127 4950 1145 4982 ι
1165 4929 1598 5002 Tuncenimipse
1624 4933 1812 4988 Roma
1827 4935 2041 5003 episco-

460 5039 566 5095 pus
604 5022 744 5090 fuit;
773 5024 930 5078 Soter
959 5034 1143 5079 autem
1175 5034 1231 5080 et
1280 5023 1624 5080 Eleutherius
1672 5026 1870 5080 ibidem
1913 5043 2039 5096 pro-

461 5115 579 5184 prie
626 5115 776 5179 dicti,
811 5116 857 5170 si
907 5116 1065 5182 forte,
1096 5116 1420 5186 presbyteri.
1484 5115 1540 5170 Si
1594 5116 1750 5182 forte,
1778 5117 2032 5187 inquam;

461 5221 588 5259 nam
613 5214 735 5275 post
764 5205 845 5260 Pii
877 5207 1163 5262 decessum
1194 5207 1565 5262 Eleutlierium
1599 5206 1810 5262 Aniceti
1855 5209 2038 5263 diaco-

461 5313 592 5350 num
627 5296 797 5352 fuisse
825 5307 1054 5353 testatur
1076 5297 1431 5369 Hegesippus.
1459 5299 1602 5353 idem
1643 5300 1696 5353 in
1724 5301 1894 5354 altera
1922 5303 2037 5370 epi-

459 5388 601 5442 stola
630 5389 873 5458 ejusdem
909 5390 1119 5458 farinae,
1150 5391 1349 5446 Verum
1378 5391 1638 5459 collegam
1674 5406 1832 5445 suum
1860 5394 2036 5446 nomi-

459 5487 572 5544 nat,
605 5478 820 5535 Justum
849 5480 1206 5536 Viennensem
1247 5483 1368 5552 ejus
1419 5484 1541 5537 loco
1584 5483 1942 5537 constitutum
1980 5493 2034 5540 et

457 5571 670 5626 colobio
693 5575 1071 5643 episcoporum
1121 5575 1379 5630 vestitum
1439 5575 1717 5645 agnoscit:
1747 5576 1812 5629 ad
1868 5592 2031 5645 quem

457 5661 542 5716 sic.
566 5665 754 5720 scribit
784 5683 796 5717 :
829 5685 847 5717 ‹
883 5668 1189 5741 Presbyteri
1218 5679 1273 5726 et
1301 5671 1516 5726 diaconi
1541 5686 1648 5724 non
1681 5683 1742 5723 ut
1770 5685 2030 5740 majorem

457 5753 554 5809 sed
579 5764 637 5810 ut
662 5757 972 5814 ministrum
1000 5759 1202 5820 Christi
1231 5773 1282 5819 te
1316 5764 1628 5820 observent.
1658 5779 1677 5814 ι
1699 5763 1778 5818 Ac
1799 5779 2026 5821 rursus:

2159 509 2333 581 igitur
2368 510 2781 566 distinctionem
2813 509 3070 566 ordinum
3119 510 3510 578 nominumque
3543 510 3734 566 obser-

2158 601 2306 656 vavit
2319 599 2450 656 Pius
2469 600 2578 665 ille,
2597 617 2718 656 cum
2737 601 2803 655 de
2817 600 2958 658 clero
2978 605 3063 659 sui
3113 602 3371 672 temporis
3397 602 3734 672 loqueretur.

2158 695 2271 752 Nec
2308 697 2493 752 minus
2521 695 2812 752 infeliciter
2842 698 2987 752 hunc
3021 711 3119 766 pro
3145 697 3528 752 communione
3565 694 3739 750 nomi-

2158 806 2288 844 num
2332 791 2515 844 attulit
2564 789 2818 857 Dallaaus,
2849 806 3014 860 quam
3061 807 3161 860 pro
3199 793 3430 860 paritate
3477 790 3736 844 ordinum

2156 883 2492 948 Blondellus,
2525 898 2686 952 quem
2711 884 2846 938 adeo
2877 883 3024 937 clare
3064 883 3322 937 refutavit
3353 881 3738 950 Hamniundus

2157 985 2365 1030 noster.
2395 973 2459 1028 Hi
2495 984 2626 1029 sunt
2656 975 2904 1044 praeclari
2935 975 3044 1029 duo
3088 984 3256 1031 testes
3292 975 3515 1030 secundi
3548 976 3738 1030 saeculi

2158 1066 2422 1140 adyersus
2468 1064 2738 1136 Ignatium
2794 1065 3080 1134 producti;
3130 1067 3331 1136 quibus
3384 1068 3554 1122 miror
3584 1083 3736 1134 eum,

2155 1175 2281 1214 cum
2317 1167 2469 1213 tanta
2510 1159 2692 1228 inopia
2750 1169 3108 1228 premeretur,
3150 1175 3258 1214 non
3295 1158 3568 1214 addidisse
3610 1158 3740 1214 Vic-

2153 1253 2293 1307 toris
2316 1267 2466 1321 papae
2489 1251 2865 1306 testimonium
2893 1267 2924 1305 a
2948 1250 3226 1306 Blondello
3247 1262 3301 1307 et
3319 1251 3589 1306 Salmasio
3607 1266 3740 1321 pro-

2153 1343 2400 1409 ductum,
2423 1343 2569 1412 quod
2589 1341 2832 1412 ejusdem
2859 1343 3017 1412 plane
3039 1359 3163 1397 cum
3187 1343 3278 1396 illo
3307 1341 3391 1396 Pii
3407 1341 3600 1396 farinae
3626 1353 3735 1401 est.

2155 1433 2232 1487 Ex
2263 1435 2358 1489 illo
2381 1435 2528 1488 enim
2561 1435 2768 1503 colligit
2802 1435 3147 1501 Blondellus,
3182 1434 3560 1505 apostolorum
3609 1449 3724 1490 suci

2152 1540 2402 1581 cessares
2450 1535 2506 1581 et
2561 1527 2907 1583 convictores
2956 1528 3324 1585 Ecclesiarum
3373 1530 3442 1584 ad
3489 1529 3738 1585 Victoris

2154 1629 2400 1690 tempora
2429 1630 2670 1678 rectores
2706 1622 3052 1694 presbyteros
3087 1621 3279 1678 fuisse.
3310 1621 3413 1677 Sed
3438 1624 3592 1688 vidit,
3619 1624 3740 1694 opi-

2154 1727 2276 1778 nor,
2314 1722 2561 1781 apertum
2603 1713 2709 1768 hoc
2732 1728 2856 1768 esse
2885 1712 3264 1779 mendacium;
3290 1727 3449 1767 nemo
3463 1715 3612 1767 enim
3641 1717 3735 1784 qui

2155 1805 2528 1875 apostolorum
2559 1805 2841 1861 convictor
2871 1804 3068 1872 fuerat,
3094 1804 3330 1860 Victoris
3356 1813 3516 1859 astate
3543 1803 3738 1860 Eccle-

2153 1898 2296 1953 siam
2344 1897 2585 1969 regebat.
2635 1896 2842 1953 Planus
2887 1897 2980 1953 ille
3027 1898 3182 1952 aliter
3222 1895 3380 1951 Pium
3416 1911 3614 1966 papam
3649 1895 3738 1950 lo-

2151 1999 2412 2060 quentem
2441 2000 2795 2059 repraesentat
2824 2006 2837 2043 :
2869 2008 2886 2040 σ
2916 1987 3223 2059 Presbyteri
3259 1989 3356 2052 illi,
3381 1989 3473 2057 qui
3505 1988 3576 2042 ab
3603 2002 3738 2057 apo-

2151 2084 2308 2141 stolis
2328 2083 2549 2139 educati
2588 2098 2765 2153 neque
2805 2082 2873 2136 ad
2904 2097 3004 2137 nos
3035 2089 3418 2151 pervenerunt,
3450 2096 3576 2135 cum
3609 2080 3735 2150 qui-

2150 2175 2256 2230 bus
2281 2175 2449 2231 simul
2487 2173 2715 2230 verbum
2759 2172 2886 2227 ﬁdei
2939 2172 3125 2242 partiti
3173 2188 3387 2238 sumus,
3413 2187 3443 2226 a
3495 2171 3734 2226 Domino

2149 2268 2329 2322 vocati
2378 2268 2433 2322 in
2461 2267 2734 2322 cubilibus
2779 2265 2999 2321 aeternis
3037 2265 3210 2319 clausi
3251 2273 3527 2318 tenentur.
3565 2282 3584 2314 ι
3619 2262 3736 2317 Sub

2151 2361 2249 2417 Pio
2285 2361 2450 2432 igitur
2493 2360 2868 2431 episcopatum
2921 2367 3139 2414 tenente
3185 2373 3376 2412 omnes
3423 2357 3735 2428 presbyteri

2151 2454 2527 2523 apostolorum
2564 2454 2905 2508 convictores
2950 2451 3228 2507 demortui
3277 2450 3534 2516 fuerunt,
3559 2460 3638 2516 et,
3673 2461 3735 2504 ut

2151 2548 2243 2602 ille
2275 2548 2469 2614 voluit,
2499 2566 2518 2598 ι
2559 2548 2780 2604 aeternis
2814 2547 3090 2602 cubilibus
3127 2546 3319 2601 clausi.
3359 2564 3378 2596 ι
3415 2545 3549 2601 Post
3568 2545 3732 2600 Pium

2150 2639 2291 2694 sedit
2312 2639 2597 2704 Anicetus,
2631 2647 2756 2709 post
2783 2639 3074 2694 Anicetum
3113 2638 3296 2705 Sorer,
3325 2647 3451 2707 post
3477 2636 3731 2692 Soterem

2148 2730 2495 2796 Eleutherus,
2528 2741 2652 2800 post
2680 2730 3034 2787 Eleutherum
3064 2729 3270 2786 Victor.
3298 2731 3380 2784 An
3414 2730 3582 2801 igitur
3605 2745 3735 2799 pre-

2148 2825 2351 2895 sbyteri
2371 2824 2450 2878 illi
2469 2824 2687 2879 aeternis
2710 2824 2980 2880 cubilibus
2996 2825 3268 2894 perruptis
3283 2831 3732 2890 rcsurrexerunt,

2147 2924 2209 2970 ut
2260 2915 2326 2968 ad
2361 2923 2604 2985 tempora
2639 2914 2875 2971 Victoris
2917 2924 2971 2970 et
3021 2916 3207 2971 nescio
3253 2915 3414 2985 cujus
3460 2914 3733 2970 Desiderii

2149 3004 2474 3062 Viennensis
2497 3008 2758 3078 episc0pi,
2800 3008 3063 3064 ecclesias
3109 3007 3522 3078 gubernarent?
3549 3006 3732 3077 Ipsius

2149 3097 2413 3154 Blondelli
2446 3101 2607 3156 verba
2660 3109 2814 3166 sunt,
2864 3101 3137 3171 Apologia!
3192 3101 3433 3155 sectione
3479 3101 3728 3170 quinta:

2156 3211 2175 3243 ε
2205 3191 2592 3248 Observaverit
2647 3193 2814 3264 igitur
2846 3193 3036 3258 lector,
3069 3192 3168 3247 Pio
3191 3193 3414 3248 sedente
3434 3192 3602 3262 (inter
3631 3209 3734 3247 an-

2149 3302 2281 3340 num
2313 3285 2415 3341 146
2446 3297 2500 3341 et
2529 3285 2670 3357 150)
2702 3287 3088 3341 mortalitatem
3123 3286 3428 3356 explevisse
3455 3296 3736 3356 quotquot

2149 3377 2342 3434 Roma:
2383 3378 2775 3450 superfuerant
2813 3379 3188 3448 apostolorum
3231 3379 3510 3448 discipuli.
3551 3397 3571 3430 ι
3629 3377 3735 3433 Pio

2147 3479 2329 3526 autem
2351 3481 2612 3542 tanquam
2643 3471 2868 3526 fratrem
2906 3474 3226 3540 scriptorem
3275 3470 3528 3539 adjungit
3577 3469 3736 3526 Gre-

2146 3578 2271 3618 cum
2295 3561 2551 3618 Hermam
2573 3563 2874 3618 Pastorem.
2893 3561 2996 3617 Sed
3023 3563 3172 3616 illum
3195 3560 3275 3615 Pii
3301 3559 3530 3616 fratrem
3557 3561 3738 3618 fuisse

2146 3654 2273 3721 quis
2321 3652 2546 3708 credet?
2593 3651 2942 3723 Supposititii
2997 3651 3364 3719 Tertulliani,
3421 3662 3522 3706 aut
3579 3651 3738 3708 Libri

2145 3747 2466 3818 pontiﬁcalis
2504 3747 2805 3801 auctoritas
2833 3754 2981 3800 tanta
3012 3760 3120 3799 non
3143 3755 3246 3810 est,
3275 3754 3336 3798 ut
3363 3760 3560 3799 verum
3597 3745 3737 3800 illud

2144 3851 2269 3892 esse
2316 3837 2640 3901 credamus,
2670 3839 2819 3907 quod
2871 3835 3108 3892 lrenaaus
3154 3837 3248 3906 qui
3297 3836 3400 3891 sub
3444 3835 3549 3890 Pio
3569 3838 3736 3900 vixit,

2144 3928 2292 3997 quod
2325 3927 2695 3983 Tertullianus
2718 3929 2867 3999 ipse.
2904 3929 3050 3997 quod
3094 3926 3459 3999 Hieronymus
3497 3944 3741 3998 prorsus

2144 4022 2429 4091 ignorasse
2457 4030 2882 4092 cognoscuntur.
2922 4041 2940 4073 ‹
2963 4020 3042 4076 Eo
3076 4021 3241 4091 igitur
3267 4022 3480 4076 factum
3506 4038 3624 4077 non
3649 4025 3741 4077 vi—

2144 4114 2322 4180 detur,
2372 4125 2432 4168 ut
2475 4113 2704 4170 Hermas
2758 4115 3065 4171 ministeria
3115 4115 3374 4171 Ecclesiae
3428 4132 3462 4170 a
3505 4116 3743 4173 Christo

2143 4206 2269 4261 data
2292 4208 2466 4263 obiter
2499 4209 2700 4263 alicubi
2735 4223 3174 4264 commemorans
3210 4225 3316 4264 non
3357 4209 3501 4264 alios
3532 4225 3740 4266 recen-

2145 4305 2273 4364 seatj
2297 4316 2462 4370 quam
2503 4301 2780 4370 apostolos
2821 4310 2875 4356 et
2924 4302 3214 4371 episcOpos
3269 4311 3322 4358 et
3369 4305 3642 4360 doctores
3687 4314 3748 4358 et

2142 4393 2449 4458 ministros,
2479 4393 2531 4447 id
2566 4403 2651 4448 est
2685 4394 2970 4448 diaconos.
3011 4413 3030 4444 ι
3059 4393 3144 4447 An
3183 4394 3315 4462 quia
3351 4391 3487 4447 Pius
3515 4395 3749 4464 episco-

2071 4503 2114 4558 ι)
2143 4498 2244 4552 pos
2274 4485 2341 4537 ab
2363 4483 2625 4553 apostolis
2645 4484 2906 4539 educatos
2941 4484 3289 4554 presbyteros
3314 4483 3578 4549 vocabat,
3613 4485 3749 4539 ideo

2143 4571 2374 4628 Hermas
2401 4573 2700 4645 presbyteri
2731 4590 2930 4629 nomen
2975 4575 3181 4640 omisit,
3227 4574 3592 4645 presbyteros
3639 4594 3749 4632 au-

2141 4673 2250 4719 tem
2296 4668 2448 4734 ipsos
2493 4665 2596 4718 sub
2627 4665 2897 4734 episcopis
2945 4667 3265 4736 complexus
3307 4667 3747 4734 est?Qua:nam

2141 4758 2260 4812 haic
2284 4758 2425 4811 ratio
2453 4758 2577 4812 est?
2612 4756 2717 4813 Sed
2752 4774 2931 4828 neque
2977 4774 3167 4814 verum
3195 4771 3302 4825 est,
3333 4761 3516 4816 multo
3545 4764 3748 4819 minus

2139 4859 2372 4915 certum,
2431 4848 2684 4905 Hermam
2722 4853 3070 4922 presbyteros
3123 4852 3227 4907 sub
3263 4854 3546 4923 episcopis
3577 4872 3748 4912 com-

2139 4942 2361 5011 plexum
2389 4959 2546 5010 esse;
2592 4960 2734 5013 quos
2763 4945 2868 5000 sub
2895 4945 3218 5000 doctoribus
3247 4949 3431 5016 potius
3481 4953 3747 5021 comple-

2138 5048 2242 5087 xus
2264 5043 2365 5088 est.
2410 5033 2478 5089 Ut
2508 5035 2562 5090 in
2592 5037 2848 5105 passione
2889 5036 2948 5091 S.
2993 5037 3272 5107 Perpetua:
3295 5039 3575 5109 legimus:
3612 5064 3632 5096 ‹
3673 5046 3748 5098 Et

2137 5125 2408 5180 exivimus
2449 5136 2504 5180 et
2534 5129 2769 5184 vidimus
2792 5139 2916 5184 ante
2948 5129 3094 5185 fores
3116 5130 3373 5200 Optatum
3400 5135 3746 5208 episcopum

2137 5216 2204 5270 ad
2249 5216 2516 5284 dextram,
2566 5228 2622 5274 et
2669 5220 2961 5290 Aspasium
2996 5224 3378 5294 presbyterum
3431 5227 3746 5288 doctorem

2137 5308 2204 5363 ad
2251 5310 2552 5365 sinistram.
2593 5331 2613 5364 ι
2663 5310 2736 5367 Ut
2787 5312 3160 5372 Tcrtullianus
3194 5337 3207 5372 :
3241 5337 3258 5369 ι
3296 5317 3438 5385 Quid
3485 5337 3630 5393 ergo
3692 5328 3749 5381 si

2135 5403 2447 5472 episcopus,
2479 5405 2524 5457 si
2551 5404 2836 5469 diaconus,
2857 5407 2904 5462 si
2929 5407 3115 5473 vidua,
3135 5409 3182 5464 si
3221 5409 3393 5480 virgo,
3426 5410 3476 5465 si
3507 5413 3748 5482 doctor,

2134 5493 2181 5545 si
2211 5494 2371 5547 etiam
2409 5504 2616 5565 martyr
2663 5497 2848 5566 lapsus
2877 5513 2907 5551 a
2941 5500 3126 5568 regula
3182 5499 3368 5556 fuerit.
3404 5521 3422 5554 ι
3466 5500 3578 5557 Ubi
3635 5507 3751 5561 do-

2133 5592 2340 5638 ctorem
2381 5587 2500 5643 sine
2542 5588 2714 5644 “dubio
2759 5605 2860 5659 pro
2909 5592 3228 5662 presbytero
3261 5594 3467 5662 posuit.
3520 5592 3582 5648 S.
3625 5597 3749 5669 Cy-

2132 5679 2380 5748 prianus,
2433 5680 2666 5752 epistola
2709 5681 2782 5738 24
2821 5701 2835 5736 :
2880 5703 2899 5735 ι
2933 5684 3164 5750 Quando
3205 5701 3330 5740 cum
3381 5688 3747 5760 presbyteris

2133 5769 2453 5830 doctoribus
2486 5773 2718 5832 lectores
2747 5775 3034 5848 diligenter
3073 5777 3454 5848 probaremus.
3493 5801 3516 5833 ι
3550 5779 3705 5838 Bion
3726 5818 3747 5827 ο
