3848 6204
146 331 259 386 423

935 331 985 387 J.
1034 331 1396 388 PEARSONII
1437 332 1762 388 VINDICIE
1821 333 2239 393 IGNATIANE.
2277 369 2345 380 —-
2382 337 2565 395 PARS
2594 339 2662 395 Il.

3308 335 3414 388 ιιιδ

143 454 328 509 delius
373 451 597 523 quidem
652 451 888 508 allirmat
947 464 1202 510 constare
1258 456 1404 525 apud
1449 453 1731 520 ﬂet-mam,
1762 456 1808 514 Α
1837 465 2046 513 veteres
2075 459 2392 528 scriptores,
2420 458 2490 514 ab
2511 459 2883 530 apostolorum
2907 467 3149 529 tempore
3173 458 3273 515 hos
3299 469 3410 515 tres

145 545 409 600 doctores
433 545 501 600 ad
539 545 830 616 episcopos
886 548 1158 616 praecipue
1201 547 1418 614 referri,
1452 563 1578 604 cum
1621 549 1738 618 epi-
1840 547 2061 605 ordines
2084 549 2458 606 ministrorum
2489 550 2546 605 in
2569 550 2814 608 Ecclesia
2841 550 3048 605 Christi
3084 549 3274 615 fuisse,
3297 551 3412 620 epi-

149 643 438 705 scopatum
477 637 720 707 gessisse
742 637 1023 704 dicantur;
1054 639 1268 700 dolose.
1291 649 1352 694 ut
1375 641 1531 696 solet.
1560 639 1736 696 Verba

142 724 362 782 Hermae
393 737 526 783 sunt
546 729 837 784 visione3:
864 748 883 781 ‹
912 729 951 783 li
979 740 1107 786 sunt
1135 733 1366 800 apostoli
1390 741 1442 787 et
1470 733 1735 803 epise0pi,

141 827 196 867 et
215 819 839 886 doctores,etministri,
862 821 955 891 qui
971 821 1200 891 ingressi
1223 831 1351 877 sunt
1372 821 1427 875 in
1451 822 1736 879 clementia

142 906 245 963 Dei
319 921 376 966 et
428 912 809 982 episcopatum
860 923 1182 982 gesserunt,
1228 925 1282 970 et
1327 916 1654 980 docuerunt,
1681 925 1736 970 et

141 998 603 1059 ministraverunt
629 1014 818 1060 sancte
847 1014 902 1060 et
937 1006 1183 1062 modeste
1213 1008 1402 1064 electis
1430 1007 1547 1064 Dei.
1574 1028 1593 1061 ι
1638 1008 1736 1066 His

135 1105 325 1150 autem
363 1097 593 1152 minime
609 1097 861 1154 doctores
889 1097 1047 1153 docet
1073 1099 1447 1170 episcopatum
1477 1099 1732 1170 gessisse,

133 1197 306 1256 atque
318 1202 386 1243 ea
405 1189 616 1245 ratione
633 1189 699 1244 ad
730 1191 1019 1261 episcopos
1047 1190 1240 1247 referri
1258 1193 1484 1256 debere,
1516 1192 1608 1248 sed
1633 1194 1733 1247 tri-

132 1280 241 1335 bus
260 1281 546 1337 distinctis
575 1283 836 1352 gradibus
854 1300 1079 1339 suorum
1112 1285 1412 1341 officiorum
1428 1298 1584 1344 actus
1618 1288 1734 1344 dis-

131 1374 311 1429 tincte
345 1375 844 1432 tribuunturmam
878 1377 1120 1448 episcopi
1145 1379 1519 1450 episcopatum
1545 1396 1730 1452 gesse-

129 1473 286 1530 runt,
317 1464 584 1522 doctores
606 1467 934 1534 docuerunt,
967 1469 1208 1524 ministri
1237 1469 1726 1540 ministraverunt;

129 1564 193 1609 ut
245 1555 621 1612 similitudine
649 1558 683 1613 9
716 1558 964 1627 loquitur
996 1577 1011 1614 :
1051 1579 1068 1612 ι
1101 1559 1173 1615 Ut
1219 1560 1446 1630 quidam
1477 1562 1729 1620 doctores

125 1649 225 1717 qui
259 1657 419 1703 caste
453 1661 511 1703 et
539 1651 755 1705 sincere
783 1651 1220 1719 praedicaverunt
1252 1667 1319 1707 ac
1350 1653 1674 1710 docuerunt.
1701 1673 1722 1709 ι

125 1737 195 1794 lli
229 1741 414 1810 igitur
450 1757 577 1796 cum
609 1757 806 1798 omnes
822 1743 932 1798 sint
954 1743 1178 1800 secundi
1203 1744 1389 1799 saeculi
1432 1745 1727 1816 scriptores

1841 653 2060 712 seopos,
2094 642 2441 714 presbyteros
2472 652 2524 698 et
2549 639 3222 698 diaconos.t05tendimus
3246 639 3411 710 hujus

1837 734 2011 801 partis
2048 734 2226 803 capite
2250 735 2429 804 primo
2447 736 2558 805 jam
2590 743 2705 790 tum
2744 735 2797 788 in
2821 733 3083 789 Ecclesiis
3109 733 3252 788 Asiae
3295 733 3412 802 epi-

1839 838 2036 894 scopus
2063 827 2359 894 exstitisse,
2382 844 2510 883 cum
2545 827 2855 898 S.lgnatius
2889 825 2956 881 ad
2979 825 3302 898 martyrium
3333 822 3411 881 fe-

1837 917 2085 973 stinaret.
2146 917 2395 975 Diximus
2458 920 2733 975 neminem
2792 935 3034 989 unquam
3087 917 3408 988 scriptorem

1837 1006 2217 1065 Christianum
2244 1021 2298 1066 et
2342 1012 2673 1067 catholicum
2708 1011 2914 1066 dixisse
2943 1009 3228 1080 pauciores
3257 1008 3410 1063 ordi-

1838 1117 1936 1158 nes
1969 1119 2136 1174 quam
2180 1113 2291 1160 tres
2326 1106 2604 1161 exstitisse
2632 1106 2872 1162 secundo
2921 1104 3142 1170 saeculo,
3179 1109 3274 1158 aut
3299 1103 3408 1158 ulla

1835 1192 1954 1262 ejus
1983 1204 2157 1266 parte,
2189 1195 2353 1250 etiam
2395 1195 2522 1251 illos
2566 1211 2758 1250 omnes
2796 1193 2890 1264 qui
2928 1191 3174 1264 episcopi
3200 1199 3255 1246 et
3288 1204 3412 1260 pre-

1836 1285 2040 1358 sbyteri
2071 1287 2363 1342 nominain
2393 1285 3008 1358 apostolorum‘scriptis
3031 1283 3260 1340 confusa
3287 1297 3410 1339 esse

1831 1377 2244 1443 existimabant,
2264 1390 2357 1434 aut
2387 1387 2518 1434 tunc
2544 1395 2667 1434 cum
2694 1379 2796 1449 ipsi
2828 1378 3061 1447 apostoli
3089 1377 3406 1437 scriberent,

1832 1479 1928 1524 aut
1981 1470 2176 1526 saltem
2227 1479 2355 1526 ante
2390 1471 2692 1526 secundum
2730 1470 2992 1526 saeculum
3025 1479 3136 1525 tres
3183 1467 3407 1523 ordines

1831 1571 1925 1613 seu
1983 1559 2187 1630 gradus
2243 1559 2570 1624 tradidisse;
2635 1560 2780 1629 quod
2830 1559 2934 1614 hoc
2989 1558 3109 1614 loco
3144 1557 3280 1614 satis
3309 1572 3406 1628 op-

1829 1658 2069 1720 pOrtuno
2089 1650 2574 1706 demonstrandum
2605 1651 2842 1721 suscepi.
2874 1649 3013 1704 Sunt
3040 1658 3220 1704 autem
3253 1647 3311 1702 hi
3340 1663 3408 1703 ex

1828 1742 2122 1807 veteribus,
2147 1750 2208 1797 ut
2234 1743 2452 1814 Opinor,
2485 1757 2700 1809 omnes,
2729 1751 2823 1797 aut
2862 1751 3008 1797 certe
3037 1741 3315 1812 praecipui,
3345 1739 3404 1796 S.

122 1837 404 1905 quosfpro
417 1835 744 1891 confusione
756 1837 1041 1892 nominum
1058 1837 1272 1894 adducit
1289 1837 1538 1904 Dallaeus,
1559 1838 1726 1909 liquet
1759 1838 1801 1894 B
1829 1833 2278 1905 Chrysostomus,
2329 1833 2716 1905 Hieronymus,
2744 1832 3143 1896 Theodoretus,
3169 1831 3404 1888 Ambro-

123 1942 193 1980 ne
224 1942 410 1980 unum
440 1927 685 1996 quidem,
714 1942 840 1982 cum
889 1928 1093 1998 gradus
1134 1938 1442 1997 enumerat,
1476 1939 1572 1986 aut
1597 1945 1722 1986 cum

124 2017 192 2071 de
245 2017 636 2085 singularibus
677 2020 764 2074 sui
817 2021 1081 2090 temporis
1129 2021 1399 2078 ministris
1448 2021 1725 2095 Evangelii

123 2108 407 2177 loquitur,
442 2125 642 2165 nomen
676 2111 982 2184 presbyteri
1016 2113 1068 2168 ei
1119 2114 1213 2183 qui
1260 2115 1552 2186 episc0pns
1578 2126 1726 2172 esset

120 2200 422 2255 tribuisse.
454 2200 522 2256 Et
550 2210 666 2256 tum
691 2217 758 2256 ex
791 2203 914 2268 hac,
950 2213 1065 2257 tum
1099 2219 1170 2259 ex
1219 2205 1389 2274 priori
1423 2207 1726 2263 assertione

119 2301 278 2360 patet
319 2308 494 2362 quam
539 2292 740 2348 falsum
773 2295 847 2349 sit
885 2295 1034 2365 quod
1088 2295 1326 2352 Dallaeus
1370 2313 1472 2354 nos
1523 2299 1726 2357 docere

119 2385 345 2438 voluit:
381 2401 404 2435 ι
437 2381 534 2438 llic
554 2394 673 2439 erat
694 2385 860 2455 hujus
884 2385 1039 2441 vocis
1060 2386 1314 2456 publicus
1339 2389 1482 2458 apud
1504 2399 1724 2447 nostros

116 2491 312 2542 usus,
377 2476 499 2531 haec
570 2475 1014 2533 Christianorum
1063 2479 1212 2535 illius
1267 2481 1552 2538 memoriae
1622 2481 1725 2536 ho-

117 2571 344 2623 minum
403 2569 678 2624 institutio
721 2585 787 2625 ac
827 2573 1202 2638 consuetudo,
1235 2581 1296 2627 ut
1342 2573 1722 2644 presbyterum

115 2660 294 2730 vulgo
328 2668 447 2715 tam
477 2661 572 2730 qui
598 2670 744 2716 esset
774 2661 1092 2731 primarius,
1117 2678 1284 2733 quam
1327 2665 1422 2735 qui
1452 2664 1724 2721 secunda-

116 2751 266 2815 rius,
296 2760 357 2804 et
385 2750 634 2806 dicerent
692 2752 799 2822 ipsi
841 2763 897 2809 et
933 2755 1005 2810 ab
1037 2755 1161 2811 aliis
1209 2757 1418 2814 dictum
1458 2759 1725 2831 intellige-

115 2852 268 2899 rent.
306 2863 326 2896 ι
356 2841 480 2897 Non
511 2843 582 2898 ita
602 2842 794 2915 lgnatii
841 2845 978 2901 Acta
1008 2847 1332 2918 loquuntur,
1361 2865 1470 2905 non
1509 2867 1724 2908 sermu-

113 2936 205 2990 nis
246 2933 702 2989 Christianorum
751 2936 985 3006 diligens
1030 2938 1350 2994 observator
1422 2941 1720 3010 Adrianus,

113 3043 226 3082 non
265 3025 522 3081 Ecclesia
551 3025 923 3098 Smyrnensis,
955 3044 1064 3083 non
1096 3039 1363 3104 martyres
1391 3031 1693 3104 Lugduneu

115 3136 230 3186 ses,
269 3137 388 3175 non
419 3119 779 3192 Hegesippus,
803 3138 912 3179 non
942 3123 1257 3195 Polycrates
1279 3166 1295 3191 ,
1321 3141 1432 3181 non
1469 3126 1719 3198 Serapio,

113 3229 228 3266 non
261 3227 584 3282 auonymus
617 3215 713 3282 qui
745 3225 938 3270 contra
970 3214 1332 3273 Montanistas
1355 3219 1596 3290 scripsit,
1611 3236 1721 3276 nou

113 3306 323 3352 auctor
370 3301 625 3371 martyrii
678 3300 735 3356 S.
773 3301 1075 3374 Perpetua,
1103 3319 1214 3359 non
1247 3320 1490 3363 canones
1509 3308 1604 3378 qui
1633 3310 1722 3364 di-

113 3401 327 3446 cuntur
353 3393 669 3460 apostolici,
699 3408 770 3449 ne
811 3393 1043 3452 Hermas
1064 3397 1308 3467 quidem.
1353 3397 1548 3456 Nullus
1574 3401 1724 3458 illius

114 3484 218 3538 aui
261 3484 511 3553 scriptor
538 3501 706 3541 unum
760 3486 1110 3556 primarium,
1137 3489 1306 3545 alium
1335 3491 1722 3547 secundarium

114 3579 515 3651 presbyterum
546 3580 804 3647 tradidit;
857 3583 1044 3639 nullus
1076 3584 1150 3638 ita
1181 3583 1404 3641 ordines
1434 3600 1724 3642 enumera-

115 3676 192 3728 vit
224 3682 292 3729 ut
345 3673 407 3727 in
455 3673 636 3743 primo
669 3675 1072 3745 presbyterum,
1125 3676 1182 3730 in
1239 3677 1482 3732 secundo
1530 3694 1722 3734 rursus

115 3768 517 3840 presbyterum
549 3768 788 3834 locaret;
841 3768 1028 3824 nullus
1057 3771 1371 3838 quempiam
1419 3777 1550 3826 tunc
1593 3785 1720 3826 cum

115 3863 236 3930 ipse
268 3860 545 3916 scriberet
598 3861 951 3929 superstitem
981 3867 1038 3915 et
1067 3861 1231 3930 primi
1281 3861 1492 3917 ordinis
1544 3862 1722 3918 ollicio

112 3956 446 4024 fungentem
475 3953 850 4026 presbyterum
879 3952 1193 4024 appellavit.

180 4047 312 4103 Jam
344 4062 482 4102 vero
509 4047 638 4102 licet
665 4049 748 4100 vir
773 4045 1130 4101 doctissimus
1161 4060 1231 4100 ex
1263 4042 1588 4100 confusione
1619 4060 1719 4100 no-

114 4142 362 4205 minum,
389 4153 558 4210 quam
589 4137 644 4192 in
671 4137 898 4192 secundi
926 4137 1113 4193 saeculi
1143 4136 1507 4206 scriptoribus
1533 4137 1720 4192 obser-

112 4232 308 4295 vabat,
339 4245 453 4284 non
503 4229 796 4284 concludat
837 4243 964 4284 cum
1016 4228 1290 4284 Salmasio
1320 4227 1460 4284 duos
1506 4237 1716 4283 tantum

114 4325 348 4380 ordines
403 4339 594 4378 sacros
627 4323 682 4377 in
714 4321 959 4378 Ecclesia
1014 4319 1186 4376 fuisse
1235 4336 1353 4376 aevo
1393 4319 1717 4392 lgnatiano;

115 4419 250 4473 licet
276 4424 550 4487 praeterea
573 4413 920 4470 Hammondo
949 4415 1064 4480 det,
1093 4414 1258 4469 etiam
1299 4413 1403 4469 sub
1448 4412 1718 4482 apostolis

1747 3180 1794 3240 C

1826 1924 2043 1988 siaster,
2072 1922 2325 1995 Pelagius
2349 1964 2364 1990 ,
2389 1922 2672 1990 Sedulius,
2704 1923 3029 1991 Primasius,
3063 1923 3411 1995 The0phyla-

1827 2029 1970 2080 eius,
1997 2014 2388 2071 (Ecumenius.
2433 2015 2540 2084 Qui
2569 2018 2818 2072 omnium
2851 2017 3064 2086 primus
3097 2017 3237 2070 inter
3259 2014 3412 2070 Grae-

1826 2124 1922 2162 cos
1951 2108 2094 2163 hanc
2124 2109 2408 2162 nominum
2459 2108 2838 2164 confusionem
2884 2109 3044 2164 nobis
3088 2109 3311 2164 tradidit
3348 2106 3406 2162 S.

1825 2198 2278 2271 Chrysostomus,
2302 2201 2505 2270 ubique
2534 2201 2772 2257 ostendit
2795 2201 2956 2257 etiam
2989 2210 3121 2256 tunc
3146 2200 3408 2270 temporis

1825 2295 2200 2364 episcopatum
2239 2292 2412 2349 fuisse
2442 2294 2689 2349 ordinem
2722 2297 2767 2365 ξε
2801 2295 3181 2366 presbyteraI-u
3215 2292 3409 2348 distin-

1827 2395 1974 2440 ctum
2001 2394 2054 2440 et
2088 2386 2449 2456 superiorem.
2475 2384 2558 2440 Ad
2586 2385 2677 2440 illa
2702 2387 2866 2441 verba
2890 2385 3092 2455 Philip.
3122 2404 3157 2453 ι,
3182 2385 3207 2439 l
3241 2402 3255 2437 :
3281 2383 3410 2438 Σὺν

1825 2475 2175 2544 ἐπισκόποις
2204 2477 2301 2532 καὶ
2333 2476 2656 2544 διακόνοις,
2693 2477 2809 2532 haec
2839 2478 3102 2532 adnotat:
3127 2476 3193 2530 Τί
3226 2475 3415 2544 τοῦτος

1824 2567 1972 2632 Μιᾶς
2000 2568 2206 2634 πόλεως
2227 2568 2408 2623 πολλοὶ
2425 2570 2711 2623 ἐπίσκοποι
2737 2565 2879 2640 ἦσαν
2903 2586 2918 2635 ;
2955 2569 3248 2640 Οὐδαμῶςο
3273 2569 3411 2625 ἀλλὰ

1824 2658 1952 2722 τοὺς
1983 2659 2389 2732 πρεσϐυτέρους
2437 2658 2610 2724 οὕτως
2661 2659 2920 2714 ἐκάλεσεο
2976 2661 3099 2715 τότε
3131 2659 3241 2733 γὰρ
3271 2659 3411 2724 τέως

1823 2750 2144 2806 ἐκοινώνουν
2175 2755 2285 2817 τοῖς
2331 2753 2588 2824 ὀνόμασι,
2626 2753 2719 2807 καὶ
2750 2753 2994 2818 διάκονος
3043 2756 3072 2808 ὁ
3114 2753 3410 2818 ἐπίσκοπος

1824 2843 2064 2913 ἐλέγετο.
2095 2864 2114 2897 ι
2142 2844 2286 2912 Quid
2323 2847 2463 2901 hoc“!
2492 2845 2669 2902 Unius
2698 2847 2856 2903 urbis
2906 2847 3067 2903 multi
3098 2856 3256 2902 erant
3294 2846 3408 2917 epi-

1825 2937 2014 3006 scopi?
2036 2935 2427 3007 Nequaquam;
2475 2937 2572 2994 sed
2605 2938 2954 3010 presbyteros
2985 2939 3056 2994 ita
3085 2938 3406 3009 appellavit:

1825 3034 1958 3082 tunc
1989 3027 2137 3082 enim
2197 3029 2379 3083 adhuc
2435 3028 2754 3085 nominibus
2807 3031 3307 3098 communicabant,
3355 3037 3410 3084 et

1826 3120 2118 3188 episcopus
2148 3120 2418 3176 diaconus
2445 3121 2751 3176 dicebatur.
2788 3141 2807 3174 ι
2841 3121 3076 3193 Agnovit
3104 3123 3269 3194 igitur
3295 3122 3412 3178 sin-

1828 3212 2045 3282 gulares
2074 3213 2364 3283 episcopos
2415 3215 2471 3268 in
2513 3214 2749 3286 singulis
2785 3216 3016 3272 urbibus
3056 3217 3408 3283 constitutos,

1829 3306 1924 3376 qui
1951 3322 2100 3360 nunc
2129 3306 2396 3377 episcopi,
2425 3323 2574 3363 nunc
2616 3307 2918 3379 presbyteri
2951 3350 2966 3375 ,
3001 3325 3150 3365 nunc
3193 3309 3406 3366 diaconi

1825 3399 2164 3454 dicebantur.
2221 3397 2407 3453 Talem
2465 3400 2782 3472 episcopum
2835 3400 3181 3455 Timotheum
3237 3401 3412 3460 fuisse

1825 3490 2062 3546 asseruit
2092 3507 2106 3543 :
2140 3491 2261 3545 Ὀτι
2293 3489 2405 3560 γὰρ
2435 3491 2734 3555 ἐπίσκοπος
2763 3488 2851 3563 ἧν,
2888 3492 3022 3564 φησὶ
3054 3491 3194 3566 πρὸς
3225 3494 3408 3559 αὐτὸν,

1823 3583 2035 3652 Χεῖρας
2054 3580 2280 3650 ταχέως
2285 3577 2498 3648 μηδενὶ
2508 3579 2772 3638 ἐπιτίθει.
2807 3603 2824 3635 ι
2837 3583 3111 3651 Quoniam
3137 3586 3282 3641 enim
3297 3588 3412 3658 epi-

1824 3691 2026 3745 scopus
2054 3685 2192 3742 erat,
2215 3684 2270 3730 et
2286 3675 2417 3730 dicit
2443 3694 2458 3731 :
2486 3675 2678 3730 Manus
2709 3677 2814 3730 cito
2845 3680 3040 3733 nemini
3065 3681 3274 3750 impone
3305 3681 3404 3736 “.i

1823 3764 2036 3821 Rursus
2051 3781 2174 3835 quae
2189 3773 2314 3820 ante
2335 3765 2548 3820 dixerat
2563 3767 2884 3837 recolligens
2899 3769 3222 3824 sententiam
3254 3787 3408 3827 suam

1822 3867 2009 3929 aperte
2037 3859 2289 3914 enuntiat
2323 3877 2336 3912 :
2373 3859 2551 3931 Ὅπερ
2582 3854 2676 3912 οὖν
2708 3859 2864 3931 ἔφην,
2901 3863 2993 3916 καὶ
3025 3865 3076 3916 οἱ
3109 3864 3410 3939 πρεσϐύτε-

1823 3969 1907 4024 ροι
1927 3952 1986 4006 τὸ
2003 3951 2232 4006 παλαιὸν
2255 3950 2548 4006 ἐκαλοῦντο
2569 3953 2858 4009 ἐπίσκοποι
2875 3996 2890 4021 ,
2916 3957 3010 4010 καὶ
3038 3959 3088 4012 οἰ
3121 3958 3411 4014 ἐπίσκοποι

1823 4044 2185 4118 πρεσϐύτεροι
2233 4045 2328 4098 καὶ
2359 4045 2598 4099 διάκονοι
2630 4046 2725 4100 τοῦ
2745 4047 2984 4120 Χριστοῦ
3021 4049 3116 4121 (ita
3146 4050 3264 4107 haec
3288 4067 3413 4122 qua}

1821 4138 1877 4192 in
1907 4139 2068 4193 editis
2105 4137 2334 4192 confusa
2389 4146 2540 4204 sunt,
2576 4138 2801 4210 legenda
2848 4156 2972 4196 esse
3017 4156 3082 4196 ex
3131 4142 3410 4212 prioribus

1819 4231 2011 4299 patet),
2037 4230 2159 4283 ὅθεν
2191 4229 2285 4283 καὶ
2316 4228 2412 4284 νῦν
2447 4230 2631 4284 πολλοὶ
2666 4219 3137 4305 ωμπρεσὸυτὲρῳ
3189 4233 3412 4290 ἐπίσκο-

1822 4340 1914 4378 ποι
1963 4323 2234 4395 γράφουσι
2269 4323 2364 4377 καὶ
2411 4323 2760 4396 συνδιακόνῳ,
2807 4325 2992 4379 λοιπὸν
3025 4326 3082 4380 δὲ
3114 4325 3176 4381 τὸ
3212 4327 3412 4390 ἰδιάζον

1821 4413 2036 4483 ἑκάστῳ
2067 4413 2469 4486 ἀπωενὲμηται
2502 4414 2694 4485 ὄνομα,
2713 4416 2741 4468 ὁ
2766 4415 3066 4480 ἐπίσκοπος
3098 4417 3192 4470 καὶ
3224 4417 3253 4469 ό
3275 4434 3412 4489 πρε-ι

116 4521 233 4566 tres
264 4508 497 4565 ordines
531 4508 841 4574 exstitisse;
875 4517 1056 4562 tamen
1107 4521 1232 4561 cum
1282 4505 1399 4576 ipse
1436 4505 1558 4560 loca
1589 4519 1721 4574 apo-
1753 4520 1794 4574 D
1825 4505 2108 4576 σὸύτερος.
2150 4525 2168 4556 ι
2210 4507 2366 4572 Quod
2403 4507 2569 4578 igitur
2589 4506 2863 4574 dicebam,
2893 4516 2949 4562 et
2971 4509 3272 4580 presbyteri
3303 4525 3408 4563 an-

117 4605 321 4660 stolica
354 4603 516 4657 aliter
538 4601 813 4671 explicare
840 4600 1110 4663 videatur,
1143 4607 1199 4653 et
1241 4597 1551 4668 argumenti
1576 4597 1720 4652 mul-

117 4707 176 4752 to
207 4696 393 4766 major
439 4694 527 4749 vis
564 4703 733 4757 esset,
769 4694 818 4748 si
868 4691 1172 4747 adversarii
1216 4691 1454 4761 probare
1492 4698 1720 4760 possent

123 4802 317 4843 revera
356 4795 471 4841 tres
511 4783 736 4840 ordines
764 4783 1058 4838 distinctos
1098 4781 1292 4853 lgnatii
1325 4794 1444 4836 aevo
1492 4780 1720 4836 minime

121 4881 320 4944 fuisse,
358 4893 508 4949 quos
537 4877 898 4948 epistolarum
929 4875 1164 4945 scriptor
1193 4882 1304 4928 tam
1339 4881 1492 4928 caste
1515 4883 1570 4928 et
1592 4887 1718 4943 per-

123 4979 293 5042 petuo
312 4969 649 5040 distinguit;
693 4982 762 5021 ne
804 4967 1129 5022 sententiam
1163 4963 1418 5020 Salmasii
1458 4965 1717 5021 intactam

123 5065 463 5133 relinquere,
498 5068 595 5115 aut
621 5058 967 5116 concessioni
1006 5057 1292 5113 Dallaeana
1339 5057 1505 5112 nimis
1551 5057 1722 5113 ﬁdere

122 5159 340 5221 videar,
372 5156 439 5210 de
463 5155 569 5210 hac
594 5169 654 5210 re
686 5153 918 5208 ulterius
943 5151 1324 5208 disserendum
1349 5165 1472 5206 esse
1507 5150 1717 5221 putavi.

128 5252 212 5306 Sit
237 5251 411 5319 igitur
440 5255 638 5317 quarta
688 5245 920 5300 assertio
953 5261 965 5296 :
994 5243 1070 5298 Ea
1110 5251 1270 5297 aatate
1302 5257 1410 5313 qua
1467 5241 1524 5296 S.
1561 5240 1720 5310 lgna-

127 5346 238 5399 tius
267 5342 538 5414 epistolas
568 5340 860 5409 scripsisse
887 5337 1108 5402 dicitur,
1135 5344 1249 5390 tres
1279 5349 1469 5390 sacros
1495 5335 1718 5388 ordines

127 5452 219 5492 seu
243 5435 455 5508 gradus
487 5433 776 5488 distinctos
825 5431 880 5484 in
925 5427 1170 5485 Ecclesia
1208 5425 1406 5482 fuisse.
1475 5424 1593 5481 Hoc
1648 5425 1718 5480 ab

127 5528 373 5585 Feclesia
403 5526 708 5598 Anglicana
737 5539 951 5593 semper
971 5521 1158 5588 didici,
1189 5534 1314 5591 quae
1356 5518 1412 5572 in
1444 5517 1719 5574 Ordinalis

128 5624 210 5676 sui
238 5619 572 5693 prrefatione
619 5617 696 5670 ita
733 5615 1018 5684 loquitur:
1052 5631 1072 5664 ‹
1121 5611 1361 5667 Evidens
1409 5617 1495 5664 est
1538 5608 1718 5663 omni-

127 5715 228 5770 bus
274 5715 572 5784 diligenter
618 5708 926 5779 legentibus
983 5715 1231 5763 sanctam
1277 5702 1616 5774 Scripturam
1663 5710 1717 5757 et

195 5825 238 5855 “
269 5826 289 5876 l
323 5820 471 5877 Tim.
515 5837 571 5884 v,
605 5818 697 5872 ἓξ.

457 5917 729 5976 ΡΑτιιοι.
763 5911 878 5975 Gl.
930 5911 1006 5971 γ.

1821 4597 2053 4667 tiquitus
2076 4599 2420 4652 vocabantur
2448 4598 2711 4668 episcopi,
2747 4605 2803 4652 et
2831 4599 3070 4668 episcopi
3104 4599 3403 4670 presbyteri

1820 4698 1876 4745 et
1897 4688 2112 4744 diaconi
2153 4687 2357 4743 Christi
2404 4688 2572 4760 (unde
2619 4691 2922 4744 etiamnum
2976 4689 3133 4744 multi
3164 4690 3402 4760 episcopi

1821 4780 2070 4836 scribunt
2091 4782 2550 4853 sympresbytero,
2566 4790 2622 4836 et
2649 4779 3005 4852 syndiacono)
3025 4798 3041 4847 ;
3065 4788 3253 4850 postea
3274 4795 3406 4834 vero

1821 4872 2098 4944 peculiare
2128 4871 2428 4940 unicuique
2457 4887 2657 4926 nomen
2687 4872 3026 4942 assignatum
3055 4879 3160 4936 est,
3191 4871 3379 4941 episco

1821 4981 1925 5036 pus
1952 4973 2009 5019 et
2065 4965 2368 5036 presbyter.
2409 4982 2429 5015 ι
2464 4961 2676 5020 Rursus
2721 4963 2951 5018 homilia
2997 4963 3284 5018 undecima
3347 4964 3401 5020 in

1821 5058 2053 5128 primam
2108 5058 2176 5112 ad
2217 5056 2567 5111 Timotheum
2621 5055 2920 5126 Epistolam
2962 5074 2976 5110 :
3011 5056 3401 5126 Διαλεγόμενος

1819 5149 1950 5222 περὶ
1995 5149 2312 5202 ἐπισκόπων
2357 5147 2452 5202 καὶ
2482 5146 2897 5219 χαρακτηρίσας
2945 5147 3161 5209 αὐτοὺς,
3196 5146 3289 5200 καὶ
3320 5147 3402 5200 ει-

1821 5241 1938 5293 πὼν
1969 5240 2088 5293 τίνα.
2123 5239 2219 5310 μὲν
2250 5239 2415 5309 ἔχειν,
2449 5239 2608 5294 τίνων
2638 5239 2695 5292 δὲ
2725 5238 3024 5311 ἀπέχεσθαι
3057 5237 3184 5312 χρὴ,
3219 5237 3311 5291 καὶ
3342 5238 3404 5292 τὸ

1819 5332 1929 5386 τῶν
1961 5330 2348 5403 πρεσϐυτέρων
2393 5330 2578 5401 τάγμα
2608 5330 2788 5400 ἀφεὶς,
2839 5333 2919 5393 είς
2965 5329 3092 5393 τοὺς
3122 5329 3403 5394 διακόνους

1823 5423 2187 5496 μετεπήδησε.
2219 5420 2531 5491 Τίδήποτε;
2555 5423 2638 5475 ὅτι
2672 5422 2734 5474 οὐ
2763 5421 2898 5475 πολὺ
2933 5421 2992 5474 τὸ
3028 5420 3191 5492 μέσον
3223 5421 3404 5475 αὐτῶν

1821 5516 1914 5570 καὶ
1947 5513 2054 5568 τῶν
2106 5512 2441 5576 ἐπισκόπων,
2478 5513 2572 5566 καὶ
2604 5513 2715 5584 γὰρ
2748 5513 2840 5568 καὶ
2874 5513 3027 5566 αὐτοὶ
3053 5511 3402 5566 διδασκαλίαν

1821 5608 1965 5662 εἰσὶν
1994 5604 2405 5675 ἀναδεδεγμένοι
2427 5604 2520 5658 καὶ
2545 5605 2880 5678 προστασίαν
2912 5605 3008 5673 τῆς
3041 5601 3364 5672 Ἐκκλησίας
3383 5619 3395 5631 ·

1823 5698 1913 5756 καὶ
1946 5696 1982 5751 ἃ.
2014 5695 2141 5769 περὶ
2175 5692 2487 5748 ἐπισκόπων
2519 5687 2662 5757 εἶπε,
2688 5691 2855 5750 ταῦτα
2893 5691 2983 5744 καὶ
3010 5690 3400 5764 πρεσϐυτέροις

2974 5917 3044 5976 ιι
