3848 6204
374 356 484 415 ‘02?

1420 347 1481 404 s.
1513 342 1868 402 lGNATlUS.
1893 372 1965 384 -
2009 332 2554 406 PROLEGOMENA.

3538 318 3645 374 ιιι.

382 479 680 551 ἁρμόττειο
733 478 801 548 τῇ
824 473 932 548 γὰρ
966 471 1268 548 χειροτονίᾳ
1325 472 1463 545 μόνῃ
1508 467 1972 541 ὑπερϐεϐλήκασι,

2082 458 2318 529 primam
2355 454 2423 510 ad
2454 449 2703 508 Corinth.
2733 464 2748 500 ε
2785 447 3016 500 Ἔπειτα
3045 441 3200 512 ὤφθη
3235 435 3495 508 Ἰακώϐῳ,
3529 433 3657 505 ἐμοὶ

384 576 480 632 καὶ
510 572 686 644 τούτῳ
718 571 877 643 μόνον
917 569 1131 624 δοκοῦσι
1182 567 1520 620 πλεονεκτεῖν
1559 566 1685 627 τοὺς
1735 561 1964 634 πρεσϐυ-

384 670 598 743 τέρους.
641 687 660 720 ι
700 667 986 722 Disserens
1011 665 1077 720 de
1103 662 1376 733 episcopis
1394 701 1410 725 ,
1435 674 1736 727 eorumque
1764 657 1963 712 chara-

387 773 564 819 cteres
598 761 934 826 describens,
978 758 1277 827 dicensque
1327 770 1450 825 quae
1493 768 1589 808 eos
1637 760 1822 807 tenere
1859 759 1965 804 eta

389 854 592 926 quibus
647 853 922 908 abstinere
975 859 1223 920 oportet,
1272 847 1711 918 presbyterorum
1773 841 1968 898 ordine

389 949 617 1013 omisso,
633 947 698 1002 ad
729 946 992 1002 diaconos
1011 941 1288 998 transiliit.
1313 939 1531 1006 Quare?
1557 937 1685 1007 quia
1710 936 1850 990 inter
1872 949 1968 989 eos

381 1053 446 1097 et
472 1043 759 1112 episcopos
794 1055 903 1095 non
945 1037 1175 1092 multum
1207 1036 1448 1090 interest.
1481 1031 1619 1086 Nam
1646 1039 1702 1086 et
1725 1029 1826 1100 ipsi
1863 1028 1968 1083 do-

378 1134 548 1191 cendi
592 1149 792 1188 munus
833 1142 887 1188 et
915 1131 1292 1203 praefecturam
1318 1124 1572 1181 Ecclesia:
1611 1128 1964 1192 acceperunt:

389 1238 445 1284 et
465 1245 528 1284 ea
557 1244 679 1299 qua:
708 1227 775 1282 de
795 1224 1066 1296 episcOpis
1089 1222 1244 1285 dixit,
1277 1219 1444 1275 etiam
1474 1216 1807 1288 presbyteris
1835 1228 1970 1268 con-

390 1323 645 1387 veniunt;
675 1319 791 1376 sola
822 1319 967 1374 enim
991 1314 1277 1371 ordinandi
1311 1319 1578 1383 potestate
1604 1309 1896 1372 excellunt,
1916 1315 1971 1360 et

392 1415 494 1470 hac
524 1429 629 1468 una
688 1429 746 1467 re
795 1412 1046 1466 videntur
1074 1409 1403 1480 presbyteris
1435 1403 1744 1474 superiores
1771 1415 1912 1454 esse.
1942 1417 1964 1449 ι

393 1507 548 1562 Unde
593 1512 809 1560 constat
851 1511 1101 1558 sanctum
1130 1502 1585 1570 Cbrysostomum
1624 1492 1971 1547 existimasse

391 1608 520 1653 tunc
550 1611 673 1651 eum
717 1595 786 1649 ad
833 1590 1181 1647 Timotheum
1223 1590 1442 1659 scripsit
1485 1595 1712 1643 sanctus
1743 1581 1966 1644 Paulus,

391 1697 589 1760 praeter
621 1687 884 1742 diaconos
915 1693 969 1738 et
997 1684 1363 1753 presbyteros,
1391 1678 1557 1733 etiam
1606 1676 1891 1744 episc0pos
1915 1673 1968 1726 in

393 1780 634 1837 Ecclesia
687 1779 891 1844 fuisse,
943 1793 1044 1848 per
1087 1775 1374 1844 episcopos
1401 1787 1468 1826 eo
1518 1771 1638 1824 loco
1680 1768 1827 1830 solos
1859 1767 1971 1836 pri-

392 1899 466 1952 mi
500 1896 710 1952 ordinis
749 1893 1032 1950 ministros
1078 1891 1402 1956 intellectos,
1428 1898 1599 1944 totum
1629 1888 1971 1959 presbytero-

393 2007 514 2046 rum
546 1990 792 2044 ordinem
817 1988 1084 2042 omissum
1127 2000 1248 2040 esse
1274 2025 1290 2051 ,
1326 1983 1619 2038 discrimen
1658 1982 1798 2035 inter
1829 1980 1970 2035 duos

392 2083 612 2138 ordines
653 2083 786 2138 satis
829 2079 1180 2134 manifestum
1210 2091 1352 2140 esse,
1382 2074 1529 2145 quod
1567 2081 1809 2143 potestas
1836 2086 1971 2126 con-

394 2175 603 2230 ferendi
648 2188 836 2229 sacros
865 2171 1092 2226 ordines
1133 2168 1402 2238 episcopis
1441 2173 1804 2236 competeret,
1846 2177 1971 2233 pre-

393 2265 626 2337 sbyteris
653 2279 868 2333 semper
893 2271 1083 2332 negata
1101 2269 1264 2316 esset.
1291 2258 1669 2314 Falsissimum
1696 2256 1860 2326 igitur
1888 2264 1973 2310 est

393 2357 538 2428 quod
570 2355 880 2409 Blondellus
910 2353 966 2407 in
1005 2352 1269 2422 Apologia
1302 2367 1367 2405 ex
1416 2351 1519 2405 hoc
1563 2364 1674 2403 uno
1719 2348 1840 2402 loco
1871 2360 1970 2415 pro

394 2464 497 2505 suo
525 2463 678 2503 more
708 2446 982 2517 expiscari
1026 2445 1221 2511 voluit,
1255 2443 1707 2513 Chrysostomum
1741 2439 1969 2509 interja-

392 2555 524 2595 cens
551 2549 710 2593 etate
737 2553 836 2592 sua
883 2537 1024 2590 inter
1047 2536 1356 2591 sacerdotes
1386 2534 1680 2603 διάστημα,
1727 2533 1796 2588 ob
1833 2546 1971 2585 ocu~

393 2631 479 2687 los
507 2630 783 2697 habuisse,
816 2645 955 2698 quos
984 2637 1166 2683 tamen
1198 2628 1267 2682 ab
1298 2627 1506 2697 origine
1534 2643 1692 2697 pares
1721 2634 1966 2680 noverat.

393 2721 530 2778 Nam
607 2723 714 2776 alia
798 2720 984 2775 omnia
1054 2720 1400 2792 διαστήματα
1483 2735 1607 2790 qua:
1669 2733 1770 2773 sua
1843 2725 1969 2771 asta-

396 2826 450 2868 te
497 2813 952 2884 agnoscebantur,
1009 2826 1236 2882 prorsus
1301 2810 1550 2875 abstulit,
1603 2810 1697 2864 sed
1747 2809 1814 2862 ab
1851 2809 1968 2879 ipsa

393 2907 604 2976 origine
646 2906 958 2961 observavit
1004 2906 1111 2960 hoc
1146 2904 1478 2971 discrimen,
1528 2919 1848 2973 semperque
1896 2903 1970 2957 ita

393 3007 643 3054 sanctum
699 2997 928 3052 Paulum
983 2997 1373 3067 interpretatus
1429 3005 1637 3060 est,ut
1694 2995 1971 3065 impositio

393 3106 654 3146 manuum
679 3091 814 3144 nulli
845 3090 952 3145 nisi
983 3091 1145 3160 primi
1176 3090 1383 3145 ordinis
1411 3089 1700 3156 sacerdoti,
1722 3089 1836 3143 sive
1855 3089 1970 3157 cpi-

2067 528 2235 613 όοκεῖ,
2269 547 2348 618 τῷ
2383 543 2597 614 ἀδελφῷ
2628 541 2708 612 τῷ
2727 538 2942 606 ἐαυτοῦ,
2976 537 3137 600 αὐτὸς
3168 533 3278 606 γὰρ
3311 531 3474 586 αὐτὸν
3503 528 3660 595 λέγει

2069 659 2157 697 ται
2206 637 2728 711 κεχειροτονηκέναι,
2774 633 2868 686 καὶ
2911 630 3208 685 ἐπίσκοπον
3256 627 3312 678 ἐν
3355 620 3660 694 Ἱεροσολύ-

2073 749 2192 805 μοις
2225 727 2586 800 πεποιηκέναι
2618 723 2857 798 πρῶτον.
2889 741 2907 772 ι
2930 719 3125 774 Postea
3154 714 3406 787 apparuit
3425 712 3660 776 Iacobo,

2073 835 2130 879 ut
2153 822 2289 877 mihi
2310 821 2548 884 videtur,
2579 816 2732 871 fratri
2758 831 2879 870 suo.
2933 812 3055 883 Ipse
3092 811 3240 866 enim
3272 808 3425 862 illum
3451 805 3659 860 dicitur

2071 915 2361 970 ordinasse
2404 921 2460 967 et
2487 911 2727 981 primum
2779 905 3282 976 Hierosolymorum
3334 901 3658 970 episcopum

2071 1008 2287 1063 fecisse.
2323 1024 2342 1057 ι
2377 1004 2524 1059 ldem
2549 1009 2800 1058 sanctum
2849 997 3118 1070 lgnatium
3169 1001 3441 1058 nostrum,
3471 990 3662 1044 Antio—

2071 1101 2260 1155 chenaa
2288 1096 2544 1153 Ecclesiae
2571 1094 2894 1165 episcopum
2927 1106 2957 1144 a
2989 1097 3182 1145 sancto
3213 1086 3375 1141 Petro
3427 1084 3660 1138 ordina-

2074 1203 2190 1247 tum
2218 1190 2486 1261 agnovit,
2522 1196 2578 1242 et
2629 1184 2995 1241 ordinationis
3040 1181 3189 1237 illius
3239 1177 3661 1250 praerogativam

2073 1285 2230 1339 miris
2263 1283 2440 1337 modis
2464 1279 2801 1351 praedicavit.

2143 1374 2206 1430 B.
2240 1373 2623 1428 Theodoretus
2644 1367 3027 1426 confusionem
3061 1364 3350 1420 nominum
3380 1359 3659 1432 agnoscit,

2072 1477 2127 1522 et
2151 1468 2257 1522 late
2288 1465 2546 1535 explicat,
2568 1464 2634 1518 ad
2665 1462 2900 1532 Philipp.
2919 1460 3026 1525 1,1.
3051 1459 3157 1512 Sed
3182 1457 3468 1526 episcopos
3491 1453 3661 1508 etiam

2071 1571 2203 1615 tunc
2240 1559 2502 1628 temporis
2555 1556 2837 1611 exstitisse
2864 1562 2920 1608 et
2949 1550 3283 1623 presbyteris
3336 1548 3662 1616 superiores

2075 1652 2248 1708 fuisse
2275 1650 2440 1706 simul
2465 1648 2684 1703 asserit.
2717 1647 2886 1700 Docet
2907 1659 2975 1700 eo
3003 1643 3114 1698 loci
3142 1639 3540 1711 perepiscopos
3568 1636 3662 1688 iu-

2075 1745 2243 1813 telligi
2296 1742 2644 1812 presbyteros
2671 1738 2902 1804 debere;
2937 1735 3033 1791 sed
3062 1729 3520 1803 Epaphroditum,
3561 1725 3664 1796 qui
3713 1717 3716 1721 ’

2003 1839 2047 1898 Β
2078 1847 2190 1892 tum
2219 1835 2278 1889 S.
2311 1834 2482 1888 Paulo
2516 1834 2726 1895 aderat,
2751 1839 2804 1884 et
2830 1843 2926 1898 per
2953 1841 3118 1897 quem
3155 1823 3441 1892 epistolam
3485 1820 3662 1884 misit,

2074 1926 2508 1996 Philippensium
2538 1923 2856 1992 episcopum
2889 1920 3061 1973 fuisse
3094 1915 3356 1970 ostendit.
3387 1912 3490 1964 Τὸν
3514 1910 3572 1964 δέ
3596 1926 3663 1979 γε

2077 2019 2346 2092 μακάριον
2385 2015 2770 2088 Ἐπαφρόδιτον
2799 2015 2856 2067 ἐν
2876 2013 3013 2081 αὐτῇ
3045 2011 3113 2080 τῇ
3139 2007 3391 2076 ἐπιστολῇ
3422 2004 3663 2058 ἀπόστο-

2072 2114 2163 2168 λον
2185 2111 2367 2167 αὐτῶν
2397 2109 2689 2179 κέκληκεν.
2739 2107 2936 2176 Σαφῶς
2967 2105 3146 2158 τοίνυν
3179 2099 3414 2166 ἐδίδαξεν
3451 2098 3528 2161 ὡς
3559 2097 3665 2166 τὴν

2072 2204 2430 2274 ἐκισκοπικὴν
2460 2200 2772 2271 οἰκονομίαν
2791 2199 2953 2260 αὐτὸς
2980 2195 3336 2251 ἐπεπίστευτο
3367 2190 3507 2260 ἔχων
3528 2189 3667 2241 ἀπο-

2074 2297 2261 2352 στόλου
2315 2294 2726 2368 προσηγορίανε
2770 2310 2788 2342 ι
2840 2290 3066 2345 Beatum
3115 2283 3547 2356 Epaphroditum
3603 2280 3665 2334 in

2071 2389 2305 2460 epistola
2357 2388 2474 2457 ipsa
2506 2384 2819 2455 apostolum
2868 2395 3062 2435 eorum
3092 2376 3406 2447 appellavit.
3463 2374 3665 2441 Aperte

2071 2499 2201 2554 ergo
2239 2481 2432 2535 docuit
2471 2477 2838 2548 episcopalem
2870 2471 3339 2542 dispensationem
3390 2467 3442 2522 ei
3489 2465 3666 2520 fuisse

2072 2552 2359 2633 creditam,
2388 2582 2512 2621 cum
2542 2565 2958 2635 appellationem
2988 2559 3212 2614 haberet
3252 2557 3508 2626 apostoli.
3543 2574 3561 2606 ι
3598 2552 3668 2607 Ει

2072 2676 2268 2716 rursus
2301 2659 2367 2713 ad
2391 2657 2584 2727 cap.2,
2627 2672 2773 2711 vers.
2797 2655 2870 2708 9.3
2902 2673 2914 2706 :
2956 2650 3274 2704 Ἀπόστολον
3300 2650 3354 2703 δὲ
3383 2649 3546 2702 αὐτὸν
3568 2647 3666 2701 κέ-

2073 2751 2274 2823 κληκεν
2304 2751 2506 2814 αὐτῶν,
2532 2750 2607 2811 ὼς
2631 2748 2730 2819 τὴν
2761 2745 3078 2816 ἐπιμέλειαν
3101 2742 3278 2796 αὐτῶν
3299 2743 3666 2812 ἐμπεπιστευ-
3726 2731 3728 2733 ’

2075 2845 2254 2916 μένον,
2283 2843 2359 2906 ὡς
2387 2836 2701 2911 εἶναιδῆλον
2730 2839 2812 2892 ὅτι
2841 2837 2945 2890 ὑπὸ
2972 2834 3159 2889 τοῦτον
3184 2834 3397 2888 ἐτέλουν
3424 2833 3474 2884 οἱ
3502 2833 3562 2883 ἐν
3583 2828 3665 2901 τῷ

2073 2935 2344 3007 προοιμίῳ
2378 2932 2670 3004 κληθέντες
2699 2929 3006 2988 ἐπίσκοποι,
3044 2927 3138 2980 τοῦ
3176 2923 3550 2996 πρεσϐυτέρου
3572 2922 3668 2992 δη-

2073 3027 2246 3080 λονότι
2297 3025 2397 3096 τὴν
2441 3023 2594 3088 τάξιν
2622 3019 2977 3092 πληροῦντες.
3011 3038 3028 3070 ι
3059 3016 3382 3087 Apostolum
3415 3015 3662 3083 ipsorum

2074 3117 2311 3183 vocavit,
2341 3124 2401 3170 ut
2427 3115 2516 3170 cui
2546 3123 2695 3170 esset
2721 3126 2913 3167 eorum
2931 3125 3065 3167 cura
3090 3107 3428 3164 concredita.
3459 3100 3534 3158 Ut
3551 3104 3667 3158 cla-

395 3200 560 3255 ⁵⁰⁰Ρ⁰
611 3198 827 3252 prome
861 3182 1006 3238 δωίο
1033 3192 1165 3238 tunc
1190 3190 1540 3251 competere“
1571 3180 1627 3234 ¹¹¹
1660 3180 1760 3237 hac
1784 3196 1843 3234 re
1861 3179 1979 3250 epi'
2001 3201 2045 3260 C
2079 3223 2204 3262 rum
2261 3207 2334 3260 sit
2357 3205 2460 3261 sub
2487 3205 2578 3260 illo
2625 3204 2967 3259 ministrasse
2998 3217 3115 3266 eos,
3150 3199 3244 3269 qui
3292 3199 3346 3250 in
3383 3195 3668 3250 Procemio

393 3291 589 3345 scapos
621 3277 991 3347 ὑπερϐαίνειν,
1027 3276 1082 3330 in
1123 3276 1226 3330 hac
1255 3274 1594 3328 πλεονεκτεῖν
1635 3274 1762 3335 τοὺς
1797 3289 1969 3343 πρεσ-

395 3367 654 3440 ϐυτέρους
684 3368 821 3423 dixit
851 3385 864 3420 :
900 3378 952 3422 et
977 3367 1110 3423 satis
1139 3367 1378 3436 amplum
1410 3366 1515 3420 hoc
1539 3364 1832 3420 discrimen
1862 3362 1976 3432 ipse

391 3457 674 3530 judicavit.
716 3456 851 3513 Nam
891 3459 1108 3512 πάντων
1144 3457 1380 3529 μάλιστα
1431 3454 1784 3529 κυριώτατον,
1821 3455 1911 3510 καὶ
1944 3456 1973 3509 ὃ

398 3550 629 3623 μάλιστα
663 3553 873 3622 συνέχει
935 3551 1031 3623 τὴν
1079 3549 1431 3622 Ἐκκλησίαν,
1466 3549 1526 3601 τὸ
1571 3547 1679 3602 τῶν
1731 3565 1972 3620 χειροτο-

395 3641 545 3707 νιῶν,
568 3662 586 3694 ι
619 3651 940 3712 potestatem
992 3642 1279 3697 ordinandi
1303 3641 1549 3696 omnium
1578 3657 1888 3710 supremam
1921 3649 1976 3696 et

395 3751 518 3807 qua:
554 3734 854 3790 Ecclesiam
910 3735 1152 3789 maxime
1182 3733 1442 3801 continet,
1480 3733 1743 3787 rhomilia
1775 3735 1967 3802 quinta

396 3832 464 3886 ad
498 3832 728 3901 primam
760 3830 929 3900 Epist.
961 3829 1028 3884 ad
1056 3830 1402 3883 Timotheum
1447 3829 1850 3898 pronuntiavit;
1879 3844 1974 3897 pa—

398 3941 487 3980 res
515 3925 680 3995 igitur
703 3940 982 3993 nunquam
1015 3924 1256 3994 agnovit.
1295 3923 1409 3978 Hoc
1432 3923 1486 3978 in
1536 3923 1856 3993 explicanda
1911 3919 1971 3976 S.

395 4016 772 4088 Cbrysostomi
805 4015 1072 4069 sententia
1101 4026 1310 4070 certum
1342 4024 1446 4079 est,
1476 4024 1536 4070 ut
1581 4015 1634 4068 in
1689 4014 1971 4069 nonnullis

396 4109 532 4164 locis
565 4108 654 4162 ubi
687 4107 987 4179 presbyteri
1021 4123 1218 4163 nomen
1242 4107 1548 4162 adhibitum
1573 4115 1674 4171 est,
1695 4107 1974 4178 presbyte-

396 4216 490 4256 ros
530 4215 722 4256 omnes
749 4199 1072 4264 excluserit,
1101 4209 1154 4254 et
1173 4201 1469 4272 episcopos
1499 4202 1648 4256 solos
1681 4201 1980 4270 intelligen-

396 4293 499 4348 dos
526 4306 646 4347 esse
675 4291 942 4357 docuerit,
981 4301 1040 4346 ut
1080 4291 1100 4345 l
1139 4290 1282 4346 Tim.
1318 4308 1403 4355 iv,
1440 4293 1506 4346 M
1532 4311 1544 4345 :
1575 4292 1649 4345 Οὐ
1683 4292 1813 4363 περὶ
1848 4307 1982 4363 πρε-

396 4384 673 4456 σϐυτέρων
708 4385 872 4456 φησὶν
905 4385 1164 4450 ἐνταῦθα,
1197 4385 1337 4441 ἀλλά
1369 4387 1497 4460 περὶ
1539 4387 1886 4450 ἐπισκόπων,
1919 4383 1979 4437 οὗ

392 4475 502 4550 γὰρ
534 4477 599 4549 δὴ
651 4477 1010 4551 πρεσϐύτεροι
1056 4479 1350 4535 ἐπίσκοπον
1391 4480 1778 4552 ἐχειροτόνουν.
1808 4497 1826 4529 ι
1858 4476 1979 4532 Non

2075 3299 2416 3354 vocabantur
2431 3297 2696 3367 episcopi,
2711 3310 2904 3364 nempe
2919 3292 3220 3364 presbyteri
3241 3290 3486 3344 ordinem
3515 3303 3668 3342 com-

2079 3392 2310 3463 plentes.
2345 3410 2364 3443 ι
2397 3365 2735 3446 sententiam
2765 3388 2885 3457 ejus
2902 3383 3472 3456 plenius'explicalam
3497 3379 3668 3433 habe-

2079 3500 2204 3539 mus
2237 3487 2304 3538 ad
2338 3483 2353 3536 I
2386 3481 2530 3536 Tim.
2579 3497 2702 3551 cap.
2739 3496 2799 3534 ιιι
2828 3497 2839 3531 :
2870 3480 3008 3542 Τοὺς
3041 3477 3236 3539 αὐτοὺς
3275 3473 3502 3528 ἐκάλουν
3532 3472 3669 3525 ποτὲ
3734 3461 3736 3463 ’

2079 3575 2490 3648 πρεσϐυτέρους
2513 3575 2606 3628 καὶ
2637 3573 2987 3634 ἐπισκόπους-⁸
3024 3571 3150 3632 τοὺς
3187 3568 3244 3621 δὲ
3272 3567 3367 3620 νῦν
3391 3563 3669 3636 καλουμέ-

2077 3682 2202 3728 νους
2231 3665 2563 3726 ἐπισκόπους
2593 3663 2921 3724 ἀποστόλους
2943 3659 3241 3731 ὠνόμαζονο
3268 3657 3361 3711 τοῦ
3388 3657 3446 3709 δέ
3473 3657 3670 3727 χρόνου

2079 3757 2385 3828 προϊόντος,
2419 3757 2478 3810 τὸ
2503 3757 2600 3826 μὲν
2628 3757 2728 3825 τῆς
2767 3753 3073 3822 ἀποστολῆς
3101 3753 3271 3821 ὄνομα
3308 3753 3419 3813 τοῖς
3449 3748 3670 3818 ἀληθῶς

2078 3849 2400 3911 ἀποστόλοις
2415 3847 2722 3901 κατέλιπονο
2748 3845 2843 3916 τὴν
2868 3845 2924 3897 δὲ
2948 3846 3045 3916 τῆς
3079 3842 3380 3910 ἐπισκοπῆς
3404 3856 3674 3910 προσηγο-

2083 3941 2203 4012 ρίαν
2222 3943 2333 4003 τοῖς
2363 3939 2532 3993 πάλαι
2554 3938 2717 3992 καλου
2727 3937 2905 4009 μένοις
2931 3933 3246 3996 ἀποστόλοις
3267 3932 3552 3985 ἐπέθεσαν·
3573 3928 3671 3984 οὖ-

2079 4052 2156 4086 τω
2185 4031 2560 4102 Φιλιππησίων
2583 4027 2880 4091 ἀπόστολος
2911 4028 2939 4079 ὀ
2979 4024 3368 4096 Ἐπαφρόδιτος
3397 4019 3485 4094 ἦν·
3521 4022 3674 4076 οὕτω

2080 4123 2317 4196 Κρητῶν
2343 4125 2372 4176 ό
2391 4123 2568 4185 Τίτος,
2599 4121 2692 4175 καὶ
2725 4119 2986 4174 Ἀσιανῶν
3007 4119 3035 4170 ὁ
3067 4117 3325 4188 Τιμόθεος
3355 4116 3671 4170 ἀπόστολον

2080 4215 2223 4268 οὕτω
2258 4215 2364 4268 ἀπὸ
2391 4214 2499 4268 τῶν
2536 4211 2796 4285 Ἰεροσολύ
2807 4228 2920 4282 μων
2949 4214 3062 4273 τοῖς
3091 4211 3148 4262 ἐν
3185 4209 3486 4279 Ἀντιοχείᾳ
3506 4208 3679 4278 ἐγρα-

2081 4307 2188 4377 ψαν
2214 4308 2263 4361 οἱ
2295 4306 2580 4360 ἀπόστολοι
2610 4306 2702 4359 καὶ
2732 4307 2781 4358 οἱ
2806 4303 3181 4375 πρεσὸύτεροι.
3217 4321 3234 4353 ι
3271 4301 3506 4356 Eosdem
3535 4303 3676 4355 olim

2085 4400 2356 4456 vocabant
2401 4400 2755 4470 presbyteros
2784 4406 2839 4452 et
2864 4398 3154 4466 episcopos
3195 4413 3207 4448 :
3239 4410 3334 4450 eos
3360 4405 3548 4449 autem
3574 4395 3676 4464 qui

2086 4507 2235 4548 nime
2286 4501 2552 4546 vocantur
2601 4489 2882 4560 episcopi,
2943 4488 3225 4558 apostolos
3283 4487 3675 4542 nominabant.

397 4570 488 4626 hic
515 4571 581 4625 de
605 4572 938 4643 presbyteris
968 4573 1230 4641 loquitur,
1257 4573 1350 4628 sed
1376 4574 1440 4627 de
1471 4573 1758 4642 episcopis.
1789 4569 1972 4640 Neque

2086 4583 2422 4640 Procedente
2449 4593 2630 4637 autem
2663 4591 2909 4652 tempore
2942 4581 3283 4651 apostolatus
3306 4593 3508 4633 nomen
3543 4579 3679 4633 reli-

397 4662 543 4716 enim
566 4663 866 4734 presbyteri
889 4666 1205 4735 episcopum
1222 4665 1569 4720 ordinabant.
1595 4685 1611 4715 ι
1641 4663 1706 4717 Ει
1732 4663 1841 4718 Tit.
1865 4663 1972 4728 1,5:

397 4752 538 4817 Τοὺς
568 4756 897 4821 ἐπισκόπους
930 4757 1164 4811 ἐνταῦθα
1193 4775 1345 4831 φησι,
1369 4758 1550 4823 καθὼς
1578 4756 1811 4828 ἀλλαχοῦ
1845 4758 1978 4826 ἡμῖν

397 4843 633 4917 εἴρηται.
671 4866 688 4898 ι
720 4847 1016 4918 Episcopos
1046 4851 1135 4905 hic
1177 4850 1450 4919 intelligit,
1498 4848 1969 4920 quemadmodum

399 4952 430 4990 a
465 4938 621 4992 nobis
648 4939 777 4993 alibi
805 4940 1010 4994 dictum
1038 4950 1142 5005 est,
1174 4958 1369 5012 nempe
1391 4943 1456 4998 ad
1475 4941 1670 5011 Philip.
1701 4958 1738 5008 ι,
1767 4941 1831 5006 '5;
1874 4940 1976 4995 bo-

399 5031 547 5086 milia
569 5033 759 5102 quinta
791 5034 859 5088 ad
877 5033 1223 5090 Timozheum
1244 5033 1728 5113 gAtaszesthmpt
1742 5030 1983 5102 ,émaxd-

399 5136 535 5187 πων,
563 5123 690 5196 περὶ
709 5123 992 5190 διακόνων,
1020 5125 1251 5198 ἀνδρῶν,
1279 5125 1574 5195 γυναικῶν,
1607 5123 1735 5196 περὶ
1767 5121 1976 5194 χηρῶν,

399 5213 525 5286 περὶ
542 5214 809 5286 πρεσϐυτέ
815 5236 944 5290 ρων,
965 5218 1211 5301 περὶτῶν
1224 5219 1398 5272 ἄλλων
1412 5218 1683 5282 ἁπάντων,
1700 5216 1791 5270 καὶ
1804 5212 1982 5278 δείξας

397 5306 536 5359 ὅσων
557 5307 704 5360 ἐστιν
721 5309 1017 5374 ἐπίσκοπος
1039 5310 1225 5382 κύριος
1239 5353 1253 5377 ,
1268 5311 1356 5365 ὅτε
1378 5310 1506 5382 περὶ
1519 5310 1752 5382 κρίσεως
1774 5309 1981 5377 ἔλεγεν,

401 5395 696 5466 ἐπήγαγε(
721 5399 857 5454 Cum
872 5401 1300 5456 disseruissetde
1324 5400 1980 5472 episcopis,dediac0nis,

403 5495 517 5540 tum
545 5490 675 5543 viris
696 5500 811 5546 tum
843 5491 1082 5559 feminis,
1115 5493 1182 5548 de
1202 5493 1404 5561 viduis,
1431 5495 1497 5550 de
1525 5495 1879 5564 presbyteris,
1910 5495 1980 5548 de

399 5579 526 5635 aliis
580 5586 861 5650 omnibus,
902 5588 1340 5660 ostendissetque
1382 5589 1627 5658 qualium
1691 5590 1983 5659 episcopus

399 5672 657 5732 dominus
669 5681 870 5744 est,ubi
891 5682 958 5736 de
972 5683 1180 5751 judicio
1197 5683 1431 5752 dixerat,
1451 5682 1756 5752 subiunxit.
1789 5701 1807 5734 ι
1827 5682 1975 5736 Idem

401 5767 663 5826 Iacobum
696 5771 918 5827 fratrem
950 5773 1185 5827 'Domini
1212 5773 1712 5844 Hierosolymorum
1762 5774 1977 5842 episco-

400 5879 527 5934 pum
577 5865 646 5920 ab
702 5864 859 5922 initio
903 5866 1211 5920 ordinatura
1250 5866 1482 5936 putavit.
1538 5864 1770 5920 llomilia
1830 5867 1885 5920 ll
1922 5867 1976 5920 in

2088 4683 2328 4745 querunt
2372 4674 2440 4728 iis
2491 4674 2586 4743 qui
2635 4688 2763 4727 vere
2795 4680 2955 4726 erant
3003 4671 3279 4741 apostoli;
3311 4669 3679 4738 episcopatus

2083 4775 2268 4821 autem
2330 4765 2748 4836 appellationem
2801 4763 2869 4818 iis
2919 4762 3014 4831 qui
3065 4762 3198 4816 olim
3249 4760 3680 4830 appellabantur

2085 4858 2339 4928 apostoli,
2377 4859 2776 4928 imposuerunt.
2809 4857 2890 4909 Ita
2921 4853 3354 4924 Philippensium
3384 4852 3679 4924 apostolus

2083 4960 2201 5005 erat
2227 4949 2627 5020 Epaphroditus
2655 4967 2669 5003 :
2701 4948 2773 5003 ita
2813 4947 3160 5002 Cretensium
3193 4944 3372 5011 Titus,
3414 4954 3470 4999 et
3509 4945 3678 4999 Asia-

2060 5037 2284 5096 norum
2317 5039 2642 5095 Timotheus
2667 5040 2926 5110 apostoli.
2972 5037 3048 5092 lta
3081 5037 3151 5090 ab
3179 5035 3578 5106 Hierosolymis
3605 5036 3679 5090 iis

2084 5131 2178 5202 qui
2207 5140 2365 5186 erant
2386 5131 2713 5194 Antiochiae,
2746 5131 3087 5200 scripserunt
3114 5127 3346 5198 apostoli
3365 5137 3421 5181 et
3444 5128 3680 5199 presby-

2086 5221 2208 5277 teri.
2235 5240 2253 5274 ›
2279 5220 2428 5275 Unde
2449 5231 2675 5290 apparet
2701 5237 2768 5275 ex
2788 5219 3054 5274 sententia
3077 5217 3139 5274 Β.
3163 5217 3513 5280 Theodoreti,
3537 5226 3680 5272 tem-

2087 5328 2218 5383 pore
2248 5312 2623 5382 apostolorum
2679 5322 2790 5368 tres
2839 5311 3012 5366 fuisse
3054 5312 3258 5382 gradus
3292 5311 3350 5364 in
3381 5309 3674 5366 Ecclesia:

2086 5406 2394 5476 episcopos,
2409 5406 2502 5476 qui
2523 5419 2635 5460 tum
2660 5405 2982 5460 dicebantur
2998 5405 3268 5474 apostoli;
3297 5404 3676 5474 presbyteros.

2085 5499 2180 5569 qui
2211 5514 2358 5552 nunc
2395 5497 2665 5568 episcopi,
2702 5513 2848 5552 nunc
2879 5498 3182 5569 presbyteri
3212 5497 3578 5563 vocabantur,
3619 5504 3679 5552 et

2085 5589 2392 5645 diaconos:
2423 5599 2614 5658 postea
2656 5605 2804 5655 vero,
2855 5589 3018 5659 primi
3069 5590 3284 5643 ordinis
3330 5589 3677 5654 sacerdotes,

2087 5681 2305 5735 nomine
2335 5681 2567 5751 apostoli
2610 5681 2716 5735 illis
2742 5680 2837 5750 qui
2886 5696 3010 5734 vere
3045 5681 3278 5750 apostoli
3310 5678 3557 5746 fuerunt,
3585 5694 3678 5733 re-

2087 5783 2328 5840 servato,
2361 5773 2586 5843 proprie
2608 5783 2659 5827 et
2689 5773 2947 5828 distincte
2991 5774 3278 5842 episcopos
3318 5772 3495 5826 dictos
3525 5786 3672 5834 esse,

2086 5874 2139 5920 et
2167 5864 2406 5936 reliquos
2440 5863 2666 5919 secundi
2701 5863 2912 5917 ordinis
2945 5861 3256 5916 sacerdotes
3294 5859 3674 5930 presbyteros.
