3848 6204
207 305 286 362 $29

204 441 258 498 At
273 437 462 509 apostoli
489 449 669 493 nomen
690 431 854 505 primi
878 435 1088 489 ordinis
1119 433 1680 489 sacerdotibustribui
1719 437 1762 496 Α

205 535 330 590 desiit
350 540 456 586 ante
498 528 805 601 martyrium
838 527 1054 600 Ignatii.
1108 526 1250 598 Ergo
1295 542 1363 582 ex
1416 527 1687 583 sententia

203 623 466 680 Theodoreti
488 622 580 676 sub
604 619 832 691 lgnatio,
863 627 919 674 et
946 618 1122 673 ollicio
1151 626 1206 673 et
1238 617 1461 672 nomine
1487 616 1688 671 distin-

203 716 446 789 guebantur
465 713 686 782 episcopi
710 721 765 766 et
791 711 1116 782 presbyteri.

255 803 629 873 Theopbylactus
664 810 810 857 certe
837 818 944 856 non
974 803 1313 857 existimavit
1343 803 1688 875 presbyteros

201 897 252 951 ad
268 895 592 964 Pbilippenses
613 894 900 964 episcopos
929 909 1051 948 esse
1082 893 1261 949 dictos
1288 895 1383 949 sed
1405 895 1688 964 coepisco-

199 1000 301 1055 pos;
339 984 591 1052 episcOpos
636 993 818 1038 autem
859 984 1177 1053 apostolicis
1206 986 1545 1055 temporibus
1592 1000 1688 1040 eos

197 1075 320 1130 etiam
341 1074 492 1130 dictos
523 1074 741 1142 putavit,
786 1074 862 1138 ὡς
895 1073 1329 1140 ἐπισκοποῦντας
1358 1076 1556 1148 δηλαδὴ
1589 1076 1685 1130 καὶ

197 1173 347 1236 αὐτοὺς
370 1172 447 1225 τὸν
467 1170 602 1236 λαόν,
645 1187 664 1219 ι
697 1170 840 1240 quod
871 1169 1035 1224 etiam
1071 1171 1172 1240 ipsi
1209 1171 1470 1239 populum
1505 1172 1691 1241 inspe-

194 1275 373 1330 ctarent,
400 1283 416 1315 )
433 1264 515 1318 sed
541 1277 638 1318 suo
669 1263 916 1328 modulo,
932 1262 1075 1316 ὥστε
1093 1263 1375 1333 καθαίρειν
1401 1264 1494 1317 καὶ
1520 1265 1689 1332 φωτί-

194 1356 279 1420 ζειν
296 1355 400 1417 τοὺς
424 1353 711 1424 δεομένους,
759 1371 778 1404 ι
807 1363 868 1407 ut
896 1362 1198 1423 purgarent
1230 1363 1284 1408 et
1325 1354 1686 1422 illustrarcnt,

190 1462 262 1501 seu
285 1445 584 1514 baptizarent
605 1461 703 1500 eos
726 1460 868 1514 quos
895 1454 1043 1500 esset
1076 1461 1322 1501 necesse.
1369 1464 1389 1498 ι
1418 1445 1554 1501 Nam
1582 1448 1689 1502 alia

190 1553 308 1592 sacra
326 1536 475 1591 ollicia
501 1537 656 1590 etiam
687 1544 802 1590 tum
827 1536 1102 1606 episcopis
1129 1538 1448 1593 reservavit.
1481 1539 1556 1592 Οὐ
1578 1540 1690 1611 γὰρ

188 1628 481 1700 πρεσϐύτεροι
524 1629 812 1682 ἐπίσκοπον
863 1629 1250 1699 ἐχειροτόνουν.
1283 1648 1302 1680 ι
1338 1627 1460 1684 Νοη
1514 1631 1687 1698 enim,

188 1718 340 1788 inquit,
364 1719 640 1789 presbyteri
670 1719 987 1788 episcopum
1019 1718 1370 1775 ordinabant.
1411 1740 1429 1772 ι
1454 1718 1609 1776 Unde
1632 1720 1685 1774 in

183 1807 403 1864 Prommio
423 1809 483 1864 ad
505 1788 686 1863 Titum
717 1827 731 1864 :
761 1807 881 1861 Τῶν
908 1808 1106 1880 Παύλῳ
1135 1809 1403 1864 συνόντων
1443 1809 1685 1881 δοκιμώ-
1719 1788 1762 1845 Β

182 1918 306 1964 sero;
325 1903 349 1954 ὁ
369 1901 512 1964 Τίτος
541 1901 636 1965 ὢν,
670 1901 967 1964 ἐπίσκοπος
991 1919 1050 1954 τε
1072 1901 1173 1971 τῆς
1200 1903 1425 1974 Κρήτης
1450 1902 1689 1974 μεγάλης

179 1994 308 2065 οὔσης
346 1995 406 2046 δι’
425 1995 548 2048 αὐτὸ
596 1995 758 2049 τοῦτο
808 1995 1240 2067 κεχειροτόνητο,
1281 1995 1375 2049 καὶ
1418 1996 1689 2050 τοσούτων

181 2085 436 2140 ἐπισκόπων
464 2087 641 2158 κρίσιν
666 2087 760 2141 καὶ
782 2087 1114 2159 χειροτονίαν
1133 2087 1442 2160 ἐπετράπη.
1483 2107 1502 2139 ‹
1543 2089 1690 2143 Inter

177 2195 328 2237 omnes
364 2182 448 2252 qui
493 2198 613 2238 cum
645 2181 819 2236 Paulo
853 2183 1053 2236 versati
1083 2189 1231 2248 sunt,
1263 2183 1690 2252 probatissimus

178 2285 269 2324 cum
286 2282 416 2328 esset
439 2271 923 2342 Titus,episcopus
951 2282 1237 2341 propterea
1262 2273 1458 2342 Cretae,
1475 2292 1692 2346 magna:

177 2361 289 2418 illius
324 2363 519 2426 insulae,
548 2366 758 2420 electus
780 2373 884 2431 est,
923 2373 1112 2434 totque
1154 2365 1537 2436 episcoporum
1565 2385 1689 2423 cum

172 2453 406 2522 judicium,
433 2466 540 2510 tum
573 2455 851 2511 ordinatio
873 2455 922 2510 ei
943 2456 1267 2511 demandata
1292 2466 1396 2512 est.
1436 2477 1454 2510 ι
1474 2457 1538 2513 Et
1563 2461 1691 2529 qui-

175 2544 264 2598 dem
283 2546 341 2601 de
369 2549 623 2604 sententia
653 2548 1070 2620 Theophylaeti,
1107 2559 1396 2620 postquam
1424 2552 1492 2608 de
1519 2552 1691 2626 Chry-

174 2645 368 2692 sostomo
395 2640 649 2707 diximus,
683 2641 1044 2698 dubitandum
1076 2658 1186 2697 non
1215 2651 1319 2698 est.

221 2726 343 2785 inter
368 2730 584 2789 Latinos
608 2734 826 2803 primus
857 2734 1028 2792 fuisse
1055 2724 1297 2791 creditur
1312 2745 1505 2793 auctor
1525 2737 1692 2792 Com-

171 2823 504 2878 mentariorum
534 2826 588 2880 in
611 2827 876 2894 epistolas
923 2826 983 2883 S.
1024 2827 1179 2883 Pauli
1221 2829 1324 2884 sub
1361 2829 1585 2884 nomine
1631 2829 1688 2883 S.

173 2911 396 2970 Ambrosii
426 2917 720 2982 editorum,
754 2921 897 2989 quod
921 2935 981 2976 se
1013 2921 1300 2990 scripsisse
1325 2921 1427 2976 sub
1455 2921 1693 2976 Damaso

170 3006 376 3078 episcopo
423 3008 700 3072 Romano.
739 3011 845 3066 hoc
873 3021 957 3067 est
993 3021 1118 3068 ante
1160 3027 1222 3084 .a.
1256 3012 1320 3066 D.
1364 3012 1470 3067 384
1519 3014 1693 3083 proli-

173 3101 326 3158 leatur,
353 3099 440 3168 qui
469 3100 716 3180 episcopi
749 3111 803 3156 et
828 3103 1131 3173 presbyteri
1177 3104 1406 3190 nomina.
1429 3114 1690 3175 tanquam
1721 3135 1764 3193 α

171 3201 419 3260 synonyma
459 3193 512 3246 in
543 3191 831 3263 Scriptura
863 3195 1171 3252 tradiderit.
1224 3194 1326 3252 Hie
1358 3205 1541 3252 tamen
1575 3198 1693 3268 epi-

171 3290 322 3346 smpos
360 3281 668 3351 singulares
698 3283 957 3339 Ecelesiis
986 3285 1275 3355 praefuisse
1313 3288 1690 3360 apostolorum

169 3375 364 3436 tempore
409 3374 609 3443 saepius
639 3374 821 3430 dooet.
856 3375 1094 3446 insignis
1140 3377 1300 3446 plane
1353 3377 1533 3442 locus,
1582 3393 1693 3448 quo

170 3456 236 3514 illa
261 3464 318 3516 ad
359 3464 760 3537 Pbilippenses,
803 3484 922 3522 cum
950 3471 1210 3538 episcopis
1250 3479 1301 3524 et
1349 3470 1689 3537 diaconibus,

169 3555 375 3623 explicat.
405 3577 422 3610 σ
442 3557 560 3615 Hoc
583 3569 692 3625 est,
720 3561 919 3631 inquit,
951 3576 1076 3615 cum
1105 3559 1279 3616 Paulo
1302 3569 1356 3616 et
1381 3560 1691 3626 Timotheo,

170 3645 238 3710 qui
261 3649 427 3718 utique
463 3651 712 3722 episcopi
743 3662 921 3716 erant,
957 3652 1122 3707 simul
1151 3661 1207 3707 et
1234 3651 1586 3723 signiﬁcavit,
1640 3662 1696 3708 et

167 3732 381 3797 diaconos
399 3744 491 3813 qui
525 3744 917 3800 ministrabant
940 3744 1014 3800 ei.
1047 3745 1128 3800 Ad
1155 3746 1366 3815 plebem
1387 3747 1532 3800 enim
1559 3747 1696 3801 scri-

167 3825 243 3883 bit.
263 3831 383 3889 Nam
413 3837 459 3892 si
490 3836 772 3907 episcopis
803 3836 1090 3903 scriberet,
1145 3847 1198 3892 et
1236 3838 1589 3903 diaconibus,
1623 3839 1692 3894 ad

167 3935 383 3989 personas
427 3943 619 3984 eorum
655 3931 940 3994 scriberet,
987 3941 1043 3984 et
1067 3930 1174 3985 loci
1211 3929 1388 4000 ipsius
1435 3932 1696 4001 episcopo

168 4014 462 4072 lcribendum
493 4029 635 4082 erat,
668 4035 780 4074 non
809 4020 1026 4075 duobus
1049 4020 1134 4074 vel
1157 4021 1352 4083 tribus,
1385 4022 1529 4076 sicut
1551 4031 1603 4076 et
1629 4021 1696 4075 ad

169 4095 310 4158 Titum
342 4116 392 4161 et
419 4107 794 4165 Timorheum.
827 4129 846 4161 ι
873 4109 1061 4180 Neque
1091 4111 1275 4166 minus
1298 4112 1696 4168 illustrislocus

167 4189 237 4247 ille
262 4207 350 4261 est,
377 4215 483 4269 quo
513 4203 686 4257 verba
717 4201 820 4256 ista
847 4214 862 4254 :
897 4201 1189 4272 Propterea
1212 4204 1363 4258 debet
1383 4205 1576 4259 mulier
1599 4222 1695 4274 po-

169 4287 367 4341 testatem
393 4290 580 4347 habere
605 4309 772 4362 supra
799 4302 978 4363 caput,
1009 4296 1172 4348 etiam
1199 4304 1411 4365 propter
1459 4295 1693 4366 angelos,

169 4369 309 4430 lCor.
337 4395 540 4450 cap.xr,
572 4398 723 4438 vers.
767 4382 856 4449 i0,
881 4385 1161 4453 explanat.
1188 4383 1522 4440 Potestatem
1561 4404 1580 4436 ι
1606 4401 1696 4440 ve-

885 310 938 367 ι.
981 308 1345 365 PEARSONﬂ
1385 308 1707 365 VINDICUE
1747 309 2175 367 lCNATIANIE.
2217 340 2284 351 —
2315 311 2497 367 PARS
2525 309 2591 365 11.

3247 317 3354 368 450

1790 431 2019 500 singulis
2064 431 2324 487 Ecclesiis
2373 445 2609 501 praeesse
2664 428 2922 484 decrevit.
2962 448 2981 481 ι
3009 418 3087 485 Ac
3114 446 3307 485 rursus
3345 473 3356 483 .

1791 542 1810 574 ι
1836 521 2090 594 Nunquid
2105 536 2296 578 omnes
2311 521 2542 592 apostoli
2559 519 2600 552 ‘7
2613 520 2860 590 ?.Verum
2881 530 2986 587 est,
3014 521 3145 590 quia
3174 522 3230 576 in
3262 522 3338 576 Ec

1789 615 1954 671 clesia
1991 630 2135 670 unus
2179 621 2264 669 est
2289 614 2599 684 episcopus.
2638 632 2658 666 ι
2695 614 2840 668 Idem
2878 614 2945 668 ad
2979 612 3168 668 [Tim.
3202 629 3359 668 c.1v:

1795 725 1814 758 ‹
1847 704 2004 761 Nunc
2067 714 2247 760 autem
2302 713 2507 775 septem
2564 704 2829 760 diaconos
2878 720 3000 760 esse
3037 714 3271 774 oportet,
3309 716 3364 760 et

1792 795 2105 866 aliquantos
2134 797 2501 866 presbyteros,
2533 804 2596 850 ut
2616 797 2728 850 bini
2760 796 2871 850 sint
2891 811 2987 866 per
3002 798 3284 864 ecclesias,
3308 807 3364 854 et

1792 904 1934 943 unus
1958 889 2012 942 in
2044 887 2262 942 civitate
2287 889 2629 957 episc0pus.»
2653 886 2724 942 De
2749 886 3038 943 Timotheo
3066 891 3140 944 ita
3178 890 3362 960 loqui-

1791 989 1880 1032 tur
1914 978 1967 1032 in
2001 977 2276 1033 Prooemio
2309 997 2360 1032 ε(
2399 976 2556 1033 Hunc
2577 993 2709 1049 ergo
2734 979 2844 1047 jam
2876 988 3122 1034 creatum
3157 981 3363 1051 episco-

1791 1085 1919 1139 pum
1955 1070 2181 1125 instruit
2205 1086 2301 1138 per
2327 1071 2637 1140 epistolam,
2672 1073 2950 1141 quomodo
2977 1074 3202 1129 deberet
3252 1073 3363 1129 Ec-

1792 1160 2015 1216 clesiam
2066 1162 2342 1217 ordinare.
2384 1181 2402 1213 ι
2433 1161 2649 1218 Pariter
2711 1173 2764 1219 et
2814 1165 2881 1220 de
2915 1164 3039 1220 Tito
3073 1183 3086 1217 :
3118 1187 3136 1216 ι
3176 1166 3361 1222 Titum

1791 1255 2085 1323 Apostolus
2107 1255 2447 1310 consecravit
2467 1256 2807 1327 episcopum,
2835 1267 2890 1312 et
2910 1258 3031 1313 ideo
3053 1272 3366 1316 commonet

1790 1360 1915 1399 eum
1951 1354 2011 1399 ut
2040 1345 2110 1400 sit
2134 1345 2405 1401 sollicitus
2439 1347 2496 1400 in
2525 1348 2902 1403 ecclesiastica
2934 1350 3298 1407 ordinatione.
3341 1372 3358 1401 ι

1791 1437 1869 1491 Ex
1901 1439 2102 1508 quibus
2135 1438 2390 1493 omnibus
2440 1448 2667 1508 apparet
2721 1448 2960 1496 veterem
2994 1442 3142 1498 hunc
3171 1453 3366 1499 auclo-

1790 1545 1925 1593 rem,
1944 1529 2036 1599 qui
2062 1539 2190 1584 ante
2206 1530 2655 1601 Chrysostomum
2671 1541 2724 1587 et
2743 1530 3130 1605 Hieronymum
3148 1536 3214 1590 de
3234 1552 3368 1591 con-

1792 1621 2010 1676 fusione
2037 1622 2322 1676 nominum
2342 1623 2626 1693 scripsisse
2647 1624 2882 1690 videtur,
2917 1627 3224 1697 singulares
3246 1631 3366 1698 epi—

1791 1729 1988 1784 se0pos
2017 1715 2394 1784 apostolorum
2428 1732 2543 1771 aevo
2574 1717 2624 1770 in
2676 1718 2990 1774 civitatibus
3033 1720 3365 1776 constitutos

1790 1809 2099 1880 agnovisse.
2132 1808 2404 1880 Pelagius,
2445 1818 2506 1865 ut
2527 1811 2764 1878 videtur,
2795 1820 2988 1868 auctor
3016 1813 3370 1870 Commenta-

1791 1901 1997 1955 riorum
2030 1902 2083 1955 in
2120 1900 2394 1971 Epistolas
2431 1903 2592 1958 Pauli
2629 1903 2959 1977 Hieronymo
3000 1908 3366 1976 ascriptorum

1792 1992 1846 2046 in
1878 1991 1900 2044 Ι
1927 1993 2021 2061 Ep.
2050 1992 2118 2047 ad
2141 1991 2380 2046 Timoth.
2417 2009 2466 2048 c.
2500 2009 2597 2048 lll:
2639 2014 2658 2046 (
2697 1994 2973 2061 Quaeritur
3001 2013 3100 2052 cur
3141 1999 3209 2053 de
3245 2013 3370 2067 pre-

1791 2084 2027 2156 sbyteris
2069 2085 2275 2138 nullam
2313 2083 2480 2139 faciat
2519 2086 2878 2154 mentionem,
2925 2089 3018 2143 sed
3041 2103 3138 2144 eos
3167 2088 3222 2142 in
3248 2089 3367 2158 epi-

1793 2190 2086 2245 scoporum
2123 2176 2348 2230 nomine
2381 2172 2877 2245 cori'iprehenderit,
2903 2178 3030 2248 quia
3063 2179 3362 2244 secundus,

1793 2268 1906 2321 imo
1960 2282 2098 2335 pene
2137 2283 2278 2322 unus
2327 2276 2413 2322 est
2441 2268 2665 2338 gradus.
2701 2288 2719 2319 ι
2752 2267 2902 2324 Duos
2937 2270 3102 2340 igitur
3135 2271 3364 2341 gradus,

1793 2352 2046 2427 quamvis
2075 2372 2182 2412 non
2211 2373 2545 2429 magnopere
2593 2359 2883 2427 distantes,
2912 2361 3015 2415 sub
3049 2378 3156 2415 uno
3206 2362 3367 2416 titulo

1793 2449 2220 2518 comprehensos
2248 2449 2489 2520 agnovit.
2519 2447 2652 2516 Quae
2681 2451 3365 2522 transeripsitPrimasius,

1793 2540 1886 2609 qui
1922 2540 1988 2594 ad
2021 2538 2401 2610 Philippenses
2445 2542 2693 2597 notavit:
2731 2561 2749 2592 ι
2785 2542 3086 2614 Episcopos
3135 2545 3224 2600 hic
3255 2561 3367 2598 non

1794 2633 1970 2687 solum
2004 2633 2311 2702 pontifices,
2343 2632 2438 2687 sed
2474 2642 2527 2687 et
2558 2635 2904 2706 presbyteros
2927 2635 3304 2706 intelligimus.
3343 2655 3362 2688 ι

1864 2723 2108 2794 Denique
2159 2723 2527 2796 Hieronymus
2578 2726 2673 2794 qui
2731 2735 2857 2796 post
2899 2726 3368 2787 Ambrosiastrum

1795 2817 2164 2872 Romanorum
2196 2816 2552 2871 diaeonorum
2584 2816 2784 2872 fastum
2811 2833 2920 2872 non
2962 2818 3145 2874 minus
3173 2820 3370 2874 acriter

1794 2909 2100 2980 castigavit,
2150 2918 2205 2965 et
2259 2910 2572 2966 confusioni
2627 2913 2914 2967 nominum
2947 2914 3082 2969 adeo
3130 2914 3370 2981 inhaesit,

1794 3011 1856 3056 ut
1879 3002 2019 3056 idem
2065 3003 2305 3072 episcopi
2339 3011 2392 3057 et
2435 3003 2737 3074 presbyteri
2766 3004 3003 3060 oﬂicium
3034 3014 3090 3060 et
3115 3007 3369 3061 eumdem

1795 3097 2065 3158 ordinem,
2090 3095 2218 3150 dum
2245 3098 2418 3152 sancti
2443 3095 2640 3152 Petrus
2663 3107 2717 3152 et
2732 3096 2934 3154 Paulus
2961 3099 3226 3165 viverent,
3246 3115 3372 3155 crc-

1795 3187 2002 3242 didisse
2029 3188 2312 3254 videatur;
2348 3189 2468 3243 sine
2491 3190 2868 3245 controversia
2900 3199 3079 3245 tamen
3105 3207 3248 3261 saepe
3271 3193 3372 3247 do-

1793 3280 1910 3334 cuit
1947 3288 2056 3334 tres
2086 3281 2311 3350 gradus,
2365 3281 2578 3350 triaque
2607 3280 2778 3335 oliicia
2824 3290 2879 3335 et
2909 3283 3134 3337 nomine
3177 3292 3232 3338 et
3268 3299 3372 3354 po-

1794 3383 1988 3430 testate
2024 3375 2305 3440 distincta,
2336 3384 2634 3445 antequam
2685 3375 2743 3430 S.
2772 3375 3016 3447 lgnatius
3065 3377 3134 3431 ad
3167 3389 3376 3449 marty-

1795 3467 1939 3520 rium
1995 3467 2308 3530 duceretur,
2350 3465 2646 3522 exstitisse.
2696 3464 2825 3521 Hzec
2866 3467 3012 3521 enim
3053 3468 3172 3536 ejus
3205 3469 3372 3523 verba

1797 3568 1926 3614 sunt
1951 3559 2178 3628 epistola
2205 3559 2270 3612 ad
2296 3558 2583 3629 Evagrium
2610 3577 2624 3613 :
2649 3577 2666 3609 ‹
2692 3556 2762 3613 Ut
2785 3558 3026 3614 sciamus
3049 3560 3375 3615 traditiones

1797 3653 2128 3720 apostolieas
2180 3659 2428 3720 sumptas
2470 3651 2537 3705 de
2586 3649 2769 3705 Veteri
2823 3651 3193 3717 Testamento,
3223 3652 3374 3721 quod.

1796 3742 1978 3796 Aaron
2013 3751 2068 3796 et
2106 3741 2200 3796 ﬁlii
2225 3743 2346 3812 ejus
2379 3752 2544 3812 atque
2594 3742 2771 3798 levitas
2801 3741 2854 3796 in
2894 3743 3096 3812 templo
3125 3741 3373 3807 fuerunt,

1799 3835 1904 3890 hoc
1930 3835 2034 3888 sibi
2063 3834 2328 3904 episcopi,
2387 3835 2693 3905 presbyteri
2739 3843 2794 3888 et
2827 3835 3045 3890 diaconi
3089 3835 3373 3890 vindicent

1799 3930 1855 3984 in
1883 3927 2146 3984 Ecclesia.
2185 3947 2203 3980 ι
2241 3929 2529 3995 Quomodo
2558 3937 2738 3982 autem
2769 3928 2883 3983 haec
2905 3926 3125 3982 traditio
3156 3937 3378 3997 aposto-

1796 4022 1902 4077 lica
1935 4036 2058 4075 esse
2091 4021 2290 4090 potuit,
2345 4020 2625 4090 quomodo
2677 4035 2745 4074 ex
2787 4018 2966 4075 Veteri
3017 4018 3376 4075 Testamento

1798 4115 2106 4183 desumpta,
2136 4113 2182 4168 si
2216 4127 2328 4166 non
2352 4112 2727 4182 apostolorum
2759 4127 2876 4167 aevo
2921 4114 3234 4168 exstiterint
3261 4113 3380 4181 epi-

1800 4207 1949 4277 scopi
1979 4206 2312 4276 presbyteris
2333 4205 2667 4274 superiores,
2693 4205 3157 4274 quemadmodum
3192 4206 3376 4260 Aaron

1799 4309 1856 4354 et
1899 4297 2078 4353 officio
2110 4305 2163 4351 et
2211 4296 2476 4368 dignitate
2509 4296 2636 4352 ﬁliis
2668 4297 2918 4366 superior
2969 4295 3238 4351 fuit?Aut
3267 4313 3376 4367 qua

1799 4390 2012 4444 ratione
2057 4388 2200 4443 hanc
2246 4398 2484 4442 mentem
2517 4385 2837 4458 Hieronymi
2878 4386 3052 4442 fuisse
3099 4387 3376 4456 quispiam

172 4461 313 4522 Iamen
345 4472 704 4542 signiﬁcavit,
747 4476 973 4546 angelos
1016 4475 1306 4546 episcopos
1355 4477 1509 4542 dicit,
1552 4477 1694 4532 sicut
1725 4485 1769 4540 D
1798 4481 2097 4554 negaverit,
2117 4480 2210 4551 qui
2231 4481 2345 4535 lucc
2367 4495 2491 4534 eum
2511 4480 2713 4534 diserte
2742 4480 3031 4548 scripsisse
3051 4479 3120 4534 ad
3139 4478 3376 4534 Matthari

170 4556 352 4615 docetur
374 4563 426 4617 in
451 4565 784 4637 Apocalypsi
825 4565 1074 4622 Joannis.
1108 4566 1178 4620 Et
1201 4571 1327 4638 quia
1364 4569 1555 4639 utique
1600 4569 1700 4623 ho-

170 4649 313 4708 mines
335 4665 474 4721 sunt,
500 4659 648 4728 quod
683 4674 792 4714 non
823 4659 1165 4730 corriperent
1188 4661 1398 4729 plebem
1418 4703 1433 4727 ,
1458 4677 1702 4731 arguun-

170 4747 263 4804 ιιπς
305 4757 352 4801 et
396 4752 540 4820 quod
569 4759 784 4807 rectum
821 4759 907 4807 est
946 4752 1001 4806 in
1048 4753 1157 4808 illis
1185 4753 1466 4808 laudatur.
1503 4753 1700 4808 Mulier

171 4846 274 4918 ergo
293 4837 481 4896 idcirco
505 4843 671 4898 debet
693 4843 875 4898 velare
897 4853 1080 4914 caput,
1109 4843 1239 4914 quia
1270 4859 1378 4899 non
1407 4854 1491 4899 est
1519 4845 1700 4916 imago

172 4919 263 4984 Dei.
288 4931 370 4985 sed
406 4942 463 4988 ut
495 4933 823 4989 ostendatur
861 4935 1129 5005 subjecta.
1165 4934 1230 4989 Et
1275 4935 1408 5006 quia
1438 4938 1700 5005 praevari-

173 5017 286 5071 catio
309 5035 396 5090 per
411 5023 558 5079 illam
583 5025 842 5080 inchoata
871 5033 975 5092 est,
998 5027 1107 5080 hoc
1127 5025 1267 5096 signi
1292 5025 1452 5081 debet
1476 5027 1698 5088 habere,

172 5118 217 5161 ut
243 5111 292 5164 in
309 5112 538 5172 Ecclesia
569 5128 795 5188 propter
810 5119 1166 5174 reverentiam
1193 5119 1556 5189 episcopalem
1591 5133 1700 5172 non

173 5196 516 5279 habeatcaput
544 5211 809 5278 liberum,
857 5212 951 5266 sed
990 5211 1260 5267 velamine
1298 5221 1504 5266 tectum
1527 5251 1542 5278 ,
1601 5225 1702 5265 nec

172 5289 331 5352 habeat
354 5312 680 5369 potestatem
709 5303 984 5373 loquendi,
1034 5303 1164 5374 quia
1187 5303 1477 5373 episcopus
1505 5317 1701 5372 perso-

170 5395 272 5439 nam
287 5388 440 5446 habet
466 5393 697 5450 Christi.
716 5395 883 5460 Quasi
905 5410 1035 5465 ergo
1056 5403 1182 5449 ante
1204 5394 1444 5465 judicem
1473 5395 1553 5450 sic
1575 5402 1703 5448 ante

172 5475 464 5551 elliscopum,‘
481 5487 617 5555 quia
638 5485 874 5541 vicarius
899 5485 1114 5540 Domini
1132 5495 1235 5550 est,
1267 5495 1489 5555 propter
1519 5495 1703 5541 reatus

173 5565 416 5636 originem,
465 5574 718 5645 subjecta
760 5576 921 5632 debet
945 5575 1138 5631 videri.
1164 5594 1183 5627 ι
1218 5574 1286 5630 Et
1309 5575 1473 5646 paulo
1524 5585 1650 5645 post
1687 5591 1702 5626 :

177 5655 311 5724 ‘Qllia
336 5665 402 5720 ab
426 5682 541 5722 uno
561 5667 726 5723 Patre
753 5677 881 5724 sunt
913 5668 1119 5735 omnia,
1148 5670 1394 5740 singulos
1417 5670 1703 5740 episcopos

228 5748 262 5779 δ’
291 5749 457 5810 lCor.
485 5772 589 5825 xu,
628 5757 716 5812 29.
791 5757 840 5791 “
884 5755 1060 5814 lCor.
1098 5773 1136 5826 I,
1164 5759 1253 5826 12,

1803 4589 1924 4642 cap.
1959 4587 2121 4639 χχιιι,
2156 4573 2370 4627 noverit
2399 4588 2412 4624 :
2454 4591 2472 4623 ‹
2495 4569 2652 4638 Quod
2687 4569 2934 4624 fecerunt
2957 4581 3009 4624 et
3031 4571 3263 4640 apostoli
3284 4587 3380 4640 per

1803 4663 2046 4736 singulas
2077 4663 2389 4732 provincias
2435 4663 2785 4734 presbyteros
2814 4671 2870 4717 et
2895 4662 3187 4731 episcopos
3223 4664 3378 4717 ordi-

1804 4765 2016 4811 nantes.
2056 4773 2074 4806 ι
2111 4754 2257 4810 Idem
2281 4755 2335 4808 in
2357 4754 2768 4809 Commentario
2797 4754 2864 4808 ad
2895 4752 3078 4808 Titum
3115 4770 3129 4806 :
3163 4773 3180 4805 ‹
3212 4755 3381 4810 Ante-

1803 4863 1969 4917 quam
2002 4846 2205 4902 diaboli
2241 4847 2504 4902 instinctu
2550 4847 2728 4900 studia
2773 4847 2830 4900 in
2863 4845 3132 4917 religione
3164 4847 3379 4912 ﬁerent,

1803 4951 1855 4994 et
1885 4940 2157 4994 diceretur
2194 4939 2249 4992 in
2280 4938 2496 5008 populis
2529 4937 2676 5008 :Ego
2699 4954 2814 4991 sum
2845 4936 3028 5005 Pauli,
3056 4955 3148 5010 ego
3165 4939 3378 5009 Apollo.

1803 5048 1896 5102 ego
1926 5040 2102 5085 autem
2137 5031 2324 5101 Cephea
2346 5031 2412 5095 ",
2445 5029 2724 5084 communi
2754 5029 3202 5100 presbyterorum
3247 5046 3351 5086 con

1807 5124 1931 5179 silio
1953 5122 2197 5178 ecclesiae
2222 5122 2667 5193 gubernabantur
2695 5137 2708 5172 :
2737 5107 3028 5190 pestquam
3052 5137 3180 5176 vero
3205 5138 3383 5176 unus--

1805 5215 2040 5284 quisque
2061 5229 2155 5268 eos
2171 5227 2310 5282 quos
2328 5212 2718 5282 baptizaverat,
2737 5226 2869 5266 suos
2882 5211 3092 5280 putavit
3108 5227 3248 5277 esse,
3272 5227 3379 5264 non

1805 5307 2032 5372 Christi,
2068 5308 2123 5360 in
2148 5315 2262 5360 toto
2293 5305 2426 5360 orbe
2455 5305 2737 5359 decretum
2762 5312 2866 5370 est,
2899 5313 2960 5358 ut
2985 5319 3128 5358 unus
3157 5305 3224 5357 de
3257 5319 3382 5372 pre-

1807 5396 2040 5467 sbyteris
2071 5395 2278 5450 electus
2325 5402 2790 5464 superponeretur
2836 5395 3069 5461 caeteris,
3117 5394 3186 5448 ad
3216 5410 3379 5464 quem

1807 5488 1988 5543 omnis
2013 5485 2270 5541 Ecclesiae
2296 5501 2428 5542 cura
2461 5486 2781 5554 pertineret,
2810 5494 2865 5540 et
2907 5486 3268 5541 schismatum
3298 5504 3386 5543 se-

1808 5581 1955 5636 mina
1985 5579 2326 5635 tollerentur.
2351 5598 2368 5629 ι
2389 5577 2454 5632 Et
2484 5593 2678 5632 rursus
2715 5594 2730 5630 :
2759 5597 2776 5628 ‹
2802 5577 2962 5644 Quod
2989 5589 3169 5632 autem
3197 5589 3382 5649 postca

1809 5689 1954 5730 uitus
1999 5672 2206 5732 elec'us
2235 5680 2337 5738 est,
2384 5670 2438 5724 in
2487 5669 2800 5727 schismatis
2827 5671 3134 5727 remedium
3175 5671 3381 5728 factum
