3848 6204
425 349 521 409 431

1454 351 1511 410 S.
1546 350 1898 410 lGNATlUS.
1941 380 2008 391 —
2049 349 2590 408 PROLEGOMENA.

3587 359 3699 418 4'52

424 483 512 531 est
533 492 547 530 :
567 489 636 530 ne
649 474 1028 544 unusquisque
1061 472 1128 528 ad
1160 488 1219 528 se
1243 473 1467 529 trahens
1488 473 1696 530 Christi
1713 473 2013 528 Ecclesiam
2045 481 2091 536 Α
2121 482 2364 543 tempora
2391 471 2691 528 discrimen
2722 471 2853 530 illud
2894 473 3036 531 inter
3064 474 3352 546 episcopos
3382 482 3438 532 et
3465 480 3699 552 presby-

425 575 724 638 rumperet.
751 563 887 620 Nam
920 575 976 621 et
1013 564 1355 619 Alexandria
1383 579 1414 618 a
1444 562 1628 619 Marco
1666 563 2006 636 evangelista

423 675 602 730 usque
625 660 693 716 ad
717 658 1001 716 Heraclam
1029 669 1082 714 et
1104 658 1421 731 Dionysium
1449 661 1757 731 episcopos,
1787 663 2010 734 presby-

2120 573 2264 620 teros
2297 565 2606 635 agnovisse,
2639 565 2732 636 qui
2754 565 2936 621 sciunt
2965 582 3081 621 rem
3103 583 3223 623 esse
3252 569 3696 638 antiquissimam

2113 664 2174 709 ut
2203 657 2312 709 duo
2343 655 2398 708 hi
2438 655 2660 711 ordines
2707 657 2762 710 in
2812 656 3053 712 Ecclesia
3110 657 3313 712 fuerint
3340 659 3606 727 distincti,
3641 663 3693 718 si

423 754 525 808 teri
558 769 772 824 semper
802 769 970 808 unum
995 769 1061 807 ex
1099 769 1155 808 se
1177 753 1408 808 electum
1444 754 1497 807 in
1523 754 1810 807 excelsiori
1836 753 2009 825 gradu
2109 747 2457 816 exeipianlur
2484 749 2786 816 apostolica
2821 758 3084 820 tempora.
3121 767 3141 802 ι

425 842 752 898 collocatum
788 843 1108 912 episcopum
1169 843 1549 898 nominabant.
1591 862 1610 895 ο
1647 842 1773 899 Hac
1811 845 2004 916 igitur,

424 935 546 990 sine
584 934 734 990 omni
788 935 1185 1000 controversia,
1242 933 1302 990 S.
1361 934 1680 1007 Hieronymi
1731 937 2005 992 sententia

425 1027 548 1095 fuit,
581 1027 752 1098 quod,
807 1028 935 1082 licet
995 1029 1050 1082 in
1093 1029 1314 1099 scriptis
1344 1029 1683 1099 apostolicis,
1731 1030 2006 1100 pracipue

421 1115 552 1170 dum
586 1116 828 1171 viverent
857 1115 1054 1173 Petrus
1104 1128 1158 1172 et
1187 1116 1422 1185 Paulus,
1454 1120 1665 1174 nullum
1707 1121 2003 1176 discrimen

424 1210 567 1266 inter
593 1226 691 1267 eos
724 1211 818 1282 qui
851 1212 1094 1283 episc0pi
1116 1221 1171 1267 et
1194 1214 1498 1285 presbyteri
1525 1213 1870 1279 dicebantur,
1899 1214 2003 1284 ipsi

423 1304 758 1374 apparuerit,
793 1305 936 1360 seris
977 1313 1157 1360 tamen
1208 1305 1585 1375 apostolorum
1637 1307 2001 1377 temporibus,

417 1398 505 1453 vel
535 1398 699 1468 paulo
732 1406 860 1453 ante
885 1398 1092 1453 obitum
1114 1395 1264 1454 Petri
1297 1408 1352 1454 et
1377 1398 1557 1466 Pauli,
1582 1400 1668 1454 vel
1700 1410 1847 1454 certe
1877 1410 2004 1455 ante

419 1499 653 1545 mortem
687 1489 746 1546 S.
781 1489 1032 1557 Joannis,
1058 1490 1115 1544 in
1139 1499 1254 1546 toto
1275 1492 1408 1547 orbe
1431 1492 1711 1547 decretum
1743 1499 1909 1555 esset,
1943 1501 2004 1546 ut

415 1597 564 1636 unus
598 1589 1064 1651 superponeretur
1107 1580 1344 1646 eateris,
1383 1579 1450 1634 ad
1483 1594 1645 1650 quem
1677 1579 1859 1633 omnis
1900 1577 2002 1632 Ec-

417 1674 598 1729 clesia
620 1690 752 1730 cura
781 1674 1099 1744 pertineret,
1123 1680 1178 1727 et
1205 1673 1298 1742 qui
1329 1673 1619 1742 episcopus
1643 1670 1866 1740 proprie
1895 1683 2000 1724 no-

417 1767 739 1822 minaretur.
764 1765 878 1822 lloc
903 1781 968 1821 ex
997 1765 1299 1836 apostolica
1336 1763 1629 1819 traditione
1661 1761 1995 1832 profectum;

414 1858 524 1913 hoc
552 1866 776 1928 propter
802 1856 1102 1912 schismata
1141 1863 1384 1926 tempore
1431 1855 1803 1924 apostolorum
1849 1862 1998 1908 certe
2031 1883 2075 1941 Β

417 1955 538 2002 orta
564 1947 938 2002 introductum
967 1945 1194 2011 docuit;
1231 1944 1395 2014 hujus
1427 1945 1503 1998 rei
1553 1943 1896 1998 Alexandria
1927 1943 1996 1997 ab

419 2041 540 2110 ipso
573 2037 632 2094 S.
680 2038 866 2094 Marco
897 2038 1401 2094 luculentissimum
1433 2036 1715 2092 exstitisse
1746 2036 1998 2091 testimo-

414 2131 570 2186 nium
592 2129 904 2201 perhibuit;
933 2127 1080 2200 quod
1111 2127 1354 2198 primum
1379 2126 1676 2197 singularis
1706 2125 1997 2196 episcopa-

416 2235 508 2279 tus
529 2223 840 2294 exemplum
876 2222 1125 2293 putavit;
1161 2229 1217 2275 et
1249 2221 1430 2290 ipsum
1479 2219 1702 2288 quidem
1732 2227 1848 2272 tum
1881 2219 1998 2273 sin-

414 2316 620 2385 gulare.
635 2313 771 2369 Nam
795 2330 864 2370 ex
892 2315 1012 2384 ejus
1042 2313 1314 2369 sententia
1347 2311 1564 2366 Marcus
1592 2332 1612 2364 ι
1640 2323 1891 2368 mortuus
1912 2321 1996 2367 est

415 2417 612 2464 octavo
635 2406 870 2463 Neronis
900 2419 1068 2470 anno,
1102 2414 1158 2460 et
1195 2405 1443 2475 sepultus
1475 2405 1841 2471 Alexandriae,
1870 2420 1996 2460 suc-

413 2501 643 2558 cedente
683 2500 789 2556 sibi
815 2500 1053 2565 Aniano,
1093 2518 1112 2552 ι
1144 2507 1203 2554 ut
1226 2497 1395 2552 refert
1425 2499 1480 2552 in
1533 2498 1819 2570 Catalogo.
1865 2498 1995 2554 lude

422 2592 573 2649 viros
599 2607 793 2649 omnes
807 2592 1138 2664 singulares,
1157 2593 1252 2663 qui
1269 2591 1376 2647 illis
1392 2591 1730 2662 temporibus
1747 2591 1993 2647 ecclesiis

412 2684 774 2754 praefuerunt,
808 2699 1026 2755 semper
1051 2686 1338 2756 episcopos
1367 2686 1587 2756 proprie
1617 2685 1873 2757 appellat.
1918 2683 1994 2740 De

415 2777 682 2834 Romanis
708 2778 762 2832 in
797 2777 1058 2848 Catalogo
1086 2793 1100 2830 :
1141 2795 1159 2829 ι
1198 2778 1451 2833 Clemens
1476 2788 1708 2848 quartus
1739 2787 1863 2848 post
1887 2776 1991 2833 Pe-

414 2883 562 2927 trum
598 2869 788 2925 Roma
827 2871 1161 2941 episcopus:
1206 2869 1476 2940 siquidem
1519 2869 1796 2926 secundus
1821 2869 1992 2927 Linus

411 2964 516 3020 fuit
541 2974 596 3019 et
620 2963 815 3019 tertius
858 2964 1070 3019 Cletus.
1109 2981 1127 3016 ι
1157 2961 1331 3032 Cujus
1364 2973 1638 3019 exsortem
1664 2971 1990 3035 potestatem

413 3055 638 3122 indicat,
665 3055 733 3111 ad
763 3053 918 3110 Isaia
942 3069 1062 3125 cap.
1079 3069 1207 3109 LIII:
1231 3074 1248 3106 ι
1269 3053 1521 3110 Clemens
1533 3056 1618 3109 vir
1631 3057 1988 3126 apostolicus,

411 3148 506 3219 qui
540 3155 665 3217 post
689 3145 911 3203 Petrum
942 3145 1246 3202 Romanam
1277 3147 1418 3202 rexit
1451 3145 1773 3215 Ecelcsiam,
1799 3149 1992 3204 scribit

2179 838 2364 906 Quare
2389 856 2515 895 cum
2552 849 2662 896 tres
2697 841 2920 896 ordines
2959 843 3075 897 sive
3109 843 3313 914 gradus
3345 859 3534 900 sacros
3558 853 3699 903 tunc

2109 947 2234 986 cum
2296 931 2354 986 S.
2413 932 2654 1002 lgnatius
2703 935 2966 1003 epistolas
3019 936 3311 1005 scripsisse
3352 935 3576 1001 dicitur,
3638 937 3696 991 in

2106 1021 2436 1080 Christianis
2462 1026 2795 1092 civitatibus,
2823 1041 2887 1081 ac
2899 1028 3197 1096 prasertim
3230 1027 3505 1090 Asiaticis,
3523 1028 3700 1083 exsti-

2109 1116 2240 1171 tisse
2263 1132 2482 1170 summo
2509 1128 2751 1172 veterum
2783 1133 3054 1173 consensu
3083 1127 3326 1184 constet;
3345 1135 3470 1174 eum
3493 1135 3698 1188 quam-

2107 1207 2327 1277 plurimi
2358 1209 2604 1278 ejusdem
2649 1211 2832 1265 saeuli
2867 1226 2973 1264 non
3023 1211 3184 1266 aliter
3207 1227 3372 1282 quam
3400 1212 3468 1266 de
3497 1220 3581 1266 tot
3605 1211 3698 1266 di-

2106 1301 2324 1356 stinctis
2363 1311 2418 1356 et
2461 1301 2640 1356 oilicio
2681 1312 2735 1357 et
2780 1303 3002 1358 nomine
3040 1304 3300 1374 gradibus
3340 1304 3507 1359 locuti
3533 1304 3692 1370 sint;

2106 1409 2230 1448 eum
2276 1410 2439 1449 nemo
2481 1410 2724 1465 unquam
2773 1396 3020 1466 ejusdem
3069 1399 3168 1452 avi
3199 1413 3557 1468 quemquam,
3588 1398 3691 1467 qui

2105 1485 2330 1539 secundi
2357 1485 2570 1540 ordinis
2593 1495 2758 1549 esset,
2785 1486 3103 1556 episcopum
3135 1487 3527 1556 appellaverit;
3556 1503 3690 1542 cum

2104 1576 2343 1646 denique
2377 1577 2539 1648 pauci
2589 1577 2686 1642 illi,
2727 1578 2822 1648 qui
2870 1593 2967 1634 eos
3014 1579 3107 1648 qui
3139 1579 3383 1648 episcopi
3438 1578 3690 1646 fuerant,

2103 1677 2227 1739 post
2264 1684 2455 1723 eorum
2504 1679 2759 1735 mortem,
2803 1679 2857 1725 et
2884 1671 3042 1741 quasi
3076 1672 3436 1742 antiquiores,
3469 1681 3690 1727 tantum

2104 1759 2456 1830 presbyteros
2491 1763 2829 1828 vocaverint,
2855 1765 3072 1832 quoties
3092 1776 3272 1818 autem
3298 1765 3522 1819 ordines
3547 1779 3691 1818 enu-

2103 1851 2371 1916 merandi,
2419 1861 2516 1906 aut
2556 1853 2624 1907 de
2652 1855 2738 1908 sui
2765 1855 3028 1924 temporis
3054 1855 3323 1910 ministris
3351 1855 3690 1926 evangelicis

2102 1944 2363 2015 loquendi
2413 1945 2635 2000 occasio
2683 1961 2744 2000 se
2775 1946 3068 2012 obtulerat,
3108 1947 3268 2001 aliter
3296 1947 3465 2001 locuti
3506 1957 3674 2013 sunt;

2098 2027 2239 2091 ratio
2271 2037 2418 2091 nulla
2447 2047 2690 2107 apparet,
2720 2053 2820 2092 cur
2843 2038 2952 2102 ille,
2975 2041 3068 2108 qui
3094 2054 3160 2093 eo
3186 2038 3348 2093 modo
3369 2039 3687 2095 distinctio-

2098 2143 2222 2182 nem
2249 2129 2508 2183 ordinum
2539 2129 2594 2182 in
2629 2129 2872 2199 epistolis
2896 2130 3011 2185 suis
3031 2139 3178 2184 caste
3204 2139 3260 2184 et
3281 2140 3546 2200 perpetuo
3563 2146 3686 2186 ser-

2098 2219 2266 2285 vavit,
2293 2234 2393 2288 pro
2429 2235 2558 2274 vero
2590 2220 2799 2290 lgnatio
2829 2220 3175 2275 Antiod‘heuo
3217 2222 3314 2276 illo
3339 2232 3395 2276 et
3434 2232 3685 2294 martyre

2100 2328 2208 2367 non
2236 2313 2524 2367 habeatur.
2549 2311 2668 2366 Non
2703 2323 2786 2368 est
2823 2313 2951 2378 hoc,
2998 2329 3106 2368 non
3139 2323 3248 2380 est,
3277 2333 3296 2365 ι
3322 2329 3488 2384 supra
3515 2330 3683 2370 suum

2097 2405 2379 2469 saculum,
2412 2419 2576 2474 supra
2626 2403 2824 2460 fratres
2864 2421 2998 2460 suos
3046 2406 3386 2460 venerandos
3435 2407 3680 2477 seipsum

2095 2495 2305 2550 efferre.
2335 2516 2353 2550 ι
2371 2495 2557 2567 Neque
2583 2498 2774 2553 dubito
2799 2499 2930 2568 quin
2957 2499 3241 2553 verissime
3271 2514 3519 2554 asserere
3548 2515 3682 2570 pose

2095 2587 2224 2651 sim,
2255 2587 2522 2658 lgnatiqu
2547 2598 2798 2644 nostrum
2827 2597 2942 2644 tum
2965 2589 3207 2659 episcopi
3229 2591 3295 2645 de
3323 2592 3540 2660 primis,
3563 2601 3682 2648 tum

2096 2681 2397 2751 presbyteri
2424 2681 2746 2738 vocabulum
2772 2681 2840 2738 de
2855 2677 3110 2738 secundis
3125 2681 3384 2738 Ecclesia
3407 2685 3681 2755 cujusque

2095 2773 2492 2837 sacerdotibus,
2520 2789 2619 2844 pro
2637 2775 2721 2828 sui
2741 2775 2926 2830 saculi
2951 2790 3053 2830 usu
3078 2784 3132 2829 et
3158 2791 3331 2838 more,
3352 2792 3678 2846 usurpasse,

2094 2876 2203 2916 non
2227 2873 2439 2919 tantum
2472 2865 2525 2920 iu
2560 2881 2838 2928 sermone.
2885 2867 2980 2922 sed
3019 2867 3075 2921 in
3118 2868 3580 2937 praceptionibus
3613 2883 3681 2924 ac

2094 2952 2536 3013 institutionibus
2581 2958 2974 3014 ecclesiasticis
3032 2959 3181 3014 hunc
3240 2974 3449 3014 morem
3509 2971 3680 3030 atque

2094 3061 2254 3100 usum
2279 3048 2623 3105 observasse.
2652 3048 2718 3104 Et
2762 3065 2888 3105 cum
2935 3051 3046 3106 sint
3071 3053 3321 3123 quadam
3354 3053 3678 3108 hominibus

2093 3140 2215 3195 lata
2235 3156 2300 3196 ac
2330 3142 2628 3211 pr0posita
2657 3143 2821 3213 leges,
2867 3159 3072 3214 easque
3104 3159 3358 3200 sermone
3398 3146 3679 3216 imprimis

409 3237 478 3292 ad
498 3237 836 3293 Corinthios.
860 3255 880 3288 ι
907 3235 1082 3291 Etlib.
1107 3251 1123 3291 ι
1148 3237 1413 3291 adversus
1439 3235 1826 3292 Jovinianum:
1862 3257 1880 3290 ι
1909 3237 1990 3293 Ad
2019 3239 2061 3297 C
2095 3233 2245 3288 claro
2272 3243 2326 3289 et
2365 3234 2512 3290 facili
2544 3243 2598 3290 et
2624 3236 2924 3307 unicuique
2952 3238 3292 3293 audientium
3321 3240 3486 3294 obvio
3503 3256 3568 3295 ac
3592 3240 3678 3294 fa-

411 3330 512 3385 hos
533 3338 588 3384 et
608 3328 862 3384 Clemens
887 3343 1175 3383 successor
1197 3328 1430 3398 apostoli
1457 3327 1624 3395 Petri,
1651 3329 1812 3399 cujus
1842 3328 1987 3384 Pau-

411 3423 498 3478 lus
531 3421 815 3492 apostolus
841 3420 1111 3484 meminit,
1143 3419 1336 3475 scribit
1370 3420 1655 3490 epistolas.
1689 3439 1709 3473 ι
1743 3421 1817 3477 De
1859 3421 1990 3478 Hie-

411 3512 825 3579 rosolymitanis
885 3511 953 3568 ad
1009 3511 1232 3567 Galatas
1298 3527 1420 3583 cap.
1458 3527 1474 3566 l
1514 3530 1529 3568 :
1577 3531 1595 3565 ι
1647 3511 1746 3568 Hic
1804 3525 1986 3569 autem

405 3605 647 3663 Jacobus
679 3606 970 3677 episcopus
1018 3602 1528 3676 Hierosolymorum
1588 3606 1800 3676 primus
1858 3605 1985 3674 fuit,

407 3706 773 3770 cognomento
793 3695 1018 3762 Justus;
1045 3697 1126 3751 vir
1144 3706 1310 3752 tanta
1337 3697 1644 3752 sanctitatis
1670 3705 1724 3752 et
1747 3697 1986 3753 rumoris

407 3791 464 3846 in
500 3789 724 3860 populo,
770 3797 833 3843 ut
883 3788 1158 3842 fimbriam
1209 3787 1520 3842 vestimenti
1571 3789 1691 3858 ejus
1732 3788 1984 3843 certatim

405 3895 668 3954 cuperent
695 3881 983 3951 attingere.
1022 3879 1128 3946 Qui
1175 3888 1229 3935 et
1261 3880 1377 3950 ipse
1409 3889 1597 3950 postea
1626 3880 1694 3936 de
1726 3881 1929 3950 templo
1952 3895 1984 3934 a

405 3973 608 4030 Judais
635 3974 1003 4044 pracipitatus
1033 3988 1408 4028 successorem
1439 3973 1628 4028 habuit
1673 3971 1983 4028 Simeonem

405 4080 568 4136 quem
594 4073 651 4118 et
675 4063 853 4134 ipsum
879 4063 1101 4118 tradunt
1126 4077 1226 4132 pro
1249 4061 1481 4116 Domino
1508 4061 1888 4117 crucifixum.»
1910 4062 1986 4119 De

405 4154 782 4220 Antiochcnis,
799 4155 852 4210 in
875 4154 1166 4224 Catalogo:
1191 4151 1472 4224 signatius
1497 4153 1852 4208 Autiochena
1878 4153 1984 4209 Ec-

405 4250 586 4306 clesia
629 4249 824 4304 tertius
851 4256 979 4318 post
1015 4246 1240 4302 Petrum
1269 4247 1575 4317 apostolum
1605 4247 1917 4316 episcopus.
1957 4265 1978 4298 ι

403 4339 482 4396 De
509 4339 771 4394 Asianis:
806 4356 824 4389 ι
862 4335 1100 4392 Joannes
1149 4335 1431 4406 apostolus
1478 4333 1816 4390 novissimus
1864 4349 1984 4388 om-

403 4434 556 4488 nium
586 4429 809 4501 scripsit
840 4428 1194 4496 Evangelium
1245 4435 1472 4498 rogatus
1501 4427 1572 4481 ab
1595 4426 1737 4481 Asia
1767 4426 1982 4495 episco-

403 4525 506 4594 pis.
538 4541 558 4574 ι
594 4521 660 4576 Et
689 4521 744 4575 in
765 4519 958 4576 eodem
977 4517 1243 4589 Catalogo
1279 4535 1294 4573 :
1325 4536 1344 4570 ι
1379 4516 1717 4590 Polycarpus
1750 4515 1982 4572 Joannis

2091 3324 2294 3379 miliari
2325 3325 2537 3405 concipi
2569 3327 2844 3398 scribique
2865 3328 3077 3396 deceat,
3105 3331 3258 3386 nulla
3305 3331 3362 3384 in
3408 3331 3477 3387 iis
3510 3348 3677 3388 voca-

2089 3415 2217 3470 bula
2245 3415 2410 3472 dubia
2438 3427 2493 3472 et
2525 3419 2760 3475 obseura
2790 3422 3028 3488 misceri,
3057 3423 3139 3478 vel
3172 3423 3490 3494 hujusmodi
3519 3425 3677 3481 deni-

2091 3525 2221 3582 que,
2253 3525 2488 3580 quorum
2536 3511 2768 3568 lectores
2814 3529 2922 3567 nou
2971 3514 3155 3569 statim
3185 3515 3496 3583 intelligant
3543 3531 3674 3571 eum

2103 3600 2282 3670 ipsum
2309 3615 2432 3654 esse.
2453 3616 2616 3670 quem
2639 3611 2831 3656 auctor
2850 3603 3024 3658 voluit
3049 3618 3294 3666 sensum,
3311 3606 3415 3661 hoc
3431 3607 3678 3663 maxime

2086 3692 2396 3746 observavit
2423 3691 2664 3762 lgnatius
2688 3703 2908 3763 noster;
2937 3711 3064 3751 nam
3087 3705 3141 3750 et
3156 3711 3349 3752 omnes
3395 3708 3529 3754 tunc
3572 3715 3678 3754 no-

2086 3793 2238 3852 runt,
2270 3787 2496 3841 secundi
2524 3789 2736 3843 ordinis
2766 3790 3102 3844 sacerdotem
3139 3807 3168 3845 a
3199 3793 3418 3848 nemine
3454 3796 3678 3864 episco-

2085 3892 2214 3947 pum
2239 3879 2422 3933 vocari
2453 3880 2651 3946 solere,
2679 3881 2748 3935 ab
2773 3882 3030 3937 omnibus
3056 3885 3474 3956 presbyterum;
3508 3889 3677 3956 primi

2090 3978 2274 4024 autem
2306 3969 2518 4026 ordinis
2559 3972 2898 4027 sacerdotem
2944 3973 3014 4028 ab
3044 3976 3302 4031 Omnibus
3343 3977 3676 4049 episcopum

2086 4061 2372 4131 appellari.
2406 4061 2544 4116 Cum
2579 4064 2746 4133 igitur
2768 4074 2962 4120 auctor
2996 4066 3352 4135 epistolarum
3383 4070 3452 4124 iis
3487 4072 3677 4126 nomi-

2085 4153 2250 4209 nibus
2285 4154 2353 4208 ad
2384 4155 2640 4208 ordinum
2670 4155 2967 4211 discrimen
2994 4157 3348 4214 indicandum
3382 4170 3677 4231 uteretur,

2086 4242 2316 4298 lectores
2357 4245 2540 4299 statim
2568 4245 2954 4302 intellexerunt
2981 4263 3107 4304 eum
3140 4250 3317 4319 ipsum
3348 4265 3474 4306 esse
3504 4269 3678 4323 quem

2087 4336 2176 4390 ille
2222 4336 2394 4390 voluit
2434 4352 2693 4404 sensum;
2745 4353 2924 4408 neque
2965 4354 3062 4395 eos
3103 4343 3298 4396 sedulo
3339 4359 3570 4399 monere
3609 4361 3682 4402 ac

2085 4427 2303 4492 docere,
2334 4443 2446 4497 quo
2478 4443 2642 4482 sensu
2671 4430 2755 4482 vel
2782 4431 3024 4501 episcopi
3054 4434 3136 4486 vel
3171 4435 3477 4506 presbyteri
3508 4451 3648 4493 voca
3673 4467 3681 4474 ~

2086 4516 2276 4571 bulum
2307 4515 2535 4588 intelligi
2561 4518 2815 4584 voluerit,
2848 4537 3076 4577 necesse
3106 4522 3229 4578 fuit.
3257 4523 3525 4582 Facessat
3571 4529 3681 4600 igi-

402 4614 632 4686 apostoli
666 4612 991 4682 discipulus,
1016 4620 1072 4666 et
1098 4613 1167 4666 ab
1195 4626 1263 4666 eo
1297 4610 1543 4682 Smyrna
1573 4611 1864 4681 episcopus
1893 4625 1982 4664 or-
2013 4599 2058 4654 Β
2087 4620 2174 4663 tur
2204 4610 2294 4666 hic
2326 4609 2560 4667 Dallaus
2596 4628 2722 4667 cum
2770 4615 2948 4670 turbis
2975 4626 3030 4670 et
3055 4618 3384 4673 tumultibus
3413 4635 3561 4690 quos
3583 4599 3682 4677 ex-

399 4709 644 4772 dinatus,
697 4705 869 4760 totius
915 4705 1061 4760 Asia
1111 4705 1366 4772 princeps
1419 4702 1544 4757 fuit.
1588 4722 1607 4755 ι
1651 4701 1716 4758 Et
1745 4721 1757 4757 :
1791 4720 1810 4753 σ
1837 4700 1977 4756 Cum

401 4799 642 4868 lgnatius
672 4795 964 4868 Smyrnam
988 4795 1232 4850 venisset
1261 4796 1351 4850 ubi
1374 4793 1732 4866 Polycarpus,
1759 4793 1979 4847 auditor

397 4890 650 4954 Joannis,
673 4890 964 4960 episcopus
986 4886 1108 4942 fuit.
1142 4905 1160 4938 ι
1181 4885 1383 4942 Omnes
1413 4887 1577 4957 igitur
1619 4886 1695 4940 illi
1720 4887 1813 4955 qui
1840 4899 1978 4940 con-

401 4987 521 5039 fusa
551 4980 795 5052 episcopi
842 4989 897 5035 et
927 4979 1232 5050 presbyteri
1283 4979 1508 5032 nomina
1554 4978 1608 5032 in
1659 4976 1979 5047 apostolicis

397 5075 619 5144 scriptis
645 5072 1011 5136 tradiderunt,
1046 5071 1212 5126 simul
1244 5073 1410 5124 etiam
1449 5070 1756 5125 docuerunt
1786 5070 1867 5124 vel
1908 5072 1978 5123 ab

396 5167 636 5238 origine,
693 5165 777 5219 vel
829 5164 1138 5219 viventibus
1174 5163 1355 5218 adhuc
1388 5161 1551 5218 Petro
1574 5173 1627 5218 et
1667 5162 1862 5227 Paulo,
1891 5163 1976 5217 vel

399 5269 526 5315 ante
575 5257 804 5314 secundi
849 5258 1036 5313 saeuli
1079 5259 1317 5322 initium,
1360 5258 1654 5328 superstite
1696 5257 1876 5311 adhuc
1913 5256 1973 5311 S.

404 5348 772 5414 loauue,’tres
803 5347 976 5404 fuisse
1018 5349 1243 5403 ordines
1287 5365 1504 5413 sacros,
1550 5364 1643 5403 seu
1685 5349 1888 5418 gradus
1921 5348 1977 5402 iu

400 5439 665 5496 Ecclesia.
693 5441 852 5507 Quod
888 5440 935 5495 si
965 5441 1069 5494 hoc
1091 5441 1160 5494 ab
1186 5441 1252 5495 iis
1280 5441 1517 5510 positum
1541 5449 1646 5507 est,
1685 5455 1847 5494 nemo
1879 5439 1979 5493 du-

400 5532 594 5587 bitabit
620 5533 762 5586 idem
793 5548 824 5587 a
855 5533 1086 5602 reliquis
1114 5533 1358 5601 agnitum
1391 5533 1584 5596 fuisse,
1605 5532 1696 5601 qui
1729 5532 1892 5587 toties
1919 5533 1975 5586 in

403 5625 462 5679 S.
511 5625 791 5695 Scriptura
844 5625 1228 5695 episcoporum
1285 5626 1621 5680 mentionem
1665 5623 1783 5679 fieri
1826 5626 1979 5680 video

403 5725 550 5779 runt,
589 5732 688 5770 nec
718 5733 960 5784 unquam
1002 5718 1068 5770 de
1092 5715 1418 5771 confusione
1448 5717 1735 5770 nominum
1765 5717 1976 5786 cegita-

402 5809 551 5863 bant.
571 5805 751 5873 Quare
780 5808 937 5862 Walo
955 5807 1297 5872 Messalinus,
1317 5809 1410 5878 qui
1427 5825 1616 5863 eorum
1648 5810 1976 5864 sententiam

404 5907 623 5954 secutus
635 5906 739 5966 est,
752 5912 882 5952 suos
900 5913 1180 5970 nunquam
1194 5915 1420 5968 negasse
1437 5900 1538 5953 ait:
1564 5899 1787 5969 antiqua
1802 5900 1968 5956 etiam

2081 4699 2258 4754 citare
2287 4711 2542 4756 conatur.
2599 4700 2929 4774 Magnopere
2962 4705 3302 4760 commoveri
3337 4720 3406 4761 ac
3441 4717 3680 4764 contur-

2081 4793 2198 4848 bari
2220 4810 2412 4850 omnes
2425 4795 2681 4851 debuisse
2707 4805 2882 4866 putat,
2902 4798 2995 4868 qui
3020 4797 3317 4854 dictantem
3341 4801 3676 4859 audierant:

2087 4906 2105 4937 ε
2139 4885 2476 4957 Presbyteri,
2510 4887 2715 4942 subditi
2749 4898 2924 4944 estote
2944 4890 3252 4960 episcopo»
3287 4890 3488 4946 Fateor
3513 4896 3680 4964 equi-

2080 4977 2224 5041 dem,
2258 4978 2303 5032 si
2335 4993 2518 5032 mores
2553 4978 2997 5036 Christianorum
3024 4983 3252 5038 secundi
3292 4983 3444 5039 illius
3481 4986 3677 5042 saculi

2080 5070 2146 5123 ad
2176 5079 2497 5124 nostrorum
2533 5085 2780 5126 normam
2812 5074 3032 5145 exigere
3078 5075 3286 5138 liceret,
3319 5077 3678 5147 quampluri-

2079 5178 2202 5217 mos
2225 5165 2389 5218 etiam
2415 5173 2529 5220 tum
2548 5167 2883 5222 commoveri
2904 5167 3171 5236 voluisse,
3198 5185 3323 5223 cum
3342 5171 3675 5240 quempiam

2079 5254 2372 5310 dictantem
2398 5257 2649 5312 audirent
2673 5277 2687 5312 :
2721 5277 2740 5310 ι
2763 5257 3094 5331 Presbyteri,
3119 5260 3324 5315 subditi
3353 5270 3534 5316 estote
3549 5263 3676 5332 epi-

2081 5361 2269 5415 scopo.
2321 5367 2341 5399 ι
2376 5346 2522 5403 Nihil
2555 5351 2703 5405 enim
2761 5366 2885 5406 esse
2930 5353 3080 5422 quod
3131 5352 3388 5408 homines
3444 5355 3675 5426 aliquos

2081 5440 2295 5509 (quales
2328 5441 2404 5494 illi
2430 5443 2542 5496 sint
2564 5458 2676 5497 non
2705 5441 2909 5514 dicam)
2934 5445 3114 5515 magis
3150 5455 3525 5513 commoveat,
3558 5448 3674 5502 imo

2081 5532 2148 5585 ad
2171 5547 2324 5588 arma
2349 5543 2403 5588 et
2429 5533 2660 5590 fratrum
2684 5536 3114 5592 internecionem
3146 5538 3348 5592 excitet
3378 5549 3432 5594 et
3472 5541 3674 5612 impel-

2079 5622 2176 5692 lat,
2203 5641 2368 5694 quam
2393 5627 2525 5682 illud
2551 5627 2798 5692 effatum,
2829 5629 3169 5699 experientia
3205 5630 3375 5685 nimis
3400 5643 3556 5688 certa
3587 5635 3674 5688 di-

2079 5717 2336 5772 dicimus.
2373 5718 2623 5789 Cumque
2663 5723 2768 5775 ista
2791 5721 3058 5788 vidimus,
3087 5739 3197 5778 non
3240 5727 3526 5801 potuimus
3557 5743 3668 5781 non

2082 5809 2170 5862 illa
2225 5809 2282 5864 S.
2344 5809 2606 5880 Cypriani
2663 5814 2718 5866 in
2751 5815 3070 5869 memoriam
3113 5832 3373 5872 revocare
3415 5834 3545 5888 qua
3600 5821 3668 5873 ad

2077 5902 2424 5972 presbyteros
2448 5913 2499 5960 et
2524 5904 2788 5962 diaconos
2826 5905 3025 5964 fratres
3079 5909 3244 5980 epist.
3295 5910 3363 5964 ιυ
3402 5911 3664 5981 scripsit'.
