3848 6204
197 312 287 369 ωε
941 317 991 372 «1.
1035 317 1402 374 PEARSONII
1449 319 1716 376 VINDICI.

1889 319 2238 376 NATIAN.£.
2289 353 2346 366 τ-
2387 321 2566 378 PARS
2599 321 2664 376 ll.
3304 322 3407 379 47ιῦ

206 451 222 483 ι
264 431 402 500 Quod
428 433 568 489 enim
601 448 708 489 non
738 435 1045 506 periculum
1073 447 1320 495 metuere
1347 440 1612 496 debemus
1660 442 1725 496 de

1944 443 2092 510 elici,
2114 443 2176 498 τὸ
2202 443 2378 514 λέγειν
2406 443 2568 498 αὐτὸν
2600 442 2896 496 ἐπίσκοπον
2918 441 3012 497 καὶ
3039 443 3406 516 πρεσϐύτερον
3457 476 3463 484 -

197 525 372 600 oﬂ‘ensa
417 523 654 591 Domini,
683 529 905 598 quando
939 529 1108 600 aliqui
1137 531 1204 586 de
1244 533 1604 604 presbyteris,
1630 548 1716 588 net

1883 553 1948 590 τον
1978 531 2138 600 εἶναι,
2167 545 2223 590 et
2260 554 2273 590 :
2308 535 2372 589 Τί
2406 537 2552 590 ἐστιν
2589 537 2890 602 ἐπίσκοπος
2924 537 3061 606 πρὸς
3097 537 3402 608 πρεσϐύτε-

196 616 435 691 Evangelii
492 635 590 676 nec
641 619 743 674 loci
789 622 875 676 sui
931 636 1224 690 memores,
1273 625 1368 679 sed
1414 639 1594 694 neque
1645 623 1715 678 fu-

1886 645 1960 694 w;
1995 628 2146 682 οὐδὲν
2178 627 2481 682 διαλλάττει
2514 622 2669 692 οὗτος
2701 628 2911 684 τούτου.
2956 627 3084 684 Hec
3127 639 3256 684 sunt
3298 629 3405 684 Αε-

197 724 349 766 turum
385 711 585 766 Domini
611 713 902 782 judicium,
936 729 1113 784 neque
1144 731 1293 770 nunc
1323 715 1432 770 sibi
1465 717 1716 786 praeposi-

1888 739 1997 778 anae
2026 725 2295 778 htereseos
2341 723 2525 789 effata,
2567 731 2693 777 ante
2735 732 2993 794 quartum
3042 722 3302 778 saeculum
3349 721 3407 776 in-

196 813 290 857 tum
317 805 617 874 episc0pum
650 806 973 878 cogitantes,
1000 807 1150 877 quod
1184 825 1465 879 nunquam
1500 812 1729 866 omnino
1830 814 2074 870 Ecclesia
2101 815 2364 869 inaudita.
2398 812 2518 868 Non
2553 813 2710 868 aliter
2737 828 2842 868 nos
2869 813 2923 867 in
2949 813 3052 868 hac
3078 827 3138 867 re
3165 811 3405 866 instituti

193 897 278 950 sub
320 898 742 954 antecessoribus
796 898 1000 955 factum
1057 909 1162 967 est,
1220 911 1396 958 totum
1454 904 1559 959 sibi
1611 905 1728 960 vin-
1831 920 2044 969 sumus,
2071 921 2179 959 non
2216 905 2327 960 alio
2354 904 2548 958 horum
2570 903 2962 958 vocabulorum
2989 918 3153 958 sensu
3183 901 3403 966 imbuti,

191 989 416 1042 dicent?!
1828 1014 1993 1068 quam
2023 996 2246 1052 fuerunt
2285 995 2508 1052 secundi
2543 995 2728 1050 saeculi
2766 994 2975 1050 fideles.
3005 992 3211 1048 Eorum
3238 1001 3404 1047 aetate

248 1081 441 1138 Scimus
471 1093 650 1138 autem
690 1093 746 1139 et
773 1085 994 1140 eosdem
1035 1101 1142 1141 non
1174 1087 1360 1142 minus
1388 1089 1724 1145 commoveri
1827 1104 1998 1143 unum
2023 1088 2176 1142 illum
2203 1086 2296 1157 qui
2327 1087 2382 1140 in
2411 1084 2680 1156 cujusque
2709 1083 2953 1139 ecclesiae
2976 1083 3124 1138 clero
3151 1096 3403 1138 summus

189 1191 292 1230 cum
315 1177 528 1233 audiunt
554 1179 690 1233 illud
721 1178 780 1234 S.
813 1177 1007 1234 Pauli:
1049 1181 1233 1235 Omnis
1275 1183 1456 1236 anima
1487 1193 1724 1252 potesla-
1825 1190 1976 1244 erat,
2018 1181 2368 1250 episcopum;
2407 1186 2633 1232 caeteros
2672 1176 2906 1248 proximi
2951 1176 3022 1230 ab
3059 1176 3167 1231 hoc
3197 1175 3402 1246 gradus

191 1269 310 1321 tibus
342 1268 732 1324 sublimioribus
756 1271 970 1325 subdita
999 1274 1068 1325 sit
1093 1273 1160 1336 ⁸ο,
1194 1282 1289 1326 aut
1319 1273 1451 1327 illud
1480 1274 1537 1328 S.
1556 1273 1721 1330 Petri:
1826 1270 2175 1340 presbyteros
2232 1283 2342 1322 non
2391 1266 2680 1336 episcopos
2730 1266 2907 1321 dictos
2961 1280 3086 1322 esse
3122 1264 3400 1329 novimus,

190 1353 366 1412 Subditi
413 1369 572 1414 estote
613 1363 722 1432 regi
779 1363 931 1432 quasi
965 1362 1287 1431 prwcellenti
1316 1365 1396 1432 ⁵⁰;
1434 1382 1544 1420 non
1577 1369 1724 1437 quod
1824 1372 1878 1419 et
1901 1364 2015 1434 jam
2047 1371 2172 1416 ante
2201 1360 2659 1428 monstravimus;
2690 1359 2824 1414 satis
2851 1359 3016 1429 igitur
3043 1359 3180 1413 bene
3207 1371 3398 1413 eorum

186 1452 400 1518 ignorent
437 1467 557 1521 qua:
587 1462 886 1520 potestates
922 1455 1304 1526 sublimiores,
1339 1467 1436 1514 aut
1473 1462 1598 1530 quis
1631 1477 1721 1516 rex
1828 1465 2132 1525 temporum
2201 1455 2386 1508 ﬁdeles
2442 1460 2496 1507 et
2546 1449 2853 1522 presbyteri
2918 1450 3025 1506 hoc
3068 1459 3401 1520 praeceptum

185 1542 272 1606 sit,
311 1543 394 1595 sed
438 1543 580 1612 quod
629 1560 753 1614 qua:
793 1544 866 1600 sit
905 1547 1172 1617 subjectio
1217 1549 1548 1617 Christiana,
1603 1569 1726 1622 qua:
1827 1549 2100 1621 S.lgnatii
2133 1546 2526 1617 intelligebant,
2565 1559 2667 1599 nec
2699 1545 2766 1599 ad
2803 1543 3100 1601 cavendam
3134 1541 3400 1597 oﬂ‘ensio-

183 1632 450 1689 obedientia
482 1652 546 1690 ex
580 1635 863 1706 Evangelii
902 1638 1116 1710 legibus
1157 1639 1364 1711 debita,
1415 1646 1592 1700 nolint
1635 1647 1721 1700 in-
1823 1657 1947 1696 nem
1985 1639 2253 1694 monitore
2297 1638 2630 1707 indigebant.
2677 1634 2946 1702 Quoniam
2974 1648 3104 1689 vero
3134 1648 3242 1689 non
3275 1641 3400 1688 tan-

183 1723 405 1796 telligere.
439 1728 556 1784 Alia
587 1732 817 1786 secundi
854 1733 1042 1788 saeculi
1063 1733 1509 1793 Christianorum
1541 1754 1720 1806 mens,
1826 1745 1941 1791 tum
1980 1734 2129 1788 illius
2156 1733 2332 1786 aetatis
2369 1745 2551 1796 usum,
2588 1729 2683 1784 sed
2715 1736 2768 1782 et
2792 1727 3162 1798 apostolorum
3216 1727 3398 1780 imita-

180 1815 296 1872 alius
321 1819 533 1874 animus
560 1818 698 1886 fuit;
733 1822 798 1875 ad
831 1822 1229 1892 subiectionem
1269 1837 1324 1881 et
1355 1829 1721 1884 obedientiam
1753 1807 1798 1867 Β
1830 1826 2032 1880 tionem
2071 1825 2125 1877 in
2155 1821 2482 1877 confusione
2513 1820 2798 1884 nominum
2842 1827 3017 1889 urget,
3048 1818 3400 1888 scriptorem-

180 1912 504 1977 przstandam
557 1913 896 1982 paratissimi
945 1915 1204 1984 fuerunt,
1253 1921 1457 1990 quibus
1507 1937 1569 1976 ea
1623 1924 1724 1977 tri-
1825 1933 1930 1988 que
1959 1915 2317 1986 epistolarum
2382 1934 2400 1964 ι
2431 1911 2634 1966 diversi
2687 1911 2756 1966 ab
2813 1911 3075 1981 apostolis
3125 1909 3398 1966 sermonis

179 2002 360 2057 luenda
401 2014 540 2059 esset
591 2021 705 2059 non
753 2006 1106 2077 ignorabant.
1159 2010 1353 2067 Miram
1397 2013 1564 2084 igitur
1615 2015 1698 2070 illi:

1874 2009 2126 2069 nminem,
2159 2026 2177 2059 ι
2227 2007 2338 2061 imo
2374 2025 2393 2057 ι
2417 2005 2700 2074 apostolici
2728 2003 3001 2059 sermonis
3029 2013 3393 2058 correctorem

176 2096 440 2151 oralionem
471 2097 766 2153 substituit
797 2098 1052 2170 Dallaaus,
1096 2119 1300 2174 eosque
1333 2121 1428 2176 per
1458 2122 1722 2180 ρι-οεορο.
1821 2109 1876 2155 et
1899 2099 2306 2155 emendatorem
2331 2117 2350 2149 ι
2385 2097 2639 2167 appellat,
2689 2096 2921 2165 ideoque
2959 2109 3084 2149 eum
3130 2095 3394 2152 charissi-

178 2190 328 2257 peiam
371 2189 449 2245 sic
484 2191 1006 2249 submurmurantes
1070 2207 1428 2264 reprxsentat
1464 2218 1477 2254 ε
1523 2219 1542 2251 (
1572 2201 1720 2268 Quos
1822 2209 1971 2248 mum
2011 2201 2176 2262 atque
2226 2189 2776 2246 observantissimum
2825 2187 3202 2258 apostolorum
3228 2188 3396 2244 disci-

175 2297 280 2337 vero
301 2283 396 2337 iste
425 2284 583 2340 nobis
616 2284 904 2357 (dicerent)
931 2306 950 2338 ι
1009 2288 1378 2360 presbyteros,
1419 2309 1438 2342 σ
1471 2303 1525 2348 et
1555 2309 1718 2364 quem
1820 2290 2009 2359 pulum
2053 2287 2324 2358 lgnatium
2375 2299 2497 2340 esse
2553 2291 2746 2352 negat;
2787 2296 2967 2351 operat
3012 2281 3247 2352 pretium
3308 2296 3398 2336 me

174 2380 368 2426 narrat»
416 2373 784 2444 episcopum?
818 2373 945 2431 Haec
999 2387 1184 2433 autem
1233 2387 1293 2434 ut
1337 2382 1416 2436 illi
1456 2383 1717 2448 dicerent,
1820 2380 2094 2437 facturum
2143 2379 2355 2452 putavi,
2404 2376 2450 2433 si
2490 2376 2832 2432 ostenderem
2885 2389 3050 2445 porro
3096 2375 3216 2430 haec
3256 2373 3394 2430 nihil

174 2464 248 2532 qui
287 2465 520 2533 quotidie
564 2481 695 2520 cum
734 2467 1076 2540 presbyteris
1119 2479 1176 2527 et
1216 2474 1475 2544 episcopo
1519 2490 1622 2530 suo
1662 2476 1716 2529 in
1819 2472 2080 2546 ponderis
2101 2479 2424 2543 argumento
2455 2469 2676 2532 addere,
2707 2484 2887 2541 neque
2917 2483 3272 2539 quemquam,
3297 2469 3392 2538 qui

173 2569 314 2609 unum
352 2558 792 2614 conveniebant?
829 2561 924 2630 qui
960 2563 1165 2632 optime
1206 2577 1412 2621 norunt
1435 2568 1717 2639 presbyte-
1821 2565 2048 2622 secundi
2079 2563 2263 2620 saeculi
2293 2571 2348 2618 et
2376 2577 2558 2618 mores
2595 2570 2648 2616 et
2673 2561 2932 2632 loquendi
2972 2560 3196 2616 modum
3227 2573 3396 2614 nove-

170 2659 244 2699 ros
264 2661 381 2702 suos
407 2663 474 2704 eo
503 2650 732 2706 nomine
768 2651 981 2707 censeri
1011 2661 1141 2708 tunc
1171 2654 1392 2721 solitos,
1446 2672 1477 2711 a
1503 2658 1720 2712 nemine
1818 2658 1911 2724 rit,
1939 2656 2023 2711 vel
2051 2655 2238 2710 leviter
2263 2668 2480 2708 movere
2507 2667 2688 2724 posse.

169 2745 322 2791 autem
350 2741 640 2812 episcopos
682 2744 829 2799 dici?
862 2743 989 2800 Haec
1021 2754 1081 2800 ut
1117 2746 1717 2819 dicerent-presbyteri,
1888 2746 2304 2804 Observandum
2357 2745 2504 2801 enim
2547 2753 2630 2800 est
2671 2743 2851 2814 primo
2908 2743 3120 2798 nullum
3167 2743 3393 2799 secundi

169 2827 244 2894 qui
286 2828 459 2884 locum
508 2847 679 2886 suum
723 2835 848 2902 gnon
897 2834 1258 2905 ignorabant,
1303 2845 1358 2892 et
1406 2855 1574 2894 unum
1610 2839 1718 2894 sibi
1819 2841 1902 2896 vel
1937 2839 2102 2896 etiam
2133 2841 2278 2896 tertii
2311 2839 2496 2895 saaculi
2551 2837 2876 2908 scriptorem
2913 2837 2969 2890 in
3009 2836 3229 2906 scriptis
3258 2850 3395 2905 apo-

171 2922 480 2988 praepositum
517 2925 892 2995 agnoscebant
925 2943 1091 2998 quem
1129 2937 1184 2983 et
1204 2929 1522 3000 episcopum
1554 2946 1719 2986 voca—
1818 2934 2026 2990 stolicis
2057 2933 2289 2989 confusa
2321 2947 2443 2988 esse
2472 2933 2693 2987 nomina
2735 2930 2981 3000 episcopi
3007 2936 3062 2982 et
3091 2928 3401 3000 presbyteri.

169 3010 293 3079 bant,
329 3014 427 3070 sibi
463 3015 600 3072 illud
641 3034 841 3073 nomen
878 3020 1104 3076 minime
1139 3023 1518 3078 vindicantes?
1555 3023 1718 3078 Blon-
1818 3027 2164 3083 observasse.
2197 3025 2351 3093 Quod
2393 3025 2440 3079 si
2469 3039 2658 3079 verum
2697 3025 2789 3087 sit,
2828 3021 2986 3077 fateri
3024 3036 3248 3077 necesse
3285 3030 3390 3087 est,

168 3102 313 3161 dellus
359 3107 474 3177 ipse
521 3108 727 3165 fatetur
782 3109 956 3166 fuisse
1017 3121 1149 3168 tunc
1202 3115 1465 3184 temporis
1521 3132 1714 3182 unum,
1744 3152 1790 3213 ο
1819 3134 1915 3175 eos
1943 3119 2305 3190 apostolicum
2341 3133 2652 3174 sermonem
2694 3116 2897 3170 imitari
2921 3129 3030 3169 non
3060 3114 3306 3184 potuisse
3334 3115 3390 3169 in

167 3212 299 3265 quem
332 3201 383 3254 in
423 3220 442 3254 ‹
468 3219 808 3275 unoquoque
834 3218 976 3264 metu
1006 3211 1274 3280 primatus
1299 3209 1666 3280 contingebat,
1691 3228 1710 3262 ι
1749 3201 1790 3213 “’
1818 3226 1882 3267 ea
1911 3226 1990 3276 re,
2021 3226 2186 3280 quam
2219 3210 2321 3280 ipsi
2365 3225 2472 3264 non
2503 3208 2779 3264 viderunt.
2817 3205 3016 3260 Verum
3059 3218 3240 3260 autem
3270 3219 3394 3260 esse

167 3290 238 3342 cui
274 3309 292 3342 ι
325 3294 511 3362 primae
541 3285 821 3354 cathedrae
849 3301 1282 3371 praesidialisque
1310 3301 1596 3370 potestatis
1623 3302 1716 3371 jus
1819 3312 1877 3359 ut
1901 3303 2142 3367 credam,
2172 3302 2342 3356 multa
2367 3300 2718 3372 persuadent.
2757 3298 2936 3368 Atque
2962 3297 3096 3351 illud
3123 3296 3404 3366 imprimis-

167 3393 462 3440 reservatum
500 3396 607 3453 est,
645 3408 664 3440 ι
697 3391 793 3460 qui
839 3392 1096 3463 «collegii
1127 3392 1365 3462 primum
1409 3392 1715 3446 membrum
1818 3396 2111 3451 observatu
2161 3393 2408 3464 dignum,
2459 3393 2601 3447 inter
2647 3391 2868 3447 Graecos
2918 3388 3106 3444 Patres
3152 3389 3390 3458 primum

165 3482 209 3526 et
228 3475 564 3535 honorarium
597 3492 784 3552 caput,
807 3502 826 3534 ι
863 3483 958 3554 qui
995 3503 1014 3535 ι
1037 3483 1361 3555 presbyterii
1392 3483 1715 3552 praepositus
1818 3487 1876 3542 S.
1909 3487 2390 3559 Chrysostomum,
2446 3484 2590 3539 inter
2643 3482 2868 3537 Latinos
2921 3491 3012 3536 aut
3067 3481 3388 3535 Ambrosia-

165 3575 210 3620 et
233 3568 465 3643 ἔξαρχος,
503 3583 562 3628 et
595 3574 730 3628 cleri
761 3575 930 3631 totius
956 3588 1123 3646 caput
1149 3595 1168 3628 ι
1209 3576 1334 3642 fuit,
1362 3576 1456 3646 qui
1497 3594 1516 3626 ι
1552 3591 1583 3630 a
1609 3574 1715 3629 Do-
1815 3586 2013 3643 strum,
2046 3585 2140 3631 aut
2165 3573 2553 3646 Hieronymum
2579 3575 2784 3629 diserte
2820 3571 3129 3638 tradidisse,
3157 3571 3389 3626 confusa

167 3662 288 3717 mino
314 3665 428 3735 ipso
454 3666 509 3722 in
534 3667 794 3723 Asiaticis
817 3667 1075 3724 Ecelesiis
1104 3687 1123 3720 ι
1145 3669 1372 3738 angelus
1388 3669 1569 3724 dictus
1595 3679 1710 3736 est;
1814 3684 1937 3724 esse
1966 3669 2187 3722 nomina
2215 3666 2454 3736 episcopi
2491 3675 2546 3720 et
2574 3665 2876 3736 presbyteri
2922 3663 2976 3717 in
3006 3663 3226 3732 scriptis
3257 3678 3393 3733 apo-

167 3763 222 3802 an
241 3750 372 3808 hunc
397 3755 738 3828 presbyteri,
777 3758 872 3827 qui
901 3758 1008 3813 sub
1042 3758 1136 3813 illo
1176 3767 1434 3828 tanquam
1487 3758 1590 3814 sub
1620 3773 1714 3813 ca-
1815 3761 2046 3817 stolicis.
2076 3757 2263 3830 Neque
2281 3759 2426 3814 enim
2459 3773 2793 3828 quemquam
2826 3770 2931 3811 nos
2955 3756 3185 3820 scimus,
3208 3770 3390 3826 neque

166 3841 253 3908 pite
285 3844 566 3912 vivebant,
627 3861 1023 3916 recOgnoscere
1069 3863 1181 3904 non
1221 3858 1538 3919 patuerunt,
1584 3866 1710 3905 cum
1811 3854 1916 3909 viri
1942 3854 2083 3910 docti
2111 3853 2204 3923 qui
2233 3868 2263 3906 a
2287 3851 2446 3908 nobis
2471 3850 2823 3916 dissentiunt,
2851 3848 3034 3904 adhuc
3055 3862 3388 3918 quemquam

167 3949 266 3990 eum
292 3939 600 4010 episcopum
636 3942 967 4011 appellatum
991 3940 1266 3996 audirent.
1296 3940 1454 3996 Certe
1481 3941 1713 3998 Ambro-
1812 3946 2189 4011 nominarunt,
2218 3945 2313 4016 qui
2351 3943 2494 3998 idem
2525 3951 2652 3998 ante
2694 3957 2792 3997 eos
2815 3941 3185 3996 aﬂlrmaverit.
3230 3939 3300 3994 At
3331 3939 3388 3994 hi

167 4027 348 4095 siaster,
377 4033 536 4102 cujus
572 4033 894 4088 testimonio
934 4033 1188 4087 innititur
1212 4031 1475 4088 Blondelli
1505 4043 1559 4088 et
1591 4033 1712 4089 Sal-
1810 4046 2070 4108 vergente
2109 4037 2222 4108 jam
2265 4036 2334 4090 ad
2381 4036 2541 4090 linem
2591 4042 2792 4105 quarto
2841 4033 3044 4090 saeculo
3086 4032 3384 4103 scripsere;

166 4120 298 4174 masii
325 4122 387 4176 de
413 4124 598 4192 primo
638 4123 957 4195 presbytero
980 4125 1296 4192 sententia,
1327 4125 1552 4181 nomina
1597 4127 1712 4196 epi-
1812 4138 1867 4184 et
1917 4138 2044 4184 ante
2095 4144 2190 4184 eos
2255 4127 2477 4198 scripsit
2527 4125 2910 4196 Epiphanius,
2959 4125 3054 4195 qui
3108 4125 3388 4184 contraria

167 4213 292 4280 scopi
325 4221 375 4266 et
407 4214 716 4284 presbyteri
757 4215 934 4269 divisa
979 4224 1033 4270 et
1061 4215 1319 4271 distincta
1365 4215 1540 4272 fuisse
1584 4226 1710 4272 ante
1809 4223 1998 4276 omnia
2029 4221 2238 4276 docuit.
2283 4219 2422 4276 Cum
2464 4219 2610 4274 enim
2643 4219 2840 4274 Acrius
2869 4234 2936 4272 ex
2969 4233 3221 4274 sermone
3251 4232 3385 4288 apo-

168 4313 337 4357 annum
375 4303 598 4377 Trajani
638 4306 913 4362 decimum
960 4317 1196 4364 testatur
1240 4325 1254 4360 :
1311 4327 1330 4361 ι
1371 4307 1550 4364 Beatis
1581 4325 1687 4364 νει-ι

1866 4314 2005 4368 olico
2051 4313 2361 4380 docuisset,
2409 4307 2548 4366 εἶναι
2602 4309 2692 4364 τὸν
2738 4308 2902 4362 αὐτὸν
2944 4308 3261 4372 ἐπίσκοπον,
3294 4306 3385 4362 τὸν

169 4395 394 4457 apostolis
434 4396 861 4463 decedentibus,
908 4397 986 4453 illi
1015 4399 1110 4468 qui
1146 4407 1272 4469 post
1301 4399 1428 4455 illos
1471 4399 1706 4454 ordinati
1809 4404 1968 4457 αὐτὸν
2002 4401 2392 4476 πρεσϐύτερον,
2426 4402 2532 4456 hoc
2557 4416 2624 4455 ex
2655 4399 2895 4455 haeretici
2923 4397 3230 4472 ignorantia
3258 4413 3387 4467 pro-

170 4494 274 4538 sunt
307 4496 362 4541 ut
398 4500 701 4558 praessent
736 4489 1018 4558 Ecclesiis,
1058 4493 1168 4548 illis
1196 4492 1390 4562 primis
1433 4492 1705 4562 exaequari
1737 4491 1782 4548 D
1811 4493 2014 4549 fectum
2062 4495 2281 4560 asserit,
2323 4497 2417 4564 qui
2454 4508 2565 4548 non
2607 4492 2994 4548 observaverat
3033 4505 3100 4545 ex
3141 4489 3386 4560 antiquis

170 4589 257 4629 non
298 4590 574 4649 poterant,
638 4598 817 4652 neque
867 4584 1260 4638 miraculorum
1330 4584 1704 4638 testimonium
1809 4584 2088 4651 historiis,
2137 4584 2192 4639 in
2237 4583 2512 4654 aliquibus
2557 4581 2806 4638 ecclesiis
2849 4581 2920 4636 ab
2957 4579 3171 4650 origine
3213 4579 3386 4634 fuisse

169 4663 354 4738 habere,
376 4673 468 4728 sed
506 4676 563 4728 in
595 4673 788 4729 multis
813 4673 937 4728 aliis
962 4673 1252 4730 inferiores
1271 4674 1382 4729 illis
1409 4689 1530 4729 esse
1554 4674 1708 4750 vide-
1806 4679 2182 4749 presbyteros,
2235 4677 2479 4732 nondum
2514 4674 2830 4731 constitutis
2859 4671 3150 4743 episcopis,
3201 4670 3257 4725 in
3289 4671 3385 4725 ali-

170 4755 334 4815 bantur
375 4782 389 4817 :
437 4781 608 4833 grave
665 4765 1120 4820 existimaverunt
1174 4766 1552 4835 apostolorum
1599 4766 1706 4822 sibi
1807 4772 2008 4843 quibus
2033 4770 2337 4840 episcopos,
2363 4769 2606 4824 nondum
2638 4765 2840 4821 additis
2866 4763 3241 4835 presbyteris:
3273 4776 3382 4831 qua

170 4848 408 4908 vindicare
443 4856 935 4926 nuncupationem.
984 4855 1301 4911 Diviserunt
1325 4872 1456 4927 ergo
1481 4859 1706 4912 nomina
1809 4863 1969 4917 unica
2000 4860 2380 4917 observatione
2410 4859 2527 4914 tolli
2571 4856 2782 4928 putavit
2819 4856 3191 4927 promiscuam
3232 4853 3380 4908 illam

169 4938 282 5008 ipso.
303 4954 353 5000 el
377 4947 505 5012 illis.
534 4949 589 5002 id
622 4957 707 5002 est
734 4948 1070 5020 presbyteris
1098 4963 1298 5004 nomen
1331 4949 1702 5019 reliquerunt:
1805 4956 2090 5012 nominum
2121 4954 2552 5024 usurpationem.
2582 4950 2708 5006 Haec
2741 4959 2925 5006 autem
2955 4958 3144 5004 contra
3173 4947 3385 5003 haereti-

173 5027 246 5082 alii
278 5046 394 5088 vero
431 5036 674 5106 episcopi
711 5045 840 5090 sunt
878 5038 1201 5107 nuncupati,
1249 5037 1417 5108 hique
1457 5047 1514 5094 et
1553 5040 1695 5094 ordi-
1806 5064 1930 5104 cum
1962 5046 2193 5118 protulit
2218 5043 2580 5115 Epiphanius,
2612 5050 2672 5096 ut
2701 5042 2756 5095 in
2789 5039 3127 5110 exponendis
3156 5044 3380 5108 aposto-

173 5121 376 5180 nationis
405 5128 617 5196 praediti
656 5137 945 5198 potestate,
986 5129 1060 5183 ita
1097 5139 1157 5185 ut
1183 5130 1500 5200 plenissime
1539 5131 1703 5187 iidem
1805 5140 1874 5195 [is
1902 5138 2044 5194 {ade
2069 5137 2381 5206 deceptum,
2413 5143 2468 5189 et
2501 5135 2856 5204 antiquorum
2893 5139 3376 5186 monumentorum

171 5224 542 5278 eosnoso'erent.
589 5219 754 5290 Atqui
785 5233 839 5277 et
873 5223 1167 5292 episcopus
1203 5223 1485 5294 presbyter
1512 5232 1617 5292 est,
1649 5233 1706 5280 et
1805 5232 2080 5302 ignarum.
2112 5226 2356 5282 Credidit
2395 5227 2582 5296 itaque
2606 5224 2948 5294 Epiphanius
2976 5229 3189 5276 veteres
3213 5220 3376 5277 Chri-

170 5307 411 5380 presbyter
444 5313 755 5384 episcopus.
787 5315 874 5368 An
911 5331 1084 5369 unum
1122 5317 1486 5388 eamdemque
1521 5318 1704 5373 homi—
1804 5323 2013 5378 stianos
2050 5321 2208 5376 aliter
2245 5319 2552 5389 apostolum
2594 5316 2949 5372 intellexisse.
2987 5313 3240 5369 Nondum
3276 5312 3381 5382 igi--

171 5409 267 5451 ueni
292 5400 374 5458 hic
408 5404 512 5460 sibi
541 5416 596 5460 et
626 5407 824 5476 subjici
857 5415 913 5462 et
934 5423 1169 5478 praeesse
1208 5410 1361 5464 vult?
1384 5430 1403 5463 ι
1475 5409 1702 5478 Qualem
1803 5423 1892 5468 tur
1938 5413 2030 5466 illa
2070 5411 2369 5481 apostolica
2413 5408 2696 5463 nominum
2743 5405 2996 5462 confusio
3040 5405 3094 5458 in
3131 5401 3375 5458 Ecclesia

170 5491 428 5549 cntionem
479 5497 884 5567 primitivorum
940 5499 1171 5578 fratrum
1219 5509 1314 5556 aut
1354 5503 1700 5576 presbytero-
1802 5505 1986 5578 agnita
2014 5512 2121 5569 est,
2155 5511 2294 5558 teste
2321 5501 2650 5572 Epiphanio.
2694 5498 2882 5569 Neque
2908 5513 3038 5553 vero
3077 5497 3226 5559 illius
3251 5510 3376 5551 88n-

169 5592 267 5636 tutn
289 5587 499 5644 nomine
529 5590 732 5659 promit
755 5591 846 5646 hic
877 5605 1070 5646 eorum
1095 5574 1402 5649 Tertullus!
1437 5574 1556 5648 Non
1586 5594 1702 5649 haec
1801 5574 1985 5655 tentia:
2026 5596 2136 5652 ulla
2183 5594 2412 5666 vestigia
2461 5601 2678 5649 exstare
2724 5599 2858 5663 puto
2905 5591 3049 5661 apud
3080 5589 3378 5659 scriptores

169 5685 325 5732 totum
376 5689 681 5752 temporum
728 5693 824 5740 aut
862 5683 1148 5740 hominum
1206 5693 1335 5742 sunt
1359 5727 1374 5756 ,
1422 5686 1516 5745 sed
1553 5685 1700 5742 Acrii
1801 5689 2203 5748 ecclesiasticos
2231 5686 2536 5760 Epiphanio
2567 5685 2847 5758 aliquanto
2869 5681 3228 5754 antiquiores.
3260 5679 3385 5734 luo-

225 5788 263 5822 ⁸⁸
293 5790 440 5852 Rom.
476 5813 595 5868 xm,
628 5797 678 5854 ι.
756 5797 802 5832 ὀ
838 5797 1028 5858 lPetr.
1065 5815 1128 5870 tt,
1158 5799 1244 5857 13.
