3834 6214
419 311 528 365 455

1453 311 1512 366 S.
1544 308 1899 366 IGNATIUS.
1940 340 2010 350 —
2034 301 2569 388 PROLEGOMENA.

3569 297 3678 354 436

419 433 644 488 secundi
676 442 729 488 et
755 434 898 488 tertii
929 432 1112 488 sweuli
1141 431 1436 500 scriptores
1458 433 1789 486 contrarium
1815 431 1997 500 potius
2029 439 2070 492 Α
2102 442 2374 499 prresumo
2403 442 2501 497 per
2525 423 2845 490 Ecclesiam,
2874 436 2999 493 qua:
3030 435 3194 491 super
3225 418 3377 476 illum
3408 417 3678 475 aediﬁcata

417 528 681 582 statuisse
711 527 939 597 putandi
966 536 1113 580 sunt.

490 618 682 674 Tradit
717 619 951 674 Dallaaus
975 618 1195 688 Ephesi,
1237 617 1401 674 unius
1444 616 1618 681 urbis,
1669 615 1852 684 plures
1879 628 1988 668 non

418 713 601 780 primi,
635 712 730 766 sed
768 713 995 767 secundi
1025 711 1228 779 gradus
1257 709 1580 779 praepositos
1609 708 1990 777 episcoporum

419 798 640 852 nomine
678 799 995 867 significari,
1027 801 1146 853 Act.
1212 814 1312 862 xx,
1367 796 1457 851 28.
1526 794 1855 866 Veteresque
1915 797 1989 850 ita

420 890 599 942 locum
666 889 1052 961 interpretatos
1101 889 1341 944 asserit:
1375 887 1625 943 nominat
1667 887 1994 957 Chrysosto-

421 998 568 1036 unum
589 1024 603 1048 ,
637 981 1040 1037 Theodoretum
1059 1024 1074 1049 ,
1105 981 1498 1052 Hieronymum
1519 1020 1534 1044 ,
1564 978 1701 1033 alios
1725 1018 1741 1042 ,
1770 978 1864 1032 sed
1905 977 1992 1031 his

418 1075 691 1128 neminem
737 1075 1092 1130 vetnstiorem
1149 1075 1415 1128 nominat.
1465 1071 1614 1126 Nihil
1666 1070 1834 1141 igitur
1877 1071 1994 1124 haac

420 1165 486 1216 ad
538 1165 769 1219 secundi
815 1175 910 1219 aut
949 1167 1096 1219 tertii
1141 1166 1324 1220 saeculi
1379 1165 1705 1220 sententiam
1760 1163 1989 1218 faciunt.

417 1254 487 1307 At
523 1251 757 1309 [renatus
803 1270 915 1309 non.
961 1256 1174 1323 putavit
1223 1255 1446 1309 eosdem
1501 1256 1652 1308 viros
1692 1269 1759 1308 co
1791 1253 1896 1307 loci
1937 1261 1994 1306 et

417 1348 707 1418 episcopos
745 1347 917 1404 fuisse
943 1349 1124 1405 dictos
1161 1356 1215 1402 et
1247 1349 1616 1418 presbyteros,
1644 1357 1700 1402 et
1731 1349 1797 1401 ad
1829 1346 1993 1401 unius

419 1439 570 1495 urbis
608 1439 896 1494 ecclesiam
929 1441 1282 1510 pertinuisse.
1321 1437 1413 1493 Sic
1444 1440 1590 1494 enim
1630 1441 1740 1505 ille,
1771 1439 1867 1494 lib.
1906 1435 1992 1501 in,

418 1547 538 1600 cap.
565 1532 673 1586 14:
710 1550 728 1582 ι
770 1531 830 1585 In
879 1531 1060 1586 Mileto
1109 1534 1253 1586 enim
1291 1531 1608 1587 convocatis
1643 1530 1917 1600 episcopis
1943 1537 1996 1584 et

419 1621 771 1692 presbyteris,
805 1623 900 1691 qui
929 1633 1087 1677 erant
1123 1623 1191 1676 ab
1217 1622 1434 1692 Epheso
1463 1633 1518 1678 et
1553 1638 1587 1677 a
1618 1623 1842 1692 reliquis
1867 1637 1996 1692 pro-

383 1711 584 1765 .ximis
629 1711 964 1766 civitatibus.
1001 1730 1020 1762 »
1081 1709 1415 1766 Convocavit
1467 1711 1524 1766 S.
1549 1710 1752 1764 Paulus
1793 1718 1848 1763 et
1886 1709 1996 1780 epi-

419 1820 616 1874 scopos
659 1819 712 1860 et
755 1807 1131 1876 presbyteros,
1181 1822 1246 1860 ex
1277 1806 1545 1862 sententia
1598 1804 1808 1868 lrenmi,
1837 1813 1890 1858 et
1927 1804 1994 1857 ab

419 1895 636 1965 Epheso
680 1906 735 1951 et
785 1899 854 1952 ab
901 1899 1022 1953 aliis
1065 1898 1207 1952 Asia:
1272 1897 1619 1962 civitatibus;
1673 1913 1781 1950 non
1832 1896 1996 1966 igitur

423 1990 586 2043 unius
619 1989 791 2056 urbis,
825 1998 921 2043 aut
963 1990 1116 2044 solos
1164 1989 1386 2044 secundi
1431 1989 1640 2043 ordinis
1672 1990 1995 2058 praepositos

423 2081 770 2143 convocavit,
800 2090 896 2135 aut
925 2081 1213 2150 episcopos
1242 2080 1552 2149 appellavit.
1591 2079 1750 2134 Hunc
1775 2079 1995 2149 quidem

427 2172 690 2226 Actorum
753 2171 934 2226 locum
997 2181 1194 2241 quarto
1269 2172 1470 2226 saeculo
1537 2181 1592 2226 et
1643 2173 1997 2242 sequentibus

425 2265 670 2330 laudant,
717 2272 771 2320 et
816 2264 974 2334 quasi
1029 2263 1256 2318 fundum
1312 2280 1427 2319 sua:
1464 2265 1746 2320 sententia
1787 2275 1999 2335 ponunt

424 2357 889 2427 Chrysostomus,
941 2355 1310 2426 Hieronymus
1357 2357 1580 2426 aliique,
1627 2357 1695 2412 de
1725 2373 1832 2412 una
1862 2359 1999 2412 urbe

426 2448 695 2518 praecipue
721 2448 1083 2519 disputantes.
1118 2435 1354 2503 lrenaéus
1391 2449 1616 2504 secundi
1647 2448 1830 2504 saaculi
1865 2448 2000 2502 scri-

427 2549 570 2608 ptor,
601 2541 864 2610 apostolis
896 2541 1326 2610 apostolicisque
1371 2540 1544 2594 multo
1588 2541 1831 2610 propior,
1862 2540 2000 2594 nihil

428 2631 536 2685 tale
563 2632 647 2685 vel
677 2632 992 2687 somniavit.
1037 2631 1134 2686 llla
1177 2631 1362 2701 igitur,
1405 2645 1572 2699 quam
1603 2631 1813 2696 volunt,
1861 2645 1997 2701 apo—

427 2722 620 2777 stolica
669 2725 953 2777 nominum
1013 2721 1258 2792 episcopi
1310 2731 1364 2776 et
1399 2722 1705 2793 presbyteri
1747 2723 1999 2779 confusio

431 2813 630 2868 Irenaeo
662 2812 767 2868 fuit
799 2815 1006 2883 ignota.

498 2905 727 2960 Multum
787 2906 866 2959 illi
915 2906 1093 2960 fidunt
1140 2905 1322 2961 verbis
1374 2905 1621 2975 Apostoli
1676 2905 1744 2960 ad
1794 2905 1997 2970 Titum,

428 2999 586 3067 quasi
627 2999 816 3052 eadem
865 2998 1092 3052 omnino
1139 3004 1403 3066 praecepta
1451 2997 1579 3051 data
1626 2994 1830 3051 fuerint
1889 2998 2000 3067 epi-

429 3105 596 3160 scopo
639 3099 692 3144 et
735 3090 1092 3160 presbytero,
1139 3088 1385 3158 adeoque
1416 3089 1559 3142 idem
1605 3089 1684 3142 illi
1728 3089 1838 3143 duo
1869 3090 1995 3144 sint.

2100 536 2320 575 omnem
2373 519 2599 590 gradum
2651 515 2862 571 ordinis
2909 513 2995 570 sui
3051 512 3123 568 de
3171 513 3525 584 monogamia
3558 522 3681 566 erat

2100 611 2456 666 collocatura.
2494 628 2514 659 ι
2572 607 2885 677 lterumque
2932 622 3054 677 cap.
3083 606 3142 660 ll
3177 624 3189 660 :
3225 625 3243 658 ι
3277 603 3468 672 Qualis
3511 619 3574 660 es
3623 605 3679 660 id

2100 702 2510 757 matrimonium
2555 700 2861 770 postulans,
2893 699 3038 769 quod
3067 699 3149 753 eis
3185 713 3217 752 a
3249 698 3451 768 quibus
3479 706 3681 767 postu-
3715 754 3726 781 ³

2093 793 2175 849 las
2225 809 2336 847 non
2391 793 2520 846 licet
2571 791 2821 846 habere:
2868 790 2936 844 ab
2998 790 3256 859 episc0po
3319 803 3681 858 monogamo,

2098 903 2128 942 a
2154 887 2483 958 presbyteris
2512 895 2567 940 et
2593 886 2840 940 diaconis
2868 884 3110 954 ejusdem
3147 883 3500 946 sacramenti,
3533 898 3563 936 a
3594 882 3672 935 vi-

2095 980 2220 1034 duis
2249 995 2484 1049 quarum
2519 989 2721 1033 sectam
2770 976 3118 1031 recusasti?»
3153 974 3364 1029 Pariter
3407 981 3464 1029 et
3491 972 3684 1043 Orige-

2094 1087 2192 1127 nes
2217 1073 2526 1126 observavit
2554 1071 2816 1127 secundas
2849 1069 3069 1140 nuptias
3098 1067 3357 1123 omnibus
3387 1066 3678 1122 ordinibus

2095 1166 2485 1221 ecclesiasticis
2524 1165 2893 1234 particulatim
2946 1178 3070 1219 esse
3105 1168 3353 1231 negatas,
3401 1159 3547 1214 κατὰ
3577 1159 3680 1230 τὴν

2095 1258 2187 1313 τοῦ
2224 1258 2546 1313 Ἀποστόλου
2569 1257 2820 1330 περὶτῶν
2845 1255 3312 1328 ὲκκλησιαστικῶν
3333 1253 3681 1325 πραγμάτων

2095 1351 2434 1422 νομοθεσίαν,
2447 1371 2464 1402 ι
2479 1350 2774 1406 secundum
2790 1351 2936 1420 leges
2951 1349 3021 1404 ab
3035 1347 3299 1418 Apostolo
3317 1345 3384 1401 de
3402 1345 3569 1399 rebus
3589 1358 3680 1399 ec-

2095 1442 2417 1498 clesiasticis
2442 1443 2648 1508 latas;i
2676 1440 2883 1495 nullum
2913 1441 3163 1495 ordinem
3195 1440 3250 1493 in
3269 1437 3515 1493 Ecclesia
3532 1451 3680 1500 esse,

2096 1536 2186 1591 cui
2215 1550 2279 1589 ea
2312 1536 2399 1590 lex
2445 1534 2728 1604 speciatim
2776 1534 3098 1604 praescripta
3144 1547 3258 1586 non
3303 1530 3375 1586 sit
3419 1549 3434 1585 :
3472 1529 3681 1595 Οὐδένα

2096 1629 2206 1701 γὰρ
2235 1629 2342 1683 τῶν
2374 1628 2484 1681 ἀπὸ
2523 1627 2624 1698 τῆς
2667 1625 2992 1698 Ἐκκλησίας
3038 1625 3315 1696 ὑπεροχήν
3361 1640 3485 1678 τινα
3531 1621 3682 1693 παρὰ

2097 1722 2222 1784 τοὺς
2274 1719 2503 1784 πολλοὺς
2534 1720 2610 1783 ὡς
2641 1722 2699 1773 ὲν
2733 1718 3019 1790 συμϐόλοις
3069 1716 3399 1788 ἀνειληφότα
3432 1715 3682 1786 βούλεται

2095 1816 2124 1867 ὁ
2146 1812 2354 1876 Παῦλος
2379 1813 2628 1884 δευτέρου
2663 1809 3027 1882 πεπειρᾶσθαι
3053 1810 3254 1880 γάμου.
3287 1828 3305 1859 ι
3330 1808 3412 1862 Ex
3441 1808 3510 1863 iis
3531 1807 3684 1863 enim

2095 1906 2188 1975 qui
2221 1904 2478 1960 Ecclesiae
2510 1919 2710 1958 nomen
2741 1904 3038 1968 dederunt,
3070 1901 3345 1956 neminem
3377 1899 3473 1970 qui
3500 1899 3681 1969 digni-

2096 2003 2262 2048 tatem
2295 1993 2532 2063 aliquam
2570 2007 2683 2062 prae
2713 1992 2924 2059 multis,
2958 1991 3117 2061 quasi
3161 1991 3216 2044 in
3247 1988 3530 2061 symbolis,
3560 1986 3679 2042 fue-

2097 2084 2168 2138 rit
2194 2093 2546 2148 consecutus,
2570 2083 2774 2138 Paulus
2821 2083 3090 2137 secundas
3132 2083 3353 2152 nuptias
3386 2090 3680 2152 expertum

2099 2173 2268 2230 fuisse
2299 2176 2434 2230 vult.
2474 2195 2492 2226 ι
2530 2173 2602 2230 Ut
2631 2175 2735 2230 hoc
2761 2173 3133 2244 particulatim
3171 2173 3239 2228 de
3262 2175 3499 2246 singulis
3525 2173 3678 2229 ordi-

2099 2268 2262 2323 nibus
2304 2284 2494 2322 verum
2545 2283 2670 2324 esse
2728 2267 3003 2334 ostendat,
3044 2280 3146 2336 pro
3183 2267 3456 2338 episcopis
3495 2267 3681 2323 citati

2099 2360 2244 2414 Tim.
2278 2376 2358 2426 ιιι,
2394 2360 2449 2427 2,
2481 2375 2582 2430 pro
2610 2359 2858 2415 diaconis
2883 2359 3216 2415 versiculum
3245 2359 3333 2424 l2,
3366 2375 3469 2429 pro
3498 2360 3686 2416 viduis

2099 2450 2122 2505 ι
2153 2450 2296 2505 Tim.
2329 2466 2386 2518 v,
2418 2450 2474 2517 9,
2503 2465 2603 2520 pro
2647 2451 2978 2522 presbyteris
3020 2450 3255 2519 denique
3288 2449 3395 2505 Tit.
3425 2467 3466 2517 I,
3501 2451 3557 2507 5.
3595 2452 3669 2506 At

2100 2544 2145 2599 si
2173 2542 2412 2612 episcopi
2444 2543 2547 2597 sub
2571 2542 2906 2613 presbyteris
2935 2543 3367 2610 continerentur,
3398 2544 3538 2599 satis
3563 2555 3685 2599 erat

2099 2635 2355 2691 laudasse
2370 2635 2675 2705 Epistulam
2697 2635 2764 2690 ad
2791 2633 2971 2688 Titum
2995 2635 3072 2700 ;si
3102 2635 3405 2706 presbyteri
3431 2635 3538 2690 sub
3566 2637 3687 2706 epi-

2101 2729 2282 2800 scopis
2299 2770 2315 2796 ,
2347 2737 2637 2784 contentus
2662 2743 2785 2783 esse
2812 2735 3027 2798 poterat
3052 2727 3175 2782 loco
3204 2728 3272 2782 ad
3299 2726 3680 2784 Timotheum.

2101 2817 2228 2874 Ηιεο
2271 2817 2436 2888 igitur
2465 2817 2531 2872 ad
2555 2815 2738 2871 Titum
2769 2816 2826 2871 S.
2853 2815 3013 2871 Pauli
3040 2815 3207 2870 verba
3237 2824 3351 2870 tam
3389 2816 3685 2888 diligenter

2101 2919 2224 2980 post
2255 2910 2464 2979 reliqua
2504 2909 2757 2976 laudans,
2796 2924 2957 2964 suum
2990 2907 3192 2978 cuique
3217 2907 3398 2962 ordini
3425 2907 3687 2964 distincte

2103 3011 2432 3071 praeceptum
2467 3001 2536 3056 ab
2553 3000 2819 3070 Apostolo
2848 3001 3036 3056 datum
3070 2998 3241 3055 fuisse
3273 2999 3473 3068 innuit,
3511 3002 3687 3072 magi-

2104 3105 2278 3149 strum
2337 3109 2500 3149 suum
2552 3091 2889 3148 Clementem
2952 3108 3210 3164 sequens,
3259 3094 3352 3150 ubi
3405 3095 3568 3164 plene
3618 3095 3686 3148 de

429 3183 497 3236 At
519 3152 772 3236 Clemens
801 3152 1204 3236 Alexandrinus
1231 3152 1392 3235 aliter
1420 3180 1582 3250 plane
1604 3180 1795 3247 sensit,
1829 3182 1998 3236 multa
2025 3152 2072 3214 C
2105 3187 2386 3258 praaceptis
2436 3187 2700 3256 loquitur,
2738 3186 2793 3240 in
2828 3152 3155 3256 Pwdagogo;
3186 3152 3241 3241 et
3273 3152 3554 3256 supplens,
3591 3186 3684 3240 ubi

425 3289 601 3345 eaque
626 3274 884 3328 distincte
927 3273 1184 3343 episcopo
1208 3281 1262 3326 et
1289 3271 1608 3342 presbytero
1641 3271 1768 3326 data
1802 3288 2004 3342 prazce-

429 3377 518 3434 pta
551 3368 606 3421 in
636 3363 919 3436 Scriptura
950 3363 1283 3428 observavit,
1315 3378 1427 3418 non
1467 3363 1649 3418 minus
1687 3377 1851 3432 quam
1881 3363 2003 3417 dia-

429 3459 584 3513 conis
617 3467 670 3512 et
691 3457 893 3512 viduis.
922 3454 1015 3511 Sic
1035 3455 1182 3511 enim
1210 3455 1300 3509 ille
1321 3453 1608 3524 Pwdagogi
1635 3453 1730 3507 lib.
1763 3469 1848 3519 ιιι,
1880 3469 2000 3522 cap.

430 3549 498 3603 12
523 3568 536 3604 :
565 3549 771 3620 Μυρίαι
801 3548 859 3601 δὲ
890 3549 1012 3601 ὅσαι
1047 3547 1314 3617 ὑποθῆκαι
1349 3547 1426 3610 εἱς
1457 3546 1752 3617 πρόσωπα¹
1773 3545 2003 3600 ὲκλεκτὰ

427 3641 804 3705 διατείνουσαι,
826 3638 1233 3708 ὲγγεγρὰφαται
1248 3639 1367 3700 ταῖς
1385 3636 1584 3706 βίϐλοις
1597 3638 1716 3698 ταῖς
1734 3638 1932 3706 ἁγίαις·
1949 3641 2004 3691 αἱ

438 3733 558 3802 μὲν,
577 3732 982 3804 πρεσϐυτέροις,
999 3733 1054 3784 αἰ
1077 3731 1154 3798 δὲ,
1171 3731 1487 3794 ἐπισκόποις
1503 3749 1515 3759 ·
1542 3732 1596 3784 αἱ
1617 3729 1700 3794 δὲ,
1717 3730 2002 3794 διακόνοις·

430 3824 615 3887 ἄλλαι,
651 3825 864 3895 χήραις.
907 3842 925 3875 ι
965 3823 1205 3877 Plurima
1250 3832 1517 3892 praecepta
1553 3837 1676 3891 quae
1707 3821 1775 3874 ad
1804 3821 2006 3876 electas

431 3931 696 3984 personas
730 3915 1034 3984 pertinent,
1079 3912 1136 3968 in
1169 3914 1374 3968 sanctis
1399 3913 1555 3967 libris
1601 3913 1802 3982 scripta
1844 3922 2002 3980 sunt;

435 4008 552 4060 haec
585 4005 805 4075 quidem
837 4003 1192 4074 presbyteris,
1239 4003 1346 4056 alia
1387 4018 1519 4057 vero
1565 4002 1856 4073 episcopis,
1900 4004 2006 4057 alia

433 4099 704 4166 diaconis,
736 4098 839 4152 alia
875 4098 1074 4152 viduis.
1109 4115 1130 4149 ι
1193 4096 1439 4162 Quatuor
1467 4096 1682 4151 diversa
1711 4097 2006 4151 electarum

433 4205 797 4260 personarum
843 4203 1039 4257 genera
1092 4198 1417 4255 enumerat;
1468 4189 1769 4260 unicuique
1821 4189 2007 4258 generi

433 4283 656 4354 propria
705 4289 975 4352 praecepta
1031 4279 1297 4346 ascribit;
1344 4281 1630 4351 episcopos
1671 4297 1781 4335 non
1822 4281 2007 4335 minus

432 4394 462 4431 a
496 4374 866 4446 presbyteris,
916 4387 1081 4442 quam
1136 4374 1483 4442 presbyteros
1537 4388 1568 4426 a
1598 4372 1868 4436 diaconis,
1916 4381 2009 4425 aut

2104 3280 2286 3334 minus
2334 3280 2511 3348 plene,
2565 3279 2619 3333 in
2647 3278 2846 3334 Strom.
2898 3294 2958 3334 ιιι
2992 3295 3005 3330 :
3055 3279 3164 3332 Ναὶ
3201 3279 3300 3350 μὲν
3333 3279 3428 3332 καὶ
3459 3279 3553 3332 τὸν
3585 3278 3688 3348 τῆς

2108 3375 2236 3445 μιᾶς
2282 3371 2536 3441 γυναικὸς
2569 3371 2737 3443 ἄνδρα
2782 3370 2924 3424 πάνυ
2970 3371 3272 3441 διαδέχεται
3305 3370 3410 3424 κᾶν
3443 3369 3688 3442 πρεσϐύ-

2104 3475 2261 3531 τερος
2311 3455 2385 3530 ᾖ,
2420 3457 2524 3510 κᾶν
2556 3457 2800 3522 διάκονος
2820 3497 2835 3522 ,
2890 3457 2994 3512 κᾶν
3027 3458 3248 3524 λαῖκὸς,
3302 3459 3688 3532 ἀνεπιλήπτως

2104 3550 2268 3620 γάμι
2299 3549 2599 3622 χρώμενος,
2634 3557 2692 3606 et
2727 3550 2872 3606 tertii
2905 3552 3089 3608 saeculi
3124 3553 3452 3607 sententiam
3480 3568 3676 3622 repraa-

2107 3649 2350 3695 sentans.
2387 3638 2445 3694 S.
2464 3639 2619 3694 Pauli
2653 3640 2722 3694 ad
2755 3638 2937 3694 TitUm
2981 3641 3147 3696 verba
3181 3643 3520 3715 presbyteris
3547 3641 3690 3698 assi-

2107 3740 2256 3800 gnat,
2286 3730 2375 3784 illa
2409 3730 2477 3784 ad
2509 3729 2860 3785 Timotheum
2904 3731 3164 3802 episcopo
3212 3744 3480 3798 reservat,
3523 3734 3688 3802 plane

2106 3830 2168 3876 ut
2213 3830 2338 3891 post
2384 3837 2509 3875 eum
2548 3821 2847 3892 Gregorius
2896 3821 3276 3878 Nazianzenus
3337 3823 3395 3876 in
3437 3824 3690 3880 oratione

2106 3915 2174 3969 de
2201 3913 2453 3967 laudibus
2489 3909 2546 3965 S.
2575 3911 2860 3966 Athanasii
2888 3929 2902 3967 :
2931 3911 3102 3965 Τοῦτο
3131 3911 3207 3977 δὲ,
3241 3915 3299 3966 ὲν
3331 3907 3414 3976 οἷς
3436 3911 3691 3985 Τιμοθέῳ

2108 4005 2244 4076 πρὸς
2275 4004 2439 4057 αὑτὸν
2469 4005 2696 4074 γράφων
2742 4005 3053 4074 νομοθετεῖ,
3097 4007 3280 4060 τυπῶν
3313 4007 3390 4078 τῷ
3421 4007 3565 4078 λόγῳ
3599 4008 3689 4061 τὸν

2109 4097 2415 4167 ἐπισκοπῆς
2450 4097 2907 4168 προστησόμενον.
2972 4117 2991 4148 ι
3013 4097 3253 4163 Partim,
3303 4098 3358 4152 in
3389 4099 3592 4169 quibus
3621 4099 3692 4152 ad

2111 4188 2465 4244 Timotheum
2501 4189 2747 4244 scribens
2775 4188 2923 4260 leges
2951 4188 3076 4255 fert,
3108 4205 3234 4245 eum
3265 4191 3362 4260 qui
3388 4191 3443 4244 iu
3470 4192 3691 4261 episco-

2109 4291 2239 4353 patu
2267 4282 2584 4351 prazsideret
2611 4281 2932 4336 eﬂ‘ormans.
2959 4300 2978 4334 ι

2181 4374 2298 4428 Νοιι
2337 4374 2505 4444 igitur
2533 4382 2760 4443 apparet
2790 4388 3124 4444 quemquam
3156 4374 3381 4428 secundi
3411 4382 3507 4428 aut
3538 4375 3691 4429 tertii

430 4469 692 4522 diaconos
739 4480 771 4520 a
801 4465 981 4520 viduis
1025 4465 1332 4536 distinguit.
1365 4464 1483 4519 Non
1522 4465 1684 4535 igitur
1709 4465 1858 4518 novit
1884 4463 2006 4517 Cle-
2039 4495 2086 4552 ι)
2113 4468 2296 4524 saeculi
2324 4467 2700 4522 Christianum
2749 4467 3210 4534 communionem
3242 4467 3527 4520 nominum
3572 4467 3694 4536 cpi-

432 4576 587 4615 mens
614 4559 762 4613 illam
794 4557 1176 4612 confusionem
1213 4556 1495 4610 nominum
1524 4556 1578 4609 in
1615 4555 1900 4625 prazceptis
1940 4555 2008 4608 ab

429 4649 698 4718 Apostolo
745 4647 906 4714 datis,
937 4663 1100 4717 quam
1132 4648 1427 4703 observare
1459 4649 1563 4703 sibi
1590 4649 1741 4702 visus
1771 4655 1854 4702 est
1882 4645 2010 4704 Hic-

430 4755 736 4811 ronymus,
785 4739 879 4808 qui
913 4739 1079 4809 ,hanc
1135 4739 1262 4794 inde
1319 4740 1729 4794 conclusionem
1789 4739 2004 4794 elicuit:

437 4851 454 4882 ι
483 4831 629 4886 Idem
679 4841 763 4888 est
789 4848 918 4903 ergo
961 4833 1243 4905 presbyter
1293 4833 1388 4903 qui
1432 4842 1486 4887 et
1526 4834 1838 4903 episcopus.
1864 4851 1881 4883 ι
1918 4831 2010 4885 Di-

428 4935 574 4980 citur
612 4927 979 4996 particulatim
1012 4934 1068 4982 et
1089 4926 1344 4982 distincte
1387 4926 1457 4980 ab
1491 4928 1738 4996 apostolo
1782 4927 1849 4981 de
1895 4927 2002 4996 epi-

430 5021 636 5090 scopis,
695 5019 1031 5091 presbyteris
1073 5031 1128 5075 et
1162 5020 1436 5084 diaconis,
1469 5035 1564 5074 eos
1598 5035 1718 5075 esse
1759 5029 2011 5090 oportere

432 5114 581 5168 viros
619 5113 783 5167 unius
819 5114 1027 5167 uxoris.
1072 5111 1480 5180 Tertullianus,
1519 5114 1614 5182 qui
1650 5122 1758 5169 tres
1790 5114 2010 5168 ordines

432 5206 676 5276 agnovit,
715 5204 1014 5274 unicuique
1063 5205 1268 5259 dictum
1302 5205 1407 5260 hoc
1446 5205 1698 5273 intelligit
1737 5225 1749 5259 :
1790 5203 1895 5259 «De
1919 5221 2012 5259 ec-

432 5298 760 5355 clesiasticis
817 5297 1105 5352 ordinibus
1161 5299 1465 5368 agebatur,
1524 5297 1716 5366 quales
1764 5297 2011 5350 ordinari

433 5399 730 5459 oporteret.
780 5388 1071 5458 Oportebat
1115 5389 1281 5459 igitur
1329 5404 1550 5443 omnem
1580 5388 1891 5442 communis
1928 5389 2012 5442 di-

434 5483 678 5550 sciplina:
711 5480 944 5534 formam
975 5497 1074 5535 sua
1106 5480 1284 5536 fronte
1313 5482 1574 5551 proponi;
1606 5482 1843 5536 edictum
1874 5497 2011 5551 quo-

433 5574 728 5629 dammodo
795 5574 1041 5629 futurum
1097 5575 1370 5630 universis
1434 5575 1490 5628 in
1543 5575 1940 5644 praesessionc,
1985 5592 2004 5625 ι

439 5668 512 5720 De
533 5669 889 5736 monogamia,
918 5681 1041 5737 cap.
1070 5667 1156 5722 l2.
1191 5667 1257 5722 Et
1279 5684 1472 5724 rursus
1498 5683 1617 5739 cap.
1644 5668 1705 5723 8:
1740 5687 1758 5720 ι
1788 5667 2010 5724 Petrum

435 5759 614 5815 solum
650 5759 864 5814 invenio
897 5759 1152 5815 maritum
1185 5776 1280 5829 per
1314 5777 1567 5829 sorrum;
1621 5776 2008 5830 monogamnm

337 6103 576 6184 Α.

2112 4561 2266 4630 scopi
2315 4568 2369 4614 et
2410 4559 2716 4630 presbyteri
2764 4558 2819 4612 in
2866 4558 3088 4627 Scriptis
3141 4556 3453 4626 apostolicis
3496 4556 3693 4611 obser-

2110 4670 2288 4709 vasse.
2350 4651 2488 4707 Nam
2522 4651 2772 4708 Justinus
2831 4661 3037 4723 martyr
3083 4650 3177 4706 τοῦ
3213 4649 3554 4722 προεστῶτος
3593 4652 3694 4721 τῆς

2127 4749 2473 4818 Ἐκκλησίας,
2503 4758 2763 4817 tanquam
2802 4745 3100 4816 singularis
3148 4753 3206 4799 et
3231 4747 3469 4801 exsortis
3500 4745 3695 4801 Eccle—

2113 4840 2208 4894 siae
2245 4840 2495 4906 rectoris,
2523 4847 2579 4892 et
2613 4838 2973 4893 diaconorum
3011 4836 3234 4906 quidem
3267 4837 3548 4902 meminit;
3595 4852 3695 4891 no-

2111 4947 2235 4986 men
2286 4942 2468 4986 autem
2514 4931 2754 5001 episcopi
2799 4931 2885 4984 vel
2933 4927 3235 5001 presbyteri
3283 4928 3476 4982 nullibi
3526 4928 3584 4982 in
3622 4929 3692 4983 iis

2111 5039 2234 5093 quae
2285 5032 2618 5092 supersunt,
2665 5022 2885 5092 scriptis
2938 5021 3245 5090 usurpavit.
3293 5017 3466 5074 Nimis
3507 5027 3693 5074 autem

2113 5125 2366 5170 coactum
2418 5123 2534 5179 est,
2588 5115 2732 5184 quod
2770 5129 2800 5168 a
2835 5113 3117 5168 Blondello
3173 5112 3229 5166 in
3262 5111 3524 5182 Apologia
3572 5112 3695 5165 sine

2117 5209 2232 5263 ullo
2287 5207 2644 5261 fundamento
2705 5205 2833 5260 inde
2904 5204 3202 5270 asseritur,
3252 5203 3416 5258 binos
3475 5211 3692 5258 tantum

2113 5299 2414 5356 Christiani
2477 5299 2609 5353 clcri
2662 5298 2864 5368 gradus
2918 5313 2951 5352 a
2998 5296 3234 5352 Justino.
3272 5295 3514 5365 agnosci.
3570 5293 3692 5350 Non

2113 5396 2258 5450 cnim
2290 5393 2364 5448 ibi
2399 5393 2621 5448 ordines
2643 5391 2901 5448 Ecclesiae
2925 5397 3230 5454 enumerat,
3259 5404 3365 5444 non
3399 5387 3465 5443 de
3493 5388 3697 5457 guber-

2115 5485 2337 5538 natione
2368 5483 2557 5553 populi
2587 5483 2728 5552 agit;
2773 5481 3198 5536 celebrationem
3244 5488 3454 5532 tantum
3488 5477 3698 5532 eucha-

2113 5577 2286 5630 ristize
2333 5576 2633 5630 solemnem
2683 5573 2941 5642 explicat,
2973 5579 3029 5626 et
3056 5587 3180 5642 qua:
3228 5570 3284 5625 in
3325 5569 3415 5623 illa
3457 5569 3697 5624 admini-

2114 5669 2338 5726 stranda
2392 5667 2657 5738 episcopi,
2708 5680 2832 5735 qua:
2877 5664 3234 5719 diaconorum
3281 5670 3466 5732 partes
3508 5670 3697 5715 essent

2115 5759 2361 5831 exponit.
2417 5757 2575 5825 Quod
2628 5763 2808 5812 autem
2865 5761 3046 5826 partes
3101 5749 3340 5824 episcopi
3397 5748 3696 5820 aliquando
