3848 6204
182 318 270 375 ιε’]
916 314 966 371 J.
992 313 1363 397 PEARSONll
1401 312 1728 372 VINDICUE
1763 312 2185 372 IGNATIANE.
2225 345 2292 356 —
2321 313 2502 370 PARS
2539 312 2604 368 ll.

3293 308 3407 364 £38

180 438 241 494 ab
260 436 367 507 ipso
402 439 809 506 peragerentur,
854 433 1152 504 aliquando
1183 435 1380 491 abillo
1406 436 1724 508 presbytero
1751 439 1798 494 A
1825 433 1892 491 de
1940 434 2213 506 episcOpis
2250 433 2411 504 quasi
2460 433 2528 488 de
2577 430 2909 503 presbyteris
2962 439 3048 486 est
3094 430 3328 487 locutus.
3374 449 3395 481 ›

179 529 626 594 demandarentur,
658 527 780 582 ideo
810 527 1152 600 προεστῶτος
1190 531 1441 601 generale
1481 531 1722 586 vocabu-

183 625 278 678 lum
311 623 584 690 adhibuit;
619 624 883 679 diaconos
916 633 1098 679 autem
1145 623 1367 693 proprie
1395 623 1720 691 enuntiavit,

180 718 292 788 quia
320 731 501 772 eorum
546 725 731 787 partes
775 717 846 771 ab
875 717 1013 787 ipsis
1053 732 1272 787 semper
1302 718 1720 789 peragebantur.

181 807 393 864 irenzeus
417 810 595 864 locum
639 809 966 880 palmarium
1001 811 1159 866 aliter
1186 811 1412 867 omnino
1459 811 1726 868 intellexit

178 913 228 956 et
263 902 519 970 exposuit,
575 902 786 972 reliqua
839 901 897 957 S.
927 901 1225 973 Scriptura:
1269 907 1409 969 loca,
1463 920 1586 974 quae
1626 919 1724 974 pro

182 991 590 1047 adversariorum
619 995 890 1050 sententia
915 993 1238 1062 afferuntur,
1257 1011 1326 1051 ne
1353 997 1573 1066 quidem
1598 997 1724 1052 teli--

179 1085 261 1153 git.
295 1083 537 1140 Clemens
566 1084 974 1144 Alexandrinus
1015 1089 1134 1143 loca
1163 1089 1232 1144 de
1261 1089 1453 1145 olliciis
1482 1090 1724 1161 episcopi

180 1185 226 1228 et
254 1175 538 1247 presbyteri
585 1177 662 1232 ita
707 1179 1011 1234 secundum
1061 1180 1284 1235 nomina
1333 1183 1390 1236 in
1427 1180 1727 1252 Seripturis

179 1267 404 1324 distincta
465 1268 755 1334 intellexit,
789 1279 853 1325 ut
896 1282 1165 1342 praecepta
1205 1272 1300 1329 illa
1332 1274 1569 1345 plurima
1614 1291 1726 1330 non

179 1361 337 1416 minus
367 1361 432 1415 de
458 1361 734 1432 episcopis
761 1372 818 1417 et
844 1365 1200 1436 presbyteris,
1247 1382 1414 1436 quam
1444 1368 1511 1423 de
1536 1368 1724 1425 diaco-

179 1451 252 1508 nis
284 1461 334 1507 et
360 1453 538 1509 viduis
565 1454 786 1510 diversa
825 1456 1218 1526 pronuntiarit.
1273 1457 1642 1514 Tertullianus
1673 1468 1728 1514 et

176 1544 411 1616 Origenes
442 1546 852 1603 distinctionem
898 1549 1185 1604 nominum
1233 1551 1376 1621 apud
1406 1551 1725 1620 Apostolum

177 1637 292 1693 adeo
330 1650 580 1694 accurate
622 1639 1019 1706 observabant,
1051 1650 1111 1696 ut
1145 1657 1245 1698 sua
1275 1643 1459 1698 omnia
1503 1645 1570 1699 ad
1604 1660 1726 1700 eam

176 1730 464 1800 dirigerent.
515 1729 638 1787 Non
667 1731 834 1803 igitur
863 1743 1086 1803 apparet
1139 1736 1313 1790 ullum
1369 1735 1514 1790 intra
1543 1736 1646 1790 100
1674 1745 1728 1792 et

176 1823 324 1879 multo
364 1825 546 1894 plures
601 1841 779 1881 annos
822 1837 943 1896 post
981 1827 1256 1900 S.lgnatii
1299 1830 1618 1902 martyrium
1672 1831 1728 1885 in

175 1916 515 1982 apostolorum
547 1917 770 1986 scriptis
798 1919 940 1972 hanc
967 1920 1253 1975 nominum
1282 1921 1725 1976 communionem

174 2007 485 2064 observasse.
548 2010 967 2081 Iniquissimum
1031 2022 1212 2068 autem
1270 2021 1386 2077 est,
1447 2029 1728 2069 sermones

174 2101 370 2154 secundi
395 2103 582 2156 saeculi
607 2103 677 2157 ad
709 2119 957 2159 normam
986 2105 1263 2176 opinionis
1289 2115 1488 2178 quarto
1508 2107 1727 2162 demum

174 2191 348 2245 saeculo
372 2201 503 2247 ortae
541 2193 785 2264 exigere.

231 2279 490 2338 Secundo.
540 2282 721 2339 Nemo
762 2300 954 2341 eorum
1003 2287 1252 2342 omnium
1287 2287 1381 2357 qui
1417 2287 1727 2342 communia

171 2372 385 2444 episcopi
431 2386 487 2429 et
535 2377 846 2447 presbyteri
900 2379 1124 2433 nomina
1194 2380 1250 2432 in
1301 2377 1404 2433 SS.
1429 2379 1728 2448 Scripturis

173 2465 317 2521 fuisse
355 2469 659 2537 putabant,
702 2471 758 2524 in
799 2486 867 2525 eo
909 2472 1182 2526 sermonis
1218 2486 1417 2542 genere
1446 2472 1727 2541 apostolos

171 2567 367 2614 secutus
408 2570 516 2626 est,
567 2573 667 2616 aut
715 2562 882 2617 alium
929 2579 1266 2634 quemquam
1311 2574 1556 2618 secutum
1607 2581 1729 2621 esse

171 2649 304 2703 dixit.
343 2648 442 2706 Hic
481 2652 756 2708 habemus
791 2654 1170 2710 adversarium
1210 2657 1371 2712 nobis
1406 2657 1564 2726 plane
1595 2673 1728 2713 con-

172 2741 488 2797 sentientem.
519 2743 922 2814 Epistolarum,
954 2747 1153 2816 inquit,
1187 2747 1422 2817 scriptor
1456 2767 1475 2798 r
1496 2748 1606 2802 duo
1636 2748 1729 2802 illa

172 2835 365 2892 nomina
404 2837 570 2908 plane
615 2839 810 2894 eodem
859 2855 1026 2895 sensu
1073 2841 1308 2911 accipit,
1357 2857 1466 2911 quo
1508 2856 1540 2895 a
1583 2841 1728 2895 tertii

174 2932 331 2986 saeculi
381 2942 436 2987 et
488 2935 841 3005 sequentium
885 2935 1217 2992 Christianis
1270 2935 1339 2990 ad
1393 2936 1508 2991 hrec
1555 2951 1729 3006 usque

173 3031 390 3091 tempora
422 3035 653 3094 accepta
700 3025 873 3082 fuisse
910 3035 966 3081 et
1010 3027 1215 3082 scimus
1243 3037 1297 3082 et
1337 3027 1568 3082 libenter
1598 3042 1730 3082 con-

173 3114 414 3171 cedimus.
436 3136 456 3169 ι
512 3119 584 3172 At
612 3119 709 3188 qui
741 3119 1184 3174 communionem
1219 3120 1414 3174 horum
1443 3118 1725 3173 nominum
1756 3151 1802 3215 ε

174 3205 220 3260 in
260 3207 408 3264 libris
462 3211 791 3280 apostolicis
842 3212 1111 3281 reperisse
1161 3227 1220 3267 se
1266 3201 1563 3282 putabant,
1608 3221 1730 3266 ante

174 3305 400 3362 quartum
463 3299 733 3357 saeculum
787 3313 896 3354 non
956 3301 1288 3362 exstiterunt
1345 3317 1356 3350 :
1400 3301 1466 3356 ad
1521 3317 1730 3356 morem

174 3384 340 3458 lgnatii
375 3390 546 3460 igitur
587 3391 760 3446 locuti
802 3400 962 3459 sunt;
1010 3399 1195 3447 etnec
1233 3393 1338 3462 ipsi
1378 3392 1732 3446 imitabantur

175 3481 425 3544 apostolos
469 3483 525 3536 in
566 3484 677 3538 hoc
720 3483 978 3555 loquendi
1023 3485 1222 3551 modo;
1263 3500 1364 3540 nec
1401 3500 1730 3555 quemquam

175 3586 340 3628 eorum
378 3576 632 3631 omnium
667 3584 762 3647 qut
795 3587 920 3642 ante
953 3593 1011 3632 se
1042 3578 1404 3648 scripserunt,
1453 3579 1732 3649 apostolos

175 3681 230 3720 eo
261 3681 414 3724 sensu
467 3679 732 3739 acceptos
777 3657 1050 3726 imitatum
1118 3670 1289 3726 fuisse
1344 3652 1729 3738 observabant,

176 3766 254 3812 aut
277 3761 530 3831 neglecta:
572 3761 898 3817 imitatiOnis
944 3762 1298 3818 accusabant.
1331 3761 1392 3816 Β.
1415 3762 1730 3818 Theodore-

177 3854 270 3914 tus,
289 3852 374 3919 qui
400 3852 740 3908 existimavit
761 3853 1040 3923 apostolos
1063 3851 1235 3923 ipsos,
1261 3868 1358 3908 eos
1385 3853 1479 3923 qui
1505 3852 1733 3907 secundi

178 3941 359 4000 ordinis
405 3954 626 4010 essent,
663 3960 811 4000 nunc
858 3945 1228 4016 presbyteros,
1259 3961 1407 4000 nunc
1449 3945 1734 4014 episcopos

179 4037 480 4106 appellasse,
526 4053 628 4094 eos
681 4047 865 4092 autem
910 4037 1005 4106 qui
1052 4037 1216 4107 primi
1269 4037 1480 4091 ordinis
1525 4046 1730 4101 essent,

180 4129 427 4196 apostolos
452 4130 701 4195 dixisse;
733 4143 836 4183 nec
872 4129 990 4198 ipse
1034 4129 1313 4198 apostolos
1347 4128 1591 4184 imitatus
1618 4137 1731 4193 est;

181 4234 331 4289 neque
356 4237 692 4291 quemquam
739 4219 1064 4288 scriptorem
1117 4220 1552 4276 ecclesiasticum
1604 4235 1736 4290 apo-

183 4311 404 4368 stolicum
451 4328 768 4368 sermonem
821 4320 1071 4367 secutum
1107 4326 1231 4367 esse
1273 4303 1574 4366 arbitratus
1619 4321 1732 4378 est;

184 4404 262 4457 sed
307 4420 492 4461 omnes
554 4406 792 4474 apostoli
851 4419 1053 4460 nomen
1115 4405 1253 4475 ipsis
1306 4403 1525 4474 proprie
1575 4404 1737 4460 dictis

1826 521 2009 582 Secuti
2054 535 2182 582 sunt
2220 527 2386 598 igitur
2417 525 2653 596 apostoli
2684 540 2890 581 morem
2933 523 3188 595 loquendi
3237 539 3267 576 a
3301 538 3400 592 po-

1826 620 1953 690 pulo
1994 618 2309 674 Christiano
2369 627 2718 689 usurpatum,
2766 633 2834 671 ex
2889 616 3161 672 sententia
3207 614 3402 669 Hiero-

1824 711 2012 782 nymi;
2056 721 2116 766 ut
2161 711 2440 782 apostolos
2484 710 2688 766 imitari
2737 709 2792 764 in
2835 710 2937 764 hac
2987 724 3046 763 re
3074 707 3213 762 nihil
3250 705 3400 760 aliud

1826 805 1918 869 sit,
1944 819 2110 876 quam
2155 806 2457 860 secundum
2487 805 2768 874 vulgatum
2803 803 2859 857 in
2890 801 3138 858 Ecclesia
3189 814 3401 886 morem

1825 895 2088 966 loquendi
2125 897 2385 952 scribere.
2421 897 2502 952 llli
2548 897 2715 967 igitur
2742 895 2982 952 maxime
3027 893 3229 949 imitati
3270 907 3402 963 apo-

1825 990 1998 1045 stolos
2045 999 2191 1055 sunt,
2237 991 2332 1061 qui
2376 991 2676 1046 secundum
2722 1005 2836 1045 suae
2858 989 3036 1062 aetatis
3054 1000 3398 1052 sermonem,

1825 1097 1936 1136 non
1976 1083 2324 1152 apostolicae,
2368 1084 2727 1153 scripserunt.
2775 1081 2879 1149 Qui
2918 1080 3406 1152 Hieronymianam

1826 1177 2154 1232 sententiam
2204 1193 2352 1233 nunc
2413 1185 2729 1248 exponunt,
2786 1193 3019 1247 eamque
3061 1176 3222 1234 nobis
3263 1176 3404 1246 obji-

1829 1269 2005 1332 ciunt,
2055 1270 2246 1324 volunt
2293 1285 2360 1324 ex
2408 1270 2554 1326 illius
2593 1279 2776 1325 mente
2808 1270 2988 1325 nullos
3030 1269 3411 1340 apostolorum.

1829 1369 2075 1431 tempore
2117 1371 2314 1431 praeter
2355 1377 2451 1417 seu
2485 1377 2649 1432 supra
2688 1362 3038 1433 presbyteros
3071 1360 3241 1416 fuisse
3272 1376 3404 1415 con-

1829 1455 2093 1520 stitutos,
2147 1463 2410 1525 tanquam
2468 1455 2747 1527 legitimos
2798 1465 2853 1510 et
2901 1455 3146 1512 distincti
3191 1453 3404 1518 ordinis

1828 1555 1924 1600 aut
1951 1549 2152 1617 gradus
2183 1548 2501 1618 episcopos;
2559 1556 2750 1618 postea
2803 1548 2990 1618 igitur,
3054 1567 3074 1600 r
3111 1563 3236 1603 cum
3291 1555 3404 1602 toto

1829 1640 1961 1694 orbe
1997 1641 2276 1695 decretum
2312 1650 2425 1705 est,
2461 1648 2521 1694 ut
2550 1656 2694 1696 unus
2725 1639 2793 1695 de
2824 1641 3156 1712 presbyteris
3198 1641 3405 1696 electus

1830 1739 2290 1801 superponeretur
2320 1732 2554 1798 caeteris,
2608 1731 2674 1786 ad
2725 1749 2884 1802 quem
2938 1733 3118 1788 omnis
3152 1733 3408 1788 Ecclesia:

1764 1811 1804 1865 Β
1831 1841 1965 1880 cura
2007 1825 2319 1895 pertineret,
2353 1844 2372 1876 ι
2411 1826 2692 1895 postulare
2739 1841 2849 1881 non
2891 1834 3122 1895 possunt
3165 1835 3222 1880 ut
3271 1826 3408 1882 scri-

1831 1927 2014 1988 ptores
2056 1917 2456 1984 ecclesiastici,
2519 1926 2670 1972 tanta
2719 1919 2773 1972 in
2826 1933 2885 1972 re
2936 1919 3054 1988 ipsa
3102 1919 3407 1973 mutatione

1831 2011 2011 2078 facta,
2075 2011 2518 2066 communionem
2585 2010 2872 2064 nominum
2923 2009 3236 2064 retinerent.
3287 2008 3408 2080 Ipse

1832 2105 2137 2160 Salmasius
2189 2105 2243 2158 in
2273 2103 2592 2175 Apparatu:
2629 2123 2647 2155 r
2672 2103 2754 2157 Ab
2794 2118 2861 2157 eo
2910 2111 3154 2171 tempore
3193 2117 3304 2172 quo
3339 2117 3409 2156 ex

1831 2213 1942 2253 uno
2006 2198 2200 2253 ordine
2266 2195 2624 2267 presbyterali
2674 2202 2729 2250 et
2761 2193 3059 2265 episcopali
3113 2193 3222 2252 duo
3272 2191 3410 2248 facti

1831 2299 2000 2357 sunt,
2064 2305 2262 2344 nomen
2315 2287 2613 2360 presbyteri
2673 2286 2793 2341 dari
2851 2286 3089 2341 desitum
3147 2293 3233 2339 est
3285 2284 3408 2352 epi~

1831 2397 2020 2452 scopo.
2080 2380 2139 2435 Si
2175 2379 2457 2434 distinctio
2513 2378 2800 2432 nominum
2861 2375 3029 2432 simul
3089 2389 3412 2432 munerum-

1830 2489 1938 2544 que
1965 2481 2019 2527 et
2043 2471 2274 2542 proinde
2329 2471 2493 2526 etiam
2545 2467 2803 2524 ordinum
2855 2466 2999 2522 inter
3032 2465 3416 2536 presbyterum

1831 2576 1885 2622 et
1913 2565 2231 2635 episcopum
2278 2563 2423 2619 facta
2447 2570 2548 2628 est,
2589 2580 2607 2613 ›
2656 2570 2716 2615 ut
2751 2560 2910 2614 docet
2945 2558 3268 2623 Salmasius,
3298 2571 3408 2613 non

1829 2656 1898 2712 de
1925 2656 2228 2710 imitatione
2259 2653 2529 2711 sermonis
2559 2649 2870 2722 apostolici,
2895 2649 2992 2705 sed
3021 2648 3089 2704 de
3113 2649 3192 2704 rei
3219 2661 3401 2713 muta—

1829 2749 1982 2803 tione
2003 2748 2356 2818 quaerendum
2391 2758 2506 2816 est;
2548 2765 2657 2819 qua
2686 2749 3236 2816 mutata,secundum
3263 2749 3410 2802 illius

1831 2840 2154 2895 sententiam
2176 2881 2191 2904 ,
2232 2840 2466 2894 imitatio
2505 2840 2880 2909 apostolorum
2918 2855 3040 2896 esse
3061 2853 3168 2894 non
3201 2839 3401 2908 potuit.

1902 2930 2212 2997 Quinetiam
2237 2931 2398 2986 tertio
2440 2932 2843 2988 observandum
2874 2941 2960 2988 est
2997 2931 3240 2987 nondum
3277 2945 3412 2986 con-

1831 3030 1978 3077 stare
2023 3023 2243 3076 nomina
2295 3022 2536 3092 episcopi
2572 3035 2624 3077 et
2657 3023 2958 3094 presbyteri
2990 3024 3048 3078 in
3096 3023 3412 3093 apostolicis

1833 3115 2084 3183 scriptis,
2120 3115 2213 3168 ubi
2243 3115 2310 3169 de
2337 3115 2530 3170 oﬂiciis
2573 3116 2963 3172 ecclesiasticis
3005 3117 3204 3186 agitur,
3241 3130 3408 3186 syno-

1835 3221 1995 3278 nyma
2027 3221 2166 3260 esse.
2203 3205 2358 3261 Certe
2388 3217 2709 3275 argumenta
2738 3225 2860 3278 qua:
2886 3210 3150 3263 hactenus
3177 3208 3411 3262 adducta

1833 3306 1981 3364 sunt,
2008 3314 2119 3352 non
2146 3299 2198 3352 id
2228 3299 2447 3354 credere
2474 3316 2573 3356 nos
2606 3302 2918 3357 necessario
2952 3308 3190 3371 cogunt;
3223 3308 3277 3355 et
3315 3313 3412 3366 po-

1832 3390 1942 3443 tius
1981 3390 2262 3458 probabile
2293 3400 2378 3445 est
2405 3392 2564 3446 talem
2608 3393 2803 3447 harum
2834 3408 3032 3448 vocum
3065 3391 3412 3448 communio-

1834 3497 1957 3536 nem
1983 3483 2035 3534 in
2067 3484 2436 3550 apostolorum
2462 3484 2682 3554 scriptis
2709 3486 2934 3540 minime
2960 3500 3085 3541 esse
3110 3485 3414 3541 admitten-

1832 3576 1980 3630 dam.
2017 3574 2222 3642 Primo,
2241 3576 2370 3645 quia
2395 3577 2440 3632 si
2461 3577 2725 3648 originem
2752 3577 2916 3647 hujus
2939 3576 3417 3647 interpretationis

1833 3683 2179 3739 quazramus,
2222 3670 2460 3739 primum
2507 3672 2753 3726 omnium
2802 3672 2897 3742 qui
2941 3673 3089 3726 illam
3141 3673 3208 3728 ad
3252 3687 3410 3728 suam

1835 3761 2160 3816 sententiam
2193 3761 2623 3818 confirmandam
2654 3765 2900 3835 protulit,
2934 3765 3154 3819 Aerium
3190 3752 3412 3819 haereti-

1836 3857 1967 3907 cum'
1990 3851 2163 3906 fuisse
2187 3853 2619 3922 comperiemus;
2647 3854 2806 3925 cujus
2836 3856 3104 3910 sententia
3132 3855 3414 3925 quampri-

1835 3962 1987 4001 mum
2026 3946 2299 4014 publicata
2330 3955 2435 4012 est,
2467 3962 2498 4000 a
2539 3945 2598 4002 S.
2627 3946 2934 4018 Epiphanio
2971 3949 3154 4004 statim
3187 3949 3414 4019 explosa

1835 4049 1938 4094 est.
1974 4037 2247 4105 Secundo,
2282 4038 2358 4092 illi
2389 4039 2670 4106 catholici,
2710 4041 2805 4110 qui
2831 4039 3081 4096 eamdem
3106 4049 3296 4110 postea
3323 4042 3413 4097 in-

1835 4132 2316 4202 terpretationem,
2347 4134 2440 4189 sed
2471 4133 2525 4186 in
2560 4133 2728 4187 alium
2761 4133 2957 4199 ﬁnem,
2983 4133 3217 4203 amplexi
3261 4141 3412 4198 sunt,

1837 4224 1953 4278 sive
1985 4232 2230 4290 veteres,
2263 4225 2378 4280 sive
2423 4225 2719 4279 modernos
2760 4225 3100 4289 consideres,
3130 4241 3413 4294 nunquam

1837 4315 1892 4370 in
1919 4331 1982 4371 ea
2009 4315 2326 4385 explicanda
2351 4315 2662 4371 consentire
2685 4323 2999 4384 potuerunt.
3029 4312 3086 4368 Si
3115 4315 3261 4369 modi
3291 4331 3414 4370 om-

1839 4423 1937 4463 nes
1957 4407 2327 4471 excutiantur,
2351 4408 2446 4477 qui
2477 4407 2544 4462 ad
2577 4407 3018 4461 communionem
3048 4406 3283 4461 duorum
3317 4421 3417 4460 ao-

186 4499 414 4565 apostolis
445 4514 780 4564 reservasse,
831 4497 1074 4570 episcopi
1113 4506 1296 4553 autem
1339 4513 1539 4551 nomen
1573 4498 1734 4567 primi
1766 4496 1812 4552 D
1841 4500 2053 4553 minum
2079 4499 2457 4568 explicandam
2484 4498 2569 4552 vel
2589 4497 2886 4568 excogitari
2909 4497 2994 4552 vel
3023 4496 3151 4567 tingi
3179 4497 3413 4566 possint,

186 4587 366 4642 ordinis
393 4589 781 4644 sacerdotibus
808 4589 1123 4658 assignasse
1149 4588 1449 4657 perhibuit.
1483 4587 1540 4643 S.
1563 4588 1738 4660 Chry-

188 4690 452 4747 sostomus,
475 4681 922 4752 Thcophylactus
939 4693 994 4736 et
1009 4681 1157 4736 (Ecu
1167 4682 1381 4737 menius
1401 4695 1495 4737 eos
1513 4683 1606 4752 qui
1623 4684 1738 4754 epi-

188 4774 315 4842 scopi
345 4789 526 4841 erant,
561 4775 632 4829 ab
661 4775 926 4844 apostolis
960 4790 1068 4829 non
1106 4783 1318 4829 tantum
1361 4775 1734 4846 presbyteros,

190 4862 340 4920 sedet
363 4867 625 4922 diaconos
671 4867 846 4922 dictos
894 4865 1071 4922 fuisse
1108 4867 1411 4937 putabant;
1462 4867 1737 4923 neminem

187 4961 342 5013 tamen
370 4961 766 5015 existimabant
813 4961 961 5015 hunc
1007 4975 1317 5015 sermonem
1370 4961 1736 5031 apostolicum

193 5061 408 5107 secutum
461 5070 607 5109 esse.
637 5052 773 5120 Quis
821 5054 968 5108 enim
1021 5068 1266 5124 unquam
1315 5053 1480 5122 primi
1526 5053 1738 5110 ordinis

192 5147 505 5214 praepositum
533 5147 828 5202 diaconum
859 5145 1192 5216 appellavit?
1226 5144 1592 5216 Hieronymus
1623 5149 1739 5214 ipse

193 5235 428 5292 neminem
485 5246 610 5308 post
671 5238 952 5307 apostolos
1017 5251 1326 5292 sermonem
1377 5237 1736 5306 apostolicum

195 5321 430 5385 imitatum
479 5345 605 5386 esse
645 5330 1002 5393 existimavit,
1032 5329 1127 5386 sed
1168 5344 1619 5399 unumquemque
1651 5329 1738 5384 sui

196 5423 422 5490 temporis
466 5423 524 5478 in
572 5423 846 5494 loquendo
901 5437 1114 5477 morem
1160 5431 1471 5492 spectasse;
1504 5437 1574 5476 ne
1607 5437 1740 5490 apo-

195 5513 339 5570 stolos
366 5519 585 5587 quidem
619 5519 770 5589 ipsos
802 5518 968 5572 aliter'
987 5517 1202 5572 locutos
1230 5531 1353 5571 esse
1380 5517 1612 5586 putavit.
1658 5515 1737 5572 lta

195 5601 314 5656 enim
360 5605 413 5660 in
443 5605 856 5662 Commentario
904 5607 960 5660 in
992 5605 1294 5677 Epistolam
1336 5605 1403 5661 ad
1431 5607 1613 5660 Titum
1657 5606 1740 5661 lo-

197 5693 355 5761 quitur
381 5713 394 5749 :
427 5717 445 5750 ι
474 5698 612 5766 Quia
655 5700 879 5756 eosdem
907 5699 1194 5770 episcopos
1225 5714 1292 5754 eo
1319 5706 1562 5769 tempore
1598 5713 1738 5768 quos

199 5791 243 5838 et
260 5789 586 5861 presbyteros
618 5792 980 5865 appellabant,
1022 5801 1312 5863 propterea
1363 5789 1747 5865 iudilIcrenter.

1838 4593 1930 4647 vix
1959 4608 2131 4647 unum
2160 4600 2256 4646 aut
2281 4593 2512 4647 alterum
2535 4591 2800 4654 invenies,
2831 4605 2995 4661 quem
3023 4606 3188 4646 nemo
3215 4591 3417 4662 ample-

1838 4702 1942 4742 xus
1969 4694 2074 4752 est,
2119 4684 2330 4740 nullum
2362 4699 2494 4739 sane
2535 4683 2590 4737 in
2625 4698 2736 4753 quo
2768 4691 2902 4749 tres,
2930 4684 3014 4738 vel
3045 4684 3152 4738 duo
3181 4682 3416 4739 fortasse

1839 4788 2232 4848 convenerunt,
2274 4781 2321 4836 si
2371 4781 2495 4835 illos
2528 4778 2790 4848 excipias,
2831 4777 2926 4846 qui
2979 4776 3163 4831 omnia
3193 4776 3264 4830 ab
3294 4775 3417 4830 aliis

1838 4891 1905 4930 ex
1930 4873 2176 4946 professo
2201 4873 2694 4942 transcripserunt.
2723 4868 3048 4938 Quicunque
3071 4867 3414 4932 communio-

1839 4982 1962 5021 nem
2013 4966 2210 5021 horum
2260 4965 2493 5019 duorum
2531 4962 2818 5017 nominum
2853 4967 3034 5015 mente
3072 4960 3412 5030 concipiunt,

1839 5073 2062 5114 necesse
2089 5066 2173 5112 est
2203 5066 2263 5112 ut
2297 5064 2394 5111 aut
2419 5071 2586 5110 unum
2617 5053 2867 5109 ordinem
2909 5061 3121 5111 tantum
3151 5053 3205 5107 in
3237 5052 3415 5108 eccle-

1840 5149 1938 5205 siis
1971 5149 2342 5220 apostolorum
2389 5147 2628 5218 primum
2678 5161 2809 5199 cura
2847 5153 2902 5200 et
2930 5144 3256 5200 auctoritate
3295 5143 3417 5220 fun-

1839 5241 2002 5306 datis,
2039 5249 2134 5295 aut
2179 5241 2318 5294 duos
2370 5237 2649 5294 exstitisse
2693 5243 3027 5305 supponant.
3079 5233 3147 5288 Et
3191 5235 3412 5304 quidem

1839 5333 1935 5404 qui
1965 5333 2110 5387 hanc
2136 5329 2584 5386 communionem
2629 5327 2914 5382 nominum
2957 5333 3214 5389 tuentur,
3247 5325 3302 5376 in
3329 5321 3416 5377 di—

1839 5438 2029 5479 versas
2055 5423 2122 5478 de
2143 5437 2374 5477 numero
2408 5420 2663 5474 ordinum
2694 5427 2827 5472 tunc
2855 5416 3118 5485 temporis
3145 5415 3416 5471 exsisten-

1839 5515 1977 5567 tium
2009 5511 2306 5567 sententias
2326 5511 2486 5566 divisi
2515 5517 2662 5566 sunt.
2685 5505 2888 5574 Omnes
2909 5513 3238 5576 agnoscunt,
3263 5511 3415 5574 post-

1840 5620 2004 5674 quam
2041 5601 2176 5658 Novi
2217 5600 2462 5658 Fmderis
2489 5601 2612 5656 libri
2646 5600 2856 5655 exarati
2886 5609 3034 5664 sunt,
3067 5597 3251 5668 aliquo
3277 5606 3418 5652 tem-

1843 5696 1990 5766 poris
2015 5696 2323 5760 intervallo,
2354 5696 2494 5750 duos
2524 5693 2748 5749 ordines
2786 5708 2882 5748 seu
2928 5691 3128 5762 gradus
3156 5689 3414 5745 ecclesia-

1844 5788 2010 5847 sticos
2041 5787 2346 5865 ctollicio,
2390 5796 2442 5845 et
2485 5786 2748 5861 dignitate
2795 5784 3116 5855 distinctos,
3150 5782 3264 5841 sive
3295 5781 3412 5849 iure
