3834 6214
425 319 531 374 459

1452 314 1510 369 S.
1557 309 1906 369 IGNATIUS.
1947 342 2015 352 —
2055 304 2584 366 PROLEGOMENA.

3589 307 3698 362 4ῖο

423 443 540 496 sive
570 439 792 510 injuria,
823 436 1154 502 obtinuisse,
1183 449 1420 507 quorum
1455 433 1726 504 superiori
1747 432 2012 503 episcopi,
2044 437 2092 494 Α
2120 429 2486 499 Hieronymus
2512 425 2735 495 aliique.
2768 427 2837 478 At
2865 427 2968 478 hoc
2997 437 3092 478 aut
3114 438 3326 490 verum,
3356 433 3449 478 aut
3478 437 3695 482 eertum

420 531 670 588 inferiori
709 530 1013 603 presbyteri
1054 543 1249 584 nomen
1291 528 1538 583 adhaesit.
1571 525 1677 592 Qui
1722 541 1894 580 unum
1935 540 2004 580 ex

2117 539 2228 578 non
2257 531 2362 577 est.
2394 519 2543 576 Duas
2582 518 2728 574 enim
2757 517 2811 570 in
2838 515 3164 587 quibusdam
3213 516 3528 571 civitatibus
3556 529 3701 572 tem-

418 623 492 680 iis
523 624 904 679 tantummodo
948 632 1066 677 tum
1115 635 1240 676 cum
1291 620 1436 675 sacri
1469 619 1596 673 libri
1633 619 2006 675 scriberentur
2110 616 2338 688 poribus
2393 611 2772 684 apostolorum
2836 608 3136 674 ecclesias,
3201 608 3341 664 duos
3391 611 3696 679 episcopos

417 716 696 772 exstitisse
735 723 950 785 putant,
982 714 1214 769 alterum
1243 722 1423 768 autem
1470 720 1660 783 postea
1693 713 2001 782 adjectum;

415 809 501 863 vel
553 806 864 862 inferiorem
915 806 1163 860 ordinem
1224 814 1563 876 agnoscunt,
1610 805 1701 859 cui
1753 804 2003 875 superior

417 908 604 970 postea
637 897 1118 968 superimpositus,
1143 897 1230 951 vel
1257 897 1626 967 superiorem,
1655 897 1745 951 cui
1773 895 2003 952 inferior

414 989 764 1058 postmodum
794 987 1055 1045 suffectus
1079 995 1184 1044 est.
1212 988 1351 1044 Hinc
1379 998 1672 1060 emergunt
1704 991 1816 1044 duo
1847 991 1998 1046 modi

411 1080 851 1136 communionem
899 1080 1186 1135 nominum
1234 1079 1576 1149 explicandi,
1611 1094 1755 1134 unus
1789 1088 1852 1134 ut
1895 1095 1998 1134 no-

413 1174 562 1228 mina
590 1173 832 1244 episcopi
874 1181 929 1228 et
963 1169 1272 1244 presbyteri
1305 1175 1470 1230 unius
1499 1175 1716 1228 ordinis
1741 1176 1999 1230 sacerdo-

411 1266 558 1321 tibus
587 1266 898 1335 promiscue
920 1265 1318 1332 tribuerentur,
1347 1267 1445 1335 qui
1481 1264 1759 1322 inferioris
1784 1267 1998 1322 ordinis

411 1357 724 1412 sacerdotes
744 1399 758 1420 ,
792 1356 908 1412 sive
947 1357 1250 1428 presbyteri
1301 1357 1630 1412 dicebantur
1656 1401 1670 1424 ,
1703 1367 1994 1429 postquam

408 1448 662 1519 superior
702 1451 840 1506 ordo
884 1451 1230 1508 introductus
1265 1461 1322 1508 et
1365 1453 1825 1524 superimpositus
1868 1463 1993 1522 est;

407 1554 572 1608 quam
624 1540 817 1594 volunt
863 1557 986 1598 esse
1037 1544 1366 1599 sententiam
1418 1543 1477 1599 S.
1519 1542 1863 1617 Hieronymi,
1907 1561 1996 1602 me

407 1633 554 1689 haud
597 1647 963 1708 repugnante;
1001 1638 1160 1706 alter,
1211 1647 1270 1693 ut
1315 1639 1509 1695 eadem
1559 1641 1785 1696 nomina
1831 1642 1995 1698 unius

405 1725 616 1782 ordinis
663 1729 1044 1787 sacerdotibus
1093 1732 1408 1801 promiscue
1455 1734 1850 1801 tribuerentur,
1894 1736 1989 1804 qui

2106 708 2298 774 fuisse,
2327 705 2501 761 donec
2530 703 2762 774 gentiles
2790 717 2914 756 cum
2953 699 3158 755 Iudaeis
3194 699 3248 754 in
3284 717 3455 754 unum
3485 717 3696 771 corpus

2105 795 2494 856 coalescerent,
2525 790 3029 862 probabilissimum
3055 805 3122 844 ex
3152 789 3286 859 ipsis
3311 790 3532 860 scriptis
3555 807 3698 861 apo-

2104 887 2319 943 stolicis
2369 884 2503 941 facit
2549 883 2932 940 Hammondus
2964 894 3174 939 noster.
3205 883 3544 955 Epiphanius
3571 888 3694 942 b2-

2101 979 2212 1036 resi
2254 979 2325 1033 68
2353 998 2367 1033 :
2392 979 2466 1034 Οὐ
2518 979 2628 1051 γάρ
2659 995 2791 1032 ποτε
2822 979 2857 1050 ἠ
2905 977 3281 1049 Ἀλεξάνδρεια
3327 978 3420 1033 δύο
3465 981 3698 1034 ἐπιστώ-

2101 1089 2237 1136 πους
2268 1067 2434 1142 εἶχεν,
2467 1070 2543 1135 ὠς
2576 1073 2632 1125 αἱ
2663 1071 2818 1125 ἄλλαι
2849 1069 3155 1142 ἐκκλησίαι.
3186 1068 3510 1141 tNunquam
3535 1073 3694 1126 enim

2098 1165 2428 1220 Alexandria
2470 1164 2610 1220 duos
2650 1163 2937 1234 episcopos
2987 1164 3200 1230 habuit,
3234 1173 3291 1217 ut
3336 1165 3459 1220 aliae
3495 1164 3694 1221 Eccle-

2100 1258 2216 1314 sia.
2244 1276 2263 1310 ι
2293 1256 2428 1324 Quae
2459 1257 2777 1312 observatio
2807 1257 2874 1311 ad
2905 1258 3204 1327 apostolica
3243 1259 3406 1313 etiam
3435 1267 3691 1330 tempora

2095 1350 2316 1407 extendi
2346 1351 2467 1406 sine
2510 1349 2679 1406 dubio
2721 1350 2914 1406 debet:
2944 1351 3095 1422 quod
3126 1350 3346 1407 Marcus
3371 1367 3498 1408 cum
3526 1354 3689 1409 solus

2096 1443 2172 1499 ibi
2219 1443 2617 1514 praedicaverit,
2667 1443 2892 1499 unicum
2937 1444 3255 1513 episcopum
3299 1459 3689 1501 successorem

2095 1535 2339 1606 reliquit,
2377 1535 2434 1590 in
2469 1535 2592 1590 aliis
2632 1545 2820 1591 autem
2867 1536 3182 1591 civitatibus
3223 1536 3523 1606 aliquando
3569 1538 3692 1593 duo

2094 1627 2330 1698 apostoli
2369 1625 2641 1684 Ecclesias
2684 1627 3110 1698 congregabant,
3145 1636 3200 1683 et
3240 1629 3364 1684 loco
3392 1645 3496 1685 suo
3524 1632 3690 1701 quis-

2094 1733 2204 1788 que
2233 1717 2550 1788 episcopum
2599 1717 2842 1788 reliquit.
2878 1717 3037 1784 Quod
3067 1718 3185 1789 ipse
3236 1719 3582 1790 Epiphanius
3611 1722 3690 1776 de

403 1817 704 1886 superioris
733 1819 942 1876 ordinis
977 1797 1290 1878 sacerdotes
1320 1825 1436 1879 sive
1473 1825 1712 1895 episcopi
1745 1797 1984 1896 appella-

2091 1810 2332 1867 Ecclesia
2363 1809 2634 1875 Romana,
2659 1810 2848 1865 heresi
2878 1809 2969 1875 Ξῖ,
3001 1809 3258 1866 observat
3297 1829 3310 1865 :
3353 1812 3444 1864 Ἐν
3488 1811 3688 1885 Ῥώμῃ

402 1906 624 1975 bantur,
657 1920 948 1980 postquam
976 1911 1205 1968 inferior
1236 1916 1372 1970 ordo
1406 1916 1775 1982 introductus,
1807 1926 1863 1972 et
1890 1933 1983 1973 su~

402 2000 605 2071 periori
633 2003 961 2074 subjunctus
989 2015 1102 2074 est;
1135 2023 1300 2077 quam
1345 2011 1674 2065 sententiam
1719 2020 1982 2081 tanquam

402 2093 643 2148 maxime
673 2095 1013 2164 probabilem
1058 2099 1303 2155 defendit
1349 2099 1731 2158 Hammondus
1774 2112 1983 2169 noster,

401 2199 514 2254 quo
542 2201 705 2240 nemo
730 2190 1046 2245 accuratius
1071 2191 1185 2246 haec
1215 2195 1494 2249 tractavit.
1528 2193 1632 2261 Qui
1661 2195 1804 2250 duos
1835 2195 1986 2249 ordi-

402 2291 501 2332 nes
525 2286 580 2332 et
625 2277 802 2334 ofﬁcio
845 2291 898 2335 et
929 2282 1197 2352 dignitate
1241 2285 1536 2342 distinctos
1581 2287 1686 2342 sub
1719 2287 1986 2358 apostolis

399 2369 592 2439 fuisse,
621 2383 678 2428 et
705 2374 775 2428 ab
798 2373 909 2429 illis
937 2375 1224 2432 institutos
1261 2392 1374 2433 non
1403 2377 1752 2446 dubitabant,
1780 2378 1834 2433 in
1864 2379 1985 2448 plu-

399 2474 488 2518 res
533 2463 602 2519 de
653 2465 1044 2521 communione
1111 2467 1399 2522 nominum
1453 2470 1757 2526 sententias
1819 2470 1984 2525 divisi

398 2559 548 2606 sunt.
573 2551 818 2619 Quarum
846 2555 1022 2624 prima
1042 2555 1158 2610 haec
1180 2555 1302 2621 fuit,
1328 2559 1548 2629 utrique
1570 2560 1752 2618 ordini
1775 2569 1985 2614 utrum-

396 2654 506 2710 que
541 2655 742 2697 nomen
785 2657 1082 2698 commune
1126 2659 1192 2699 ea
1225 2653 1552 2716 tempestate
1593 2647 1796 2715 fuisse,
1825 2658 1886 2703 ut
1913 2647 1982 2703 ad

399 2733 740 2804 superiorem
774 2736 1024 2792 ordinem
1071 2742 1312 2807 promoti
1354 2756 1502 2796 nunc
1533 2741 1801 2811 episcopi,
1836 2755 1982 2796 nunc

398 2823 696 2896 presbyteri
714 2826 1140 2896 appellarentur,
1159 2837 1214 2884 et
1233 2829 1436 2899 pariter
1460 2830 1514 2884 in
1536 2830 1781 2886 inferiori
1807 2832 1980 2902 gradu

397 2916 685 2972 constituti
712 2933 861 2974 nunc
883 2920 1211 2992 presbyteri,
1246 2937 1395 2977 nunc
1437 2924 1683 2994 episcopi
1723 2925 1980 2980 nomina-

397 3020 618 3076 rentur;
651 3025 774 3080 quze
809 3011 914 3066 fuit
958 3015 1231 3069 sententia
1261 3014 1640 3087 Chrysostomi
1675 3024 1731 3072 et
1777 3032 1972 3086 sequa-

2092 1903 2202 1975 γὰρ
2232 1903 2486 1972 γεγόνασι
2521 1902 2730 1974 πρῶτοι
2761 1898 2970 1974 Πέτρος
3002 1903 3096 1956 καὶ
3129 1901 3342 1967 Παῦλος
3362 1904 3413 1956 οἱ
3439 1904 3687 1957 ἀπύσει-ο·-

2091 1997 2173 2051 λοι
2203 1997 2358 2050 αὐτοὶ
2390 1997 2484 2050 καὶ
2506 1995 2816 2049 ἐπίσκοποι.
2858 2015 2877 2046 ι
2901 1993 3090 2050 Romae
3117 1996 3428 2066 eniniprimi
3449 1995 3688 2054 fuerunt

2087 2091 2282 2150 Petrus
2311 2102 2364 2148 et
2385 2091 2610 2158 Paulus,
2637 2091 2802 2147 iidem
2831 2091 3065 2161 apostoli
3093 2101 3147 2147 et
3169 2093 3434 2162 episcopi.
3465 2112 3485 2146 ι
3515 2091 3682 2149 Unde

2087 2185 2303 2240 dubitat
2335 2201 2408 2240 an
2453 2186 2616 2240 etiam
2653 2200 2780 2241 cum
2811 2185 2880 2240 iis
2907 2185 3000 2240 alii
3046 2185 3156 2241 duo
3190 2186 3433 2256 episcOpi
3461 2198 3676 2249 essent.

2085 2278 2179 2348 qui
2205 2292 2400 2333 eorum
2436 2277 2605 2343 vices,
2633 2293 2759 2333 cum
2801 2278 3079 2343 abessent,
3104 2278 3442 2347 supplerent.
3473 2277 3680 2336 Hiero-

2086 2385 2285 2441 nymus
2316 2370 2434 2441 ipse
2479 2371 2623 2426 hanc
2665 2371 2999 2426 solutionem
3047 2371 3320 2441 praevidit,
3350 2370 3584 2442 ideoque
3613 2373 3675 2430 in

2084 2462 2313 2532 epistola
2329 2463 2396 2518 ad
2410 2461 2702 2534 Evagrium
2721 2503 2736 2527 ,
2751 2478 2877 2517 cum
2892 2461 3091 2533 Philip.
3118 2479 3160 2526 ι,
3192 2464 3245 2529 1,
3265 2475 3319 2518 et
3337 2463 3461 2518 Act.
3478 2479 3575 2529 xx,
3598 2462 3678 2518 23

2083 2557 2342 2610 citasset:
2374 2573 2394 2607 ι
2423 2554 2502 2611 Ac
2547 2569 2618 2610 ne
2659 2555 2785 2625 quis
2805 2595 2822 2621 ,
2852 2555 3050 2624 inquit,
3097 2556 3437 2611 contentiose
3468 2555 3526 2610 in
3559 2570 3675 2612 una

2083 2645 2328 2703 Ecclesia
2359 2645 2548 2718 plures
2572 2649 2860 2719 episcopos
2898 2646 3072 2703 fuisse
3103 2649 3422 2715 contendat,
3450 2649 3582 2704 audi
3613 2657 3676 2704 et

2083 2737 2232 2792 aliud
2260 2738 2661 2805 testimonium,
2697 2739 2755 2794 in
2785 2754 2897 2808 quo
2927 2737 3378 2796 manifestissime
3403 2756 3675 2812 compro-

2082 2828 2244 2883 batur
2279 2827 2532 2884 eumdem
2580 2843 2702 2885 esse
2751 2829 3068 2900 episcopum
3113 2839 3169 2886 et
3204 2831 3612 2902 presbyterum.
3641 2851 3666 2886 a

2081 2917 2288 2974 Horum
2313 2919 2548 2974 duorum
2573 2919 2823 2977 locorum
2861 2923 3257 2992 expositionem
3291 2923 3344 2977 in
3369 2923 3674 2980 Commen-

2082 3010 2224 3064 tario
2249 3010 2316 3065 ad
2345 3008 2530 3065 Titum
2557 3011 2614 3065 in
2642 3011 2736 3066 illa
2770 3011 2931 3067 unica
2964 3013 3274 3068 assertione
3315 3012 3668 3081 fundaverat,

397 3100 567 3156 cium.
588 3100 836 3158 Secunda
861 3114 1042 3158 autem
1072 3105 1341 3160 sententia
1369 3105 1494 3173 fuit,
1509 3122 1707 3162 nomen
1737 3107 2049 3192 episcopi-C
2083 3100 2228 3171 quod
2261 3102 2314 3156 in
2357 3117 2465 3157 una
2495 3102 2719 3158 civitate
2750 3104 2937 3173 plures
2968 3105 3213 3176 episcopi
3241 3120 3363 3161 esse
3393 3123 3504 3162 non
3538 3122 3672 3177 pos-

399 3200 454 3247 et
474 3193 778 3264 presbyteri
804 3193 1084 3250 inferioris
1119 3195 1332 3251 ordinis
1359 3197 1736 3253 sacerdotibus
1765 3197 1980 3253 indiffe-

398 3294 580 3341 renter
599 3295 653 3340 et
671 3286 984 3355 promiscue
1003 3287 1325 3342 attributum
1349 3304 1491 3355 esse,
1514 3298 1768 3344 neutrum
1795 3303 1978 3345 autem

397 3375 559 3445 primi
591 3377 824 3444 ordinis,
857 3393 950 3432 seu
989 3379 1294 3449 episcopis;
1346 3381 1493 3449 quod
1538 3389 1667 3446 tunc
1716 3382 1979 3452 temporis

398 3468 562 3538 primi
591 3469 812 3526 ordines
859 3471 1174 3527 sacerdotes
1215 3473 1446 3542 apostoli
1478 3473 1794 3528 dicerentur
1820 3493 1835 3528 :
1858 3490 1982 3543 quae

396 3559 502 3616 fuit
528 3562 715 3632 opinio
737 3561 799 3616 Β.
835 3561 1182 3618 Theodoreti.
1218 3561 1422 3618 Praeter
1455 3564 1555 3620 has
1589 3565 1717 3636 fingi
1749 3572 1982 3635 possunt

397 3663 454 3710 ct
494 3655 616 3711 alia:
647 3655 788 3723 duae,
836 3657 1145 3726 superioris
1195 3658 1410 3712 ordinis
1450 3657 1786 3725 sacerdotes,
1832 3672 1981 3712 nunc

398 3750 708 3818 episcopos,
744 3764 892 3804 nunc
921 3749 1291 3820 presbyteros,
1321 3749 1598 3806 inferioris
1638 3761 1820 3806 autem
1854 3760 1980 3806 tan-

400 3849 514 3894 tum
546 3841 893 3911 presbyteros
926 3842 1227 3912 appellatos
1255 3857 1399 3908 esse,
1433 3857 1599 3912 quam
1631 3850 1690 3896 ut
1715 3842 1979 3912 probabi-

401 3935 507 3988 iem
552 3933 792 3988 admittit
839 3931 1254 4000 Hammondus;
1309 3935 1394 3989 vel
1445 3933 1724 3990 inferioris
1767 3933 1983 3990 ordinis

400 4026 716 4081 sacerdotes
762 4041 910 4082 nunc
951 4029 1322 4099 presbyteros,
1364 4045 1514 4083 nunc
1542 4030 1851 4101 episcopos,
1884 4044 1980 4084 su-

401 4117 634 4188 perioris
655 4133 787 4172 vero
810 4119 1100 4190 episcopos
1123 4129 1332 4174 tantum
1357 4129 1578 4176 vocatos
1604 4120 1792 4184 fuisse.
1810 4138 1978 4193 quam

397 4209 686 4279 amplexus
710 4219 796 4265 est
817 4227 999 4268 nemo.
1031 4210 1170 4266 Cum
1202 4223 1350 4268 tanta
1377 4215 1447 4268 sit
1474 4213 1617 4269 inter
1638 4229 1852 4279 omnes,
1883 4215 1978 4284 qui

397 4305 843 4359 communionem
893 4305 1090 4360 horum
1139 4307 1426 4360 nominum
1467 4306 1523 4360 in
1575 4305 1875 4376 Scripturis
1919 4324 1980 4364 se

397 4394 822 4466 deprehendisse
851 4399 1136 4468 putabant,
1153 4399 1447 4464 dissensio,
1474 4399 1750 4468 variaeque
1783 4415 1975 4454 eorum

2081 3202 2237 3259 sent;
2269 3209 2396 3249 cum
2426 3203 2610 3250 autem
2641 3195 2693 3250 id
2720 3204 2816 3251 aut
2838 3211 3027 3251 verum
3049 3205 3144 3251 aut
3169 3207 3379 3253 certum
3408 3214 3522 3254 non
3542 3214 3672 3256 esse

2079 3284 2165 3338 vel
2199 3284 2314 3354 ipse
2344 3286 2696 3356 perspiceret,
2737 3287 2822 3342 vel
2853 3287 2924 3342 ab
2968 3287 3091 3342 aliis
3135 3289 3450 3346 admonitus
3480 3299 3665 3357 esset;

2082 3374 2249 3429 alium
2279 3375 2367 3431 hic
2393 3375 2575 3432 locum
2603 3377 2874 3445 adhibuit,
2907 3394 3018 3448 quo
3052 3394 3170 3434 rem
3200 3381 3451 3436 eamdem
3484 3380 3671 3436 mani.

2081 3463 2276 3521 festius
2307 3466 2527 3536 probari
2573 3469 2805 3538 putavit.
2847 3467 3162 3536 Quinetiam
3194 3471 3242 3526 si
3272 3487 3461 3527 verum
3493 3481 3668 3539 esset,

2081 3558 2247 3614 unius
2276 3559 2511 3614 civitatis
2561 3576 2735 3616 unum
2779 3563 3160 3618 tantummodo
3194 3574 3326 3620 tunc
3353 3562 3524 3621 fuisse
3549 3567 3669 3636 epi-

2081 3665 2336 3720 scopum,
2367 3666 2477 3707 non
2509 3661 2692 3708 tamen
2731 3653 2856 3709 inde
2887 3655 3071 3709 statim
3116 3665 3440 3725 sequeretur
3468 3673 3668 3712 vocem

2081 3744 2401 3808 ὲπισκόποις
2427 3745 2495 3800 ad
2525 3745 2816 3815 episcopos
2855 3747 3074 3816 proprie
3122 3747 3301 3803 dictos
3348 3763 3458 3804 non
3488 3751 3668 3819 perti-

2081 3849 2244 3901 nere;
2277 3849 2389 3889 non
2416 3835 2563 3890 enim
2591 3851 2688 3892 eos
2711 3835 3078 3907 Philippensis
3105 3839 3350 3894 ecclesiae
3370 3840 3671 3911 episcopos

2083 3936 2242 3982 vocat
2285 3937 2380 3982 aut
2423 3928 2682 3997 civitatis,
2709 3929 2804 3986 sed
2836 3939 3050 3984 tantum
3081 3945 3178 3986 eos
3219 3939 3354 3988 tunc
3393 3930 3670 4002 Philippis

2080 4018 2253 4075 fuisse
2291 4019 2503 4079 innuit;
2535 4021 2775 4076 scribere
2810 4031 2992 4076 autem
3024 4021 3094 4078 ad
3124 4023 3249 4079 illos
3286 4023 3485 4093 potuit,
3518 4039 3672 4094 quos

2080 4122 2213 4166 tunc
2241 4109 2507 4180 Philippis
2550 4127 2674 4168 esse
2713 4122 3076 4184 cognoverat,
3110 4113 3238 4169 licet
3262 4114 3493 4169 aliarum
3521 4115 3669 4169 civi-

2080 4212 2257 4259 tatum
2304 4205 2547 4275 episcopi
2597 4215 2802 4261 essent.
2847 4205 3229 4264 Theodoretus
3285 4207 3451 4278 igitur
3493 4201 3669 4263 aliam

2081 4299 2347 4353 rationem
2378 4298 2550 4366 addit,
2581 4299 2728 4368 quod
2752 4313 2818 4354 eo
2839 4299 2945 4354 loci
2974 4299 3279 4371 presbyteri
3317 4299 3449 4354 nulli
3480 4300 3670 4353 nomi-

2081 4399 2280 4445 nentur
2334 4389 2477 4444 inter
2526 4390 2817 4461 episcopos
2857 4399 2913 4446 et
2967 4391 3232 4448 diaconos
3265 4410 3279 4446 :
3310 4406 3437 4446 cum
3493 4391 3671 4462 igitur

396 4489 703 4556 sententiae,
728 4505 852 4560 qua:
885 4498 966 4544 tot
1006 4489 1120 4545 fere
1148 4500 1286 4561 quot
1331 4492 1582 4547 homines
1611 4501 1761 4557 sunt,
1792 4493 1976 4548 conci-

2083 4482 2381 4553 presbyteri
2429 4483 2677 4536 diaconis
2721 4483 2958 4552 proximi
3006 4484 3153 4550 sint,
3204 4499 3428 4538 necesse
3471 4493 3558 4538 est
3604 4494 3675 4538 ut

396 4581 518 4636 liari
562 4582 712 4636 nullo
761 4582 924 4638 modo
976 4584 1210 4653 possint,
1250 4585 1424 4655 magis
1475 4584 1655 4638 adhuc
1697 4585 1978 4654 probabile

396 4670 642 4727 redditur
683 4672 846 4727 talem
890 4673 1335 4729 communionem
1367 4673 1651 4729 nominum
1686 4688 1876 4729 revera
1919 4674 1975 4728 in

396 4760 697 4833 Scripturis
731 4780 842 4820 non
868 4764 1115 4836 reperiri.

467 4851 674 4910 Tertio.
709 4853 969 4911 Rationes
996 4856 1130 4926 ipsa:
1158 4854 1325 4924 hujus
1354 4855 1655 4921 sententiae,
1683 4869 1824 4924 quas
1845 4853 1978 4909 affe-

394 4956 526 5002 runt
556 4949 966 5003 communionis
993 4949 1192 5003 horum
1220 4946 1508 5001 nominum
1533 4956 1858 5014 assertores,
1883 4961 1978 5002 aut

395 5035 566 5104 falsae,
599 5049 694 5093 aut
726 5039 948 5093 incertae
983 5048 1132 5105 sunt,
1171 5047 1267 5093 aut
1306 5039 1362 5094 id
1407 5055 1516 5094 non
1559 5040 1800 5094 elliciunt
1827 5040 1976 5109 quod

393 5130 496 5201 ipsi
537 5132 740 5186 volunt.
771 5129 1006 5202 Philipp.
1040 5146 1080 5194 ι,
1105 5131 1158 5196 1,
1191 5131 1462 5201 legimus:
1491 5129 1695 5185 Paulus
1717 5141 1765 5185 et
1799 5131 1978 5187 Timo-

393 5222 542 5275 theus
569 5238 748 5276 servus
779 5219 908 5275 Iesu
942 5219 1146 5275 Christi
1180 5222 1423 5274 omnibus
1464 5223 1664 5276 sanctis
1689 5223 1741 5275 in
1765 5221 1976 5277 Christo

392 5311 544 5376 λεια,
583 5330 705 5367 cum
753 5315 1008 5384 episcopis
1040 5324 1090 5368 et
1117 5314 1380 5371 diaconis.
1430 5312 1590 5369 Hunc
1635 5313 1817 5369 locum
1853 5333 1872 5367 ι
1909 5316 1976 5370 de

394 5409 736 5463 secundariis
799 5409 1176 5465 sacerdotibus
1239 5425 1348 5465 non
1403 5409 1563 5479 pauci
1617 5424 1795 5479 neque
1843 5425 1978 5466 con-

395 5500 670 5554 temnendi
703 5511 819 5555 tum
853 5500 1050 5555 veteris
1080 5509 1195 5555 tum
1230 5503 1467 5557 recentis
1491 5503 1770 5556 memoriae
1804 5503 1976 5557 inter-

396 5601 582 5660 pretes
627 5593 925 5663 accipiunt,
950 5612 969 5645 ι
1030 5595 1209 5662 inquit
1250 5594 1504 5651 Dallaaus.
1559 5593 1664 5649 Sed
1704 5595 1974 5650 rationem

395 5682 540 5737 hanc
564 5695 777 5737 tantum
814 5684 1051 5738 afferunt
1087 5693 1317 5748 veteres,
1352 5687 1500 5754 quod
1532 5686 1586 5739 in
1621 5701 1728 5740 una
1757 5687 1976 5743 civitate

395 5789 540 5830 unus
568 5783 779 5831 tantum
807 5783 953 5831 esset
981 5774 1294 5846 episcopus.
1326 5775 1402 5831 Ita
1435 5773 1493 5832 S.
1522 5775 1977 5848 Cbrysostomus,

2077 4573 2319 4643 episc0pi
2359 4588 2457 4642 pro
2495 4573 2814 4644 presbyteris
2852 4575 3216 4646 accipiantur.
3263 4573 3370 4630 Sed
3415 4575 3670 4631 nondum

2079 4667 2298 4735 probari
2341 4666 2518 4735 potuit
2559 4666 2700 4721 ullos
2729 4667 2956 4723 secundi
2982 4668 3198 4724 ordinis
3229 4668 3544 4724 sacerdotes
3565 4684 3671 4723 seu

2077 4759 2425 4830 presbyteros
2472 4768 2602 4813 tunc
2647 4757 2918 4830 Philippis
2962 4761 3276 4827 exstitisse;
3310 4760 3460 4814 nulla
3509 4763 3667 4815 enim

2076 4867 2267 4906 eorum
2307 4860 2485 4905 exstat
2527 4850 2815 4907 memoria.
2843 4851 3184 4922 Epiphanius
3218 4863 3397 4907 autem
3427 4868 3494 4906 ex
3521 4854 3672 4906 anti-

2077 4943 2364 5013 quissimis
2406 4941 2666 4998 Ecclesiae
2692 4945 3064 5000 monumentis
3093 4944 3253 4999 docet
3294 4943 3576 5014 apostolos
3609 4943 3669 4997 in

2077 5035 2355 5105 aliquibus
2385 5035 2704 5092 civitatibus
2738 5038 3027 5107 episcopos
3055 5037 3345 5092 ordinasse
3388 5051 3516 5091 cum
3547 5039 3671 5092 suis

2075 5128 2325 5184 diaconis
2346 5169 2362 5195 ,
2397 5129 2564 5184 nullis
2597 5129 2825 5184 omnino
2857 5128 3191 5200 presbyteris
3226 5127 3430 5182 ibidem
3463 5130 3673 5182 consti-

2080 5222 2229 5275 tutis.
2265 5219 2510 5291 Deuique
2553 5230 2764 5277 certum
2799 5237 2907 5276 non
2953 5232 3038 5276 est
3071 5221 3187 5275 hate
3219 5219 3304 5274 vel
3333 5219 3401 5274 ad
3448 5219 3668 5289 episco.

2077 5329 2198 5384 pos,
2239 5314 2322 5368 vel
2358 5315 2426 5369 ad
2464 5315 2810 5386 presbyteros
2839 5313 3221 5383 Philippenses
3260 5312 3467 5382 scripta
3501 5326 3665 5376 esse;

2077 5424 2204 5462 nam
2235 5408 2532 5477 Apostolus
2564 5423 2844 5478 nunquam
2875 5409 2930 5463 in
2957 5407 3207 5477 epistolis
3234 5407 3322 5461 vel
3347 5406 3666 5476 episcopos,

2077 5500 2161 5554 vel
2213 5501 2581 5571 presbyteros,
2612 5501 2693 5556 vel
2742 5501 3006 5556 diaconos
3051 5499 3306 5556 fidelibus
3355 5499 3665 5569 subiunxit,

2077 5608 2362 5661 nunquam
2397 5592 2465 5648 ad
2492 5594 2726 5664 alicujus
2750 5592 3008 5649 Ecclesiae
3033 5593 3382 5664 presbyteros
3415 5591 3664 5661 scripsit,

2077 5687 2224 5756 quod
2247 5702 2276 5740 a
2300 5687 2578 5742 veteribus
2606 5689 2925 5743 adnotatum
2948 5695 3053 5742 est.
3089 5685 3251 5740 Ratio
3281 5694 3462 5740 autem
3491 5697 3664 5754 quam

2078 5779 2332 5848 aderunt,
2361 5795 2461 5836 cur
2485 5781 2574 5838 hic
2609 5781 2675 5838 ad
2701 5781 3048 5854 presbyteros
3076 5789 3132 5836 et
3163 5779 3428 5836 diaconos
3453 5778 3665 5834 scribe-
