3848 6204
165 329 245 384 lli

869 327 922 383 ι.
963 327 1333 386 PEARSONII
1373 327 1704 387 VlNDlCUE
1730 328 2154 387 IGNATIAMJ.
2187 359 2256 374 --
2294 310 2476 388 PARS
2509 330 2576 386 ιι.

3276 329 3384 388 ιιςι

166 455 250 509 ret,
270 443 616 501 incertissima
640 453 720 502 est
745 457 800 502 et
829 447 1246 504 invalidissima.
1277 447 1336 504 8.
1369 447 1698 521 Chrysosto-
1724 464 1773 525 Α
1799 451 2155 510 doctissimus
2207 453 2365 509 ﬁnxit
2424 461 2478 509 et
2527 451 2773 508 omnium
2825 451 3039 523 primus
3090 449 3382 516 formavit;

165 556 299 594 mus:
324 537 578 591 Ἐνταῦθα
611 539 894 610 ζητήσειεν
925 540 990 595 ἄν
1019 557 1106 604 τις
1135 541 1392 606 εἰκότως,
1418 541 1472 594 τί
1495 540 1696 612 δήποτε

162 631 363 703 οὐδαμοῦ
392 630 468 702 τῷ
497 631 680 704 κλήρῳ
708 633 936 705 γράφων
967 621 1224 704 ἀλλαχοῦ,
1259 634 1360 687 οὐκ
1388 636 1446 687 ὲν
1485 635 1694 704 Ῥώμῃ,

162 727 243 779 οὐκ
269 727 319 778 ὲν
348 723 615 798 Κορίνθῳ,
649 724 747 777 οὐκ
795 726 856 776 ὲν
886 723 1098 795 Ἐφέσῳ
1118 765 1133 789 ,
1169 723 1306 778 ἀλλά
1357 727 1508 796 κοινῇ
1561 726 1696 778 πᾶσι

161 818 254 878 τοῖς
279 816 456 885 ἁγίοις.
488 815 520 887 ἣ
553 818 667 879 τοῖς
697 819 936 881 πιστοῖς,
970 815 1140 886 ῆτοῖς
1167 817 1568 888 ὴγαπημένοις,
1603 820 1695 872 ὲν-

161 909 304 962 ταῦθα
331 908 404 979 τῷ
446 908 632 980 κλήρῳ
678 909 880 981 γράφει
907 924 922 973 ;
957 927 975 959 ί
1007 906 1108 962 Hic
1150 907 1276 979 jure
1308 909 1434 979 quis
1464 917 1694 980 quaerat,

163 999 268 1074 quid
309 1000 514 1054 demum
565 1001 664 1068 sit,
693 1003 840 1071 quod
877 1017 1003 1057 cum
1051 1018 1336 1072 nunquam
1380 1002 1447 1057 ad
1487 1002 1694 1056 clerum

163 1092 265 1146 alibi
307 1093 594 1162 scripserit,
627 1109 735 1148 non
780 1095 848 1149 ad
882 1093 1213 1160 Romanum,
1245 1110 1354 1150 non
1394 1095 1463 1150 ad
1503 1093 1696 1149 Corin-

161 1185 385 1249 thiacum,
414 1201 519 1239 non
563 1185 632 1240 ad
674 1185 1036 1257 Ephesinum,
1069 1189 1162 1244 sed
1199 1187 1578 1266 communiter
1626 1187 1695 1241 ad

161 1294 320 1334 omnes
343 1287 580 1343 sanctos,
606 1280 692 1334 vel
722 1278 928 1344 tideles,
947 1281 1032 1334 vel
1059 1280 1313 1348 dilectos,
1342 1280 1459 1335 haec
1485 1279 1551 1334 ad
1584 1279 1697 1333 cle~

161 1389 258 1426 rum
283 1371 489 1427 scribit?
509 1391 525 1423 ι
560 1371 688 1429 Haec
727 1374 1020 1430 diflicultas
1050 1387 1154 1441 est,
1180 1391 1346 1446 quam
1397 1374 1477 1430 sic
1507 1375 1698 1429 tollere

158 1475 349 1520 conatur
375 1483 386 1519 :
411 1465 527 1518 Ὅτι
560 1467 716 1520 αὐτοὶ
747 1468 841 1521 καὶ
873 1467 1222 1532 ἀπέστειλαν,
1259 1467 1355 1520 καὶ
1389 1466 1699 1542 ἐκαρποφό-

159 1571 318 1626 ρησαν,
348 1555 434 1608 καὶ
464 1556 616 1609 αὑτοὶ
649 1555 904 1628 ἔπεμψαν
936 1558 1074 1629 πρὸς
1104 1557 1266 1611 αὐτὸν
1295 1558 1390 1612 τὸν
1425 1558 1702 1629 Ἐπαφρό-

157 1646 288 1700 διτον.
325 1665 344 1698 ‹
370 1645 523 1714 Quod
569 1647 648 1705 illi
699 1647 957 1705 collectas
1002 1647 1262 1713 fecerint,
1309 1657 1364 1703 et
1403 1649 1470 1704 ad
1518 1649 1694 1719 ipsum

159 1737 543 1807 Epaphroditum
593 1739 908 1794 miserint.»
961 1739 1033 1794 At
1081 1739 1188 1794 hoc
1236 1741 1537 1806 incertum;
1587 1739 1698 1793 imo

1804 545 1955 600 nulla
1985 561 2090 600 vox
2121 554 2205 601 est
2238 545 2294 600 in
2337 545 2610 616 epistolis,
2642 559 2765 616 qua:
2794 543 2889 600 illo
2919 544 3183 614 temporis
3211 545 3386 598 inter--

1799 637 1943 692 vallo
1972 646 2100 692 nata
2130 636 2323 700 fuisse,
2346 636 2551 692 nullius
2577 636 2728 691 vocis
2752 650 2948 691 sensus
2969 635 3064 706 qui
3093 643 3224 690 tunc
3252 643 3391 690 ten.-

1805 729 1959 801 poris
1987 730 2226 800 primum
2254 729 2504 798 erupisse
2529 729 2777 795 dicatur,
2808 727 2959 783 nulla
2987 726 3245 797 loquendi
3273 725 3389 782 for-

1800 823 1949 878 mula
1980 837 2102 893 quae
2133 836 2243 877 non
2275 821 2334 876 S.
2367 820 2558 892 lgnatii
2603 829 2820 876 aetatem
2863 819 3024 874 ferat.
3069 817 3280 874 Nomen
3309 819 3391 874 al-

1800 914 2076 988 ρεσιωτῶν
2121 914 2260 968 male
2289 914 2549 983 exagitat,
2573 913 2719 982 quod
2750 923 2933 967 tamen
2973 913 3154 967 nostri
3187 909 3384 982 lgnatii

1799 1025 1910 1064 non
1935 1018 2051 1075 est;
2086 1006 2281 1062 Latina
2309 1021 2418 1060 non
2455 1014 2630 1076 urget,
2667 1004 2995 1059 Hammondi
3033 1001 3386 1073 responsioni

1800 1105 2188 1171 acquiescens;
2220 1106 2276 1155 et
2296 1099 2515 1169 quidem
2548 1099 2844 1167 sapienter.
2868 1094 3006 1150 Nam
3033 1106 3088 1150 et
3115 1094 3174 1150 S.
3204 1093 3385 1166 Chry-

1801 1202 2080 1249 sostomus
2113 1192 2166 1245 in
2197 1205 2306 1245 una
2336 1191 2567 1260 epistola
2593 1190 2680 1255 15,
2715 1190 2767 1242 in
2799 1204 2908 1258 qua
2942 1199 3202 1257 tanquam
3245 1186 3389 1241 alter

1800 1283 2042 1355 lgnatius
2068 1281 2440 1354 μακροτέρους
2470 1280 2579 1335 τῶν
2607 1280 2826 1353 δρόμων
2851 1280 2978 1343 τοὺς
3009 1277 3259 1342 διαύλους
3289 1277 3388 1332 de-

1800 1374 2014 1440 scribit,
2045 1375 2146 1429 lias
2176 1373 2450 1443 ejusmodi
2483 1386 2649 1427 voces
2677 1371 2860 1436 habet,
2885 1369 3171 1441 δρουγγὺς,
3210 1368 3386 1440 μίλια,

1797 1465 2098 1531 λεκτίκιον,
2137 1465 2404 1537 βούρδων,
2441 1463 2754 1530 κάστελλον,
2793 1462 3045 1534 βικαρία,
3078 1461 3386 1533 τριϐοὗνος,

1801 1558 1941 1632 ρήξ,
1988 1573 2127 1629 quas
2189 1557 2332 1628 apud
2382 1556 2854 1627 elegantissimum
2907 1554 3388 1623 tersissimumque

1801 1653 2126 1722 scriptorem
2175 1665 2286 1704 non
2340 1649 2594 1721 quaesivit
2650 1647 2948 1703 Meursius.
3001 1645 3107 1700 Sed
3166 1653 3392 1700 movent

1800 1761 1924 1800 eum
1959 1764 1978 1797 ‹
2010 1744 2233 1799 nomina
2261 1743 2410 1797 varie
2438 1741 2775 1811 composita;
2800 1747 2855 1794 et
2881 1738 3132 1800 mirifica.
3158 1739 3384 1808 quibus,

157 1830 307 1900 potius
331 1831 667 1885 contrarium
696 1841 906 1886 certum
937 1837 1056 1898 est;
1087 1847 1210 1886 cum
1241 1831 1528 1902 apostolus
1556 1846 1700 1900 saepe
1734 1831 1773 1884 Β
1805 1843 1865 1890 ιιι
1910 1835 2007 1900 ait,
2049 1833 2295 1904 epistolae
2341 1833 2408 1888 ad
2461 1829 2745 1887 fastidium
2799 1838 3031 1886 scatent.
3056 1848 3074 1881 ι
3126 1827 3389 1884 Producit

158 1931 400 1988 agnoscat,
430 1923 485 1976 in
533 1922 643 1978 bac
684 1937 744 1978 re
778 1924 1103 1978 charitatem
1139 1926 1387 1979 omnium
1442 1922 1511 1978 ad
1557 1939 1698 1993 quos

155 2013 331 2077 scribit,
353 2027 527 2084 neque
553 2013 725 2069 ullam
759 2015 901 2069 inter
933 2015 1157 2081 fratres,
1189 2031 1286 2071 seu
1311 2014 1698 2084 Philippesios,

157 2113 390 2160 eteorum
428 2105 642 2160 clerum
683 2104 1071 2170 differentiam,
1123 2106 1179 2160 in
1232 2107 1566 2161 necessariis
1598 2106 1702 2159 mi-

157 2197 414 2255 nistrandis
435 2208 528 2253 aut
549 2199 822 2253 mittendo
845 2197 1215 2268 Epaphrodito
1241 2198 1516 2254 observet.
1543 2195 1698 2251 Nulla

156 2290 393 2345 enimvero
437 2306 607 2346 causa
644 2300 731 2346 est
778 2291 913 2346 satis
941 2291 1091 2360 justa
1131 2305 1233 2346 cur
1260 2290 1351 2345 hic
1395 2289 1700 2360 apostolum

156 2379 206 2434 ad
245 2381 438 2437 clerum
482 2383 780 2452 scripsisse
829 2383 1146 2438 necessario
1192 2391 1540 2446 statuamus,
1575 2397 1700 2436 cum

156 2471 238 2528 hoc
261 2475 322 2529 ab
349 2490 412 2530 eo
440 2491 731 2546 nunquam
781 2474 917 2530 alias
961 2472 1168 2529 factum
1221 2475 1324 2540 sit;
1362 2490 1487 2528 nam
1533 2474 1703 2528 verba

156 2563 225 2618 illa
267 2567 355 2620 σὺν
401 2568 725 2630 ἐπισκόποις
775 2567 868 2621 καὶ
916 2566 1184 2630 διακόνοις
1232 2583 1341 2621 non
1392 2565 1704 2621 necessario

155 2673 252 2711 cum
278 2660 472 2716 sanctis
511 2660 608 2730 qui
641 2669 800 2715 erant
831 2657 1102 2730 Philippis
1135 2660 1570 2732 conjunguntur,
1607 2660 1702 2715 sed

156 2769 253 2808 cum
284 2753 446 2810 Paulo
467 2767 521 2811 et
545 2756 844 2811 Timotheo
871 2757 1132 2830 conjungi
1161 2767 1413 2829 possunt.
1443 2759 1623 2828 Atque
1649 2757 1704 2812 in

154 2861 254 2901 eum
284 2850 495 2904 modum
529 2851 653 2930 haec
683 2851 846 2905 verba
875 2850 1074 2920 accipit
1107 2850 1540 2918 Ambrosiaster,
1570 2850 1706 2906 scri-

156 2951 252 3006 ptor
269 2943 392 2996 satis
423 2951 622 2997 acutus
649 2961 662 2997 :
696 2961 716 2995 σ
741 2941 845 3008 Qui
875 2951 998 2996 sunt
1027 2941 1316 3012 Philippis,
1342 2943 1545 3012 quibus
1566 2942 1707 2998 scri-

157 3029 215 3085 bit
237 3033 526 3103 signilicat,
558 3051 686 3088 eum
729 3037 989 3105 episcopis
1031 3044 1081 3090 et
1122 3036 1459 3101 diaconibus,
1488 3035 1596 3090 hoc
1622 3043 1708 3090 est

157 3135 256 3176 cum
279 3122 440 3180 Paulo
473 3135 528 3180 et
557 3125 877 3193 Timotheo,
905 3126 1000 3195 qui
1032 3127 1223 3196 utique
1251 3125 1495 3196 episcOpi
1525 3133 1702 3191 erant,

157 3214 292 3268 simul
319 3227 370 3270 et
412 3218 750 3289 signiﬁcavit
787 3228 840 3273 et
871 3218 1138 3274 diaconos
1185 3218 1280 3288 qui
1314 3217 1706 3272 ministrabant

157 3305 212 3358 ei.
233 3306 304 3362 Ad
329 3309 536 3378 plebem
568 3311 722 3365 enim
754 3311 968 3367 scribit.
1001 3308 1137 3364 Nam
1183 3310 1229 3366 si
1259 3310 1533 3380 episcopis
1563 3310 1704 3366 scri-

159 3396 297 3467 heret,
318 3410 369 3456 et
399 3402 502 3458 loci
541 3403 724 3472 ipsius
752 3403 1012 3473 episcopo
1039 3402 1394 3457 scribendum
1424 3411 1563 3468 erat,
1595 3416 1708 3456 non

159 3488 336 3546 duobus
356 3494 436 3548 vel
461 3495 668 3559 tribus,
689 3493 830 3549 sicut
843 3503 898 3548 et
922 3495 992 3550 ad
1015 3492 1194 3548 Titum
1211 3503 1264 3549 et
1287 3491 1658 3549 Timotheum.
1682 3509 1704 3548 ι

214 3581 323 3640 Haec
347 3602 470 3642 cum
503 3587 619 3642 sint
654 3597 901 3641 veterum
930 3585 1291 3641 fundamenta
1322 3586 1526 3656 quibus
1557 3602 1710 3642 com-

161 3671 435 3727 munionem
454 3675 748 3729 nominum
775 3675 1134 3744 apostolicam
1160 3684 1574 3745 superstruunt,
1589 3692 1712 3745 quae

162 3761 331 3818 nullam
358 3767 586 3820 omnino
630 3766 1016 3820 certitudinem
1045 3781 1159 3836 pra:
1185 3782 1244 3820 se
1269 3765 1474 3833 ferunt,
1500 3775 1553 3820 et
1583 3783 1708 3822 cum

163 3854 252 3908 sint
273 3872 332 3911 ex
359 3860 508 3928 praxi
538 3869 595 3914 et
633 3860 1033 3914 consuetudine
1081 3858 1363 3914 inferioris
1392 3860 1570 3914 aetatis
1612 3859 1712 3914 de-

162 3943 316 4014 ducta,
341 3949 405 4004 ad
439 3951 620 4020 prima
651 3949 911 4006 Ecclesiae
939 3960 1184 4021 tempora
1221 3967 1332 4005 non
1365 3951 1710 4022 pertingant;

163 4036 264 4103 quis
287 4054 387 4093 non
417 4040 566 4095 videt
595 4039 922 4094 imitationis
944 4038 1264 4108 apostolicae
1294 4037 1352 4093 in
1381 4053 1482 4093 usu
1511 4037 1713 4092 horum

164 4128 414 4185 verborum
446 4133 836 4187 necessitatem
867 4145 1096 4201 prorsus
1122 4129 1490 4186 evanescere?
1519 4137 1576 4184 et
1605 4128 1718 4199 pal-

168 4222 365 4277 marium
397 4234 785 4295 argumentum
816 4223 1033 4278 tandem
1069 4223 1124 4277 in
1156 4222 1386 4277 nihilum
1417 4231 1603 4291 aperte
1632 4237 1718 4276 re-

167 4306 284 4380 digi,
309 4315 442 4383 quod
487 4315 660 4369 etiam
692 4313 785 4367 illa
815 4313 1206 4369 communione
1250 4313 1556 4384 apostolica
1587 4329 1717 4368 con-

169 4416 293 4459 cessa
322 4423 502 4462 revera
534 4409 691 4463 nulla
719 4407 773 4462 vi
804 4407 1004 4478 pollet?

713 4520 948 4577 CAPUT
989 4519 1128 4576 XIV.

175 4605 314 4682 Nulla
349 4615 600 4668 vocabula
643 4615 930 4669 ostendunt
960 4615 1098 4676 hunc
1130 4615 1443 4682 scriptorem
1472 4612 1565 4665 diu
1601 4621 1723 4682 post

228 4679 474 4803 [fantium
491 4687 708 4740 vixisse.
739 4685 901 4739 Voces
924 4679 1725 4753 compositwimposturam‘non

228 4764 367 4803 oent.
417 4754 680 4803 Exemula
724 4772 788 4803 ea:
849 4754 994 4803 Novo
1042 4754 1413 4803 Testamento-
1459 4752 1724 4803 Clemente

227 4752 367 4825 olent.
416 4754 680 4825 Exempla
724 4772 788 4810 ea:
844 4754 994 4809 Novo
1042 4752 1413 4825 Testamento,
1459 4752 1724 4807 Clemente

231 4820 459 4902 Romano,
479 4820 1014 4902 Cicerone._l’oet_ic¢e
1039 4842 1146 4902 non
1177 4834 1322 4880 sunt.
1346 4821 1408 4902 Si
1438 4838 1725 4902 quaffarw

230 4893 317 4948 sint
345 4907 430 4950 aut
465 4913 637 4968 navie,
667 4898 863 4968 optime
895 4896 1112 4968 Ignatio
1141 4891 1477 4968 conueniunt.
1522 4891 1726 4968 Nume-

232 4979 307 5034 ηιμ
351 4984 531 5020 cocum
582 4967 650 5021 ab
700 4963 898 5033 ἄξιος,
931 4963 1184 5034 ὶπεηιριο
1239 4963 1642 5034 ΧεηορΙιοηιὶε,
1693 4979 1728 5016 a

232 5032 366 5112 φέρω
393 5040 665 5112 communi
688 5032 942 5112 omnium
955 5054 1054 5112 usu
1079 5032 1402 5112 defenditur.
1440 5033 1728 5112 Verborum

233 5104 540 5177 immodestia
576 5107 862 5177 refellitur.
902 5104 1309 5177 Conjectu'ragde
1338 5107 1522 5177 fictore
1555 5104 1730 5177 rejici-

235 5183 322 5247 t_ur.
357 5174 646 5246 Usurpntio'
671 5195 855 5231 varum
887 5174 1092 5247 ερύάις,
1120 5189 1168 5232 et
1205 5175 1374 5245 ᾄδειν
1402 5174 1725 5244 defenditur.

236 5243 440 5302 l’hrases
464 5243 664 5320 aliqua:
691 5243 1028 5318 explicantur
1050 5243 1112 5302 ac
1137 5243 1513 5317 defenduntur.

238 5339 404 5409 Capite
433 5343 502 5396 27
534 5344 707 5398 multa
757 5343 864 5398 alia
905 5343 1057 5397 hunc
1105 5343 1431 5412 scriptorem
1459 5339 1728 5394 vocabula

184 5427 257 5484 diu
282 5444 389 5502 Ροεῐ
416 5437 684 5508 lgnatium
726 5437 936 5492 vixisse
966 5436 1165 5491 docere
1193 5449 1355 5505 posse
1389 5434 1686 5488 arbitratur
1711 5450 1727 5500 ;

184 5535 263 5591 ego
287 5543 404 5584 vero
429 5531 787 5586 asserendum
824 5545 946 5586 esse
987 5543 1098 5583 non
1128 5527 1320 5582 dubito
1351 5526 1405 5580 in
1445 5522 1732 5594 scriptoris

187 5627 404 5676 sermone
444 5625 582 5679 nihil
631 5624 860 5678 omnino
909 5620 1202 5688 contineri,
1243 5619 1391 5690 quod
1425 5632 1541 5673 αξνο
1571 5615 1730 5687 lgna-

187 5711 311 5768 tiano
363 5718 540 5774 minus
591 5734 756 5791 quam
805 5715 1120 5773 Eusebiano
1166 5720 1458 5785 congruat.
1491 5709 1732 5766 .Ducenti

191 5806 296 5860 anni
320 5818 438 5864 sunt
462 5828 491 5867 a
525 5810 581 5868 S.
611 5810 819 5884 lgnatio
843 5809 912 5867 ad
934 5808 1257 5880 scriptorem
1287 5821 1438 5878 eum,
1460 5819 1625 5878 quem
1647 5802 1733 5862 vir

1801 1929 1986 1998 itaque
2008 1927 2434 1997 quamplurima,
2458 1923 2771 1995 colligitque
2791 1932 3056 1992 tanquam
3087 1921 3254 1992 ἑσμὸν
3273 1919 3394 1976 ἀτό-

1801 2036 1919 2073 πων
1967 2019 2062 2072 καὶ
2106 2017 2447 2090 διαστρόφων
2490 2016 2792 2087 ὀνομάτων,
2831 2022 2927 2069 aut
2968 2013 3223 2067 τοσοῦτον
3266 2013 3393 2086 βόρ-

1801 2110 1962 2184 ϐορον
1997 2109 2373 2182 συνερανίσας,
2415 2116 2475 2162 ut
2502 2107 2748 2178 loquitur
2771 2105 3072 2161 Lucianus.
3107 2103 3181 2160 Ut
3206 2115 3392 2160 autem

1802 2202 2064 2273 epistolas
2099 2201 2184 2256 his
2227 2209 2443 2256 scatere
2473 2199 2746 2265 ostendat,
2781 2198 2952 2252 multa
2983 2198 3392 2268 interpolatoris

1803 2304 1900 2351 aut
1948 2295 2157 2350 lictoris
2208 2292 2475 2348 vocabula
2524 2292 2593 2346 iis
2639 2306 2765 2362 quae
2814 2291 2885 2346 ab
2927 2298 3152 2344 auctore
3198 2297 3394 2345 nostro

1805 2397 2068 2458 usurpata
2093 2396 2241 2452 sunt,
2269 2386 2566 2452 admiscet;
2592 2385 2777 2455 qualia
2821 2391 2984 2438 sunt:
3007 2381 3392 2452 πνευματοφό-

1807 2497 1919 2553 ρος,
1971 2477 2487 2550 ἀξιομνημόνευτος,
2539 2475 2938 2539 ἀξιεπαίνετος,
2975 2471 3391 2545 χριστόληπτος,

1805 2571 2250 2645 ἀνθρωπομίμος,
2300 2567 2835 2641 χρηματολαίλαπες,
2868 2576 2922 2622 et
2965 2575 3157 2635 postea
3191 2580 3390 2618 κακεν-

1804 2665 2024 2739 τρεχὴς,
2073 2661 2643 2737 μεγαλορρημοσὺναι.
2691 2657 2832 2726 Quid
2893 2657 3039 2728 quod
3089 2653 3394 2727 ἀνυστέρη-

1803 2777 1896 2823 τος
1931 2759 2073 2814 inter
2101 2773 2266 2814 voces
2309 2756 2538 2811 mirifice
2581 2753 2918 2824 compositas
2965 2759 3310 2812 numeretur,
3338 2755 3396 2804 ct

1806 2853 1950 2906 inter
1967 2849 2187 2906 nomina
2213 2847 2556 2905 substantiva
2588 2842 2918 2916 ἀκαυχησια,
2939 2857 3062 2914 quae
3084 2841 3224 2896 nihil
3251 2841 3398 2896 aliud

1807 2944 2010 2999 habent
2041 2957 2206 3014 quam
2232 2943 2268 2997 ἀ
2305 2940 2622 3013 στερητικόν
2648 2939 2967 3009 praeﬁxum;
2998 2950 3123 2990 cum
3158 2934 3213 2987 in
3246 2930 3398 2987 Novo

1808 3035 2161 3093 Testamento
2197 3035 2386 3090 eadem
2417 3033 2685 3104 particula
2713 3031 2941 3086 vocibus
2973 3029 3196 3084 aliunde
3224 3026 3390 3082 etiam

1809 3139 1863 3185 et
1895 3129 2045 3199 prius
2074 3128 2396 3198 compositis
2423 3125 2731 3196 saepissime
2761 3123 3014 3189 addatur,
3044 3121 3235 3192 quales
3267 3127 3399 3174 sunt

1808 3219 2258 3291 ἀγενεαλόγητος,
2281 3216 2624 3289 ἀδιαφθορία,
2650 3212 3054 3277 ἀκαταστασία,
3079 3209 3401 3280 ἀκατάγνω-

1810 3327 1965 3375 στος,
2015 3308 2417 3380 ἀμετανόητος,
2479 3305 2906 3376 ἀνεκδιήγητος,
2959 3301 3401 3374 ἀνεξιχνίαστος,

1809 3399 2250 3475 ἀνεξερεύνητος,
2283 3395 2814 3470 ἀπροσωπολήπτης,
2853 3396 3081 3466 aliaeque
3107 3395 3398 3464 quamplu-

1810 3493 2002 3548 rimaa?
2032 3491 2177 3560 Quin
2216 3499 2272 3546 et
2317 3491 2459 3546 inter
2487 3489 2602 3544 haec
2637 3486 2994 3560 βεϐαιοσύνην
3035 3485 3215 3541 attulit
3239 3487 3404 3556 quasi

1812 3585 2022 3658 grande
2057 3583 2406 3649 vocabulum,
2440 3580 2586 3652 quod
2626 3580 2874 3651 ejusdem
2918 3577 3110 3633 forma
3151 3587 3238 3632 est
3271 3593 3397 3632 cum

1813 3678 2101 3734 tritissima
2153 3691 2290 3730 voce
2339 3672 2688 3744 δικαιοσύνη,
2735 3687 2914 3742 neque
2969 3670 3143 3741 magis
3194 3670 3403 3740 grande

1813 3784 1979 3839 quam
2009 3767 2140 3822 illud
2171 3782 2203 3820 a
2239 3765 2296 3820 S.
2326 3764 2498 3820 Paulo
2530 3779 2638 3818 non
2674 3763 2843 3818 semel
2878 3770 3226 3831 usurpatum,
3258 3761 3399 3828 ἀγα-

1816 3859 2052 3931 Θωσύνη.
2103 3857 2201 3914 llis
2247 3858 2413 3930 igitur
2455 3855 2746 3925 expunctis
2791 3867 3054 3907 numerus
3097 3851 3405 3920 decrescit,

1818 3956 2028 4026 reliqua
2068 3969 2202 4010 sane
2231 3961 2293 4007 ut
2324 3951 2478 4006 varie
2511 3947 2818 4018 composita
2849 3946 2978 4009 sint,
3009 3958 3119 3998 non
3155 3953 3284 3998 sunt
3314 3949 3402 3996 ta-

1817 4065 1941 4105 men
1970 4048 2106 4103 adeo
2137 4045 2393 4100 miriﬁca.
2429 4041 2564 4108 Quis
2594 4041 2740 4094 enim
2771 4051 3014 4107 unquam
3048 4034 3408 4105 compositio-

1818 4159 1916 4199 nes
1949 4143 2005 4197 in
2037 4139 2226 4196 Gra'ca
2258 4137 2444 4208 lingua
2476 4134 2708 4190 miratus
2739 4139 2844 4196 est,
2875 4145 3040 4200 quam
3075 4143 3272 4183 omnes
3299 4141 3403 4182 no-

1819 4239 1949 4285 runt
1969 4228 2198 4284 vocibus
2226 4224 2548 4294 compositis
2568 4221 2805 4276 maxime
2832 4218 3149 4274 abundare?
3167 4217 3415 4287 Indeque

1819 4337 1940 4377 eam
1970 4318 2244 4391 praecipue
2273 4318 2514 4388 linguam
2539 4315 2609 4371 ob
2638 4320 3006 4377 venustatem,
3046 4310 3411 4381 elegantiam,

1822 4425 1877 4471 et
1913 4414 2287 4470 felicissimam
2331 4411 2627 4465 verborum
2669 4407 2884 4477 copiam
2927 4403 3209 4474 praedicari
3242 4415 3418 4457 nemo-

1732 4520 1798 4588 ’Β
1825 4507 2055 4578 ignorat.
2091 4503 2212 4576 Ipse
2249 4503 2443 4559 Cicero
2490 4499 2886 4571 elegantiarum
2934 4495 3177 4565 optimus
3211 4494 3410 4564 judex,

1823 4608 1879 4654 et
1907 4599 1962 4652 in
1990 4597 2140 4654 omni
2169 4595 2429 4666 loquendi
2471 4609 2670 4666 genere
2704 4592 2863 4648 facile
2912 4592 3141 4664 primus,
3171 4605 3296 4644 cum
3338 4590 3417 4644 ad

1823 4688 2066 4744 Atticum
2101 4687 2386 4750 scriberet,
2419 4685 2513 4755 qui
2546 4684 2734 4740 Graeca
2762 4685 3010 4738 doctrina
3043 4681 3282 4736 maxime
3313 4681 3410 4736 de-

1825 4782 2151 4848 lectabatur,
2191 4795 2257 4835 ex
2291 4793 2356 4834 ea
2400 4779 2588 4850 lingua
2619 4777 2720 4833 has
2752 4791 2915 4832 voces
2963 4773 3174 4845 selegit,
3205 4774 3414 4843 quibus

1825 4873 2086 4945 epistolas
2125 4889 2254 4928 suas
2285 4880 2602 4936 exornaret,
2631 4878 2686 4924 et
2719 4869 2838 4922 viro
2883 4868 3123 4922 maximo
3159 4865 3422 4934 gratissi-

1826 4981 1948 5021 mas
1996 4963 2261 5032 efﬁceret,
2313 4961 2629 5028 ὀξύπεινος,
2680 4961 2986 5032 καχὲκτης,
3034 4958 3415 5029 ἀδικαίαρχοι,

1827 5056 2212 5131 ήμερόλεγδον,
2264 5055 2581 5127 νομανδρία,
2633 5050 3165 5124 ὑπομεμψιμοίρους,
3214 5049 3419 5102 νεόκτι-

1831 5169 1955 5216 στα,
1980 5148 2382 5222 ψευδησιόὸειον
2405 5187 2420 5211 ,
2470 5146 2974 5218 φαινοπροσωπεῖν,
3019 5141 3415 5211 πειθαναγκην,

1829 5241 2241 5314 ἀνηθοποίητον,
2276 5238 2627 5302 κοιλιολυσῐα,
2663 5233 3113 5308 ἀπεραντολογία,
3149 5231 3417 5302 ἀνεμοφό-

1834 5353 1990 5410 ρητα,
2019 5329 2478 5403 ἀναντιφωνησὶα,
2513 5327 2893 5401 ρωπογραφία,
2927 5320 3330 5394 πεπλογραφία,
3363 5329 3418 5374 et

1832 5432 1900 5485 ad
1927 5429 2188 5496 Quintum
2217 5428 2465 5491 lratrem,
2501 5423 2971 5494 μουσοπάτακτος,
3006 5415 3309 5471 ἀντίεκτον.

1904 5520 2155 5592 Optimus
2205 5516 2586 5574 Hammondus
2631 5515 2936 5570 adduxerat
2983 5526 3053 5567 ex
3103 5505 3205 5563 SS.
3245 5505 3418 5572 Luce,

1833 5614 2025 5679 Paulo,
2057 5611 2221 5668 Petro
2261 5619 2316 5666 et
2354 5607 2571 5664 Joanne
2599 5621 2766 5662 voces
2811 5620 2923 5660 non
2972 5603 3157 5658 minus
3183 5599 3333 5655 varie
3364 5607 3418 5654 ct

1834 5707 2066 5764 mirifice
2096 5702 2466 5775 compositas;
2497 5701 2592 5757 sed
2624 5699 2918 5769 respondet
2941 5695 3420 5776 Dallaeuseasesse

1836 5797 2226 5873 paucissimas.
2252 5794 2411 5855 Certe
2447 5792 2761 5852 Blondellus
2785 5791 2856 5847 27
2887 5789 3216 5858 adduxerat,
3250 5783 3419 5841 ﬂatu-
