  <div class='ocr_page' id='page_1' title='image "/cluster/home/n/w/nwhite01/storage/ocr_20150623/5/nnc1.0046978607/229.png"; bbox 0 0 3848 6204; ppageno 0'>
   <div class='ocr_carea' id='block_1_1' title="bbox 411 287 517 346">
    <p class='ocr_par' dir='ltr' id='par_1_1' title="bbox 411 287 517 346">
     <span class='ocr_line' id='line_1_1' title="bbox 411 287 517 346; baseline -0.038 0"><span class='ocrx_word' id='word_1_1' title='bbox 411 287 517 346; x_wconf 67' lang='grc' dir='ltr'><strong>διδ</strong></span> 
     </span>
    </p>
   </div>
   <div class='ocr_carea' id='block_1_2' title="bbox 1406 287 2530 347">
    <p class='ocr_par' dir='ltr' id='par_1_2' title="bbox 1406 287 2530 347">
     <span class='ocr_line' id='line_1_2' title="bbox 1406 287 2530 347; baseline 0.001 -3"><span class='ocrx_word' id='word_1_2' title='bbox 1406 287 1464 344; x_wconf 91' lang='lat' dir='ltr'><strong>S.</strong></span> <span class='ocrx_word' id='word_1_3' title='bbox 1509 287 1864 346; x_wconf 82' lang='lat' dir='ltr'><strong>IGNATIUS.</strong></span> <span class='ocrx_word' id='word_1_4' title='bbox 1904 320 1972 333; x_wconf 94' lang='lat'><strong><em>—</em></strong></span> <span class='ocrx_word' id='word_1_5' title='bbox 2003 289 2530 347; x_wconf 77' lang='lat' dir='ltr'><strong>PROLEGOMENA.</strong></span> 
     </span>
    </p>
   </div>
   <div class='ocr_carea' id='block_1_3' title="bbox 3551 293 3655 348">
    <p class='ocr_par' dir='ltr' id='par_1_3' title="bbox 3551 293 3655 348">
     <span class='ocr_line' id='line_1_3' title="bbox 3551 293 3655 348; baseline 0.01 -1"><span class='ocrx_word' id='word_1_6' title='bbox 3551 293 3655 348; x_wconf 67' lang='grc' dir='ltr'>ιιι</span> 
     </span>
    </p>
   </div>
   <div class='ocr_carea' id='block_1_4' title="bbox 411 405 3656 482">
    <p class='ocr_par' dir='ltr' id='par_1_4' title="bbox 411 405 3656 482">
     <span class='ocr_line' id='line_1_4' title="bbox 411 405 3656 482; baseline 0.001 -20"><span class='ocrx_word' id='word_1_7' title='bbox 411 407 648 464; x_wconf 90' lang='lat' dir='ltr'><strong>mondus</strong></span> <span class='ocrx_word' id='word_1_8' title='bbox 685 405 751 462; x_wconf 85' lang='lat' dir='ltr'><strong>lO</strong></span> <span class='ocrx_word' id='word_1_9' title='bbox 778 415 1014 476; x_wconf 89' lang='lat' dir='ltr'><strong>tantum,</strong></span> <span class='ocrx_word' id='word_1_10' title='bbox 1049 407 1142 464; x_wconf 89' lang='lat' dir='ltr'><strong>sed</strong></span> <span class='ocrx_word' id='word_1_11' title='bbox 1176 407 1412 475; x_wconf 77' lang='lat' dir='ltr'><strong>addidit,</strong></span> <span class='ocrx_word' id='word_1_12' title='bbox 1443 419 1550 464; x_wconf 88' lang='lat' dir='ltr'><strong>etc.</strong></span> <span class='ocrx_word' id='word_1_13' title='bbox 1573 451 1588 476; x_wconf 96' lang='lat'><strong>,</strong></span> <span class='ocrx_word' id='word_1_14' title='bbox 1623 411 1771 481; x_wconf 92' lang='lat' dir='ltr'><strong>quod</strong></span> <span class='ocrx_word' id='word_1_15' title='bbox 1803 411 1990 482; x_wconf 87' lang='lat' dir='ltr'><strong>plures</strong></span> <span class='ocrx_word' id='word_1_16' title='bbox 2018 420 2066 474; x_wconf 77' lang='grc' dir='ltr'><strong>Α</strong></span> <span class='ocrx_word' id='word_1_17' title='bbox 2094 412 2303 468; x_wconf 76' lang='lat' dir='ltr'><strong>ratione</strong></span> <span class='ocrx_word' id='word_1_18' title='bbox 2337 412 2621 467; x_wconf 90' lang='lat' dir='ltr'><strong>asseritur.</strong></span> <span class='ocrx_word' id='word_1_19' title='bbox 2663 409 2740 466; x_wconf 82' lang='lat' dir='ltr'><strong>Ne</strong></span> <span class='ocrx_word' id='word_1_20' title='bbox 2773 425 2883 465; x_wconf 92' lang='lat' dir='ltr'><strong>una</strong></span> <span class='ocrx_word' id='word_1_21' title='bbox 2917 408 3135 481; x_wconf 82' lang='lat' dir='ltr'><strong>quidem</strong></span> <span class='ocrx_word' id='word_1_22' title='bbox 3159 422 3272 463; x_wconf 80' lang='lat' dir='ltr'><strong>vox</strong></span> <span class='ocrx_word' id='word_1_23' title='bbox 3300 422 3330 461; x_wconf 90' lang='lat' dir='ltr'><strong>a</strong></span> <span class='ocrx_word' id='word_1_24' title='bbox 3363 405 3560 462; x_wconf 73' lang='lat' dir='ltr'><strong>Dallreo</strong></span> <span class='ocrx_word' id='word_1_25' title='bbox 3588 425 3656 465; x_wconf 83' lang='lat' dir='ltr'><strong>cx</strong></span> 
     </span>
    </p>
   </div>
   <div class='ocr_carea' id='block_1_5' title="bbox 407 499 1990 569">
    <p class='ocr_par' dir='ltr' id='par_1_5' title="bbox 407 499 1990 569">
     <span class='ocr_line' id='line_1_5' title="bbox 407 499 1990 569; baseline 0.003 -14"><span class='ocrx_word' id='word_1_26' title='bbox 407 499 656 569; x_wconf 84' lang='lat' dir='ltr'><strong>ejusdem</strong></span> <span class='ocrx_word' id='word_1_27' title='bbox 690 501 982 555; x_wconf 89' lang='lat' dir='ltr'><strong>commatis</strong></span> <span class='ocrx_word' id='word_1_28' title='bbox 1037 501 1092 555; x_wconf 88' lang='lat' dir='ltr'><strong>in</strong></span> <span class='ocrx_word' id='word_1_29' title='bbox 1150 499 1301 556; x_wconf 88' lang='lat' dir='ltr'><strong>Novo</strong></span> <span class='ocrx_word' id='word_1_30' title='bbox 1360 502 1711 558; x_wconf 88' lang='lat' dir='ltr'><strong>Testamento</strong></span> <span class='ocrx_word' id='word_1_31' title='bbox 1768 503 1990 559; x_wconf 83' lang='lat' dir='ltr'><strong>cuilibet</strong></span> 
     </span>
    </p>
   </div>
   <div class='ocr_carea' id='block_1_6' title="bbox 409 591 1990 665">
    <p class='ocr_par' dir='ltr' id='par_1_6' title="bbox 409 591 1990 665">
     <span class='ocr_line' id='line_1_6' title="bbox 409 591 1990 665; baseline 0.002 -18"><span class='ocrx_word' id='word_1_32' title='bbox 409 591 584 647; x_wconf 63' lang='lat' dir='ltr'><strong>obviae</strong></span> <span class='ocrx_word' id='word_1_33' title='bbox 615 600 817 647; x_wconf 90' lang='lat' dir='ltr'><strong>essent.</strong></span> <span class='ocrx_word' id='word_1_34' title='bbox 844 591 1112 658; x_wconf 76' lang='lat' dir='ltr'><strong>Quoniam</strong></span> <span class='ocrx_word' id='word_1_35' title='bbox 1149 609 1278 648; x_wconf 86' lang='lat' dir='ltr'><strong>vero</strong></span> <span class='ocrx_word' id='word_1_36' title='bbox 1318 593 1384 647; x_wconf 90' lang='lat' dir='ltr'><strong>de</strong></span> <span class='ocrx_word' id='word_1_37' title='bbox 1430 594 1702 664; x_wconf 80' lang='lat' dir='ltr'><strong>paucitate</strong></span> <span class='ocrx_word' id='word_1_38' title='bbox 1749 610 1990 665; x_wconf 89' lang='lat' dir='ltr'><strong>conque-</strong></span> 
     </span>
    </p>
   </div>
   <div class='ocr_carea' id='block_1_7' title="bbox 411 683 1989 757">
    <p class='ocr_par' dir='ltr' id='par_1_7' title="bbox 411 683 1989 757">
     <span class='ocr_line' id='line_1_7' title="bbox 411 683 1989 757; baseline 0.001 -18"><span class='ocrx_word' id='word_1_39' title='bbox 411 684 591 750; x_wconf 84' lang='lat' dir='ltr'><strong>ritur;</strong></span> <span class='ocrx_word' id='word_1_40' title='bbox 623 683 706 739; x_wconf 72' lang='lat' dir='ltr'><strong>hte</strong></span> <span class='ocrx_word' id='word_1_41' title='bbox 733 685 897 739; x_wconf 88' lang='lat' dir='ltr'><strong>etiam</strong></span> <span class='ocrx_word' id='word_1_42' title='bbox 930 701 1095 740; x_wconf 88' lang='lat' dir='ltr'><strong>voces</strong></span> <span class='ocrx_word' id='word_1_43' title='bbox 1124 685 1191 739; x_wconf 92' lang='lat' dir='ltr'><strong>ad</strong></span> <span class='ocrx_word' id='word_1_44' title='bbox 1227 688 1509 742; x_wconf 90' lang='lat' dir='ltr'><strong>cumulum</strong></span> <span class='ocrx_word' id='word_1_45' title='bbox 1543 687 1824 752; x_wconf 83' lang='lat' dir='ltr'><strong>accedant,</strong></span> <span class='ocrx_word' id='word_1_46' title='bbox 1853 689 1989 757; x_wconf 87' lang='grc' dir='ltr'>ἀγα-</span> 
     </span>
    </p>
   </div>
   <div class='ocr_carea' id='block_1_8' title="bbox 412 775 1990 850">
    <p class='ocr_par' dir='ltr' id='par_1_8' title="bbox 412 775 1990 850">
     <span class='ocr_line' id='line_1_8' title="bbox 412 775 1990 850; baseline 0.001 -22"><span class='ocrx_word' id='word_1_47' title='bbox 412 775 644 840; x_wconf 81' lang='grc' dir='ltr'>θοποιία,</span> <span class='ocrx_word' id='word_1_48' title='bbox 673 778 1094 848; x_wconf 82' lang='grc' dir='ltr'>αἱματεκχυσία,</span> <span class='ocrx_word' id='word_1_49' title='bbox 1129 778 1563 850; x_wconf 88' lang='grc' dir='ltr'>ἀλεκτοροφωνία</span> <span class='ocrx_word' id='word_1_50' title='bbox 1581 819 1596 844; x_wconf 92' lang='grc'><strong>,</strong></span> <span class='ocrx_word' id='word_1_51' title='bbox 1624 778 1990 850; x_wconf 82' lang='grc' dir='ltr'>ἀλλοτριοεπί-</span> 
     </span>
    </p>
   </div>
   <div class='ocr_carea' id='block_1_9' title="bbox 413 869 1990 944">
    <p class='ocr_par' dir='ltr' id='par_1_9' title="bbox 413 869 1990 944">
     <span class='ocr_line' id='line_1_9' title="bbox 413 869 1990 944; baseline 0.001 -22"><span class='ocrx_word' id='word_1_52' title='bbox 413 885 634 934; x_wconf 86' lang='grc' dir='ltr'>σκοπος,</span> <span class='ocrx_word' id='word_1_53' title='bbox 674 869 1141 941; x_wconf 81' lang='grc' dir='ltr'><strong>ἀνθρωποκτόνος,</strong></span> <span class='ocrx_word' id='word_1_54' title='bbox 1176 871 1606 944; x_wconf 82' lang='grc' dir='ltr'>ἀποκαραδοκία,</span> <span class='ocrx_word' id='word_1_55' title='bbox 1643 871 1990 941; x_wconf 85' lang='grc' dir='ltr'>ἀποσυνάγω-</span> 
     </span>
    </p>
   </div>
   <div class='ocr_carea' id='block_1_10' title="bbox 410 961 1991 1036">
    <p class='ocr_par' dir='ltr' id='par_1_10' title="bbox 410 961 1991 1036">
     <span class='ocr_line' id='line_1_10' title="bbox 410 961 1991 1036; baseline 0.002 -24"><span class='ocrx_word' id='word_1_56' title='bbox 410 976 524 1028; x_wconf 86' lang='grc' dir='ltr'>γος,</span> <span class='ocrx_word' id='word_1_57' title='bbox 552 961 946 1034; x_wconf 84' lang='grc' dir='ltr'><strong>ἀργυροκόπος,</strong></span> <span class='ocrx_word' id='word_1_58' title='bbox 977 963 1380 1036; x_wconf 82' lang='grc' dir='ltr'>ἀρσενοκοίτης,</span> <span class='ocrx_word' id='word_1_59' title='bbox 1405 962 1728 1030; x_wconf 79' lang='grc' dir='ltr'>δεξιολάὸος,</span> <span class='ocrx_word' id='word_1_60' title='bbox 1749 962 1991 1033; x_wconf 85' lang='grc' dir='ltr'>δευτερό-</span> 
     </span>
    </p>
   </div>
   <div class='ocr_carea' id='block_1_11' title="bbox 410 1053 1986 1129">
    <p class='ocr_par' dir='ltr' id='par_1_11' title="bbox 410 1053 1986 1129">
     <span class='ocr_line' id='line_1_11' title="bbox 410 1053 1986 1129; baseline 0.001 -24"><span class='ocrx_word' id='word_1_61' title='bbox 410 1069 650 1124; x_wconf 87' lang='grc' dir='ltr'>πρωτος,</span> <span class='ocrx_word' id='word_1_62' title='bbox 683 1053 1066 1126; x_wconf 86' lang='grc' dir='ltr'>δικαιοκρισία,</span> <span class='ocrx_word' id='word_1_63' title='bbox 1103 1055 1553 1126; x_wconf 79' lang='grc' dir='ltr'>ἐθελοθρησκεία,</span> <span class='ocrx_word' id='word_1_64' title='bbox 1578 1055 1986 1129; x_wconf 80' lang='grc' dir='ltr'>εὐπερίστατος,</span> 
     </span>
    </p>
   </div>
   <div class='ocr_carea' id='block_1_12' title="bbox 409 1143 1990 1216">
    <p class='ocr_par' dir='ltr' id='par_1_12' title="bbox 409 1143 1990 1216">
     <span class='ocr_line' id='line_1_12' title="bbox 409 1143 1990 1216; baseline 0.001 -20"><span class='ocrx_word' id='word_1_65' title='bbox 409 1143 767 1209; x_wconf 81' lang='grc' dir='ltr'>καλλιέλαιος,</span> <span class='ocrx_word' id='word_1_66' title='bbox 801 1145 1131 1215; x_wconf 86' lang='grc' dir='ltr'>κωμόπολις,</span> <span class='ocrx_word' id='word_1_67' title='bbox 1170 1145 1475 1216; x_wconf 73' lang='grc' dir='ltr'>μογιλάλος,</span> <span class='ocrx_word' id='word_1_68' title='bbox 1501 1144 1811 1214; x_wconf 76' lang='grc' dir='ltr'>οἰνοφλυγία</span> <span class='ocrx_word' id='word_1_69' title='bbox 1831 1183 1846 1208; x_wconf 92' lang='grc'><strong>,</strong></span> <span class='ocrx_word' id='word_1_70' title='bbox 1882 1144 1990 1198; x_wconf 86' lang='grc' dir='ltr'>όλο-</span> 
     </span>
    </p>
   </div>
   <div class='ocr_carea' id='block_1_13' title="bbox 409 1235 1986 1309">
    <p class='ocr_par' dir='ltr' id='par_1_13' title="bbox 409 1235 1986 1309">
     <span class='ocr_line' id='line_1_13' title="bbox 409 1235 1986 1309; baseline 0.001 -21"><span class='ocrx_word' id='word_1_71' title='bbox 409 1235 640 1306; x_wconf 85' lang='grc' dir='ltr'>κληρία,</span> <span class='ocrx_word' id='word_1_72' title='bbox 677 1236 1021 1308; x_wconf 80' lang='grc' dir='ltr'>σητόϐρωτος</span> <span class='ocrx_word' id='word_1_73' title='bbox 1045 1279 1058 1301; x_wconf 95' lang='grc'><strong>,</strong></span> <span class='ocrx_word' id='word_1_74' title='bbox 1089 1237 1550 1309; x_wconf 78' lang='grc' dir='ltr'>σκωληκόϐρωτος</span> <span class='ocrx_word' id='word_1_75' title='bbox 1569 1277 1583 1300; x_wconf 93' lang='grc'><strong>,</strong></span> <span class='ocrx_word' id='word_1_76' title='bbox 1614 1236 1986 1309; x_wconf 82' lang='grc' dir='ltr'>τροποφορέω,</span> 
     </span>
    </p>
   </div>
   <div class='ocr_carea' id='block_1_14' title="bbox 409 1328 1987 1402">
    <p class='ocr_par' dir='ltr' id='par_1_14' title="bbox 409 1328 1987 1402">
     <span class='ocr_line' id='line_1_14' title="bbox 409 1328 1987 1402; baseline 0.002 -23"><span class='ocrx_word' id='word_1_77' title='bbox 409 1328 784 1399; x_wconf 88' lang='grc' dir='ltr'>φρεναπάτης,</span> <span class='ocrx_word' id='word_1_78' title='bbox 821 1329 1323 1402; x_wconf 76' lang='grc' dir='ltr'>ὑπερεκπερισσῶς,</span> <span class='ocrx_word' id='word_1_79' title='bbox 1357 1328 1738 1399; x_wconf 83' lang='grc' dir='ltr'>ψευδάδελφος,</span> <span class='ocrx_word' id='word_1_80' title='bbox 1777 1347 1987 1402; x_wconf 79' lang='grc' dir='ltr'>καρπο-</span> 
     </span>
    </p>
   </div>
   <div class='ocr_carea' id='block_1_15' title="bbox 411 1415 1985 1492">
    <p class='ocr_par' dir='ltr' id='par_1_15' title="bbox 411 1415 1985 1492">
     <span class='ocr_line' id='line_1_15' title="bbox 411 1415 1985 1492; baseline 0.004 -24"><span class='ocrx_word' id='word_1_81' title='bbox 411 1415 576 1488; x_wconf 87' lang='grc' dir='ltr'>φόρος</span> <span class='ocrx_word' id='word_1_82' title='bbox 594 1457 610 1482; x_wconf 91' lang='grc'><strong>,</strong></span> <span class='ocrx_word' id='word_1_83' title='bbox 635 1419 1156 1491; x_wconf 83' lang='grc' dir='ltr'>καρποφορούμενον</span> <span class='ocrx_word' id='word_1_84' title='bbox 1174 1461 1188 1484; x_wconf 98' lang='grc'><strong>,</strong></span> <span class='ocrx_word' id='word_1_85' title='bbox 1219 1419 1594 1492; x_wconf 78' lang='grc' dir='ltr'>θανατηφόρος</span> <span class='ocrx_word' id='word_1_86' title='bbox 1614 1461 1628 1485; x_wconf 94' lang='grc'><strong>,</strong></span> <span class='ocrx_word' id='word_1_87' title='bbox 1663 1419 1778 1476; x_wconf 84' lang='lat' dir='ltr'><strong>Jac.</strong></span> <span class='ocrx_word' id='word_1_88' title='bbox 1813 1437 1872 1476; x_wconf 92' lang='lat' dir='ltr'><strong>Ill</strong></span> <span class='ocrx_word' id='word_1_89' title='bbox 1892 1464 1906 1487; x_wconf 95' lang='lat'><strong>,</strong></span> <span class='ocrx_word' id='word_1_90' title='bbox 1931 1421 1985 1488; x_wconf 91' lang='lat'><strong>8,</strong></span> 
     </span>
    </p>
   </div>
   <div class='ocr_carea' id='block_1_16' title="bbox 412 1506 1989 1582">
    <p class='ocr_par' dir='ltr' id='par_1_16' title="bbox 412 1506 1989 1582">
     <span class='ocr_line' id='line_1_16' title="bbox 412 1506 1989 1582; baseline 0.004 -21"><span class='ocrx_word' id='word_1_91' title='bbox 412 1506 598 1577; x_wconf 90' lang='lat' dir='ltr'><strong>(quam</strong></span> <span class='ocrx_word' id='word_1_92' title='bbox 625 1524 815 1564; x_wconf 88' lang='lat' dir='ltr'><strong>vocem</strong></span> <span class='ocrx_word' id='word_1_93' title='bbox 848 1510 902 1563; x_wconf 91' lang='lat' dir='ltr'><strong>in</strong></span> <span class='ocrx_word' id='word_1_94' title='bbox 949 1510 1156 1581; x_wconf 82' lang='lat' dir='ltr'><strong>lgnatio</strong></span> <span class='ocrx_word' id='word_1_95' title='bbox 1194 1521 1385 1565; x_wconf 90' lang='lat' dir='ltr'><strong>nostro</strong></span> <span class='ocrx_word' id='word_1_96' title='bbox 1412 1527 1553 1582; x_wconf 56' lang='grc' dir='ltr'>ξρετε</span> <span class='ocrx_word' id='word_1_97' title='bbox 1600 1511 1706 1566; x_wconf 81' lang='lat' dir='ltr'><strong>fert</strong></span> <span class='ocrx_word' id='word_1_98' title='bbox 1738 1511 1989 1567; x_wconf 90' lang='lat' dir='ltr'><strong>Blondel-</strong></span> 
     </span>
    </p>
   </div>
   <div class='ocr_carea' id='block_1_17' title="bbox 408 1597 1986 1675">
    <p class='ocr_par' dir='ltr' id='par_1_17' title="bbox 408 1597 1986 1675">
     <span class='ocr_line' id='line_1_17' title="bbox 408 1597 1986 1675; baseline 0.004 -23"><span class='ocrx_word' id='word_1_99' title='bbox 408 1597 517 1669; x_wconf 91' lang='lat' dir='ltr'><strong>lus)</strong></span> <span class='ocrx_word' id='word_1_100' title='bbox 551 1601 993 1672; x_wconf 82' lang='grc' dir='ltr'>παραδιατριϐαι,</span> <span class='ocrx_word' id='word_1_101' title='bbox 1013 1603 1093 1657; x_wconf 83' lang='lat' dir='ltr'><strong>vel</strong></span> <span class='ocrx_word' id='word_1_102' title='bbox 1115 1602 1561 1674; x_wconf 78' lang='grc' dir='ltr'>διαπαρατριὸαί,</span> <span class='ocrx_word' id='word_1_103' title='bbox 1583 1613 1818 1675; x_wconf 87' lang='lat' dir='ltr'><strong>utroque</strong></span> <span class='ocrx_word' id='word_1_104' title='bbox 1841 1605 1986 1658; x_wconf 83' lang='lat' dir='ltr'><strong>enim</strong></span> 
     </span>
    </p>
   </div>
   <div class='ocr_carea' id='block_1_18' title="bbox 2094 501 3656 573">
    <p class='ocr_par' dir='ltr' id='par_1_18' title="bbox 2094 501 3656 573">
     <span class='ocr_line' id='line_1_18' title="bbox 2094 501 3656 573; baseline -0.004 -15"><span class='ocrx_word' id='word_1_105' title='bbox 2094 503 2302 573; x_wconf 83' lang='lat' dir='ltr'><strong>Ignatio</strong></span> <span class='ocrx_word' id='word_1_106' title='bbox 2334 512 2523 558; x_wconf 90' lang='lat' dir='ltr'><strong>nostro</strong></span> <span class='ocrx_word' id='word_1_107' title='bbox 2562 503 2824 568; x_wconf 88' lang='lat' dir='ltr'><strong>adducta,</strong></span> <span class='ocrx_word' id='word_1_108' title='bbox 2857 502 3000 572; x_wconf 83' lang='lat' dir='ltr'><strong>apud</strong></span> <span class='ocrx_word' id='word_1_109' title='bbox 3029 501 3198 555; x_wconf 92' lang='lat' dir='ltr'><strong>ullum</strong></span> <span class='ocrx_word' id='word_1_110' title='bbox 3219 542 3235 567; x_wconf 91' lang='lat'><strong>,</strong></span> <span class='ocrx_word' id='word_1_111' title='bbox 3266 501 3480 570; x_wconf 87' lang='lat' dir='ltr'><strong>opinor,</strong></span> <span class='ocrx_word' id='word_1_112' title='bbox 3512 511 3656 553; x_wconf 56' lang='lat' dir='ltr'><strong>vete.</strong></span> 
     </span>
    </p>
   </div>
   <div class='ocr_carea' id='block_1_19' title="bbox 2089 591 3660 665">
    <p class='ocr_par' dir='ltr' id='par_1_19' title="bbox 2089 591 3660 665">
     <span class='ocr_line' id='line_1_19' title="bbox 2089 591 3660 665; baseline -0.003 -15"><span class='ocrx_word' id='word_1_113' title='bbox 2089 611 2204 651; x_wconf 90' lang='lat' dir='ltr'><strong>rem</strong></span> <span class='ocrx_word' id='word_1_114' title='bbox 2246 605 2458 665; x_wconf 88' lang='lat' dir='ltr'><strong>poetam</strong></span> <span class='ocrx_word' id='word_1_115' title='bbox 2486 603 2696 661; x_wconf 78' lang='lat' dir='ltr'><strong>exstat;</strong></span> <span class='ocrx_word' id='word_1_116' title='bbox 2745 594 2856 648; x_wconf 90' lang='lat' dir='ltr'><strong>imo</strong></span> <span class='ocrx_word' id='word_1_117' title='bbox 2894 609 2960 647; x_wconf 88' lang='lat' dir='ltr'><strong>ex</strong></span> <span class='ocrx_word' id='word_1_118' title='bbox 2996 593 3065 647; x_wconf 91' lang='lat' dir='ltr'><strong>iis</strong></span> <span class='ocrx_word' id='word_1_119' title='bbox 3097 593 3366 662; x_wconf 70' lang='lat' dir='ltr'><strong>pleraeque</strong></span> <span class='ocrx_word' id='word_1_120' title='bbox 3403 591 3476 645; x_wconf 90' lang='lat' dir='ltr'><strong>ita</strong></span> <span class='ocrx_word' id='word_1_121' title='bbox 3529 601 3660 646; x_wconf 91' lang='lat' dir='ltr'><strong>sunt</strong></span> 
     </span>
    </p>
   </div>
   <div class='ocr_carea' id='block_1_20' title="bbox 2089 683 3661 756">
    <p class='ocr_par' dir='ltr' id='par_1_20' title="bbox 2089 683 3661 756">
     <span class='ocr_line' id='line_1_20' title="bbox 2089 683 3661 756; baseline -0.002 -14"><span class='ocrx_word' id='word_1_122' title='bbox 2089 687 2433 756; x_wconf 68' lang='lat' dir='ltr'><strong>compositae,</strong></span> <span class='ocrx_word' id='word_1_123' title='bbox 2473 696 2534 740; x_wconf 88' lang='lat' dir='ltr'><strong>ut</strong></span> <span class='ocrx_word' id='word_1_124' title='bbox 2574 701 2604 740; x_wconf 92' lang='lat' dir='ltr'><strong>a</strong></span> <span class='ocrx_word' id='word_1_125' title='bbox 2645 687 2793 756; x_wconf 87' lang='lat' dir='ltr'><strong>poesi</strong></span> <span class='ocrx_word' id='word_1_126' title='bbox 2835 685 2995 756; x_wconf 89' lang='lat' dir='ltr'><strong>plane</strong></span> <span class='ocrx_word' id='word_1_127' title='bbox 3042 685 3390 739; x_wconf 83' lang='lat' dir='ltr'><strong>abhorreant.</strong></span> <span class='ocrx_word' id='word_1_128' title='bbox 3429 683 3661 750; x_wconf 81' lang='grc' dir='ltr'>’Δξιανό-</span> 
     </span>
    </p>
   </div>
   <div class='ocr_carea' id='block_1_21' title="bbox 2093 774 3658 849">
    <p class='ocr_par' dir='ltr' id='par_1_21' title="bbox 2093 774 3658 849">
     <span class='ocr_line' id='line_1_21' title="bbox 2093 774 3658 849; baseline -0.003 -17"><span class='ocrx_word' id='word_1_129' title='bbox 2093 795 2294 849; x_wconf 88' lang='grc' dir='ltr'>μαστος</span> <span class='ocrx_word' id='word_1_130' title='bbox 2314 819 2329 843; x_wconf 93' lang='grc'><strong>,</strong></span> <span class='ocrx_word' id='word_1_131' title='bbox 2383 778 2621 842; x_wconf 81' lang='grc' dir='ltr'>ἀξιόθεος</span> <span class='ocrx_word' id='word_1_132' title='bbox 2641 819 2656 842; x_wconf 94' lang='grc'><strong>,</strong></span> <span class='ocrx_word' id='word_1_133' title='bbox 2711 776 3165 847; x_wconf 80' lang='grc' dir='ltr'>ἀξιομακάριστος</span> <span class='ocrx_word' id='word_1_134' title='bbox 3188 816 3202 841; x_wconf 94' lang='grc'><strong>,</strong></span> <span class='ocrx_word' id='word_1_135' title='bbox 3263 774 3658 849; x_wconf 84' lang='grc' dir='ltr'>Θεομακάριος,</span> 
     </span>
    </p>
   </div>
   <div class='ocr_carea' id='block_1_22' title="bbox 2091 867 3660 940">
    <p class='ocr_par' dir='ltr' id='par_1_22' title="bbox 2091 867 3660 940">
     <span class='ocr_line' id='line_1_22' title="bbox 2091 867 3660 940; baseline -0.001 -17"><span class='ocrx_word' id='word_1_136' title='bbox 2091 869 2675 940; x_wconf 86' lang='grc' dir='ltr'>θεομακαριστότατος,</span> <span class='ocrx_word' id='word_1_137' title='bbox 2705 867 3008 940; x_wconf 83' lang='grc' dir='ltr'>ἀγιοφόρος,</span> <span class='ocrx_word' id='word_1_138' title='bbox 3041 867 3466 932; x_wconf 80' lang='grc' dir='ltr'>ἀξιεπίτευκτος,</span> <span class='ocrx_word' id='word_1_139' title='bbox 3495 867 3660 921; x_wconf 77' lang='grc' dir='ltr'>πολυ-</span> 
     </span>
    </p>
   </div>
   <div class='ocr_carea' id='block_1_23' title="bbox 2089 959 3661 1031">
    <p class='ocr_par' dir='ltr' id='par_1_23' title="bbox 2089 959 3661 1031">
     <span class='ocr_line' id='line_1_23' title="bbox 2089 959 3661 1031; baseline -0.001 -17"><span class='ocrx_word' id='word_1_140' title='bbox 2089 960 2371 1031; x_wconf 85' lang='grc' dir='ltr'>αγάπητος</span> <span class='ocrx_word' id='word_1_141' title='bbox 2403 969 2459 1015; x_wconf 89' lang='lat' dir='ltr'><strong>et</strong></span> <span class='ocrx_word' id='word_1_142' title='bbox 2491 960 2687 1014; x_wconf 88' lang='lat' dir='ltr'><strong>similia</strong></span> <span class='ocrx_word' id='word_1_143' title='bbox 2723 959 2864 1029; x_wconf 91' lang='lat' dir='ltr'><strong>apud</strong></span> <span class='ocrx_word' id='word_1_144' title='bbox 2903 975 3066 1029; x_wconf 89' lang='lat' dir='ltr'><strong>quem</strong></span> <span class='ocrx_word' id='word_1_145' title='bbox 3108 967 3323 1029; x_wconf 88' lang='lat' dir='ltr'><strong>poetam</strong></span> <span class='ocrx_word' id='word_1_146' title='bbox 3379 959 3661 1031; x_wconf 80' lang='lat' dir='ltr'><strong>reperien-</strong></span> 
     </span>
    </p>
   </div>
   <div class='ocr_carea' id='block_1_24' title="bbox 2090 1049 3661 1122">
    <p class='ocr_par' dir='ltr' id='par_1_24' title="bbox 2090 1049 3661 1122">
     <span class='ocr_line' id='line_1_24' title="bbox 2090 1049 3661 1122; baseline 0.001 -18"><span class='ocrx_word' id='word_1_147' title='bbox 2090 1051 2218 1104; x_wconf 81' lang='lat' dir='ltr'><strong>tur?</strong></span> <span class='ocrx_word' id='word_1_148' title='bbox 2257 1049 2434 1105; x_wconf 82' lang='lat' dir='ltr'><strong>Poetae</strong></span> <span class='ocrx_word' id='word_1_149' title='bbox 2460 1050 2606 1104; x_wconf 91' lang='lat' dir='ltr'><strong>enim</strong></span> <span class='ocrx_word' id='word_1_150' title='bbox 2657 1049 2710 1104; x_wconf 90' lang='lat' dir='ltr'><strong>in</strong></span> <span class='ocrx_word' id='word_1_151' title='bbox 2741 1049 3232 1118; x_wconf 89' lang='lat' dir='ltr'><strong>compositionibus</strong></span> <span class='ocrx_word' id='word_1_152' title='bbox 3271 1050 3514 1105; x_wconf 81' lang='lat' dir='ltr'><strong>brevium</strong></span> <span class='ocrx_word' id='word_1_153' title='bbox 3545 1050 3661 1122; x_wconf 79' lang='lat' dir='ltr'><strong>syl-</strong></span> 
     </span>
    </p>
   </div>
   <div class='ocr_carea' id='block_1_25' title="bbox 2090 1141 3661 1212">
    <p class='ocr_par' dir='ltr' id='par_1_25' title="bbox 2090 1141 3661 1212">
     <span class='ocr_line' id='line_1_25' title="bbox 2090 1141 3661 1212; baseline -0.001 -15"><span class='ocrx_word' id='word_1_154' title='bbox 2090 1143 2338 1197; x_wconf 89' lang='lat' dir='ltr'><strong>labarum</strong></span> <span class='ocrx_word' id='word_1_155' title='bbox 2371 1142 2572 1197; x_wconf 90' lang='lat' dir='ltr'><strong>coitum</strong></span> <span class='ocrx_word' id='word_1_156' title='bbox 2601 1142 2826 1207; x_wconf 85' lang='lat' dir='ltr'><strong>evitant,</strong></span> <span class='ocrx_word' id='word_1_157' title='bbox 2861 1142 3106 1210; x_wconf 87' lang='lat' dir='ltr'><strong>adeoque</strong></span> <span class='ocrx_word' id='word_1_158' title='bbox 3131 1141 3321 1196; x_wconf 83' lang='lat' dir='ltr'><strong>breves</strong></span> <span class='ocrx_word' id='word_1_159' title='bbox 3368 1141 3423 1195; x_wconf 91' lang='lat' dir='ltr'><strong>in</strong></span> <span class='ocrx_word' id='word_1_160' title='bbox 3460 1141 3661 1212; x_wconf 75' lang='lat' dir='ltr'><strong>longas</strong></span> 
     </span>
    </p>
   </div>
   <div class='ocr_carea' id='block_1_26' title="bbox 2088 1231 3662 1288">
    <p class='ocr_par' dir='ltr' id='par_1_26' title="bbox 2088 1231 3662 1288">
     <span class='ocr_line' id='line_1_26' title="bbox 2088 1231 3662 1288; baseline 0 0"><span class='ocrx_word' id='word_1_161' title='bbox 2088 1242 2324 1288; x_wconf 87' lang='lat' dir='ltr'><strong>mutant.</strong></span> <span class='ocrx_word' id='word_1_162' title='bbox 2359 1231 2630 1288; x_wconf 69' lang='lat' dir='ltr'><strong>Caeterum</strong></span> <span class='ocrx_word' id='word_1_163' title='bbox 2665 1232 2718 1286; x_wconf 93' lang='lat' dir='ltr'><strong>in</strong></span> <span class='ocrx_word' id='word_1_164' title='bbox 2755 1231 2908 1287; x_wconf 85' lang='lat' dir='ltr'><strong>Novo</strong></span> <span class='ocrx_word' id='word_1_165' title='bbox 2943 1231 3294 1288; x_wconf 87' lang='lat' dir='ltr'><strong>Testamento</strong></span> <span class='ocrx_word' id='word_1_166' title='bbox 3323 1248 3430 1286; x_wconf 93' lang='lat' dir='ltr'><strong>non</strong></span> <span class='ocrx_word' id='word_1_167' title='bbox 3457 1233 3662 1288; x_wconf 79' lang='lat' dir='ltr'><strong>desunt</strong></span> 
     </span>
    </p>
   </div>
   <div class='ocr_carea' id='block_1_27' title="bbox 2086 1322 3660 1394">
    <p class='ocr_par' dir='ltr' id='par_1_27' title="bbox 2086 1322 3660 1394">
     <span class='ocr_line' id='line_1_27' title="bbox 2086 1322 3660 1394; baseline -0.001 -15"><span class='ocrx_word' id='word_1_168' title='bbox 2086 1324 2352 1379; x_wconf 91' lang='lat' dir='ltr'><strong>vocabula</strong></span> <span class='ocrx_word' id='word_1_169' title='bbox 2405 1323 2631 1394; x_wconf 70' lang='lat' dir='ltr'><strong>poeticae</strong></span> <span class='ocrx_word' id='word_1_170' title='bbox 2681 1323 2930 1393; x_wconf 79' lang='lat' dir='ltr'><strong>originis.</strong></span> <span class='ocrx_word' id='word_1_171' title='bbox 2985 1322 3044 1377; x_wconf 91' lang='lat' dir='ltr'><strong>S.</strong></span> <span class='ocrx_word' id='word_1_172' title='bbox 3088 1322 3284 1378; x_wconf 86' lang='lat' dir='ltr'><strong>Petrus</strong></span> <span class='ocrx_word' id='word_1_173' title='bbox 3323 1323 3390 1378; x_wconf 94' lang='lat' dir='ltr'><strong>de</strong></span> <span class='ocrx_word' id='word_1_174' title='bbox 3421 1339 3556 1378; x_wconf 90' lang='lat' dir='ltr'><strong>cane</strong></span> <span class='ocrx_word' id='word_1_175' title='bbox 3591 1326 3660 1378; x_wconf 87' lang='lat' dir='ltr'><strong>ad</strong></span> 
     </span>
    </p>
   </div>
   <div class='ocr_carea' id='block_1_28' title="bbox 2087 1412 3662 1484">
    <p class='ocr_par' dir='ltr' id='par_1_28' title="bbox 2087 1412 3662 1484">
     <span class='ocr_line' id='line_1_28' title="bbox 2087 1412 3662 1484; baseline -0.001 -15"><span class='ocrx_word' id='word_1_176' title='bbox 2087 1416 2352 1472; x_wconf 84' lang='lat' dir='ltr'><strong>vomitum</strong></span> <span class='ocrx_word' id='word_1_177' title='bbox 2376 1416 2639 1470; x_wconf 88' lang='lat' dir='ltr'><strong>redeunte</strong></span> <span class='ocrx_word' id='word_1_178' title='bbox 2671 1414 2904 1483; x_wconf 92' lang='lat' dir='ltr'><strong>loquens</strong></span> <span class='ocrx_word' id='word_1_179' title='bbox 2935 1428 3061 1467; x_wconf 94' lang='lat' dir='ltr'><strong>cum</strong></span> <span class='ocrx_word' id='word_1_180' title='bbox 3087 1413 3277 1484; x_wconf 76' lang='grc' dir='ltr'>ἔμετον</span> <span class='ocrx_word' id='word_1_181' title='bbox 3298 1428 3362 1468; x_wconf 86' lang='lat' dir='ltr'><strong>ex</strong></span> <span class='ocrx_word' id='word_1_182' title='bbox 3398 1412 3538 1466; x_wconf 77' lang='lat' dir='ltr'><strong>LXX</strong></span> <span class='ocrx_word' id='word_1_183' title='bbox 3575 1415 3662 1468; x_wconf 88' lang='lat' dir='ltr'><strong>di-</strong></span> 
     </span>
    </p>
   </div>
   <div class='ocr_carea' id='block_1_29' title="bbox 2088 1504 3660 1578">
    <p class='ocr_par' dir='ltr' id='par_1_29' title="bbox 2088 1504 3660 1578">
     <span class='ocr_line' id='line_1_29' title="bbox 2088 1504 3660 1578; baseline -0.003 -15"><span class='ocrx_word' id='word_1_184' title='bbox 2088 1523 2213 1564; x_wconf 90' lang='lat' dir='ltr'><strong>cere</strong></span> <span class='ocrx_word' id='word_1_185' title='bbox 2242 1508 2502 1578; x_wconf 88' lang='lat' dir='ltr'><strong>potuerit,</strong></span> <span class='ocrx_word' id='word_1_186' title='bbox 2525 1505 2663 1560; x_wconf 82' lang='lat' dir='ltr'><strong>dixit</strong></span> <span class='ocrx_word' id='word_1_187' title='bbox 2691 1504 2951 1577; x_wconf 81' lang='grc' dir='ltr'>ἐξέραμα,</span> <span class='ocrx_word' id='word_1_188' title='bbox 2986 1504 3132 1575; x_wconf 92' lang='lat' dir='ltr'><strong>quod</strong></span> <span class='ocrx_word' id='word_1_189' title='bbox 3161 1519 3226 1558; x_wconf 81' lang='lat' dir='ltr'><strong>ex</strong></span> <span class='ocrx_word' id='word_1_190' title='bbox 3261 1505 3529 1558; x_wconf 87' lang='lat' dir='ltr'><strong>versiculo</strong></span> <span class='ocrx_word' id='word_1_191' title='bbox 3557 1505 3660 1558; x_wconf 91' lang='lat' dir='ltr'><strong>ali-</strong></span> 
     </span>
    </p>
   </div>
   <div class='ocr_carea' id='block_1_30' title="bbox 2089 1596 3665 1672">
    <p class='ocr_par' dir='ltr' id='par_1_30' title="bbox 2089 1596 3665 1672">
     <span class='ocr_line' id='line_1_30' title="bbox 2089 1596 3665 1672; baseline -0.006 -16"><span class='ocrx_word' id='word_1_192' title='bbox 2089 1618 2198 1672; x_wconf 93' lang='lat' dir='ltr'><strong>quo</strong></span> <span class='ocrx_word' id='word_1_193' title='bbox 2215 1601 2544 1670; x_wconf 71' lang='lat' dir='ltr'><strong>parremiaco</strong></span> <span class='ocrx_word' id='word_1_194' title='bbox 2565 1599 2814 1654; x_wconf 88' lang='lat' dir='ltr'><strong>hausisse</strong></span> <span class='ocrx_word' id='word_1_195' title='bbox 2829 1599 3060 1662; x_wconf 90' lang='lat' dir='ltr'><strong>videtur,</strong></span> <span class='ocrx_word' id='word_1_196' title='bbox 3086 1606 3146 1651; x_wconf 90' lang='lat' dir='ltr'><strong>ut</strong></span> <span class='ocrx_word' id='word_1_197' title='bbox 3175 1605 3228 1652; x_wconf 89' lang='lat' dir='ltr'><strong>et</strong></span> <span class='ocrx_word' id='word_1_198' title='bbox 3253 1597 3381 1650; x_wconf 91' lang='lat' dir='ltr'><strong>illud</strong></span> <span class='ocrx_word' id='word_1_199' title='bbox 3417 1596 3665 1666; x_wconf 77' lang='grc' dir='ltr'>κύλισμα,</span> 
     </span>
    </p>
   </div>
   <div class='ocr_carea' id='block_1_31' title="bbox 407 1685 1980 1770">
    <p class='ocr_par' dir='ltr' id='par_1_31' title="bbox 407 1690 1980 1770">
     <span class='ocr_line' id='line_1_31' title="bbox 407 1690 1980 1770; baseline 0.003 -27"><span class='ocrx_word' id='word_1_200' title='bbox 407 1690 572 1744; x_wconf 86' lang='lat' dir='ltr'><strong>modo</strong></span> <span class='ocrx_word' id='word_1_201' title='bbox 608 1691 806 1762; x_wconf 79' lang='lat' dir='ltr'><strong>legitur</strong></span> <span class='ocrx_word' id='word_1_202' title='bbox 840 1693 858 1746; x_wconf 94' lang='grc' dir='ltr'><strong>Ι</strong></span> <span class='ocrx_word' id='word_1_203' title='bbox 897 1693 1038 1747; x_wconf 88' lang='lat' dir='ltr'><strong>Tim.</strong></span> <span class='ocrx_word' id='word_1_204' title='bbox 1076 1710 1151 1760; x_wconf 87' lang='lat' dir='ltr'><strong>vt,</strong></span> <span class='ocrx_word' id='word_1_205' title='bbox 1183 1695 1237 1757; x_wconf 85' lang='lat'><strong>5,</strong></span> <span class='ocrx_word' id='word_1_206' title='bbox 1268 1710 1392 1749; x_wconf 90' lang='lat' dir='ltr'><strong>cum</strong></span> <span class='ocrx_word' id='word_1_207' title='bbox 1425 1694 1693 1767; x_wconf 75' lang='grc' dir='ltr'>διατριϐή,</span> <span class='ocrx_word' id='word_1_208' title='bbox 1731 1705 1784 1750; x_wconf 89' lang='lat' dir='ltr'><strong>et</strong></span> <span class='ocrx_word' id='word_1_209' title='bbox 1813 1713 1980 1770; x_wconf 85' lang='grc' dir='ltr'>παρα-</span> 
     </span>
    </p>
   </div>
   <div class='ocr_carea' id='block_1_32' title="bbox 2082 1685 3662 1770">
    <p class='ocr_par' dir='ltr' id='par_1_32' title="bbox 2091 1685 3662 1766">
     <span class='ocr_line' id='line_1_32' title="bbox 2091 1685 3662 1766; baseline -0.003 -22"><span class='ocrx_word' id='word_1_210' title='bbox 2091 1690 2374 1766; x_wconf 78' lang='grc' dir='ltr'>βορὸόρου.</span> <span class='ocrx_word' id='word_1_211' title='bbox 2408 1689 2548 1744; x_wconf 84' lang='lat' dir='ltr'><strong>idem</strong></span> <span class='ocrx_word' id='word_1_212' title='bbox 2570 1685 3021 1758; x_wconf 79' lang='grc' dir='ltr'>ὲγκομόὠσασθαι</span> <span class='ocrx_word' id='word_1_213' title='bbox 3047 1686 3219 1753; x_wconf 80' lang='lat' dir='ltr'><strong>dixit;</strong></span> <span class='ocrx_word' id='word_1_214' title='bbox 3259 1687 3403 1757; x_wconf 90' lang='lat' dir='ltr'><strong>quod</strong></span> <span class='ocrx_word' id='word_1_215' title='bbox 3427 1686 3662 1741; x_wconf 81' lang='lat' dir='ltr'><strong>verbum</strong></span> 
     </span>
    </p>
   </div>
   <div class='ocr_carea' id='block_1_33' title="bbox 407 1755 1980 1858">
    <p class='ocr_par' dir='ltr' id='par_1_33' title="bbox 407 1755 1980 1858">
     <span class='ocr_line' id='line_1_33' title="bbox 407 1755 1980 1858; baseline 0.004 -24"><span class='ocrx_word' id='word_1_216' title='bbox 407 1779 567 1852; x_wconf 75' lang='grc' dir='ltr'>τριϐή</span> <span class='ocrx_word' id='word_1_217' title='bbox 602 1755 805 1837; x_wconf 43' lang='lat' dir='ltr'><strong>Graecis</strong></span> <span class='ocrx_word' id='word_1_218' title='bbox 833 1783 967 1838; x_wconf 85' lang='lat' dir='ltr'><strong>satis</strong></span> <span class='ocrx_word' id='word_1_219' title='bbox 995 1755 1294 1851; x_wconf 24' lang='lat' dir='ltr'><strong>notat&#39;sint,</strong></span> <span class='ocrx_word' id='word_1_220' title='bbox 1329 1755 1727 1858; x_wconf 63' lang='grc' dir='ltr'>παραδιάτριδή</span> <span class='ocrx_word' id='word_1_221' title='bbox 1757 1787 1838 1840; x_wconf 91' lang='lat' dir='ltr'><strong>vel</strong></span> <span class='ocrx_word' id='word_1_222' title='bbox 1871 1755 1980 1841; x_wconf 79' lang='grc' dir='ltr'>δια-</span> 
     </span>
    </p>
   </div>
   <div class='ocr_carea' id='block_1_34' title="bbox 2082 1755 3658 1858">
    <p class='ocr_par' dir='ltr' id='par_1_34' title="bbox 2088 1755 3658 1853">
     <span class='ocr_line' id='line_1_34' title="bbox 2088 1755 3658 1853; baseline -0.003 -15"><span class='ocrx_word' id='word_1_223' title='bbox 2088 1755 2230 1853; x_wconf 77' lang='lat' dir='ltr'><strong>apud</strong></span> <span class='ocrx_word' id='word_1_224' title='bbox 2258 1755 2462 1853; x_wconf 42' lang='lat' dir='ltr'><strong>&#39;poetas</strong></span> <span class='ocrx_word' id='word_1_225' title='bbox 2510 1755 2856 1838; x_wconf 82' lang='lat' dir='ltr'><strong>solummodo</strong></span> <span class='ocrx_word' id='word_1_226' title='bbox 2905 1781 3146 1834; x_wconf 86' lang='lat' dir='ltr'><strong>invenire</strong></span> <span class='ocrx_word' id='word_1_227' title='bbox 3197 1755 3370 1849; x_wconf 74' lang='lat' dir='ltr'><strong>potuit</strong></span> <span class='ocrx_word' id='word_1_228' title='bbox 3406 1777 3658 1846; x_wconf 86' lang='lat' dir='ltr'><strong>Photius,</strong></span> 
     </span>
    </p>
   </div>
   <div class='ocr_carea' id='block_1_35' title="bbox 408 1873 1984 1949">
    <p class='ocr_par' dir='ltr' id='par_1_35' title="bbox 408 1873 1984 1949">
     <span class='ocr_line' id='line_1_35' title="bbox 408 1873 1984 1949; baseline 0.004 -24"><span class='ocrx_word' id='word_1_229' title='bbox 408 1873 722 1945; x_wconf 77' lang='grc' dir='ltr'>παρατριϐή</span> <span class='ocrx_word' id='word_1_230' title='bbox 757 1889 865 1928; x_wconf 86' lang='lat' dir='ltr'><strong>non</strong></span> <span class='ocrx_word' id='word_1_231' title='bbox 898 1874 1048 1929; x_wconf 90' lang='lat' dir='ltr'><strong>item.</strong></span> <span class='ocrx_word' id='word_1_232' title='bbox 1075 1876 1512 1948; x_wconf 81' lang='grc' dir='ltr'>Διαπαρατριόαί</span> <span class='ocrx_word' id='word_1_233' title='bbox 1540 1887 1721 1931; x_wconf 91' lang='lat' dir='ltr'><strong>autem</strong></span> <span class='ocrx_word' id='word_1_234' title='bbox 1748 1879 1984 1949; x_wconf 90' lang='lat' dir='ltr'><strong>antiqui-</strong></span> 
     </span>
    </p>
   </div>
   <div class='ocr_carea' id='block_1_36' title="bbox 409 1963 1982 2032">
    <p class='ocr_par' dir='ltr' id='par_1_36' title="bbox 409 1963 1982 2032">
     <span class='ocr_line' id='line_1_36' title="bbox 409 1963 1982 2032; baseline 0.006 -16"><span class='ocrx_word' id='word_1_235' title='bbox 409 1970 498 2016; x_wconf 84' lang='lat' dir='ltr'><strong>tus</strong></span> <span class='ocrx_word' id='word_1_236' title='bbox 517 1965 777 2032; x_wconf 88' lang='lat' dir='ltr'><strong>scriptum</strong></span> <span class='ocrx_word' id='word_1_237' title='bbox 813 1963 981 2018; x_wconf 81' lang='lat' dir='ltr'><strong>fuisse</strong></span> <span class='ocrx_word' id='word_1_238' title='bbox 1001 1980 1108 2018; x_wconf 91' lang='lat' dir='ltr'><strong>non</strong></span> <span class='ocrx_word' id='word_1_239' title='bbox 1143 1975 1352 2020; x_wconf 92' lang='lat' dir='ltr'><strong>tantum</strong></span> <span class='ocrx_word' id='word_1_240' title='bbox 1376 1967 1545 2022; x_wconf 89' lang='lat' dir='ltr'><strong>codex</strong></span> <span class='ocrx_word' id='word_1_241' title='bbox 1575 1969 1982 2025; x_wconf 82' lang='lat' dir='ltr'><strong>vetustissimus</strong></span> 
     </span>
    </p>
   </div>
   <div class='ocr_carea' id='block_1_37' title="bbox 405 2057 1981 2134">
    <p class='ocr_par' dir='ltr' id='par_1_37' title="bbox 405 2057 1981 2134">
     <span class='ocr_line' id='line_1_37' title="bbox 405 2057 1981 2134; baseline 0.004 -23"><span class='ocrx_word' id='word_1_242' title='bbox 405 2057 836 2122; x_wconf 82' lang='lat' dir='ltr'><strong>Alexandrinus,</strong></span> <span class='ocrx_word' id='word_1_243' title='bbox 871 2068 925 2112; x_wconf 90' lang='lat' dir='ltr'><strong>et</strong></span> <span class='ocrx_word' id='word_1_244' title='bbox 957 2058 1270 2129; x_wconf 75' lang='lat' dir='ltr'><strong>Stephanici</strong></span> <span class='ocrx_word' id='word_1_245' title='bbox 1303 2076 1525 2128; x_wconf 90' lang='lat' dir='ltr'><strong>omnes,</strong></span> <span class='ocrx_word' id='word_1_246' title='bbox 1559 2072 1611 2117; x_wconf 86' lang='lat' dir='ltr'><strong>et</strong></span> <span class='ocrx_word' id='word_1_247' title='bbox 1654 2063 1981 2134; x_wconf 80' lang='lat' dir='ltr'><strong>Chrysosto-</strong></span> 
     </span>
    </p>
   </div>
   <div class='ocr_carea' id='block_1_38' title="bbox 407 2149 1983 2216">
    <p class='ocr_par' dir='ltr' id='par_1_38' title="bbox 407 2149 1983 2216">
     <span class='ocr_line' id='line_1_38' title="bbox 407 2149 1983 2216; baseline 0.006 -14"><span class='ocrx_word' id='word_1_248' title='bbox 407 2149 484 2203; x_wconf 89' lang='lat' dir='ltr'><strong>mi</strong></span> <span class='ocrx_word' id='word_1_249' title='bbox 513 2159 566 2203; x_wconf 90' lang='lat' dir='ltr'><strong>et</strong></span> <span class='ocrx_word' id='word_1_250' title='bbox 597 2149 927 2205; x_wconf 82' lang='lat' dir='ltr'><strong>Theodoreti</strong></span> <span class='ocrx_word' id='word_1_251' title='bbox 961 2152 1230 2208; x_wconf 90' lang='lat' dir='ltr'><strong>editiones</strong></span> <span class='ocrx_word' id='word_1_252' title='bbox 1258 2154 1537 2216; x_wconf 86' lang='lat' dir='ltr'><strong>evincunt,</strong></span> <span class='ocrx_word' id='word_1_253' title='bbox 1567 2157 1658 2209; x_wconf 90' lang='lat' dir='ltr'><strong>sed</strong></span> <span class='ocrx_word' id='word_1_254' title='bbox 1699 2157 1862 2210; x_wconf 87' lang='lat' dir='ltr'><strong>etiam</strong></span> <span class='ocrx_word' id='word_1_255' title='bbox 1891 2173 1983 2211; x_wconf 87' lang='lat' dir='ltr'><strong>ex-</strong></span> 
     </span>
    </p>
   </div>
   <div class='ocr_carea' id='block_1_39' title="bbox 406 2242 1981 2321">
    <p class='ocr_par' dir='ltr' id='par_1_39' title="bbox 406 2242 1981 2321">
     <span class='ocr_line' id='line_1_39' title="bbox 406 2242 1981 2321; baseline 0.007 -27"><span class='ocrx_word' id='word_1_256' title='bbox 406 2242 710 2310; x_wconf 88' lang='lat' dir='ltr'><strong>positiones</strong></span> <span class='ocrx_word' id='word_1_257' title='bbox 740 2243 860 2310; x_wconf 88' lang='lat' dir='ltr'><strong>ejus</strong></span> <span class='ocrx_word' id='word_1_258' title='bbox 889 2245 1042 2299; x_wconf 81' lang='lat' dir='ltr'><strong>vocis</strong></span> <span class='ocrx_word' id='word_1_259' title='bbox 1100 2261 1221 2314; x_wconf 74' lang='lat' dir='ltr'><strong>qua:</strong></span> <span class='ocrx_word' id='word_1_260' title='bbox 1274 2262 1419 2302; x_wconf 90' lang='lat' dir='ltr'><strong>nunc</strong></span> <span class='ocrx_word' id='word_1_261' title='bbox 1468 2249 1610 2317; x_wconf 90' lang='lat' dir='ltr'><strong>apud</strong></span> <span class='ocrx_word' id='word_1_262' title='bbox 1652 2248 1981 2321; x_wconf 80' lang='lat' dir='ltr'><strong>llesycltium</strong></span> 
     </span>
    </p>
   </div>
   <div class='ocr_carea' id='block_1_40' title="bbox 407 2333 1983 2411">
    <p class='ocr_par' dir='ltr' id='par_1_40' title="bbox 407 2333 1983 2411">
     <span class='ocr_line' id='line_1_40' title="bbox 407 2333 1983 2411; baseline 0.006 -25"><span class='ocrx_word' id='word_1_263' title='bbox 407 2340 644 2397; x_wconf 81' lang='lat' dir='ltr'><strong>exstant,</strong></span> <span class='ocrx_word' id='word_1_264' title='bbox 677 2342 728 2386; x_wconf 89' lang='lat' dir='ltr'><strong>et</strong></span> <span class='ocrx_word' id='word_1_265' title='bbox 762 2333 1006 2388; x_wconf 90' lang='lat' dir='ltr'><strong>Suidam.</strong></span> <span class='ocrx_word' id='word_1_266' title='bbox 1043 2333 1344 2407; x_wconf 79' lang='lat' dir='ltr'><strong>Hesychius</strong></span> <span class='ocrx_word' id='word_1_267' title='bbox 1368 2356 1380 2390; x_wconf 92' lang='lat'>:</span> <span class='ocrx_word' id='word_1_268' title='bbox 1406 2339 1840 2411; x_wconf 79' lang='grc' dir='ltr'>Διαπεριτριϐαί,</span> <span class='ocrx_word' id='word_1_269' title='bbox 1869 2341 1983 2410; x_wconf 83' lang='lat' dir='ltr'><strong>lege</strong></span> 
     </span>
    </p>
   </div>
   <div class='ocr_carea' id='block_1_41' title="bbox 407 2421 1984 2500">
    <p class='ocr_par' dir='ltr' id='par_1_41' title="bbox 407 2421 1984 2500">
     <span class='ocr_line' id='line_1_41' title="bbox 407 2421 1984 2500; baseline 0.006 -26"><span class='ocrx_word' id='word_1_270' title='bbox 407 2436 470 2475; x_wconf 83' lang='lat' dir='ltr'><strong>ex</strong></span> <span class='ocrx_word' id='word_1_271' title='bbox 503 2421 806 2476; x_wconf 82' lang='lat' dir='ltr'><strong>litterarum</strong></span> <span class='ocrx_word' id='word_1_272' title='bbox 836 2424 997 2487; x_wconf 86' lang='lat' dir='ltr'><strong>serie,</strong></span> <span class='ocrx_word' id='word_1_273' title='bbox 1017 2426 1468 2498; x_wconf 71' lang='grc' dir='ltr'>Διαπαρατριῦαὶ,</span> <span class='ocrx_word' id='word_1_274' title='bbox 1501 2428 1984 2500; x_wconf 71' lang='grc' dir='ltr'>ὲνδελεχισμοὶ,ἐνσ-</span> 
     </span>
    </p>
   </div>
   <div class='ocr_carea' id='block_1_42' title="bbox 405 2511 1984 2590">
    <p class='ocr_par' dir='ltr' id='par_1_42' title="bbox 405 2511 1984 2590">
     <span class='ocr_line' id='line_1_42' title="bbox 405 2511 1984 2590; baseline 0.005 -26"><span class='ocrx_word' id='word_1_275' title='bbox 405 2511 685 2582; x_wconf 84' lang='grc' dir='ltr'>δελέχειαι.</span> <span class='ocrx_word' id='word_1_276' title='bbox 706 2511 905 2569; x_wconf 90' lang='lat' dir='ltr'><strong>Suidas</strong></span> <span class='ocrx_word' id='word_1_277' title='bbox 927 2533 939 2568; x_wconf 95' lang='lat'><strong>:</strong></span> <span class='ocrx_word' id='word_1_278' title='bbox 961 2516 1414 2588; x_wconf 79' lang='grc' dir='ltr'>Διαπαρατριϐαὶ,</span> <span class='ocrx_word' id='word_1_279' title='bbox 1439 2518 1780 2590; x_wconf 85' lang='grc' dir='ltr'>ὲνδελέχειαι.</span> <span class='ocrx_word' id='word_1_280' title='bbox 1799 2521 1984 2573; x_wconf 83' lang='grc' dir='ltr'><strong>ΑΙὶιιιι-</strong></span> 
     </span>
    </p>
   </div>
   <div class='ocr_carea' id='block_1_43' title="bbox 405 2603 1977 2678">
    <p class='ocr_par' dir='ltr' id='par_1_43' title="bbox 405 2603 1977 2678">
     <span class='ocr_line' id='line_1_43' title="bbox 405 2603 1977 2678; baseline 0.005 -20"><span class='ocrx_word' id='word_1_281' title='bbox 405 2603 474 2658; x_wconf 89' lang='lat' dir='ltr'><strong>de</strong></span> <span class='ocrx_word' id='word_1_282' title='bbox 511 2614 690 2659; x_wconf 89' lang='lat' dir='ltr'><strong>autem</strong></span> <span class='ocrx_word' id='word_1_283' title='bbox 726 2605 800 2659; x_wconf 93' lang='lat' dir='ltr'><strong>illi</strong></span> <span class='ocrx_word' id='word_1_284' title='bbox 834 2622 942 2660; x_wconf 90' lang='lat' dir='ltr'><strong>non</strong></span> <span class='ocrx_word' id='word_1_285' title='bbox 975 2607 1287 2663; x_wconf 87' lang='lat' dir='ltr'><strong>habuerunt</strong></span> <span class='ocrx_word' id='word_1_286' title='bbox 1316 2624 1482 2678; x_wconf 90' lang='lat' dir='ltr'><strong>quam</strong></span> <span class='ocrx_word' id='word_1_287' title='bbox 1515 2626 1580 2664; x_wconf 81' lang='lat' dir='ltr'><strong>ex</strong></span> <span class='ocrx_word' id='word_1_288' title='bbox 1616 2611 1720 2666; x_wconf 91' lang='lat' dir='ltr'><strong>hoc</strong></span> <span class='ocrx_word' id='word_1_289' title='bbox 1765 2611 1884 2665; x_wconf 90' lang='lat' dir='ltr'><strong>loco</strong></span> <span class='ocrx_word' id='word_1_290' title='bbox 1921 2611 1977 2666; x_wconf 93' lang='lat' dir='ltr'><strong>S.</strong></span> 
     </span>
    </p>
   </div>
   <div class='ocr_carea' id='block_1_44' title="bbox 403 2693 1983 2768">
    <p class='ocr_par' dir='ltr' id='par_1_44' title="bbox 403 2693 1983 2768">
     <span class='ocr_line' id='line_1_44' title="bbox 403 2693 1983 2768; baseline 0.003 -18"><span class='ocrx_word' id='word_1_291' title='bbox 403 2693 582 2752; x_wconf 86' lang='lat' dir='ltr'><strong>Pauli.</strong></span> <span class='ocrx_word' id='word_1_292' title='bbox 619 2696 759 2762; x_wconf 86' lang='lat' dir='ltr'><strong>Quid</strong></span> <span class='ocrx_word' id='word_1_293' title='bbox 780 2699 924 2768; x_wconf 91' lang='lat' dir='ltr'><strong>quod</strong></span> <span class='ocrx_word' id='word_1_294' title='bbox 940 2697 1314 2755; x_wconf 81' lang='lat' dir='ltr'><strong>Andronicum</strong></span> <span class='ocrx_word' id='word_1_295' title='bbox 1341 2710 1394 2755; x_wconf 91' lang='lat' dir='ltr'><strong>et</strong></span> <span class='ocrx_word' id='word_1_296' title='bbox 1424 2701 1646 2757; x_wconf 89' lang='lat' dir='ltr'><strong>Junium</strong></span> <span class='ocrx_word' id='word_1_297' title='bbox 1682 2713 1834 2758; x_wconf 88' lang='lat' dir='ltr'><strong>vocet</strong></span> <span class='ocrx_word' id='word_1_298' title='bbox 1858 2721 1983 2756; x_wconf 90' lang='grc' dir='ltr'>συν-</span> 
     </span>
    </p>
   </div>
   <div class='ocr_carea' id='block_1_45' title="bbox 406 2786 1984 2860">
    <p class='ocr_par' dir='ltr' id='par_1_45' title="bbox 406 2786 1984 2860">
     <span class='ocr_line' id='line_1_45' title="bbox 406 2786 1984 2860; baseline 0.003 -19"><span class='ocrx_word' id='word_1_299' title='bbox 406 2786 786 2859; x_wconf 70' lang='grc' dir='ltr'>αιχμαλώτους</span> <span class='ocrx_word' id='word_1_300' title='bbox 825 2805 994 2855; x_wconf 91' lang='lat' dir='ltr'><strong>suos,</strong></span> <span class='ocrx_word' id='word_1_301' title='bbox 1043 2804 1166 2844; x_wconf 92' lang='lat' dir='ltr'><strong>cum</strong></span> <span class='ocrx_word' id='word_1_302' title='bbox 1217 2791 1333 2860; x_wconf 91' lang='lat' dir='ltr'><strong>ipse</strong></span> <span class='ocrx_word' id='word_1_303' title='bbox 1382 2799 1584 2858; x_wconf 90' lang='lat' dir='ltr'><strong>tamen,</strong></span> <span class='ocrx_word' id='word_1_304' title='bbox 1638 2801 1697 2846; x_wconf 94' lang='lat' dir='ltr'><strong>ut</strong></span> <span class='ocrx_word' id='word_1_305' title='bbox 1731 2792 1984 2847; x_wconf 81' lang='lat' dir='ltr'><strong>observat</strong></span> 
     </span>
    </p>
   </div>
   <div class='ocr_carea' id='block_1_46' title="bbox 406 2878 1981 2951">
    <p class='ocr_par' dir='ltr' id='par_1_46' title="bbox 406 2878 1981 2951">
     <span class='ocr_line' id='line_1_46' title="bbox 406 2878 1981 2951; baseline 0.003 -17"><span class='ocrx_word' id='word_1_306' title='bbox 406 2878 857 2951; x_wconf 86' lang='lat' dir='ltr'><strong>Cbrysostomus,</strong></span> <span class='ocrx_word' id='word_1_307' title='bbox 887 2880 1228 2951; x_wconf 79' lang='grc' dir='ltr'>αἰχμάλωτος</span> <span class='ocrx_word' id='word_1_308' title='bbox 1261 2897 1367 2935; x_wconf 82' lang='grc' dir='ltr'>ιιοιι</span> <span class='ocrx_word' id='word_1_309' title='bbox 1403 2880 1602 2936; x_wconf 80' lang='lat' dir='ltr'><strong>fuerit?</strong></span> <span class='ocrx_word' id='word_1_310' title='bbox 1630 2881 1684 2936; x_wconf 90' lang='lat' dir='ltr'><strong>Si</strong></span> <span class='ocrx_word' id='word_1_311' title='bbox 1709 2883 1790 2937; x_wconf 86' lang='lat' dir='ltr'><strong>hac</strong></span> <span class='ocrx_word' id='word_1_312' title='bbox 1818 2899 1981 2940; x_wconf 89' lang='lat' dir='ltr'><strong>voces</strong></span> 
     </span>
    </p>
   </div>
   <div class='ocr_carea' id='block_1_47' title="bbox 405 2972 1979 3046">
    <p class='ocr_par' dir='ltr' id='par_1_47' title="bbox 405 2972 1979 3046">
     <span class='ocr_line' id='line_1_47' title="bbox 405 2972 1979 3046; baseline 0.004 -20"><span class='ocrx_word' id='word_1_313' title='bbox 405 2972 561 3028; x_wconf 84' lang='lat' dir='ltr'><strong>varie</strong></span> <span class='ocrx_word' id='word_1_314' title='bbox 611 2974 930 3044; x_wconf 59' lang='lat' dir='ltr'><strong>composita!</strong></span> <span class='ocrx_word' id='word_1_315' title='bbox 963 2975 1069 3030; x_wconf 89' lang='lat' dir='ltr'><strong>illis</strong></span> <span class='ocrx_word' id='word_1_316' title='bbox 1102 2976 1372 3030; x_wconf 86' lang='lat' dir='ltr'><strong>addantur</strong></span> <span class='ocrx_word' id='word_1_317' title='bbox 1416 2991 1555 3046; x_wconf 92' lang='lat' dir='ltr'><strong>quas</strong></span> <span class='ocrx_word' id='word_1_318' title='bbox 1583 2976 1979 3044; x_wconf 85' lang='lat' dir='ltr'><strong>Hammondus,</strong></span> 
     </span>
    </p>
   </div>
   <div class='ocr_carea' id='block_1_48' title="bbox 2084 1871 3660 1944">
    <p class='ocr_par' dir='ltr' id='par_1_48' title="bbox 2084 1871 3660 1944">
     <span class='ocr_line' id='line_1_48' title="bbox 2084 1871 3660 1944; baseline -0.003 -16"><span class='ocrx_word' id='word_1_319' title='bbox 2084 1874 2469 1944; x_wconf 88' lang='lat' dir='ltr'><strong>Epicharmum</strong></span> <span class='ocrx_word' id='word_1_320' title='bbox 2527 1873 2735 1928; x_wconf 88' lang='lat' dir='ltr'><strong>scilicet</strong></span> <span class='ocrx_word' id='word_1_321' title='bbox 2787 1882 2842 1926; x_wconf 93' lang='lat' dir='ltr'><strong>et</strong></span> <span class='ocrx_word' id='word_1_322' title='bbox 2887 1871 3272 1941; x_wconf 86' lang='lat' dir='ltr'><strong>Apollodorum</strong></span> <span class='ocrx_word' id='word_1_323' title='bbox 3321 1871 3660 1943; x_wconf 80' lang='lat' dir='ltr'><strong>Carystium.</strong></span> 
     </span>
    </p>
   </div>
   <div class='ocr_carea' id='block_1_49' title="bbox 2083 1961 3663 2033">
    <p class='ocr_par' dir='ltr' id='par_1_49' title="bbox 2083 1961 3663 2033">
     <span class='ocr_line' id='line_1_49' title="bbox 2083 1961 3663 2033; baseline -0.005 -11"><span class='ocrx_word' id='word_1_324' title='bbox 2083 1967 2224 2033; x_wconf 87' lang='lat' dir='ltr'><strong>Quid</strong></span> <span class='ocrx_word' id='word_1_325' title='bbox 2256 1975 2440 2021; x_wconf 88' lang='lat' dir='ltr'><strong>autem</strong></span> <span class='ocrx_word' id='word_1_326' title='bbox 2473 1965 2560 2018; x_wconf 90' lang='lat' dir='ltr'><strong>ille</strong></span> <span class='ocrx_word' id='word_1_327' title='bbox 2582 1965 2647 2019; x_wconf 92' lang='lat' dir='ltr'><strong>de</strong></span> <span class='ocrx_word' id='word_1_328' title='bbox 2673 1962 2731 2018; x_wconf 91' lang='lat' dir='ltr'><strong>S.</strong></span> <span class='ocrx_word' id='word_1_329' title='bbox 2762 1962 2926 2018; x_wconf 87' lang='lat' dir='ltr'><strong>Petro</strong></span> <span class='ocrx_word' id='word_1_330' title='bbox 2955 1962 3299 2033; x_wconf 89' lang='lat' dir='ltr'><strong>judicavcrit,</strong></span> <span class='ocrx_word' id='word_1_331' title='bbox 3318 1963 3480 2017; x_wconf 79' lang='lat' dir='ltr'><strong>velim</strong></span> <span class='ocrx_word' id='word_1_332' title='bbox 3504 1961 3663 2016; x_wconf 89' lang='lat' dir='ltr'><strong>intel-</strong></span> 
     </span>
    </p>
   </div>
   <div class='ocr_carea' id='block_1_50' title="bbox 2065 2052 3659 2128">
    <p class='ocr_par' dir='ltr' id='par_1_50' title="bbox 2065 2052 3659 2128">
     <span class='ocr_line' id='line_1_50' title="bbox 2065 2052 3659 2128; baseline -0.005 -16"><span class='ocrx_word' id='word_1_333' title='bbox 2065 2059 2251 2128; x_wconf 77' lang='lat' dir='ltr'><strong>ligant</strong></span> <span class='ocrx_word' id='word_1_334' title='bbox 2295 2057 2372 2110; x_wconf 89' lang='lat' dir='ltr'><strong>illi</strong></span> <span class='ocrx_word' id='word_1_335' title='bbox 2410 2055 2502 2125; x_wconf 89' lang='lat' dir='ltr'><strong>qui</strong></span> <span class='ocrx_word' id='word_1_336' title='bbox 2546 2053 2813 2125; x_wconf 82' lang='lat' dir='ltr'><strong>lgnatium</strong></span> <span class='ocrx_word' id='word_1_337' title='bbox 2859 2063 3106 2107; x_wconf 90' lang='lat' dir='ltr'><strong>nostrum</strong></span> <span class='ocrx_word' id='word_1_338' title='bbox 3140 2052 3273 2106; x_wconf 90' lang='lat' dir='ltr'><strong>adeo</strong></span> <span class='ocrx_word' id='word_1_339' title='bbox 3323 2068 3512 2107; x_wconf 85' lang='lat' dir='ltr'><strong>severe</strong></span> <span class='ocrx_word' id='word_1_340' title='bbox 3542 2063 3659 2106; x_wconf 84' lang='lat' dir='ltr'><strong>tra-</strong></span> 
     </span>
    </p>
   </div>
   <div class='ocr_carea' id='block_1_51' title="bbox 2084 2144 3659 2219">
    <p class='ocr_par' dir='ltr' id='par_1_51' title="bbox 2084 2144 3659 2219">
     <span class='ocr_line' id='line_1_51' title="bbox 2084 2144 3659 2219; baseline -0.004 -15"><span class='ocrx_word' id='word_1_341' title='bbox 2084 2157 2267 2204; x_wconf 87' lang='lat' dir='ltr'><strong>ctant:</strong></span> <span class='ocrx_word' id='word_1_342' title='bbox 2300 2150 2355 2202; x_wconf 88' lang='lat'><strong>&#39;0</strong></span> <span class='ocrx_word' id='word_1_343' title='bbox 2391 2148 2488 2219; x_wconf 82' lang='grc' dir='ltr'><strong>μὲν</strong></span> <span class='ocrx_word' id='word_1_344' title='bbox 2521 2146 2630 2219; x_wconf 74' lang='grc' dir='ltr'><strong>γὰρ</strong></span> <span class='ocrx_word' id='word_1_345' title='bbox 2670 2145 2936 2217; x_wconf 84' lang='grc' dir='ltr'>μακάριος</span> <span class='ocrx_word' id='word_1_346' title='bbox 2965 2145 3057 2197; x_wconf 83' lang='grc' dir='ltr'><strong>καὶ</strong></span> <span class='ocrx_word' id='word_1_347' title='bbox 3091 2147 3383 2215; x_wconf 78' lang='grc' dir='ltr'>κορυφαῖος</span> <span class='ocrx_word' id='word_1_348' title='bbox 3424 2144 3659 2218; x_wconf 81' lang='grc' dir='ltr'>Πέτρος,</span> 
     </span>
    </p>
   </div>
   <div class='ocr_carea' id='block_1_52' title="bbox 2081 2234 3660 2312">
    <p class='ocr_par' dir='ltr' id='par_1_52' title="bbox 2081 2234 3660 2312">
     <span class='ocr_line' id='line_1_52' title="bbox 2081 2234 3660 2312; baseline -0.004 -17"><span class='ocrx_word' id='word_1_349' title='bbox 2081 2241 2230 2295; x_wconf 71' lang='grc' dir='ltr'>οὐδὲν</span> <span class='ocrx_word' id='word_1_350' title='bbox 2275 2240 2403 2312; x_wconf 74' lang='grc' dir='ltr'>περὶ</span> <span class='ocrx_word' id='word_1_351' title='bbox 2441 2237 2538 2310; x_wconf 82' lang='grc' dir='ltr'>τὴν</span> <span class='ocrx_word' id='word_1_352' title='bbox 2573 2236 2802 2308; x_wconf 76' lang='grc' dir='ltr'>ἐκλογὴν</span> <span class='ocrx_word' id='word_1_353' title='bbox 2854 2235 2960 2289; x_wconf 89' lang='grc' dir='ltr'><strong>τῶν</strong></span> <span class='ocrx_word' id='word_1_354' title='bbox 3011 2234 3332 2306; x_wconf 80' lang='grc' dir='ltr'>Ἑλληνικῶν</span> <span class='ocrx_word' id='word_1_355' title='bbox 3377 2236 3660 2306; x_wconf 77' lang='grc' dir='ltr'>ὀνομάτων</span> 
     </span>
    </p>
   </div>
   <div class='ocr_carea' id='block_1_53' title="bbox 2085 2325 3660 2400">
    <p class='ocr_par' dir='ltr' id='par_1_53' title="bbox 2085 2325 3660 2400">
     <span class='ocr_line' id='line_1_53' title="bbox 2085 2325 3660 2400; baseline -0.003 -16"><span class='ocrx_word' id='word_1_356' title='bbox 2085 2331 2416 2395; x_wconf 79' lang='grc' dir='ltr'>σπουδάζων,</span> <span class='ocrx_word' id='word_1_357' title='bbox 2447 2331 2648 2400; x_wconf 81' lang='grc' dir='ltr'>ταύτην</span> <span class='ocrx_word' id='word_1_358' title='bbox 2689 2331 2801 2391; x_wconf 87' lang='grc' dir='ltr'>τοῖς</span> <span class='ocrx_word' id='word_1_359' title='bbox 2829 2325 3022 2381; x_wconf 78' lang='grc' dir='ltr'>ἑαυτοῦ</span> <span class='ocrx_word' id='word_1_360' title='bbox 3057 2327 3360 2398; x_wconf 79' lang='grc' dir='ltr'>παρείληφε</span> <span class='ocrx_word' id='word_1_361' title='bbox 3397 2327 3660 2398; x_wconf 80' lang='grc' dir='ltr'>γράμμα-</span> 
     </span>
    </p>
   </div>
   <div class='ocr_carea' id='block_1_54' title="bbox 2085 2417 3658 2493">
    <p class='ocr_par' dir='ltr' id='par_1_54' title="bbox 2085 2417 3658 2493">
     <span class='ocr_line' id='line_1_54' title="bbox 2085 2417 3658 2493; baseline -0.003 -18"><span class='ocrx_word' id='word_1_362' title='bbox 2085 2439 2188 2475; x_wconf 86' lang='grc' dir='ltr'>σιν·</span> <span class='ocrx_word' id='word_1_363' title='bbox 2224 2422 2284 2475; x_wconf 84' lang='grc' dir='ltr'><strong>οὑ</strong></span> <span class='ocrx_word' id='word_1_364' title='bbox 2326 2421 2435 2493; x_wconf 83' lang='grc' dir='ltr'><strong>γὰρ</strong></span> <span class='ocrx_word' id='word_1_365' title='bbox 2473 2419 2589 2491; x_wconf 73' lang='grc' dir='ltr'><strong>ἠχώ</strong></span> <span class='ocrx_word' id='word_1_366' title='bbox 2629 2437 2749 2473; x_wconf 89' lang='grc' dir='ltr'>τινα</span> <span class='ocrx_word' id='word_1_367' title='bbox 2777 2419 2870 2472; x_wconf 74' lang='grc' dir='ltr'><strong>καὶ</strong></span> <span class='ocrx_word' id='word_1_368' title='bbox 2891 2417 3082 2488; x_wconf 81' lang='grc' dir='ltr'>τέχνην</span> <span class='ocrx_word' id='word_1_369' title='bbox 3115 2417 3394 2490; x_wconf 81' lang='grc' dir='ltr'>ῥημάτων,</span> <span class='ocrx_word' id='word_1_370' title='bbox 3420 2417 3542 2471; x_wconf 71' lang='grc' dir='ltr'>οὐδὲ</span> <span class='ocrx_word' id='word_1_371' title='bbox 3571 2418 3658 2470; x_wconf 85' lang='grc' dir='ltr'>λε-</span> 
     </span>
    </p>
   </div>
   <div class='ocr_carea' id='block_1_55' title="bbox 2085 2509 3659 2583">
    <p class='ocr_par' dir='ltr' id='par_1_55' title="bbox 2085 2509 3659 2583">
     <span class='ocr_line' id='line_1_55' title="bbox 2085 2509 3659 2583; baseline -0.002 -17"><span class='ocrx_word' id='word_1_372' title='bbox 2085 2511 2262 2579; x_wconf 83' lang='grc' dir='ltr'>ξιδίων</span> <span class='ocrx_word' id='word_1_373' title='bbox 2302 2513 2472 2583; x_wconf 75' lang='grc' dir='ltr'>ψόφον</span> <span class='ocrx_word' id='word_1_374' title='bbox 2519 2511 2613 2566; x_wconf 77' lang='grc' dir='ltr'>καὶ</span> <span class='ocrx_word' id='word_1_375' title='bbox 2656 2512 2924 2564; x_wconf 79' lang='grc' dir='ltr'>κτύπον...</span> <span class='ocrx_word' id='word_1_376' title='bbox 2966 2509 3103 2563; x_wconf 87' lang='grc' dir='ltr'><strong>ἀλλά</strong></span> <span class='ocrx_word' id='word_1_377' title='bbox 3151 2509 3335 2580; x_wconf 68' lang='grc' dir='ltr'>ψυχῶν</span> <span class='ocrx_word' id='word_1_378' title='bbox 3384 2511 3659 2581; x_wconf 76' lang='grc' dir='ltr'>σωτηρίας</span> 
     </span>
    </p>
   </div>
   <div class='ocr_carea' id='block_1_56' title="bbox 2082 2599 3655 2676">
    <p class='ocr_par' dir='ltr' id='par_1_56' title="bbox 2082 2599 3655 2676">
     <span class='ocr_line' id='line_1_56' title="bbox 2082 2599 3655 2676; baseline -0.003 -18"><span class='ocrx_word' id='word_1_379' title='bbox 2082 2608 2194 2668; x_wconf 88' lang='grc' dir='ltr'>τοῖς</span> <span class='ocrx_word' id='word_1_380' title='bbox 2239 2604 2531 2676; x_wconf 84' lang='grc' dir='ltr'>ἀκροαταῖς</span> <span class='ocrx_word' id='word_1_381' title='bbox 2564 2601 2793 2656; x_wconf 75' lang='grc' dir='ltr'>ἐνθεῖναι</span> <span class='ocrx_word' id='word_1_382' title='bbox 2835 2599 3091 2672; x_wconf 80' lang='grc' dir='ltr'>φροντίδα</span> <span class='ocrx_word' id='word_1_383' title='bbox 3133 2599 3357 2653; x_wconf 67' lang='grc' dir='ltr'>ἐτίθετο.</span> <span class='ocrx_word' id='word_1_384' title='bbox 3398 2618 3417 2650; x_wconf 71' lang='grc' dir='ltr'>ι</span> <span class='ocrx_word' id='word_1_385' title='bbox 3455 2599 3655 2655; x_wconf 81' lang='lat' dir='ltr'><strong>Beatus</strong></span> 
     </span>
    </p>
   </div>
   <div class='ocr_carea' id='block_1_57' title="bbox 2082 2691 3654 2766">
    <p class='ocr_par' dir='ltr' id='par_1_57' title="bbox 2082 2691 3654 2766">
     <span class='ocr_line' id='line_1_57' title="bbox 2082 2691 3654 2766; baseline -0.003 -14"><span class='ocrx_word' id='word_1_386' title='bbox 2082 2699 2227 2752; x_wconf 90' lang='lat' dir='ltr'><strong>enim</strong></span> <span class='ocrx_word' id='word_1_387' title='bbox 2262 2706 2316 2751; x_wconf 91' lang='lat' dir='ltr'><strong>et</strong></span> <span class='ocrx_word' id='word_1_388' title='bbox 2352 2695 2673 2766; x_wconf 68' lang='lat' dir='ltr'><strong>coryphaaus</strong></span> <span class='ocrx_word' id='word_1_389' title='bbox 2714 2691 2928 2759; x_wconf 88' lang='lat' dir='ltr'><strong>Petrus,</strong></span> <span class='ocrx_word' id='word_1_390' title='bbox 2982 2693 3198 2746; x_wconf 90' lang='lat' dir='ltr'><strong>nullum</strong></span> <span class='ocrx_word' id='word_1_391' title='bbox 3244 2693 3301 2746; x_wconf 93' lang='lat' dir='ltr'><strong>in</strong></span> <span class='ocrx_word' id='word_1_392' title='bbox 3335 2691 3654 2748; x_wconf 80' lang='lat' dir='ltr'><strong>Graecorum</strong></span> 
     </span>
    </p>
   </div>
   <div class='ocr_carea' id='block_1_58' title="bbox 2082 2784 3652 2855">
    <p class='ocr_par' dir='ltr' id='par_1_58' title="bbox 2082 2784 3652 2855">
     <span class='ocr_line' id='line_1_58' title="bbox 2082 2784 3652 2855; baseline -0.004 -10"><span class='ocrx_word' id='word_1_393' title='bbox 2082 2791 2366 2845; x_wconf 88' lang='lat' dir='ltr'><strong>nominutn</strong></span> <span class='ocrx_word' id='word_1_394' title='bbox 2408 2787 2673 2842; x_wconf 89' lang='lat' dir='ltr'><strong>electione</strong></span> <span class='ocrx_word' id='word_1_395' title='bbox 2726 2785 2969 2840; x_wconf 91' lang='lat' dir='ltr'><strong>studium</strong></span> <span class='ocrx_word' id='word_1_396' title='bbox 3014 2800 3242 2855; x_wconf 90' lang='lat' dir='ltr'><strong>ponens,</strong></span> <span class='ocrx_word' id='word_1_397' title='bbox 3296 2784 3436 2839; x_wconf 87' lang='lat' dir='ltr'><strong>hanc</strong></span> <span class='ocrx_word' id='word_1_398' title='bbox 3460 2799 3652 2839; x_wconf 87' lang='lat' dir='ltr'><strong>vocem</strong></span> 
     </span>
    </p>
   </div>
   <div class='ocr_carea' id='block_1_59' title="bbox 2083 2873 3654 2952">
    <p class='ocr_par' dir='ltr' id='par_1_59' title="bbox 2083 2873 3654 2952">
     <span class='ocr_line' id='line_1_59' title="bbox 2083 2873 3654 2952; baseline -0.003 -18"><span class='ocrx_word' id='word_1_399' title='bbox 2083 2879 2532 2952; x_wconf 76' lang='grc' dir='ltr'>ὲγκομόὡσασθαι</span> <span class='ocrx_word' id='word_1_400' title='bbox 2551 2878 2666 2932; x_wconf 86' lang='lat' dir='ltr'><strong>suis</strong></span> <span class='ocrx_word' id='word_1_401' title='bbox 2689 2879 2905 2946; x_wconf 89' lang='lat' dir='ltr'><strong>scriptis</strong></span> <span class='ocrx_word' id='word_1_402' title='bbox 2927 2876 3176 2931; x_wconf 89' lang='lat' dir='ltr'><strong>inseruit.</strong></span> <span class='ocrx_word' id='word_1_403' title='bbox 3208 2873 3326 2930; x_wconf 87' lang='lat' dir='ltr'><strong>Non</strong></span> <span class='ocrx_word' id='word_1_404' title='bbox 3348 2877 3495 2930; x_wconf 91' lang='lat' dir='ltr'><strong>enim</strong></span> <span class='ocrx_word' id='word_1_405' title='bbox 3515 2876 3654 2930; x_wconf 80' lang='lat' dir='ltr'><strong>echo</strong></span> 
     </span>
    </p>
   </div>
   <div class='ocr_carea' id='block_1_60' title="bbox 2085 2967 3660 3038">
    <p class='ocr_par' dir='ltr' id='par_1_60' title="bbox 2085 2967 3660 3038">
     <span class='ocr_line' id='line_1_60' title="bbox 2085 2967 3660 3038; baseline -0.004 -11"><span class='ocrx_word' id='word_1_406' title='bbox 2085 2982 2177 3027; x_wconf 90' lang='lat' dir='ltr'><strong>aut</strong></span> <span class='ocrx_word' id='word_1_407' title='bbox 2205 2971 2496 3027; x_wconf 84' lang='lat' dir='ltr'><strong>artiﬁcium</strong></span> <span class='ocrx_word' id='word_1_408' title='bbox 2529 2970 2843 3034; x_wconf 85' lang='lat' dir='ltr'><strong>verborum,</strong></span> <span class='ocrx_word' id='word_1_409' title='bbox 2877 2983 3054 3038; x_wconf 89' lang='lat' dir='ltr'><strong>neque</strong></span> <span class='ocrx_word' id='word_1_410' title='bbox 3087 2967 3479 3021; x_wconf 86' lang='lat' dir='ltr'><strong>vocabulorum</strong></span> <span class='ocrx_word' id='word_1_411' title='bbox 3505 2967 3660 3022; x_wconf 84' lang='lat' dir='ltr'><strong>soni-</strong></span> 
     </span>
    </p>
   </div>
   <div class='ocr_carea' id='block_1_61' title="bbox 408 3057 3661 3159">
    <p class='ocr_par' dir='ltr' id='par_1_61' title="bbox 408 3057 3661 3159">
     <span class='ocr_line' id='line_1_61' title="bbox 408 3057 3661 3159; baseline -0.005 -30"><span class='ocrx_word' id='word_1_412' title='bbox 408 3074 503 3120; x_wconf 67' lang='grc' dir='ltr'><strong>θυι</strong></span> <span class='ocrx_word' id='word_1_413' title='bbox 538 3081 639 3120; x_wconf 80' lang='lat' dir='ltr'><strong>n05</strong></span> <span class='ocrx_word' id='word_1_414' title='bbox 675 3074 801 3120; x_wconf 72' lang='lat' dir='ltr'><strong>ante</strong></span> <span class='ocrx_word' id='word_1_415' title='bbox 829 3067 1264 3129; x_wconf 81' lang='lat' dir='ltr'><strong>numeravimUS.</strong></span> <span class='ocrx_word' id='word_1_416' title='bbox 1290 3083 1477 3137; x_wconf 72' lang='lat' dir='ltr'><strong>paucae</strong></span> <span class='ocrx_word' id='word_1_417' title='bbox 1503 3085 1612 3123; x_wconf 89' lang='lat' dir='ltr'><strong>non</strong></span> <span class='ocrx_word' id='word_1_418' title='bbox 1648 3078 1836 3137; x_wconf 90' lang='lat' dir='ltr'><strong>erunt;</strong></span> <span class='ocrx_word' id='word_1_419' title='bbox 1869 3070 1981 3124; x_wconf 92' lang='lat' dir='ltr'><strong>imo</strong></span> <span class='ocrx_word' id='word_1_420' title='bbox 2009 3101 2051 3159; x_wconf 65' lang='grc' dir='ltr'>ο</span> <span class='ocrx_word' id='word_1_421' title='bbox 2085 3077 2231 3126; x_wconf 87' lang='lat' dir='ltr'><strong>tum,</strong></span> <span class='ocrx_word' id='word_1_422' title='bbox 2283 3061 2376 3116; x_wconf 90' lang='lat' dir='ltr'><strong>scd</strong></span> <span class='ocrx_word' id='word_1_423' title='bbox 2423 3061 2726 3114; x_wconf 90' lang='lat' dir='ltr'><strong>animarum</strong></span> <span class='ocrx_word' id='word_1_424' title='bbox 2773 3059 3004 3115; x_wconf 88' lang='lat' dir='ltr'><strong>salutem</strong></span> <span class='ocrx_word' id='word_1_425' title='bbox 3035 3057 3379 3112; x_wconf 85' lang='lat' dir='ltr'><strong>auditoribus</strong></span> <span class='ocrx_word' id='word_1_426' title='bbox 3412 3057 3661 3112; x_wconf 83' lang='lat' dir='ltr'><strong>inserere</strong></span> 
     </span>
    </p>
   </div>
   <div class='ocr_carea' id='block_1_62' title="bbox 407 3153 2563 3230">
    <p class='ocr_par' dir='ltr' id='par_1_62' title="bbox 407 3153 2563 3230">
     <span class='ocr_line' id='line_1_62' title="bbox 407 3153 2563 3230; baseline 0 -21"><span class='ocrx_word' id='word_1_427' title='bbox 407 3157 830 3226; x_wconf 70' lang='lat' dir='ltr'><strong>quamplurima:</strong></span> <span class='ocrx_word' id='word_1_428' title='bbox 889 3167 1094 3224; x_wconf 84' lang='lat' dir='ltr'><strong>essent,</strong></span> <span class='ocrx_word' id='word_1_429' title='bbox 1127 3159 1172 3214; x_wconf 92' lang='lat' dir='ltr'><strong>si</strong></span> <span class='ocrx_word' id='word_1_430' title='bbox 1197 3176 1388 3216; x_wconf 90' lang='lat' dir='ltr'><strong>omnes</strong></span> <span class='ocrx_word' id='word_1_431' title='bbox 1421 3178 1485 3215; x_wconf 84' lang='lat' dir='ltr'><strong>ex</strong></span> <span class='ocrx_word' id='word_1_432' title='bbox 1523 3161 1744 3230; x_wconf 88' lang='lat' dir='ltr'><strong>scriptis</strong></span> <span class='ocrx_word' id='word_1_433' title='bbox 1764 3171 1981 3230; x_wconf 86' lang='lat' dir='ltr'><strong>aposto—</strong></span> <span class='ocrx_word' id='word_1_434' title='bbox 2017 3153 2051 3159; x_wconf 50' lang='grc'><strong><em>⁷</em></strong></span> <span class='ocrx_word' id='word_1_435' title='bbox 2084 3170 2273 3210; x_wconf 86' lang='lat' dir='ltr'><strong>curam</strong></span> <span class='ocrx_word' id='word_1_436' title='bbox 2303 3153 2514 3208; x_wconf 81' lang='lat' dir='ltr'><strong>habuit.</strong></span> <span class='ocrx_word' id='word_1_437' title='bbox 2545 3173 2563 3205; x_wconf 73' lang='grc' dir='ltr'>ι</span> 
     </span>
    </p>
   </div>
   <div class='ocr_carea' id='block_1_63' title="bbox 407 3249 1977 3323">
    <p class='ocr_par' dir='ltr' id='par_1_63' title="bbox 407 3249 1977 3323">
     <span class='ocr_line' id='line_1_63' title="bbox 407 3249 1977 3323; baseline 0.003 -20"><span class='ocrx_word' id='word_1_438' title='bbox 407 3249 527 3306; x_wconf 88' lang='lat' dir='ltr'><strong>licis</strong></span> <span class='ocrx_word' id='word_1_439' title='bbox 560 3260 1000 3321; x_wconf 77' lang='lat' dir='ltr'><strong>excerperentur.</strong></span> <span class='ocrx_word' id='word_1_440' title='bbox 1038 3251 1233 3307; x_wconf 84' lang='lat' dir='ltr'><strong>Mirum</strong></span> <span class='ocrx_word' id='word_1_441' title='bbox 1268 3254 1435 3323; x_wconf 83' lang='lat' dir='ltr'><strong>igitur</strong></span> <span class='ocrx_word' id='word_1_442' title='bbox 1459 3255 1627 3308; x_wconf 88' lang='lat' dir='ltr'><strong>videri</strong></span> <span class='ocrx_word' id='word_1_443' title='bbox 1661 3270 1768 3309; x_wconf 90' lang='lat' dir='ltr'><strong>non</strong></span> <span class='ocrx_word' id='word_1_444' title='bbox 1800 3255 1977 3321; x_wconf 83' lang='lat' dir='ltr'><strong>debet,</strong></span> 
     </span>
    </p>
   </div>
   <div class='ocr_carea' id='block_1_64' title="bbox 407 3340 1978 3412">
    <p class='ocr_par' dir='ltr' id='par_1_64' title="bbox 407 3340 1978 3412">
     <span class='ocr_line' id='line_1_64' title="bbox 407 3340 1978 3412; baseline 0.001 -17"><span class='ocrx_word' id='word_1_445' title='bbox 407 3340 456 3395; x_wconf 88' lang='lat' dir='ltr'><strong>si</strong></span> <span class='ocrx_word' id='word_1_446' title='bbox 485 3340 592 3393; x_wconf 90' lang='lat' dir='ltr'><strong>viri</strong></span> <span class='ocrx_word' id='word_1_447' title='bbox 622 3341 906 3410; x_wconf 88' lang='lat' dir='ltr'><strong>apostolici</strong></span> <span class='ocrx_word' id='word_1_448' title='bbox 935 3351 1031 3395; x_wconf 91' lang='lat' dir='ltr'><strong>aut</strong></span> <span class='ocrx_word' id='word_1_449' title='bbox 1066 3341 1257 3397; x_wconf 89' lang='lat' dir='ltr'><strong>iisdem</strong></span> <span class='ocrx_word' id='word_1_450' title='bbox 1283 3351 1378 3396; x_wconf 89' lang='lat' dir='ltr'><strong>aut</strong></span> <span class='ocrx_word' id='word_1_451' title='bbox 1401 3343 1671 3397; x_wconf 89' lang='lat' dir='ltr'><strong>similibus</strong></span> <span class='ocrx_word' id='word_1_452' title='bbox 1704 3345 1978 3412; x_wconf 90' lang='lat' dir='ltr'><strong>composi-</strong></span> 
     </span>
    </p>
   </div>
   <div class='ocr_carea' id='block_1_65' title="bbox 407 3429 1980 3507">
    <p class='ocr_par' dir='ltr' id='par_1_65' title="bbox 407 3429 1980 3507">
     <span class='ocr_line' id='line_1_65' title="bbox 407 3429 1980 3507; baseline 0.004 -24"><span class='ocrx_word' id='word_1_453' title='bbox 407 3429 652 3486; x_wconf 89' lang='lat' dir='ltr'><strong>tionibus</strong></span> <span class='ocrx_word' id='word_1_454' title='bbox 697 3441 1016 3499; x_wconf 91' lang='lat' dir='ltr'><strong>uterentur;</strong></span> <span class='ocrx_word' id='word_1_455' title='bbox 1054 3433 1353 3502; x_wconf 70' lang='lat' dir='ltr'><strong>praesertim</strong></span> <span class='ocrx_word' id='word_1_456' title='bbox 1385 3449 1510 3489; x_wconf 92' lang='lat' dir='ltr'><strong>cum</strong></span> <span class='ocrx_word' id='word_1_457' title='bbox 1543 3433 1743 3490; x_wconf 59' lang='lat' dir='ltr'><strong>Graeca</strong></span> <span class='ocrx_word' id='word_1_458' title='bbox 1782 3436 1980 3507; x_wconf 74' lang='lat' dir='ltr'><strong>linguae</strong></span> 
     </span>
    </p>
   </div>
   <div class='ocr_carea' id='block_1_66' title="bbox 407 3521 1982 3584">
    <p class='ocr_par' dir='ltr' id='par_1_66' title="bbox 407 3521 1982 3584">
     <span class='ocr_line' id='line_1_66' title="bbox 407 3521 1982 3584; baseline 0.004 -8"><span class='ocrx_word' id='word_1_459' title='bbox 407 3521 544 3576; x_wconf 86' lang='lat' dir='ltr'><strong>adeo</strong></span> <span class='ocrx_word' id='word_1_460' title='bbox 564 3532 748 3577; x_wconf 89' lang='lat' dir='ltr'><strong>essent</strong></span> <span class='ocrx_word' id='word_1_461' title='bbox 780 3521 1080 3578; x_wconf 82' lang='lat' dir='ltr'><strong>familiares</strong></span> <span class='ocrx_word' id='word_1_462' title='bbox 1111 3533 1206 3579; x_wconf 92' lang='lat' dir='ltr'><strong>aut</strong></span> <span class='ocrx_word' id='word_1_463' title='bbox 1233 3526 1433 3580; x_wconf 62' lang='lat' dir='ltr'><strong>eadem</strong></span> <span class='ocrx_word' id='word_1_464' title='bbox 1463 3535 1557 3580; x_wconf 92' lang='lat' dir='ltr'><strong>aut</strong></span> <span class='ocrx_word' id='word_1_465' title='bbox 1583 3527 1789 3582; x_wconf 89' lang='lat' dir='ltr'><strong>similes</strong></span> <span class='ocrx_word' id='word_1_466' title='bbox 1833 3544 1982 3584; x_wconf 86' lang='lat' dir='ltr'><strong>com-</strong></span> 
     </span>
    </p>
   </div>
   <div class='ocr_carea' id='block_1_67' title="bbox 407 3613 1981 3687">
    <p class='ocr_par' dir='ltr' id='par_1_67' title="bbox 407 3613 1981 3687">
     <span class='ocr_line' id='line_1_67' title="bbox 407 3613 1981 3687; baseline 0.005 -20"><span class='ocrx_word' id='word_1_467' title='bbox 407 3614 726 3682; x_wconf 88' lang='lat' dir='ltr'><strong>positiones.</strong></span> <span class='ocrx_word' id='word_1_468' title='bbox 757 3613 926 3670; x_wconf 87' lang='lat' dir='ltr'><strong>Unica</strong></span> <span class='ocrx_word' id='word_1_469' title='bbox 958 3617 1049 3670; x_wconf 82' lang='lat' dir='ltr'><strong>illa</strong></span> <span class='ocrx_word' id='word_1_470' title='bbox 1078 3616 1373 3670; x_wconf 88' lang='lat' dir='ltr'><strong>Clementis</strong></span> <span class='ocrx_word' id='word_1_471' title='bbox 1392 3615 1623 3672; x_wconf 83' lang='lat' dir='ltr'><strong>Romani</strong></span> <span class='ocrx_word' id='word_1_472' title='bbox 1652 3619 1902 3687; x_wconf 90' lang='lat' dir='ltr'><strong>epistola,</strong></span> <span class='ocrx_word' id='word_1_473' title='bbox 1921 3627 1981 3674; x_wconf 85' lang='lat' dir='ltr'><strong>ut</strong></span> 
     </span>
    </p>
   </div>
   <div class='ocr_carea' id='block_1_68' title="bbox 409 3705 1979 3780">
    <p class='ocr_par' dir='ltr' id='par_1_68' title="bbox 409 3705 1979 3780">
     <span class='ocr_line' id='line_1_68' title="bbox 409 3705 1979 3780; baseline 0.004 -22"><span class='ocrx_word' id='word_1_474' title='bbox 409 3721 557 3759; x_wconf 93' lang='lat' dir='ltr'><strong>nunc</strong></span> <span class='ocrx_word' id='word_1_475' title='bbox 593 3715 790 3772; x_wconf 85' lang='lat' dir='ltr'><strong>exstat,</strong></span> <span class='ocrx_word' id='word_1_476' title='bbox 840 3707 886 3761; x_wconf 92' lang='lat' dir='ltr'><strong>si</strong></span> <span class='ocrx_word' id='word_1_477' title='bbox 937 3707 1055 3762; x_wconf 83' lang='lat' dir='ltr'><strong>loca</strong></span> <span class='ocrx_word' id='word_1_478' title='bbox 1087 3723 1152 3762; x_wconf 88' lang='lat' dir='ltr'><strong>ex</strong></span> <span class='ocrx_word' id='word_1_479' title='bbox 1191 3705 1489 3776; x_wconf 90' lang='lat' dir='ltr'><strong>Scripturis</strong></span> <span class='ocrx_word' id='word_1_480' title='bbox 1532 3719 1784 3780; x_wconf 78' lang='lat' dir='ltr'><strong>excerpta</strong></span> <span class='ocrx_word' id='word_1_481' title='bbox 1820 3726 1979 3780; x_wconf 91' lang='lat' dir='ltr'><strong>sepo-</strong></span> 
     </span>
    </p>
   </div>
   <div class='ocr_carea' id='block_1_69' title="bbox 409 3800 1979 3871">
    <p class='ocr_par' dir='ltr' id='par_1_69' title="bbox 409 3800 1979 3871">
     <span class='ocr_line' id='line_1_69' title="bbox 409 3800 1979 3871; baseline 0.003 -17"><span class='ocrx_word' id='word_1_482' title='bbox 409 3815 530 3865; x_wconf 87' lang='lat' dir='ltr'><strong>nas,</strong></span> <span class='ocrx_word' id='word_1_483' title='bbox 556 3801 844 3870; x_wconf 88' lang='lat' dir='ltr'><strong>epistolico</strong></span> <span class='ocrx_word' id='word_1_484' title='bbox 883 3816 1046 3869; x_wconf 87' lang='lat' dir='ltr'><strong>opere</strong></span> <span class='ocrx_word' id='word_1_485' title='bbox 1077 3800 1269 3871; x_wconf 87' lang='lat' dir='ltr'><strong>lgnatii</strong></span> <span class='ocrx_word' id='word_1_486' title='bbox 1307 3803 1479 3857; x_wconf 93' lang='lat' dir='ltr'><strong>multo</strong></span> <span class='ocrx_word' id='word_1_487' title='bbox 1509 3803 1742 3870; x_wconf 90' lang='lat' dir='ltr'><strong>brevior,</strong></span> <span class='ocrx_word' id='word_1_488' title='bbox 1779 3804 1979 3859; x_wconf 89' lang='lat' dir='ltr'><strong>talibus</strong></span> 
     </span>
    </p>
   </div>
   <div class='ocr_carea' id='block_1_70' title="bbox 410 3893 1977 3966">
    <p class='ocr_par' dir='ltr' id='par_1_70' title="bbox 410 3893 1977 3966">
     <span class='ocr_line' id='line_1_70' title="bbox 410 3893 1977 3966; baseline 0.002 -20"><span class='ocrx_word' id='word_1_489' title='bbox 410 3893 903 3960; x_wconf 85' lang='lat' dir='ltr'><strong>compositionibus</strong></span> <span class='ocrx_word' id='word_1_490' title='bbox 934 3895 1107 3966; x_wconf 80' lang='lat' dir='ltr'><strong>magis</strong></span> <span class='ocrx_word' id='word_1_491' title='bbox 1141 3904 1332 3948; x_wconf 88' lang='lat' dir='ltr'><strong>scatet.</strong></span> <span class='ocrx_word' id='word_1_492' title='bbox 1369 3893 1567 3961; x_wconf 89' lang='lat' dir='ltr'><strong>Quales</strong></span> <span class='ocrx_word' id='word_1_493' title='bbox 1606 3905 1772 3950; x_wconf 91' lang='lat' dir='ltr'><strong>sunt:</strong></span> <span class='ocrx_word' id='word_1_494' title='bbox 1815 3897 1977 3964; x_wconf 79' lang='grc' dir='ltr'><strong>Ἀγα-</strong></span> 
     </span>
    </p>
   </div>
   <div class='ocr_carea' id='block_1_71' title="bbox 410 3981 1977 4058">
    <p class='ocr_par' dir='ltr' id='par_1_71' title="bbox 410 3981 1977 4058">
     <span class='ocr_line' id='line_1_71' title="bbox 410 3981 1977 4058; baseline 0.003 -22"><span class='ocrx_word' id='word_1_495' title='bbox 410 3981 644 4047; x_wconf 79' lang='grc' dir='ltr'>θοποιία,</span> <span class='ocrx_word' id='word_1_496' title='bbox 677 3986 1064 4058; x_wconf 84' lang='grc' dir='ltr'>ἀγιοπρεπεῖς,</span> <span class='ocrx_word' id='word_1_497' title='bbox 1105 3985 1523 4056; x_wconf 87' lang='grc' dir='ltr'>ἀδελφοκτονία,</span> <span class='ocrx_word' id='word_1_498' title='bbox 1559 3986 1977 4058; x_wconf 76' lang='grc' dir='ltr'>ἀμϐλυωπῆσαι,</span> 
     </span>
    </p>
   </div>
   <div class='ocr_carea' id='block_1_72' title="bbox 409 4074 1981 4149">
    <p class='ocr_par' dir='ltr' id='par_1_72' title="bbox 409 4074 1981 4149">
     <span class='ocr_line' id='line_1_72' title="bbox 409 4074 1981 4149; baseline 0.003 -20"><span class='ocrx_word' id='word_1_499' title='bbox 409 4074 912 4148; x_wconf 78' lang='grc' dir='ltr'>ἀναζωπυρησάτω,</span> <span class='ocrx_word' id='word_1_500' title='bbox 936 4077 1310 4148; x_wconf 83' lang='grc' dir='ltr'>ἀξιαγαπητός</span> <span class='ocrx_word' id='word_1_501' title='bbox 1332 4079 1516 4148; x_wconf 89' lang='lat' dir='ltr'><strong>(quam</strong></span> <span class='ocrx_word' id='word_1_502' title='bbox 1548 4094 1732 4133; x_wconf 87' lang='lat' dir='ltr'><strong>vocem</strong></span> <span class='ocrx_word' id='word_1_503' title='bbox 1756 4079 1808 4132; x_wconf 88' lang='lat' dir='ltr'><strong>in</strong></span> <span class='ocrx_word' id='word_1_504' title='bbox 1829 4078 1981 4149; x_wconf 85' lang='lat' dir='ltr'><strong>lgna-</strong></span> 
     </span>
    </p>
   </div>
   <div class='ocr_carea' id='block_1_73' title="bbox 410 4168 1977 4242">
    <p class='ocr_par' dir='ltr' id='par_1_73' title="bbox 410 4168 1977 4242">
     <span class='ocr_line' id='line_1_73' title="bbox 410 4168 1977 4242; baseline 0.001 -22"><span class='ocrx_word' id='word_1_505' title='bbox 410 4168 486 4223; x_wconf 85' lang='lat' dir='ltr'><strong>tio</strong></span> <span class='ocrx_word' id='word_1_506' title='bbox 509 4168 786 4238; x_wconf 86' lang='lat' dir='ltr'><strong>culpant),</strong></span> <span class='ocrx_word' id='word_1_507' title='bbox 817 4169 1200 4240; x_wconf 84' lang='grc' dir='ltr'>ἀντοφθαλμεῖ,</span> <span class='ocrx_word' id='word_1_508' title='bbox 1230 4171 1612 4240; x_wconf 85' lang='grc' dir='ltr'>ἀπροσκόπως,</span> <span class='ocrx_word' id='word_1_509' title='bbox 1651 4170 1977 4242; x_wconf 82' lang='grc' dir='ltr'>ἀπροσωπο-</span> 
     </span>
    </p>
   </div>
   <div class='ocr_carea' id='block_1_74' title="bbox 405 4259 1976 4334">
    <p class='ocr_par' dir='ltr' id='par_1_74' title="bbox 405 4259 1976 4334">
     <span class='ocr_line' id='line_1_74' title="bbox 405 4259 1976 4334; baseline 0.001 -22"><span class='ocrx_word' id='word_1_510' title='bbox 405 4259 645 4332; x_wconf 84' lang='grc' dir='ltr'>λήπτως,</span> <span class='ocrx_word' id='word_1_511' title='bbox 671 4262 1076 4326; x_wconf 80' lang='grc' dir='ltr'>αὑτεπαίνετος,</span> <span class='ocrx_word' id='word_1_512' title='bbox 1099 4261 1542 4334; x_wconf 81' lang='grc' dir='ltr'>αὐτομολοῦντες,</span> <span class='ocrx_word' id='word_1_513' title='bbox 1571 4262 1976 4332; x_wconf 84' lang='grc' dir='ltr'>δικαιοπραγία,</span> 
     </span>
    </p>
   </div>
   <div class='ocr_carea' id='block_1_75' title="bbox 406 4351 1979 4426">
    <p class='ocr_par' dir='ltr' id='par_1_75' title="bbox 406 4351 1979 4426">
     <span class='ocr_line' id='line_1_75' title="bbox 406 4351 1979 4426; baseline -0.001 -20"><span class='ocrx_word' id='word_1_514' title='bbox 406 4351 924 4425; x_wconf 81' lang='grc' dir='ltr'>δωδεκάσκηπτρον,</span> <span class='ocrx_word' id='word_1_515' title='bbox 958 4353 1402 4426; x_wconf 78' lang='grc' dir='ltr'>ἐργοπαρέκτης,</span> <span class='ocrx_word' id='word_1_516' title='bbox 1439 4353 1815 4425; x_wconf 84' lang='grc' dir='ltr'>ὲτεροκλινεῖς,</span> <span class='ocrx_word' id='word_1_517' title='bbox 1863 4355 1979 4407; x_wconf 84' lang='grc' dir='ltr'>ἑτε-</span> 
     </span>
    </p>
   </div>
   <div class='ocr_carea' id='block_1_76' title="bbox 2150 3241 3647 3314">
    <p class='ocr_par' dir='ltr' id='par_1_76' title="bbox 2150 3241 3647 3314">
     <span class='ocr_line' id='line_1_76' title="bbox 2150 3241 3647 3314; baseline -0.002 -17"><span class='ocrx_word' id='word_1_518' title='bbox 2150 3245 2220 3298; x_wconf 84' lang='lat' dir='ltr'><strong>At</strong></span> <span class='ocrx_word' id='word_1_519' title='bbox 2251 3243 2296 3299; x_wconf 93' lang='lat' dir='ltr'><strong>si</strong></span> <span class='ocrx_word' id='word_1_520' title='bbox 2329 3245 2537 3314; x_wconf 90' lang='lat' dir='ltr'><strong>poetica</strong></span> <span class='ocrx_word' id='word_1_521' title='bbox 2577 3258 2684 3298; x_wconf 93' lang='lat' dir='ltr'><strong>non</strong></span> <span class='ocrx_word' id='word_1_522' title='bbox 2729 3243 2872 3311; x_wconf 93' lang='lat' dir='ltr'><strong>sint,</strong></span> <span class='ocrx_word' id='word_1_523' title='bbox 2919 3259 3046 3298; x_wconf 87' lang='lat' dir='ltr'><strong>rara</strong></span> <span class='ocrx_word' id='word_1_524' title='bbox 3081 3252 3266 3298; x_wconf 88' lang='lat' dir='ltr'><strong>tamen</strong></span> <span class='ocrx_word' id='word_1_525' title='bbox 3295 3251 3422 3298; x_wconf 89' lang='lat' dir='ltr'><strong>sunt</strong></span> <span class='ocrx_word' id='word_1_526' title='bbox 3460 3250 3514 3296; x_wconf 89' lang='lat' dir='ltr'><strong>et</strong></span> <span class='ocrx_word' id='word_1_527' title='bbox 3563 3241 3647 3295; x_wconf 87' lang='lat' dir='ltr'><strong>in-</strong></span> 
     </span>
    </p>
   </div>
   <div class='ocr_carea' id='block_1_77' title="bbox 2081 3332 3653 3404">
    <p class='ocr_par' dir='ltr' id='par_1_77' title="bbox 2081 3332 3653 3404">
     <span class='ocr_line' id='line_1_77' title="bbox 2081 3332 3653 3404; baseline -0.003 -15"><span class='ocrx_word' id='word_1_528' title='bbox 2081 3335 2302 3389; x_wconf 90' lang='lat' dir='ltr'><strong>usitata.</strong></span> <span class='ocrx_word' id='word_1_529' title='bbox 2335 3334 2609 3389; x_wconf 89' lang='lat' dir='ltr'><strong>Fortasse.</strong></span> <span class='ocrx_word' id='word_1_530' title='bbox 2644 3333 2808 3388; x_wconf 83' lang='lat' dir='ltr'><strong>Multa</strong></span> <span class='ocrx_word' id='word_1_531' title='bbox 2836 3335 3055 3404; x_wconf 92' lang='lat' dir='ltr'><strong>quidem</strong></span> <span class='ocrx_word' id='word_1_532' title='bbox 3084 3334 3347 3388; x_wconf 89' lang='lat' dir='ltr'><strong>vocabula</strong></span> <span class='ocrx_word' id='word_1_533' title='bbox 3378 3332 3653 3402; x_wconf 81' lang='lat' dir='ltr'><strong>ejusmodi</strong></span> 
     </span>
    </p>
   </div>
   <div class='ocr_carea' id='block_1_78' title="bbox 2080 3424 3648 3494">
    <p class='ocr_par' dir='ltr' id='par_1_78' title="bbox 2080 3424 3648 3494">
     <span class='ocr_line' id='line_1_78' title="bbox 2080 3424 3648 3494; baseline -0.004 -13"><span class='ocrx_word' id='word_1_534' title='bbox 2080 3436 2227 3490; x_wconf 88' lang='lat' dir='ltr'><strong>sunt,</strong></span> <span class='ocrx_word' id='word_1_535' title='bbox 2262 3435 2324 3480; x_wconf 93' lang='lat' dir='ltr'><strong>ut</strong></span> <span class='ocrx_word' id='word_1_536' title='bbox 2346 3427 2447 3481; x_wconf 90' lang='lat' dir='ltr'><strong>sub</strong></span> <span class='ocrx_word' id='word_1_537' title='bbox 2475 3426 2631 3480; x_wconf 89' lang='lat' dir='ltr'><strong>initio</strong></span> <span class='ocrx_word' id='word_1_538' title='bbox 2663 3425 3066 3481; x_wconf 83' lang='lat' dir='ltr'><strong>Cltristianismi</strong></span> <span class='ocrx_word' id='word_1_539' title='bbox 3097 3441 3206 3478; x_wconf 93' lang='lat' dir='ltr'><strong>non</strong></span> <span class='ocrx_word' id='word_1_540' title='bbox 3238 3424 3514 3494; x_wconf 83' lang='lat' dir='ltr'><strong>potuerint</strong></span> <span class='ocrx_word' id='word_1_541' title='bbox 3542 3440 3648 3475; x_wconf 89' lang='lat' dir='ltr'><strong>non</strong></span> 
     </span>
    </p>
   </div>
   <div class='ocr_carea' id='block_1_79' title="bbox 2079 3515 3651 3587">
    <p class='ocr_par' dir='ltr' id='par_1_79' title="bbox 2079 3515 3651 3587">
     <span class='ocr_line' id='line_1_79' title="bbox 2079 3515 3651 3587; baseline -0.006 -14"><span class='ocrx_word' id='word_1_542' title='bbox 2079 3532 2200 3573; x_wconf 89' lang='lat' dir='ltr'><strong>esse</strong></span> <span class='ocrx_word' id='word_1_543' title='bbox 2233 3517 2522 3584; x_wconf 89' lang='lat' dir='ltr'><strong>inusitata,</strong></span> <span class='ocrx_word' id='word_1_544' title='bbox 2550 3532 2671 3586; x_wconf 73' lang='lat' dir='ltr'><strong>quae</strong></span> <span class='ocrx_word' id='word_1_545' title='bbox 2715 3533 2784 3571; x_wconf 83' lang='lat' dir='ltr'><strong>ex</strong></span> <span class='ocrx_word' id='word_1_546' title='bbox 2832 3518 3097 3587; x_wconf 79' lang='lat' dir='ltr'><strong>religione</strong></span> <span class='ocrx_word' id='word_1_547' title='bbox 3127 3515 3439 3571; x_wconf 87' lang='lat' dir='ltr'><strong>Christiana</strong></span> <span class='ocrx_word' id='word_1_548' title='bbox 3485 3515 3651 3584; x_wconf 80' lang='lat' dir='ltr'><strong>origi-</strong></span> 
     </span>
    </p>
   </div>
   <div class='ocr_carea' id='block_1_80' title="bbox 2080 3609 3651 3681">
    <p class='ocr_par' dir='ltr' id='par_1_80' title="bbox 2080 3609 3651 3681">
     <span class='ocr_line' id='line_1_80' title="bbox 2080 3609 3651 3681; baseline -0.003 -18"><span class='ocrx_word' id='word_1_549' title='bbox 2080 3623 2204 3663; x_wconf 89' lang='lat' dir='ltr'><strong>nem</strong></span> <span class='ocrx_word' id='word_1_550' title='bbox 2239 3618 2612 3678; x_wconf 89' lang='lat' dir='ltr'><strong>sumpserunt,</strong></span> <span class='ocrx_word' id='word_1_551' title='bbox 2646 3619 2704 3663; x_wconf 89' lang='lat' dir='ltr'><strong>ut</strong></span> <span class='ocrx_word' id='word_1_552' title='bbox 2735 3609 3087 3681; x_wconf 82' lang='grc' dir='ltr'>σαρκοφόρος,</span> <span class='ocrx_word' id='word_1_553' title='bbox 3117 3609 3401 3678; x_wconf 85' lang='grc' dir='ltr'>θεοφόρος,</span> <span class='ocrx_word' id='word_1_554' title='bbox 3434 3623 3651 3679; x_wconf 86' lang='grc' dir='ltr'>χριστο-</span> 
     </span>
    </p>
   </div>
   <div class='ocr_carea' id='block_1_81' title="bbox 2080 3698 3650 3774">
    <p class='ocr_par' dir='ltr' id='par_1_81' title="bbox 2080 3698 3650 3774">
     <span class='ocr_line' id='line_1_81' title="bbox 2080 3698 3650 3774; baseline -0.001 -22"><span class='ocrx_word' id='word_1_555' title='bbox 2080 3699 2263 3771; x_wconf 89' lang='grc' dir='ltr'>φόρος,</span> <span class='ocrx_word' id='word_1_556' title='bbox 2299 3701 2581 3772; x_wconf 88' lang='grc' dir='ltr'>ναοφὸρος,</span> <span class='ocrx_word' id='word_1_557' title='bbox 2615 3699 3012 3774; x_wconf 86' lang='grc' dir='ltr'>χριστώνυμος.</span> <span class='ocrx_word' id='word_1_558' title='bbox 3063 3698 3216 3753; x_wconf 87' lang='lat' dir='ltr'><strong>Talia</strong></span> <span class='ocrx_word' id='word_1_559' title='bbox 3244 3699 3650 3769; x_wconf 89' lang='lat' dir='ltr'><strong>quamplurima</strong></span> 
     </span>
    </p>
   </div>
   <div class='ocr_carea' id='block_1_82' title="bbox 2080 3791 3652 3862">
    <p class='ocr_par' dir='ltr' id='par_1_82' title="bbox 2080 3791 3652 3862">
     <span class='ocr_line' id='line_1_82' title="bbox 2080 3791 3652 3862; baseline -0.003 -17"><span class='ocrx_word' id='word_1_560' title='bbox 2080 3791 2134 3845; x_wconf 90' lang='lat' dir='ltr'><strong>in</strong></span> <span class='ocrx_word' id='word_1_561' title='bbox 2161 3791 2313 3846; x_wconf 83' lang='lat' dir='ltr'><strong>Novo</strong></span> <span class='ocrx_word' id='word_1_562' title='bbox 2346 3791 2698 3847; x_wconf 85' lang='lat' dir='ltr'><strong>Testamento</strong></span> <span class='ocrx_word' id='word_1_563' title='bbox 2733 3803 2969 3859; x_wconf 81' lang='lat' dir='ltr'><strong>exstant,</strong></span> <span class='ocrx_word' id='word_1_564' title='bbox 3001 3807 3123 3862; x_wconf 72' lang='lat' dir='ltr'><strong>quae</strong></span> <span class='ocrx_word' id='word_1_565' title='bbox 3156 3807 3280 3846; x_wconf 93' lang='lat' dir='ltr'><strong>cum</strong></span> <span class='ocrx_word' id='word_1_566' title='bbox 3315 3791 3490 3861; x_wconf 89' lang='lat' dir='ltr'><strong>prima</strong></span> <span class='ocrx_word' id='word_1_567' title='bbox 3519 3805 3652 3858; x_wconf 90' lang='lat' dir='ltr'><strong>apo-</strong></span> 
     </span>
    </p>
   </div>
   <div class='ocr_carea' id='block_1_83' title="bbox 2080 3881 3655 3953">
    <p class='ocr_par' dir='ltr' id='par_1_83' title="bbox 2080 3881 3655 3953">
     <span class='ocr_line' id='line_1_83' title="bbox 2080 3881 3655 3953; baseline -0.004 -15"><span class='ocrx_word' id='word_1_568' title='bbox 2080 3885 2345 3938; x_wconf 89' lang='lat' dir='ltr'><strong>stolorum</strong></span> <span class='ocrx_word' id='word_1_569' title='bbox 2375 3885 2759 3953; x_wconf 65' lang='lat' dir='ltr'><strong>praedicatione</strong></span> <span class='ocrx_word' id='word_1_570' title='bbox 2789 3893 2916 3939; x_wconf 89' lang='lat' dir='ltr'><strong>nata</strong></span> <span class='ocrx_word' id='word_1_571' title='bbox 2948 3894 3096 3947; x_wconf 91' lang='lat' dir='ltr'><strong>sunt,</strong></span> <span class='ocrx_word' id='word_1_572' title='bbox 3141 3892 3201 3937; x_wconf 92' lang='lat' dir='ltr'><strong>ut</strong></span> <span class='ocrx_word' id='word_1_573' title='bbox 3241 3881 3655 3952; x_wconf 65' lang='grc' dir='ltr'>ψευδόχριστος,</span> 
     </span>
    </p>
   </div>
   <div class='ocr_carea' id='block_1_84' title="bbox 2079 3973 3650 4049">
    <p class='ocr_par' dir='ltr' id='par_1_84' title="bbox 2079 3973 3650 4049">
     <span class='ocr_line' id='line_1_84' title="bbox 2079 3973 3650 4049; baseline -0.003 -19"><span class='ocrx_word' id='word_1_574' title='bbox 2079 3977 2438 4049; x_wconf 86' lang='grc' dir='ltr'>ἀντίχριστος,</span> <span class='ocrx_word' id='word_1_575' title='bbox 2483 3976 2871 4047; x_wconf 83' lang='grc' dir='ltr'>ψευδάδελφος,</span> <span class='ocrx_word' id='word_1_576' title='bbox 2917 3975 3290 4046; x_wconf 84' lang='grc' dir='ltr'>κατανάθεμα.</span> <span class='ocrx_word' id='word_1_577' title='bbox 3339 3973 3453 4028; x_wconf 88' lang='lat' dir='ltr'><strong>Hoc</strong></span> <span class='ocrx_word' id='word_1_578' title='bbox 3490 3983 3543 4028; x_wconf 89' lang='lat' dir='ltr'><strong>el</strong></span> <span class='ocrx_word' id='word_1_579' title='bbox 3593 3975 3650 4026; x_wconf 89' lang='lat' dir='ltr'><strong>in</strong></span> 
     </span>
    </p>
   </div>
   <div class='ocr_carea' id='block_1_85' title="bbox 2079 4062 3653 4137">
    <p class='ocr_par' dir='ltr' id='par_1_85' title="bbox 2079 4062 3653 4137">
     <span class='ocr_line' id='line_1_85' title="bbox 2079 4062 3653 4137; baseline -0.003 -15"><span class='ocrx_word' id='word_1_580' title='bbox 2079 4068 2246 4133; x_wconf 79' lang='lat' dir='ltr'><strong>sectis</strong></span> <span class='ocrx_word' id='word_1_581' title='bbox 2266 4067 2720 4137; x_wconf 88' lang='lat' dir='ltr'><strong>philosophorum</strong></span> <span class='ocrx_word' id='word_1_582' title='bbox 2753 4082 2967 4136; x_wconf 89' lang='lat' dir='ltr'><strong>semper</strong></span> <span class='ocrx_word' id='word_1_583' title='bbox 2994 4067 3341 4121; x_wconf 87' lang='lat' dir='ltr'><strong>observatum</strong></span> <span class='ocrx_word' id='word_1_584' title='bbox 3371 4073 3472 4119; x_wconf 90' lang='lat' dir='ltr'><strong>est.</strong></span> <span class='ocrx_word' id='word_1_585' title='bbox 3499 4083 3516 4115; x_wconf 74' lang='grc' dir='ltr'>ι</span> <span class='ocrx_word' id='word_1_586' title='bbox 3551 4062 3653 4118; x_wconf 85' lang='lat' dir='ltr'><strong>Ze-</strong></span> 
     </span>
    </p>
   </div>
   <div class='ocr_carea' id='block_1_86' title="bbox 2078 4158 3650 4228">
    <p class='ocr_par' dir='ltr' id='par_1_86' title="bbox 2078 4158 3650 4228">
     <span class='ocr_line' id='line_1_86' title="bbox 2078 4158 3650 4228; baseline -0.001 -16"><span class='ocrx_word' id='word_1_587' title='bbox 2078 4174 2150 4212; x_wconf 87' lang='lat' dir='ltr'><strong>no</strong></span> <span class='ocrx_word' id='word_1_588' title='bbox 2182 4158 2433 4228; x_wconf 86' lang='lat' dir='ltr'><strong>plurimis</strong></span> <span class='ocrx_word' id='word_1_589' title='bbox 2470 4159 2629 4214; x_wconf 83' lang='lat' dir='ltr'><strong>novis</strong></span> <span class='ocrx_word' id='word_1_590' title='bbox 2662 4159 2842 4214; x_wconf 87' lang='lat' dir='ltr'><strong>verbis</strong></span> <span class='ocrx_word' id='word_1_591' title='bbox 2877 4175 3010 4214; x_wconf 90' lang='lat' dir='ltr'><strong>usus</strong></span> <span class='ocrx_word' id='word_1_592' title='bbox 3041 4167 3157 4221; x_wconf 87' lang='lat' dir='ltr'><strong>est;</strong></span> <span class='ocrx_word' id='word_1_593' title='bbox 3191 4173 3332 4213; x_wconf 87' lang='lat' dir='ltr'><strong>nova</strong></span> <span class='ocrx_word' id='word_1_594' title='bbox 3377 4159 3525 4212; x_wconf 87' lang='lat' dir='ltr'><strong>enim</strong></span> <span class='ocrx_word' id='word_1_595' title='bbox 3561 4158 3650 4212; x_wconf 82' lang='lat' dir='ltr'><strong>di-</strong></span> 
     </span>
    </p>
   </div>
   <div class='ocr_carea' id='block_1_87' title="bbox 2079 4249 3654 4320">
    <p class='ocr_par' dir='ltr' id='par_1_87' title="bbox 2079 4249 3654 4320">
     <span class='ocr_line' id='line_1_87' title="bbox 2079 4249 3654 4320; baseline -0.001 -15"><span class='ocrx_word' id='word_1_596' title='bbox 2079 4251 2255 4305; x_wconf 88' lang='lat' dir='ltr'><strong>cebat.</strong></span> <span class='ocrx_word' id='word_1_597' title='bbox 2286 4269 2304 4302; x_wconf 82' lang='grc'><strong>›</strong></span> <span class='ocrx_word' id='word_1_598' title='bbox 2343 4249 2497 4320; x_wconf 86' lang='lat' dir='ltr'><strong>Apud</strong></span> <span class='ocrx_word' id='word_1_599' title='bbox 2521 4251 2781 4305; x_wconf 81' lang='lat' dir='ltr'><strong>Arianum</strong></span> <span class='ocrx_word' id='word_1_600' title='bbox 2810 4251 3129 4320; x_wconf 90' lang='lat' dir='ltr'><strong>scriptorem</strong></span> <span class='ocrx_word' id='word_1_601' title='bbox 3160 4251 3295 4306; x_wconf 87' lang='lat' dir='ltr'><strong>satis</strong></span> <span class='ocrx_word' id='word_1_602' title='bbox 3320 4250 3654 4320; x_wconf 81' lang='lat' dir='ltr'><strong>castigatum</strong></span> 
     </span>
    </p>
   </div>
   <div class='ocr_carea' id='block_1_88' title="bbox 2078 4343 3652 4413">
    <p class='ocr_par' dir='ltr' id='par_1_88' title="bbox 2078 4343 3652 4413">
     <span class='ocr_line' id='line_1_88' title="bbox 2078 4343 3652 4413; baseline 0.001 -16"><span class='ocrx_word' id='word_1_603' title='bbox 2078 4358 2240 4398; x_wconf 90' lang='lat' dir='ltr'><strong>voces</strong></span> <span class='ocrx_word' id='word_1_604' title='bbox 2273 4343 2409 4398; x_wconf 88' lang='lat' dir='ltr'><strong>mire</strong></span> <span class='ocrx_word' id='word_1_605' title='bbox 2441 4343 2772 4413; x_wconf 89' lang='lat' dir='ltr'><strong>compositas</strong></span> <span class='ocrx_word' id='word_1_606' title='bbox 2817 4344 3066 4399; x_wconf 89' lang='lat' dir='ltr'><strong>invenies</strong></span> <span class='ocrx_word' id='word_1_607' title='bbox 3091 4384 3107 4409; x_wconf 90' lang='lat'><strong>,</strong></span> <span class='ocrx_word' id='word_1_608' title='bbox 3139 4358 3261 4413; x_wconf 66' lang='lat' dir='ltr'><strong>quae</strong></span> <span class='ocrx_word' id='word_1_609' title='bbox 3301 4358 3331 4396; x_wconf 93' lang='lat' dir='ltr'><strong>a</strong></span> <span class='ocrx_word' id='word_1_610' title='bbox 3362 4343 3554 4397; x_wconf 91' lang='lat' dir='ltr'><strong>stoicis</strong></span> <span class='ocrx_word' id='word_1_611' title='bbox 3583 4359 3652 4398; x_wconf 77' lang='lat' dir='ltr'><strong>ex</strong></span> 
     </span>
    </p>
   </div>
   <div class='ocr_carea' id='block_1_89' title="bbox 408 4435 1980 4515">
    <p class='ocr_par' dir='ltr' id='par_1_89' title="bbox 408 4441 1973 4515">
     <span class='ocr_line' id='line_1_89' title="bbox 408 4441 1973 4515; baseline 0.001 -21"><span class='ocrx_word' id='word_1_612' title='bbox 408 4441 735 4513; x_wconf 85' lang='grc' dir='ltr'>ρογνώμων,</span> <span class='ocrx_word' id='word_1_613' title='bbox 790 4443 1159 4515; x_wconf 86' lang='grc' dir='ltr'>εὐπρόσδεκτα</span> <span class='ocrx_word' id='word_1_614' title='bbox 1183 4484 1198 4509; x_wconf 95' lang='grc'><strong>,</strong></span> <span class='ocrx_word' id='word_1_615' title='bbox 1260 4443 1581 4512; x_wconf 85' lang='grc' dir='ltr'>Θεοστυγία,</span> <span class='ocrx_word' id='word_1_616' title='bbox 1633 4443 1973 4512; x_wconf 80' lang='grc' dir='ltr'>κοινωφελές,</span> 
     </span>
    </p>
   </div>
   <div class='ocr_carea' id='block_1_90' title="bbox 2082 4435 3648 4515">
    <p class='ocr_par' dir='ltr' id='par_1_90' title="bbox 2082 4435 3648 4507">
     <span class='ocr_line' id='line_1_90' title="bbox 2082 4435 3648 4507; baseline -0.001 -19"><span class='ocrx_word' id='word_1_617' title='bbox 2082 4435 2324 4506; x_wconf 91' lang='lat' dir='ltr'><strong>ipsorum</strong></span> <span class='ocrx_word' id='word_1_618' title='bbox 2355 4436 2603 4490; x_wconf 88' lang='lat' dir='ltr'><strong>doctrina</strong></span> <span class='ocrx_word' id='word_1_619' title='bbox 2632 4445 2760 4491; x_wconf 92' lang='lat' dir='ltr'><strong>sunt</strong></span> <span class='ocrx_word' id='word_1_620' title='bbox 2792 4437 3129 4507; x_wconf 62' lang='lat' dir='ltr'><strong>excogitatae,</strong></span> <span class='ocrx_word' id='word_1_621' title='bbox 3172 4445 3232 4489; x_wconf 94' lang='lat' dir='ltr'><strong>ut</strong></span> <span class='ocrx_word' id='word_1_622' title='bbox 3276 4435 3648 4507; x_wconf 84' lang='grc' dir='ltr'>μικρόδουλον,</span> 
     </span>
    </p>
   </div>
   <div class='ocr_carea' id='block_1_91' title="bbox 405 4528 1976 4606">
    <p class='ocr_par' dir='ltr' id='par_1_91' title="bbox 405 4528 1976 4606">
     <span class='ocr_line' id='line_1_91' title="bbox 405 4528 1976 4606; baseline 0.003 -24"><span class='ocrx_word' id='word_1_623' title='bbox 405 4528 766 4602; x_wconf 84' lang='grc' dir='ltr'>κυοφοροῦσα,</span> <span class='ocrx_word' id='word_1_624' title='bbox 801 4531 1193 4597; x_wconf 89' lang='grc' dir='ltr'>λειποτακτεῖν,</span> <span class='ocrx_word' id='word_1_625' title='bbox 1228 4533 1599 4604; x_wconf 89' lang='grc' dir='ltr'>ματαιοπονία,</span> <span class='ocrx_word' id='word_1_626' title='bbox 1637 4533 1976 4606; x_wconf 78' lang='grc' dir='ltr'>μεγαλορῤη-</span> 
     </span>
    </p>
   </div>
   <div class='ocr_carea' id='block_1_92' title="bbox 409 4622 1974 4698">
    <p class='ocr_par' dir='ltr' id='par_1_92' title="bbox 409 4622 1974 4698">
     <span class='ocr_line' id='line_1_92' title="bbox 409 4622 1974 4698; baseline 0.004 -26"><span class='ocrx_word' id='word_1_627' title='bbox 409 4622 626 4690; x_wconf 79' lang='grc' dir='ltr'>μονεῖν,</span> <span class='ocrx_word' id='word_1_628' title='bbox 696 4623 1158 4695; x_wconf 83' lang='grc' dir='ltr'>μωμοσκοπηθέν,</span> <span class='ocrx_word' id='word_1_629' title='bbox 1235 4627 1571 4697; x_wconf 84' lang='grc' dir='ltr'>οίκουργεῖν,</span> <span class='ocrx_word' id='word_1_630' title='bbox 1650 4629 1974 4698; x_wconf 88' lang='grc' dir='ltr'>πτεροφυεῖ,</span> 
     </span>
    </p>
   </div>
   <div class='ocr_carea' id='block_1_93' title="bbox 404 4711 1974 4789">
    <p class='ocr_par' dir='ltr' id='par_1_93' title="bbox 404 4711 1974 4789">
     <span class='ocr_line' id='line_1_93' title="bbox 404 4711 1974 4789; baseline 0.006 -27"><span class='ocrx_word' id='word_1_631' title='bbox 404 4711 988 4784; x_wconf 78' lang='grc' dir='ltr'>προοδοιπορήσαντες,</span> <span class='ocrx_word' id='word_1_632' title='bbox 1029 4714 1433 4786; x_wconf 74' lang='grc' dir='ltr'>ῥιψοκινδύνως,</span> <span class='ocrx_word' id='word_1_633' title='bbox 1471 4717 1974 4789; x_wconf 83' lang='grc' dir='ltr'>χρησμοδοτεῖσθαι,</span> 
     </span>
    </p>
   </div>
   <div class='ocr_carea' id='block_1_94' title="bbox 403 4801 1978 4879">
    <p class='ocr_par' dir='ltr' id='par_1_94' title="bbox 403 4801 1978 4879">
     <span class='ocr_line' id='line_1_94' title="bbox 403 4801 1978 4879; baseline 0.006 -26"><span class='ocrx_word' id='word_1_634' title='bbox 403 4801 752 4874; x_wconf 75' lang='grc' dir='ltr'>φυλλορροεῖ,</span> <span class='ocrx_word' id='word_1_635' title='bbox 786 4803 1102 4874; x_wconf 69' lang='grc' dir='ltr'>φιλαδελφία</span> <span class='ocrx_word' id='word_1_636' title='bbox 1121 4847 1136 4872; x_wconf 95' lang='grc'><strong>,</strong></span> <span class='ocrx_word' id='word_1_637' title='bbox 1166 4817 1222 4863; x_wconf 89' lang='lat' dir='ltr'><strong>et</strong></span> <span class='ocrx_word' id='word_1_638' title='bbox 1247 4823 1278 4861; x_wconf 91' lang='lat' dir='ltr'><strong>a</strong></span> <span class='ocrx_word' id='word_1_639' title='bbox 1309 4810 1416 4861; x_wconf 81' lang='grc' dir='ltr'>πᾶν</span> <span class='ocrx_word' id='word_1_640' title='bbox 1445 4811 1747 4878; x_wconf 86' lang='lat' dir='ltr'><strong>composita</strong></span> <span class='ocrx_word' id='word_1_641' title='bbox 1787 4825 1978 4879; x_wconf 90' lang='lat' dir='ltr'><strong>quam-</strong></span> 
     </span>
    </p>
   </div>
   <div class='ocr_carea' id='block_1_95' title="bbox 401 4896 1978 4972">
    <p class='ocr_par' dir='ltr' id='par_1_95' title="bbox 401 4896 1978 4972">
     <span class='ocr_line' id='line_1_95' title="bbox 401 4896 1978 4972; baseline 0.005 -23"><span class='ocrx_word' id='word_1_642' title='bbox 401 4896 662 4969; x_wconf 90' lang='lat' dir='ltr'><strong>plurima,</strong></span> <span class='ocrx_word' id='word_1_643' title='bbox 698 4896 765 4952; x_wconf 89' lang='lat' dir='ltr'><strong>de</strong></span> <span class='ocrx_word' id='word_1_644' title='bbox 796 4899 996 4968; x_wconf 81' lang='lat' dir='ltr'><strong>quibus</strong></span> <span class='ocrx_word' id='word_1_645' title='bbox 1031 4901 1298 4971; x_wconf 86' lang='lat' dir='ltr'><strong>agendum</strong></span> <span class='ocrx_word' id='word_1_646' title='bbox 1330 4911 1538 4972; x_wconf 90' lang='lat' dir='ltr'><strong>postea.</strong></span> <span class='ocrx_word' id='word_1_647' title='bbox 1571 4902 1646 4958; x_wconf 91' lang='lat' dir='ltr'><strong>De</strong></span> <span class='ocrx_word' id='word_1_648' title='bbox 1675 4903 1978 4958; x_wconf 87' lang='lat' dir='ltr'><strong>multitudi-</strong></span> 
     </span>
    </p>
   </div>
   <div class='ocr_carea' id='block_1_96' title="bbox 406 4993 1976 5065">
    <p class='ocr_par' dir='ltr' id='par_1_96' title="bbox 406 4993 1976 5065">
     <span class='ocr_line' id='line_1_96' title="bbox 406 4993 1976 5065; baseline 0.004 -21"><span class='ocrx_word' id='word_1_649' title='bbox 406 5005 475 5045; x_wconf 88' lang='lat' dir='ltr'><strong>ne</strong></span> <span class='ocrx_word' id='word_1_650' title='bbox 515 5004 709 5045; x_wconf 90' lang='lat' dir='ltr'><strong>vocum</strong></span> <span class='ocrx_word' id='word_1_651' title='bbox 750 4993 899 5046; x_wconf 88' lang='lat' dir='ltr'><strong>varie</strong></span> <span class='ocrx_word' id='word_1_652' title='bbox 953 4993 1385 5062; x_wconf 88' lang='lat' dir='ltr'><strong>compositarum</strong></span> <span class='ocrx_word' id='word_1_653' title='bbox 1437 4994 1630 5050; x_wconf 83' lang='lat' dir='ltr'><strong>frivola</strong></span> <span class='ocrx_word' id='word_1_654' title='bbox 1680 4995 1840 5065; x_wconf 91' lang='lat' dir='ltr'><strong>plane</strong></span> <span class='ocrx_word' id='word_1_655' title='bbox 1892 5006 1976 5051; x_wconf 91' lang='lat' dir='ltr'><strong>est</strong></span> 
     </span>
    </p>
   </div>
   <div class='ocr_carea' id='block_1_97' title="bbox 401 5083 1973 5160">
    <p class='ocr_par' dir='ltr' id='par_1_97' title="bbox 401 5083 1973 5160">
     <span class='ocr_line' id='line_1_97' title="bbox 401 5083 1973 5160; baseline 0.006 -24"><span class='ocrx_word' id='word_1_656' title='bbox 401 5083 650 5152; x_wconf 82' lang='lat' dir='ltr'><strong>exceptio</strong></span> <span class='ocrx_word' id='word_1_657' title='bbox 681 5091 732 5138; x_wconf 91' lang='lat' dir='ltr'><strong>et</strong></span> <span class='ocrx_word' id='word_1_658' title='bbox 789 5085 998 5142; x_wconf 84' lang='lat' dir='ltr'><strong>criticis</strong></span> <span class='ocrx_word' id='word_1_659' title='bbox 1050 5088 1255 5143; x_wconf 89' lang='lat' dir='ltr'><strong>nostris</strong></span> <span class='ocrx_word' id='word_1_660' title='bbox 1309 5087 1531 5158; x_wconf 86' lang='lat' dir='ltr'><strong>indigna</strong></span> <span class='ocrx_word' id='word_1_661' title='bbox 1557 5129 1572 5155; x_wconf 94' lang='lat'><strong>,</strong></span> <span class='ocrx_word' id='word_1_662' title='bbox 1608 5090 1676 5144; x_wconf 92' lang='lat' dir='ltr'><strong>de</strong></span> <span class='ocrx_word' id='word_1_663' title='bbox 1710 5091 1973 5160; x_wconf 88' lang='lat' dir='ltr'><strong>qualitate</strong></span> 
     </span>
    </p>
   </div>
   <div class='ocr_carea' id='block_1_98' title="bbox 402 5173 798 5244">
    <p class='ocr_par' dir='ltr' id='par_1_98' title="bbox 402 5173 798 5244">
     <span class='ocr_line' id='line_1_98' title="bbox 402 5173 798 5244; baseline 0.003 -16"><span class='ocrx_word' id='word_1_664' title='bbox 402 5173 576 5228; x_wconf 90' lang='lat' dir='ltr'><strong>multo</strong></span> <span class='ocrx_word' id='word_1_665' title='bbox 605 5173 798 5244; x_wconf 90' lang='lat' dir='ltr'><strong>magis.</strong></span> 
     </span>
    </p>
   </div>
   <div class='ocr_carea' id='block_1_99' title="bbox 472 5267 1976 5338">
    <p class='ocr_par' dir='ltr' id='par_1_99' title="bbox 472 5267 1976 5338">
     <span class='ocr_line' id='line_1_99' title="bbox 472 5267 1976 5338; baseline 0.003 -16"><span class='ocrx_word' id='word_1_666' title='bbox 472 5267 674 5338; x_wconf 90' lang='lat' dir='ltr'><strong>Objicit</strong></span> <span class='ocrx_word' id='word_1_667' title='bbox 717 5270 860 5323; x_wconf 91' lang='lat' dir='ltr'><strong>enim</strong></span> <span class='ocrx_word' id='word_1_668' title='bbox 897 5270 1137 5326; x_wconf 91' lang='lat' dir='ltr'><strong>secundo</strong></span> <span class='ocrx_word' id='word_1_669' title='bbox 1183 5269 1412 5326; x_wconf 76' lang='lat' dir='ltr'><strong>Dallaeus</strong></span> <span class='ocrx_word' id='word_1_670' title='bbox 1438 5270 1706 5326; x_wconf 88' lang='lat' dir='ltr'><strong>vocabula</strong></span> <span class='ocrx_word' id='word_1_671' title='bbox 1736 5271 1853 5326; x_wconf 70' lang='lat' dir='ltr'><strong>haec</strong></span> <span class='ocrx_word' id='word_1_672' title='bbox 1873 5272 1976 5326; x_wconf 88' lang='lat' dir='ltr'><strong>mi—</strong></span> 
     </span>
    </p>
   </div>
   <div class='ocr_carea' id='block_1_100' title="bbox 400 5354 1972 5430">
    <p class='ocr_par' dir='ltr' id='par_1_100' title="bbox 400 5354 1972 5430">
     <span class='ocr_line' id='line_1_100' title="bbox 400 5354 1972 5430; baseline 0.002 -18"><span class='ocrx_word' id='word_1_673' title='bbox 400 5354 555 5412; x_wconf 84' lang='lat' dir='ltr'><strong>riﬁce</strong></span> <span class='ocrx_word' id='word_1_674' title='bbox 587 5359 891 5428; x_wconf 89' lang='lat' dir='ltr'><strong>composita</strong></span> <span class='ocrx_word' id='word_1_675' title='bbox 930 5374 1052 5414; x_wconf 89' lang='lat' dir='ltr'><strong>esse</strong></span> <span class='ocrx_word' id='word_1_676' title='bbox 1093 5360 1325 5429; x_wconf 91' lang='lat' dir='ltr'><strong>poetica,</strong></span> <span class='ocrx_word' id='word_1_677' title='bbox 1359 5361 1504 5430; x_wconf 89' lang='lat' dir='ltr'><strong>quod</strong></span> <span class='ocrx_word' id='word_1_678' title='bbox 1534 5370 1721 5430; x_wconf 90' lang='lat' dir='ltr'><strong>aperte</strong></span> <span class='ocrx_word' id='word_1_679' title='bbox 1770 5359 1972 5416; x_wconf 89' lang='lat' dir='ltr'><strong>falsum</strong></span> 
     </span>
    </p>
   </div>
   <div class='ocr_carea' id='block_1_101' title="bbox 398 5447 1970 5519">
    <p class='ocr_par' dir='ltr' id='par_1_101' title="bbox 398 5447 1970 5519">
     <span class='ocr_line' id='line_1_101' title="bbox 398 5447 1970 5519; baseline 0.001 -17"><span class='ocrx_word' id='word_1_680' title='bbox 398 5455 507 5502; x_wconf 78' lang='lat' dir='ltr'><strong>est.</strong></span> <span class='ocrx_word' id='word_1_681' title='bbox 531 5447 784 5503; x_wconf 85' lang='lat' dir='ltr'><strong>Veterum</strong></span> <span class='ocrx_word' id='word_1_682' title='bbox 817 5449 1035 5518; x_wconf 89' lang='lat' dir='ltr'><strong>quidem</strong></span> <span class='ocrx_word' id='word_1_683' title='bbox 1066 5450 1542 5519; x_wconf 87' lang='lat' dir='ltr'><strong>grammaticorum</strong></span> <span class='ocrx_word' id='word_1_684' title='bbox 1573 5453 1839 5506; x_wconf 88' lang='lat' dir='ltr'><strong>sententia</strong></span> <span class='ocrx_word' id='word_1_685' title='bbox 1858 5460 1970 5506; x_wconf 88' lang='lat' dir='ltr'><strong>est:</strong></span> 
     </span>
    </p>
   </div>
   <div class='ocr_carea' id='block_1_102' title="bbox 399 5538 1970 5613">
    <p class='ocr_par' dir='ltr' id='par_1_102' title="bbox 399 5538 1970 5613">
     <span class='ocr_line' id='line_1_102' title="bbox 399 5538 1970 5613; baseline 0.003 -21"><span class='ocrx_word' id='word_1_686' title='bbox 399 5538 557 5592; x_wconf 83' lang='grc' dir='ltr'>Ξέναι</span> <span class='ocrx_word' id='word_1_687' title='bbox 585 5539 861 5604; x_wconf 80' lang='grc' dir='ltr'>συνθέσεις</span> <span class='ocrx_word' id='word_1_688' title='bbox 902 5540 1140 5611; x_wconf 85' lang='grc' dir='ltr'>ποιητῶν</span> <span class='ocrx_word' id='word_1_689' title='bbox 1168 5541 1521 5613; x_wconf 85' lang='grc' dir='ltr'>τολμήματα,</span> <span class='ocrx_word' id='word_1_690' title='bbox 1568 5549 1622 5596; x_wconf 84' lang='lat' dir='ltr'><strong>et</strong></span> <span class='ocrx_word' id='word_1_691' title='bbox 1661 5541 1729 5596; x_wconf 89' lang='lat' dir='ltr'><strong>ad</strong></span> <span class='ocrx_word' id='word_1_692' title='bbox 1763 5543 1970 5596; x_wconf 80' lang='lat' dir='ltr'><strong>oratio-</strong></span> 
     </span>
    </p>
   </div>
   <div class='ocr_carea' id='block_1_103' title="bbox 401 5629 1974 5703">
    <p class='ocr_par' dir='ltr' id='par_1_103' title="bbox 401 5629 1974 5703">
     <span class='ocr_line' id='line_1_103' title="bbox 401 5629 1974 5703; baseline 0.003 -19"><span class='ocrx_word' id='word_1_693' title='bbox 401 5630 488 5684; x_wconf 90' lang='lat' dir='ltr'><strong>nis</strong></span> <span class='ocrx_word' id='word_1_694' title='bbox 517 5630 648 5700; x_wconf 73' lang='grc' dir='ltr'>ὕψος</span> <span class='ocrx_word' id='word_1_695' title='bbox 677 5647 838 5687; x_wconf 91' lang='lat' dir='ltr'><strong>voces</strong></span> <span class='ocrx_word' id='word_1_696' title='bbox 871 5633 1112 5702; x_wconf 86' lang='lat' dir='ltr'><strong>poeticas</strong></span> <span class='ocrx_word' id='word_1_697' title='bbox 1144 5629 1438 5703; x_wconf 78' lang='lat' dir='ltr'><strong>aliquando</strong></span> <span class='ocrx_word' id='word_1_698' title='bbox 1469 5642 1764 5703; x_wconf 88' lang='lat' dir='ltr'><strong>usurpatas</strong></span> <span class='ocrx_word' id='word_1_699' title='bbox 1794 5632 1974 5689; x_wconf 81' lang='lat' dir='ltr'><strong>facere</strong></span> 
     </span>
    </p>
   </div>
   <div class='ocr_carea' id='block_1_104' title="bbox 402 5721 1971 5798">
    <p class='ocr_par' dir='ltr' id='par_1_104' title="bbox 402 5721 1971 5798">
     <span class='ocr_line' id='line_1_104' title="bbox 402 5721 1971 5798; baseline 0.006 -24"><span class='ocrx_word' id='word_1_700' title='bbox 402 5721 846 5792; x_wconf 82' lang='lat' dir='ltr'><strong>notaruntcritici</strong></span> <span class='ocrx_word' id='word_1_701' title='bbox 860 5731 1096 5792; x_wconf 87' lang='lat' dir='ltr'><strong>veteres;</strong></span> <span class='ocrx_word' id='word_1_702' title='bbox 1113 5723 1207 5781; x_wconf 85' lang='lat' dir='ltr'><strong>sed</strong></span> <span class='ocrx_word' id='word_1_703' title='bbox 1223 5723 1356 5781; x_wconf 85' lang='lat' dir='ltr'><strong>tales</strong></span> <span class='ocrx_word' id='word_1_704' title='bbox 1368 5739 1488 5782; x_wconf 89' lang='lat' dir='ltr'><strong>esse</strong></span> <span class='ocrx_word' id='word_1_705' title='bbox 1500 5725 1811 5798; x_wconf 82' lang='lat' dir='ltr'><strong>lgnatianas</strong></span> <span class='ocrx_word' id='word_1_706' title='bbox 1825 5725 1971 5783; x_wconf 87' lang='lat' dir='ltr'><strong>nulla</strong></span> 
     </span>
    </p>
   </div>
   <div class='ocr_carea' id='block_1_105' title="bbox 2077 4528 3652 4600">
    <p class='ocr_par' dir='ltr' id='par_1_105' title="bbox 2077 4528 3652 4600">
     <span class='ocr_line' id='line_1_105' title="bbox 2077 4528 3652 4600; baseline -0.002 -16"><span class='ocrx_word' id='word_1_707' title='bbox 2077 4538 2132 4584; x_wconf 92' lang='lat' dir='ltr'><strong>et</strong></span> <span class='ocrx_word' id='word_1_708' title='bbox 2169 4528 2575 4600; x_wconf 77' lang='grc' dir='ltr'>μεγαλόδουλον,</span> <span class='ocrx_word' id='word_1_709' title='bbox 2610 4529 2920 4599; x_wconf 84' lang='grc' dir='ltr'>θεοχόλωτοι</span> <span class='ocrx_word' id='word_1_710' title='bbox 2941 4568 2957 4594; x_wconf 95' lang='grc'><strong>,</strong></span> <span class='ocrx_word' id='word_1_711' title='bbox 3005 4528 3400 4600; x_wconf 71' lang='grc' dir='ltr'>ὑποληψείδιον,</span> <span class='ocrx_word' id='word_1_712' title='bbox 3447 4529 3652 4581; x_wconf 85' lang='grc' dir='ltr'>ἀναπο-</span> 
     </span>
    </p>
   </div>
   <div class='ocr_carea' id='block_1_106' title="bbox 2076 4619 3653 4692">
    <p class='ocr_par' dir='ltr' id='par_1_106' title="bbox 2076 4619 3653 4692">
     <span class='ocr_line' id='line_1_106' title="bbox 2076 4619 3653 4692; baseline -0.001 -18"><span class='ocrx_word' id='word_1_713' title='bbox 2076 4621 2428 4692; x_wconf 85' lang='grc' dir='ltr'>τευκτότερον</span> <span class='ocrx_word' id='word_1_714' title='bbox 2453 4659 2468 4684; x_wconf 91' lang='grc'><strong>,</strong></span> <span class='ocrx_word' id='word_1_715' title='bbox 2508 4619 2966 4692; x_wconf 68' lang='grc' dir='ltr'>ἀπεκλεγόμενον,</span> <span class='ocrx_word' id='word_1_716' title='bbox 3020 4620 3559 4690; x_wconf 85' lang='grc' dir='ltr'>ἀπεριπτωτότερον,</span> <span class='ocrx_word' id='word_1_717' title='bbox 3596 4630 3653 4674; x_wconf 72' lang='grc' dir='ltr'><strong>ει</strong></span> 
     </span>
    </p>
   </div>
   <div class='ocr_carea' id='block_1_107' title="bbox 2078 4711 3649 4783">
    <p class='ocr_par' dir='ltr' id='par_1_107' title="bbox 2078 4711 3649 4783">
     <span class='ocr_line' id='line_1_107' title="bbox 2078 4711 3649 4783; baseline -0.001 -17"><span class='ocrx_word' id='word_1_718' title='bbox 2078 4713 2300 4768; x_wconf 89' lang='lat' dir='ltr'><strong>similia.</strong></span> <span class='ocrx_word' id='word_1_719' title='bbox 2341 4711 2611 4782; x_wconf 90' lang='lat' dir='ltr'><strong>Loquitur</strong></span> <span class='ocrx_word' id='word_1_720' title='bbox 2651 4711 2894 4783; x_wconf 86' lang='lat' dir='ltr'><strong>lgnatius</strong></span> <span class='ocrx_word' id='word_1_721' title='bbox 2937 4719 2997 4767; x_wconf 90' lang='lat' dir='ltr'><strong>ut</strong></span> <span class='ocrx_word' id='word_1_722' title='bbox 3045 4711 3426 4777; x_wconf 88' lang='lat' dir='ltr'><strong>Christianus;</strong></span> <span class='ocrx_word' id='word_1_723' title='bbox 3481 4711 3649 4766; x_wconf 85' lang='lat' dir='ltr'><strong>verba</strong></span> 
     </span>
    </p>
   </div>
   <div class='ocr_carea' id='block_1_108' title="bbox 2075 4804 3650 4876">
    <p class='ocr_par' dir='ltr' id='par_1_108' title="bbox 2075 4804 3650 4876">
     <span class='ocr_line' id='line_1_108' title="bbox 2075 4804 3650 4876; baseline -0.001 -17"><span class='ocrx_word' id='word_1_724' title='bbox 2075 4804 2240 4860; x_wconf 86' lang='lat' dir='ltr'><strong>habet</strong></span> <span class='ocrx_word' id='word_1_725' title='bbox 2266 4820 2380 4860; x_wconf 74' lang='lat' dir='ltr'><strong>suae</strong></span> <span class='ocrx_word' id='word_1_726' title='bbox 2414 4805 2666 4875; x_wconf 84' lang='lat' dir='ltr'><strong>religioni</strong></span> <span class='ocrx_word' id='word_1_727' title='bbox 2692 4806 2934 4874; x_wconf 90' lang='lat' dir='ltr'><strong>propria,</strong></span> <span class='ocrx_word' id='word_1_728' title='bbox 2966 4814 3020 4861; x_wconf 87' lang='lat' dir='ltr'><strong>et</strong></span> <span class='ocrx_word' id='word_1_729' title='bbox 3040 4821 3071 4859; x_wconf 93' lang='lat' dir='ltr'><strong>a</strong></span> <span class='ocrx_word' id='word_1_730' title='bbox 3095 4804 3391 4876; x_wconf 86' lang='lat' dir='ltr'><strong>gentilibus</strong></span> <span class='ocrx_word' id='word_1_731' title='bbox 3423 4804 3650 4857; x_wconf 90' lang='lat' dir='ltr'><strong>minime</strong></span> 
     </span>
    </p>
   </div>
   <div class='ocr_carea' id='block_1_109' title="bbox 2075 4895 3648 4967">
    <p class='ocr_par' dir='ltr' id='par_1_109' title="bbox 2075 4895 3648 4967">
     <span class='ocr_line' id='line_1_109' title="bbox 2075 4895 3648 4967; baseline -0.002 -16"><span class='ocrx_word' id='word_1_732' title='bbox 2075 4907 2369 4967; x_wconf 89' lang='lat' dir='ltr'><strong>usurpata;</strong></span> <span class='ocrx_word' id='word_1_733' title='bbox 2405 4898 2551 4966; x_wconf 87' lang='lat' dir='ltr'><strong>quod</strong></span> <span class='ocrx_word' id='word_1_734' title='bbox 2585 4897 2664 4950; x_wconf 91' lang='lat' dir='ltr'><strong>illi</strong></span> <span class='ocrx_word' id='word_1_735' title='bbox 2691 4897 2822 4951; x_wconf 90' lang='lat' dir='ltr'><strong>vitio</strong></span> <span class='ocrx_word' id='word_1_736' title='bbox 2847 4897 2984 4952; x_wconf 88' lang='lat' dir='ltr'><strong>verti</strong></span> <span class='ocrx_word' id='word_1_737' title='bbox 3023 4913 3130 4951; x_wconf 91' lang='lat' dir='ltr'><strong>non</strong></span> <span class='ocrx_word' id='word_1_738' title='bbox 3179 4897 3359 4951; x_wconf 90' lang='lat' dir='ltr'><strong>debet.</strong></span> <span class='ocrx_word' id='word_1_739' title='bbox 3395 4895 3648 4950; x_wconf 88' lang='lat' dir='ltr'><strong>Demodi-</strong></span> 
     </span>
    </p>
   </div>
   <div class='ocr_carea' id='block_1_110' title="bbox 2075 4987 3649 5058">
    <p class='ocr_par' dir='ltr' id='par_1_110' title="bbox 2075 4987 3649 5058">
     <span class='ocr_line' id='line_1_110' title="bbox 2075 4987 3649 5058; baseline -0.004 -14"><span class='ocrx_word' id='word_1_740' title='bbox 2075 5003 2173 5044; x_wconf 90' lang='lat' dir='ltr'><strong>cus</strong></span> <span class='ocrx_word' id='word_1_741' title='bbox 2204 4989 2348 5058; x_wconf 89' lang='lat' dir='ltr'><strong>apud</strong></span> <span class='ocrx_word' id='word_1_742' title='bbox 2386 4987 2669 5043; x_wconf 87' lang='lat' dir='ltr'><strong>Platonem</strong></span> <span class='ocrx_word' id='word_1_743' title='bbox 2709 4991 2866 5058; x_wconf 91' lang='lat' dir='ltr'><strong>quasi</strong></span> <span class='ocrx_word' id='word_1_744' title='bbox 2896 4988 3135 5058; x_wconf 78' lang='lat' dir='ltr'><strong>agricola</strong></span> <span class='ocrx_word' id='word_1_745' title='bbox 3167 4988 3410 5058; x_wconf 91' lang='lat' dir='ltr'><strong>loquitur</strong></span> <span class='ocrx_word' id='word_1_746' title='bbox 3445 5005 3458 5041; x_wconf 93' lang='lat'>:</span> <span class='ocrx_word' id='word_1_747' title='bbox 3495 4987 3649 5057; x_wconf 77' lang='grc' dir='ltr'>Ἐμοὶ</span> 
     </span>
    </p>
   </div>
   <div class='ocr_carea' id='block_1_111' title="bbox 2080 5073 3648 5150">
    <p class='ocr_par' dir='ltr' id='par_1_111' title="bbox 2080 5073 3648 5150">
     <span class='ocr_line' id='line_1_111' title="bbox 2080 5073 3648 5150; baseline -0.003 -19"><span class='ocrx_word' id='word_1_748' title='bbox 2080 5078 2196 5150; x_wconf 87' lang='grc' dir='ltr'>μὲν,</span> <span class='ocrx_word' id='word_1_749' title='bbox 2227 5073 2272 5131; x_wconf 80' lang='grc' dir='ltr'><strong>ὧ</strong></span> <span class='ocrx_word' id='word_1_750' title='bbox 2301 5077 2607 5149; x_wconf 88' lang='grc' dir='ltr'>Σώκρατες,</span> <span class='ocrx_word' id='word_1_751' title='bbox 2638 5079 2672 5148; x_wconf 82' lang='grc' dir='ltr'>ἢ</span> <span class='ocrx_word' id='word_1_752' title='bbox 2699 5078 2889 5131; x_wconf 83' lang='grc' dir='ltr'>τούτου</span> <span class='ocrx_word' id='word_1_753' title='bbox 2923 5077 3016 5132; x_wconf 79' lang='grc' dir='ltr'>τοῦ</span> <span class='ocrx_word' id='word_1_754' title='bbox 3048 5078 3232 5140; x_wconf 80' lang='grc' dir='ltr'>παιδὸς</span> <span class='ocrx_word' id='word_1_755' title='bbox 3264 5075 3374 5130; x_wconf 82' lang='grc' dir='ltr'>εἴτε</span> <span class='ocrx_word' id='word_1_756' title='bbox 3423 5077 3648 5146; x_wconf 83' lang='grc' dir='ltr'>φυτείαν</span> 
     </span>
    </p>
   </div>
   <div class='ocr_carea' id='block_1_112' title="bbox 2075 5168 3648 5242">
    <p class='ocr_par' dir='ltr' id='par_1_112' title="bbox 2075 5168 3648 5242">
     <span class='ocr_line' id='line_1_112' title="bbox 2075 5168 3648 5242; baseline -0.002 -18"><span class='ocrx_word' id='word_1_757' title='bbox 2075 5170 2186 5224; x_wconf 74' lang='grc' dir='ltr'>εἴτε</span> <span class='ocrx_word' id='word_1_758' title='bbox 2219 5171 2561 5225; x_wconf 83' lang='grc' dir='ltr'>παιδοποιίαν</span> <span class='ocrx_word' id='word_1_759' title='bbox 2608 5171 2712 5242; x_wconf 86' lang='grc' dir='ltr'><strong>χρὴ</strong></span> <span class='ocrx_word' id='word_1_760' title='bbox 2759 5171 2941 5240; x_wconf 86' lang='grc' dir='ltr'>φάναι.</span> <span class='ocrx_word' id='word_1_761' title='bbox 2979 5169 3062 5224; x_wconf 83' lang='lat' dir='ltr'><strong>Ad</strong></span> <span class='ocrx_word' id='word_1_762' title='bbox 3101 5187 3222 5241; x_wconf 65' lang='lat' dir='ltr'><strong>qua:</strong></span> <span class='ocrx_word' id='word_1_763' title='bbox 3243 5170 3407 5225; x_wconf 79' lang='lat' dir='ltr'><strong>verba</strong></span> <span class='ocrx_word' id='word_1_764' title='bbox 3453 5168 3648 5240; x_wconf 78' lang='lat' dir='ltr'><strong>Diony-</strong></span> 
     </span>
    </p>
   </div>
   <div class='ocr_carea' id='block_1_113' title="bbox 2074 5259 3647 5317">
    <p class='ocr_par' dir='ltr' id='par_1_113' title="bbox 2074 5259 3647 5317">
     <span class='ocr_line' id='line_1_113' title="bbox 2074 5259 3647 5317; baseline -0.004 0"><span class='ocrx_word' id='word_1_765' title='bbox 2074 5262 2190 5317; x_wconf 91' lang='lat' dir='ltr'><strong>sius</strong></span> <span class='ocrx_word' id='word_1_766' title='bbox 2235 5261 2686 5317; x_wconf 87' lang='lat' dir='ltr'><strong>Halicarnasseus</strong></span> <span class='ocrx_word' id='word_1_767' title='bbox 2731 5262 2920 5316; x_wconf 91' lang='lat' dir='ltr'><strong>critice</strong></span> <span class='ocrx_word' id='word_1_768' title='bbox 2958 5261 3250 5316; x_wconf 85' lang='lat' dir='ltr'><strong>observat:</strong></span> <span class='ocrx_word' id='word_1_769' title='bbox 3286 5259 3456 5313; x_wconf 80' lang='grc' dir='ltr'>Τοῦτο</span> <span class='ocrx_word' id='word_1_770' title='bbox 3486 5259 3545 5312; x_wconf 81' lang='grc' dir='ltr'><strong>δὲ</strong></span> <span class='ocrx_word' id='word_1_771' title='bbox 3585 5259 3647 5311; x_wconf 76' lang='grc' dir='ltr'><strong>οὐ</strong></span> 
     </span>
    </p>
   </div>
   <div class='ocr_carea' id='block_1_114' title="bbox 2073 5351 3646 5427">
    <p class='ocr_par' dir='ltr' id='par_1_114' title="bbox 2073 5351 3646 5427">
     <span class='ocr_line' id='line_1_114' title="bbox 2073 5351 3646 5427; baseline -0.005 -17"><span class='ocrx_word' id='word_1_772' title='bbox 2073 5353 2178 5427; x_wconf 79' lang='grc' dir='ltr'>χρὴ</span> <span class='ocrx_word' id='word_1_773' title='bbox 2202 5351 2460 5425; x_wconf 76' lang='grc' dir='ltr'>νομίζειν,</span> <span class='ocrx_word' id='word_1_774' title='bbox 2486 5355 2568 5406; x_wconf 84' lang='grc' dir='ltr'><strong>ὅτι</strong></span> <span class='ocrx_word' id='word_1_775' title='bbox 2605 5353 2810 5424; x_wconf 83' lang='grc' dir='ltr'>μεγάλῃ</span> <span class='ocrx_word' id='word_1_776' title='bbox 2848 5355 2912 5424; x_wconf 80' lang='grc' dir='ltr'>τῇ</span> <span class='ocrx_word' id='word_1_777' title='bbox 2936 5355 3085 5423; x_wconf 78' lang='grc' dir='ltr'>φωνῇ</span> <span class='ocrx_word' id='word_1_778' title='bbox 3113 5351 3311 5425; x_wconf 81' lang='grc' dir='ltr'>χρῆται</span> <span class='ocrx_word' id='word_1_779' title='bbox 3337 5354 3365 5404; x_wconf 90' lang='grc' dir='ltr'>ὁ</span> <span class='ocrx_word' id='word_1_780' title='bbox 3397 5351 3646 5415; x_wconf 87' lang='grc' dir='ltr'>Πλάτων,</span> 
     </span>
    </p>
   </div>
   <div class='ocr_carea' id='block_1_115' title="bbox 2074 5443 3653 5518">
    <p class='ocr_par' dir='ltr' id='par_1_115' title="bbox 2074 5443 3653 5518">
     <span class='ocr_line' id='line_1_115' title="bbox 2074 5443 3653 5518; baseline -0.004 -18"><span class='ocrx_word' id='word_1_781' title='bbox 2074 5447 2187 5501; x_wconf 86' lang='grc' dir='ltr'>ἀλλ’</span> <span class='ocrx_word' id='word_1_782' title='bbox 2217 5447 2437 5500; x_wconf 75' lang='grc' dir='ltr'>ἐπειδὰν</span> <span class='ocrx_word' id='word_1_783' title='bbox 2469 5448 2496 5499; x_wconf 88' lang='grc' dir='ltr'><strong>ό</strong></span> <span class='ocrx_word' id='word_1_784' title='bbox 2524 5445 2820 5518; x_wconf 85' lang='grc' dir='ltr'>Δημόδικος</span> <span class='ocrx_word' id='word_1_785' title='bbox 2849 5444 3137 5518; x_wconf 81' lang='grc' dir='ltr'>ὲργατικὺς</span> <span class='ocrx_word' id='word_1_786' title='bbox 3165 5444 3258 5498; x_wconf 73' lang='grc' dir='ltr'><strong>καὶ</strong></span> <span class='ocrx_word' id='word_1_787' title='bbox 3278 5443 3520 5513; x_wconf 80' lang='grc' dir='ltr'>γεωργὸς</span> <span class='ocrx_word' id='word_1_788' title='bbox 3544 5459 3653 5512; x_wconf 86' lang='grc' dir='ltr'>φω-</span> 
     </span>
    </p>
   </div>
   <div class='ocr_carea' id='block_1_116' title="bbox 2073 5535 3651 5609">
    <p class='ocr_par' dir='ltr' id='par_1_116' title="bbox 2073 5535 3651 5609">
     <span class='ocr_line' id='line_1_116' title="bbox 2073 5535 3651 5609; baseline -0.003 -16"><span class='ocrx_word' id='word_1_789' title='bbox 2073 5538 2170 5602; x_wconf 80' lang='grc' dir='ltr'>νὰς</span> <span class='ocrx_word' id='word_1_790' title='bbox 2212 5538 2404 5609; x_wconf 83' lang='grc' dir='ltr'>ἀφίησι</span> <span class='ocrx_word' id='word_1_791' title='bbox 2448 5537 2548 5608; x_wconf 82' lang='grc' dir='ltr'>τῆς</span> <span class='ocrx_word' id='word_1_792' title='bbox 2598 5537 2810 5609; x_wconf 79' lang='grc' dir='ltr'>τέχνης.</span> <span class='ocrx_word' id='word_1_793' title='bbox 2855 5557 2872 5589; x_wconf 76' lang='grc' dir='ltr'>ι</span> <span class='ocrx_word' id='word_1_794' title='bbox 2911 5535 3029 5591; x_wconf 88' lang='lat' dir='ltr'><strong>Non</strong></span> <span class='ocrx_word' id='word_1_795' title='bbox 3075 5537 3390 5592; x_wconf 80' lang='lat' dir='ltr'><strong>existimare</strong></span> <span class='ocrx_word' id='word_1_796' title='bbox 3431 5545 3651 5607; x_wconf 82' lang='lat' dir='ltr'><strong>oportet</strong></span> 
     </span>
    </p>
   </div>
   <div class='ocr_carea' id='block_1_117' title="bbox 2073 5629 3653 5705">
    <p class='ocr_par' dir='ltr' id='par_1_117' title="bbox 2073 5629 3653 5705">
     <span class='ocr_line' id='line_1_117' title="bbox 2073 5629 3653 5705; baseline -0.002 -19"><span class='ocrx_word' id='word_1_797' title='bbox 2073 5633 2264 5705; x_wconf 87' lang='lat' dir='ltr'><strong>grandi</strong></span> <span class='ocrx_word' id='word_1_798' title='bbox 2296 5649 2430 5688; x_wconf 89' lang='lat' dir='ltr'><strong>voce</strong></span> <span class='ocrx_word' id='word_1_799' title='bbox 2465 5633 2547 5687; x_wconf 88' lang='lat' dir='ltr'><strong>uti</strong></span> <span class='ocrx_word' id='word_1_800' title='bbox 2582 5631 2896 5695; x_wconf 89' lang='lat' dir='ltr'><strong>Platonem,</strong></span> <span class='ocrx_word' id='word_1_801' title='bbox 2929 5631 3023 5687; x_wconf 92' lang='lat' dir='ltr'><strong>sed</strong></span> <span class='ocrx_word' id='word_1_802' title='bbox 3068 5629 3426 5696; x_wconf 88' lang='lat' dir='ltr'><strong>Demodicus,</strong></span> <span class='ocrx_word' id='word_1_803' title='bbox 3459 5637 3653 5697; x_wconf 86' lang='lat' dir='ltr'><strong>utpote</strong></span> 
     </span>
    </p>
   </div>
   <div class='ocr_carea' id='block_1_118' title="bbox 2075 5717 3653 5799">
    <p class='ocr_par' dir='ltr' id='par_1_118' title="bbox 2075 5717 3653 5799">
     <span class='ocr_line' id='line_1_118' title="bbox 2075 5717 3653 5799; baseline -0.006 -16"><span class='ocrx_word' id='word_1_804' title='bbox 2075 5725 2314 5799; x_wconf 85' lang='lat' dir='ltr'><strong>agricola</strong></span> <span class='ocrx_word' id='word_1_805' title='bbox 2338 5767 2354 5796; x_wconf 94' lang='lat'><strong>,</strong></span> <span class='ocrx_word' id='word_1_806' title='bbox 2384 5726 2549 5783; x_wconf 88' lang='lat' dir='ltr'><strong>verba</strong></span> <span class='ocrx_word' id='word_1_807' title='bbox 2590 5739 2705 5782; x_wconf 69' lang='lat' dir='ltr'><strong>suae</strong></span> <span class='ocrx_word' id='word_1_808' title='bbox 2745 5723 2879 5782; x_wconf 85' lang='lat' dir='ltr'><strong>artis</strong></span> <span class='ocrx_word' id='word_1_809' title='bbox 2909 5723 3128 5781; x_wconf 86' lang='lat' dir='ltr'><strong>emittit.</strong></span> <span class='ocrx_word' id='word_1_810' title='bbox 3185 5740 3210 5775; x_wconf 72' lang='grc' dir='ltr'>ι</span> <span class='ocrx_word' id='word_1_811' title='bbox 3248 5722 3367 5776; x_wconf 86' lang='lat' dir='ltr'><strong>lmo</strong></span> <span class='ocrx_word' id='word_1_812' title='bbox 3410 5728 3465 5778; x_wconf 88' lang='lat' dir='ltr'><strong>et</strong></span> <span class='ocrx_word' id='word_1_813' title='bbox 3510 5717 3653 5775; x_wconf 83' lang='lat' dir='ltr'><strong>Novi.</strong></span> 
     </span>
    </p>
   </div>
  </div>
