3834 6214
151 344 246 400 με

876 338 927 395 J.
970 337 1345 395 PEARSONII
1385 335 1709 394 VINDICIE
1748 332 2170 392 IGNATIANA‘J.
2211 363 2278 374 —
2313 330 2496 387 PARS
2529 330 2595 385 ll.

3275 325 3384 380 448

153 463 190 517 F
193 462 376 518 (aderis
389 461 681 531 scriptores
697 475 837 515 nova
859 461 1024 514 etiam
1048 458 1224 515 obiter
1250 459 1513 514 vocabula
1539 474 1701 512 usur-
1728 465 1777 522 Α
1807 469 1926 508 rum
1965 451 2380 509 similitudinem
2415 463 2578 502 voces
2611 445 2803 501 eodem
2853 442 3018 498 modo
3049 439 3384 511 compositas

152 569 294 624 passe
315 569 344 608 a
373 552 641 607 veteribus
675 567 818 621 saape
849 551 1201 606 observatum
1230 557 1334 605 est.
1368 548 1532 604 Notat
1567 547 1702 603 Gre-

152 647 322 719 gorius
350 645 621 716 Nyssenus
653 643 713 698 S.
743 642 1080 709 Matthazum,
1111 643 1204 698 ubi
1232 643 1310 697 ait
1338 641 1410 714 μὴ
1454 640 1704 711 βαττολο-

151 741 334 809 τὴσητε
357 777 370 800 ,
404 735 499 807 τὴν
531 734 689 808 ξένην
727 735 931 804 ταύτην
970 735 1071 805 τῆς
1113 734 1311 799 λέξεως
1352 731 1704 803 καινοτομίαν

153 827 508 902 ἐξευρηκέναι,
551 847 570 880 ι
611 828 953 898 peregrinam
993 837 1047 882 et
1087 843 1283 881 novam
1332 826 1476 880 hanc
1504 825 1702 879 dictio-

153 939 263 977 nem
292 922 646 992 excogitasse.
685 940 704 972 ι
737 921 882 976 ldem
907 923 974 975 de
1002 936 1134 975 voce
1157 919 1430 983 ὲπιούσιος
1452 920 1704 974 observat

154 1014 390 1087 Origenes
420 1015 474 1069 in
499 1015 639 1069 libro
665 1013 742 1067 De
765 1015 1007 1067 oratione
1051 1014 1296 1067 nondum
1322 1013 1471 1067 edito
1502 1030 1515 1066 :
1547 1011 1706 1082 Πρῶ-

152 1123 232 1160 τον
266 1101 351 1158 οὖν
396 1104 589 1167 ἰστέον,
632 1104 716 1156 ὅτι
743 1103 777 1173 ἡ
812 1100 1010 1172 λέξιςή
1037 1101 1352 1166 ἐπιούσιος
1368 1100 1498 1170 παρ’
1531 1098 1706 1152 οὐδενὶ⁵

152 1197 244 1252 τῶν
281 1197 535 1268 Ἑλλήνων
565 1195 687 1248 οὐδὲ
715 1193 822 1248 τῶν
848 1192 1024 1264 σοφῶν
1057 1191 1390 1263 ὠνόμασται,
1419 1188 1538 1242 οὐδὲ
1564 1192 1619 1242 ὲν
1639 1192 1702 1261 τῇ

153 1285 245 1341 τῶν
277 1285 490 1339 ἰδιωτῶν
521 1284 782 1354 συνηθείᾳ
815 1284 1118 1355 τέτριπται,
1163 1281 1280 1334 ἀλλ’
1321 1280 1464 1334 ἔοικε
1502 1279 1709 1333 πεπλά-

155 1379 263 1432 σθαι
291 1377 390 1431 ὑπὸ
412 1377 522 1431 τῶν
545 1377 968 1445 εὐαγγελιστιῖω.
1006 1393 1024 1427 ι
1059 1373 1304 1428 Primum
1338 1373 1505 1444 igitur
1531 1374 1710 1428 scien-

151 1474 266 1527 dum
288 1513 303 1538 ,
334 1471 480 1541 quod
533 1470 864 1524 vocabulum
900 1469 1213 1534 ἐπιούσιος
1257 1466 1401 1537 apud
1434 1466 1706 1520 neminem

153 1562 444 1619 Graecorum
491 1573 590 1617 aut
638 1561 968 1632 sapientium
1018 1561 1389 1626 nominatum,
1443 1575 1621 1630 neque
1653 1559 1708 1614 in

152 1656 278 1727 vulgi
304 1671 560 1712 sermone
590 1655 872 1710 communi
907 1656 1171 1710 usitatum
1201 1663 1322 1720 est;
1371 1655 1464 1710 sed
1500 1655 1712 1709 videtur

151 1749 211 1803 ab
229 1748 572 1818 evangelistis
599 1746 892 1802 conﬁctam
924 1762 1064 1801 csse.
1102 1766 1122 1798 ι
1154 1747 1302 1801 Idem
1333 1747 1400 1801 de
1430 1761 1562 1800 voce
1584 1763 1713 1817 περ-

154 1839 417 1911 περεὺεται
449 1837 990 1906 vetcrumjudicium
1027 1837 1147 1892 fuit.
1180 1837 1247 1892 Et
1275 1838 1419 1908 quod
1453 1838 1710 1906 objicitur

152 1930 338 1997 lgnatio
368 1938 568 1984 nostro
589 1971 605 1998 ,
651 1929 1024 1984 celeberrimis
1058 1930 1194 1983 viris
1240 1930 1712 2000 scriptoribusque

151 2021 350 2091 optimis
375 2021 661 2090 objectum
688 2020 859 2075 fuisse
893 2021 1144 2090 legimus.
1173 2019 1251 2075 lta
1285 2019 1634 2075 Marcellinus
1657 2022 1711 2074 in

153 2111 257 2168 Vita
276 2113 613 2184 Thucydidis
642 2135 655 2167 :
692 2112 868 2176 Ὀλως
905 2113 1203 2184 ὲφευρετής
1234 2113 1352 2164 ἐστι
1373 2110 1574 2165 καινῶν
1599 2113 1714 2164 ὀνο-

159 2204 337 2276 μάτων.
381 2223 398 2256 (
429 2203 536 2258 Per
565 2214 743 2258 totum
769 2205 1021 2258 inventor
1045 2211 1128 2257 est
1151 2217 1348 2256 vocum
1384 2217 1705 2255 novarum.»

154 2295 216 2351 De
237 2295 593 2366 Xenophonte
620 2294 841 2358 Suidas,
869 2293 930 2350 ν.
967 2295 1219 2365 Ἀγυιάνε
1246 2294 1422 2358 Ὄλως
1455 2293 1622 2347 πολλὰ
1647 2292 1714 2347 τὰ

153 2388 563 2462 γλωσσηματικὰ
600 2390 736 2458 παρ’
767 2385 933 2458 αὐτῷ.
961 2386 1202 2442 Galenus
1232 2385 1326 2439 lib.
1363 2402 1378 2439 l
1415 2387 1469 2438 in
1515 2383 1716 2454 Hippo-

156 2495 327 2536 cratem
353 2482 414 2536 de
446 2482 729 2546 articulis,
763 2479 830 2534 de
859 2479 1052 2533 eodem
1085 2497 1099 2534 :
1139 2479 1251 2532 Kal.
1270 2477 1378 2551 γὰρ
1406 2479 1610 2540 ἐκεῖνος
1643 2476 1718 2530 εῖ-

156 2590 245 2645 τξρ
285 2591 364 2637 τις
393 2573 486 2627 καὶ
534 2571 698 2634 ἄλλος
729 2569 1046 2642 ἑρμηνεύων
1079 2569 1372 2632 πολιτικῶς
1405 2569 1555 2639 ὅμως
1579 2584 1718 2639 παρ-

157 2665 386 2736 εμϐάλλει
458 2663 729 2727 πολλάκις
800 2660 1256 2733 γλωσσηματικά.
1322 2660 1717 2716 Glossematica

156 2768 314 2813 autem
347 2767 473 2814 sunt
504 2773 657 2823 rara,
688 2755 947 2810 inusitata
983 2763 1036 2808 et
1057 2753 1364 2825 peregrina.

215 2850 474 2918 Quaeritur
501 2851 660 2922 quod
692 2861 801 2906 tam
848 2849 1021 2903 multa
1070 2847 1139 2901 ab
1170 2861 1280 2900 uno
1316 2844 1586 2899 vocabulo
1619 2844 1718 2897 lia-

157 2942 280 3006 beat,
309 2952 364 2998 ut
395 2959 426 2997 a
456 2944 619 3015 φέρω
653 2952 708 2998 et
751 2942 820 2996 ab
863 2939 1031 3006 ἄξιος,
1057 2954 1182 2994 cum
1221 2936 1368 2990 nulla
1399 2935 1721 3004 compositio

160 3035 466 3106 frequentior
501 3045 562 3090 et
605 3035 788 3088 tritior
826 3033 897 3089 sit
941 3031 1083 3102 apud
1113 3031 1350 3101 optimos
1376 3038 1430 3084 et
1466 3029 1721 3098 vulgares

159 3125 354 3182 Graeciae
407 3128 732 3197 scriptores.
782 3125 1179 3195 Ἀξιαγάπητος
1227 3121 1459 3190 lgnatii,
1520 3121 1614 3175 sed
1666 3128 1720 3174 et

164 3218 432 3274 Clementis
467 3219 745 3285 Romani;
791 3216 1247 3287 ἀξιοθαύμαστος,
1297 3212 1722 3284 ἀξιομνημόνευ-

161 3327 252 3375 τος,
283 3311 802 3385 ἀξιοπρεπέστατος,
829 3307 1448 3380 ἀξιομακαριστότατος,
1479 3304 1723 3368 ἀξιέπαι-

161 3417 234 3463 νος
251 3403 383 3471 apud
413 3411 697 3468 nostrum,
731 3400 824 3455 sed
849 3410 902 3454 et
927 3400 1070 3469 apud
1091 3397 1506 3466 Xenophontem
1532 3395 1722 3464 legun-

163 3500 265 3559 tur;
296 3497 430 3564 apud
464 3509 636 3564 quem
668 3501 724 3546 et
753 3493 868 3547 haec
899 3502 1159 3562 praeterea
1210 3490 1464 3559 legimus,
1490 3487 1720 3554 ἀξιάγα-

165 3601 285 3650 στος,
323 3585 704 3651 ἁξιάκουστος,
749 3583 1130 3657 ἀξιακρόατος,
1161 3580 1554 3646 ἀξιεπαίνετος,
1587 3577 1726 3644 ἀξιέ-

165 3691 334 3744 ραστος
355 3718 369 3741 ,
398 3677 742 3742 ἀξιοὸίωτος,
777 3675 1078 3747 ἀξιόεργος,
1116 3672 1454 3740 ἀξιοθέατος,
1479 3671 1726 3741 ἀξιόκτη-

165 3782 255 3830 mq,
275 3766 693 3838 ἀξιολογώτερος
717 3807 732 3830 ,
768 3765 1067 3831 ἀξιόνικος,
1102 3763 1433 3829 ἀξιόπιστος,
1478 3761 1727 3827 ἀξιόσκε-

167 3872 296 3923 πτος,
340 3859 823 3924 ἁξιοσπούδαστος,
869 3858 1316 3928 ἀξιοτέκμαρτος,
1359 3853 1722 3926 ἀξιοφίλητος,

167 3947 584 4022 ἀξιοχρεώτατος.
623 3950 930 4020 Xenophon
978 3958 1156 4004 tamen
1184 3990 1198 4014 ,
1236 3946 1396 4017 cujus
1437 3961 1606 4016 opera
1641 3947 1726 4000 his

167 4045 421 4100 vocabulis
447 4053 691 4109 scatent,
722 4058 754 4097 a
781 4043 1061 4097 veteribus
1101 4041 1308 4097 criticis
1339 4039 1580 4112 καθαρὸς
1614 4041 1726 4104 τοῖς

169 4134 387 4206 ὀνόμασι,
423 4137 517 4190 καὶ
549 4135 754 4205 σαφὴς,
792 4135 886 4188 καὶ
913 4134 1175 4206 ἐναργής,
1216 4152 1234 4184 ι
1267 4148 1440 4204 purus
1476 4140 1530 4186 et
1571 4147 1726 4202 pers-

171 4225 340 4292 picuus
372 4247 390 4279 ›
414 4229 698 4298 judicatus
729 4236 814 4281 est
841 4245 855 4282 :
885 4227 1045 4298 cujus
1076 4241 1384 4281 sermonem
1422 4225 1553 4294 ipsae
1585 4223 1725 4280 Gra-

173 4314 248 4368 tiae
266 4314 596 4381 Quintiliano
623 4317 852 4373 tinxisse
884 4318 1247 4378 videbantur;
1272 4315 1328 4370 in
1365 4331 1474 4386 quo
1501 4326 1554 4370 et
1578 4334 1597 4366 ι
1631 4318 1727 4386 ju-

175 4411 473 4467 cunditatem
520 4411 893 4468 inaﬂ‘cctatam
948 4431 966 4463 ›
1010 4411 1282 4464 observat.
1331 4408 1645 4479 Composita
1696 4423 1726 4462 a

1803 546 1872 602 ad
1899 560 2086 600 veram
2133 543 2478 598 sanctitatem
2508 556 2572 595 ac
2611 539 2773 609 plane
2797 537 3068 591 internam
3098 531 3382 601 excogita-

1801 637 1882 693 vit
1912 646 1965 692 et
1990 635 2275 706 usurpavit
2297 632 2556 704 lgnatius.
2587 631 2762 698 Quam
2803 627 2976 682 multa
3005 634 3131 680 sunt
3157 639 3281 693 qua:
3314 635 3382 674 ex

1803 746 1912 785 una
1947 744 2083 784 voce
2121 730 2231 782 πᾶν
2278 727 2332 781 in
2379 725 2539 780 unica
2573 722 2802 793 epistola
2844 718 3076 775 arcessit
3128 715 3386 771 Clemens

1805 824 2116 878 Romanus!
2148 818 2533 892 παμμεγέθης,
2557 812 3099 887 παμμεγεθέστατος,
3125 807 3388 880 “muniﬁ-

1804 916 1924 987 Θης,
1961 915 2242 982 πανάγιος,
2271 913 2594 982 πανάρετος,
2625 906 3040 977 παντοκράτωρ,
3077 915 3388 973 παντοκραρ

1804 1009 2040 1082 τορικός,
2073 1005 2495 1076 παντοποιητής,
2532 1000 2936 1070 παντεπόπτης.

1877 1100 2043 1154 Plura
2071 1100 2241 1169 igitur
2269 1094 2587 1166 hujusmodi
2621 1108 2785 1163 quam
2810 1105 2978 1145 unum
3003 1095 3097 1143 aut
3126 1087 3386 1149 alterum,

1809 1193 1878 1249 ab
1910 1192 2133 1262 optimis
2161 1187 2528 1258 scriptoribus
2561 1193 2615 1239 et
2651 1185 2704 1237 in
2737 1196 2903 1252 opere
2933 1176 3194 1234 laudabili
3223 1189 3388 1228 usur-

1807 1295 1935 1356 pata
1971 1285 2143 1338 fuisse
2174 1292 2234 1337 ut
2258 1279 2585 1336 concederet
2606 1275 2842 1330 Dallaeus
2872 1284 3099 1326 necesse
3133 1266 3268 1332 fuit;
3291 1264 3390 1320 sed

1809 1387 1942 1434 sunt
1979 1377 2070 1431 illa
2098 1372 2404 1445 epistolicis
2445 1370 2641 1433 multo,
2678 1375 2738 1421 ut
2772 1366 2888 1436 ipse
2916 1363 3162 1434 judicat,
3200 1359 3391 1413 mode-

1810 1471 2002 1527 stiora.
2040 1466 2282 1521 Modesta
2320 1464 2601 1518 enimvero
2649 1467 2777 1514 sunt
2827 1456 2916 1510 illa
2952 1453 3218 1509 vocabula
3267 1464 3390 1519 qua:

1811 1564 1904 1619 alii
1939 1567 2294 1630 usurparunt,
2327 1554 2660 1610 immodesta
2702 1565 2826 1620 quze
2869 1547 3104 1617 scriptor
3146 1542 3393 1614 epistoli—

1812 1669 1931 1710 cus.
1965 1653 2035 1706 At
2062 1649 2264 1712 multa,
2315 1654 2376 1700 ut
2417 1642 2786 1704 ostendimus,
2839 1637 3030 1691 eadem
3079 1641 3253 1690 sunt:
3293 1645 3394 1699 par

1813 1746 2042 1818 proinde
2077 1744 2129 1797 in
2175 1741 2242 1795 iis
2299 1735 2586 1792 modestia.
2627 1732 2759 1800 Quae
2795 1730 2864 1784 ab
2909 1728 3033 1782 aliis
3083 1733 3208 1780 ante
3263 1735 3392 1777 eum

1813 1838 2016 1906 scripta
2051 1849 2161 1887 non
2203 1830 2493 1896 videntur,
2533 1834 2680 1878 certe
2729 1821 3052 1876 immodesta
3086 1831 3195 1870 non
3239 1824 3391 1867 sunt.

1811 1929 1949 1984 Nam
1982 1926 2129 1980 illam
2163 1920 2567 1978 immodestiam
2601 1916 2686 1970 vel
2721 1915 2775 1968 in
2807 1909 3204 1982 compositione
3229 1907 3313 1960 vel
3339 1909 3394 1959 in

1813 2018 2213 2090 signiﬁcatione
2251 2013 2552 2069 consistere
2585 2006 2878 2064 dicendum
2919 2012 3023 2058 est.
3058 2001 3116 2054 ιη
3165 2012 3394 2068 compo-

1813 2116 2012 2171 sitione
2040 2111 2404 2166 immodestus
2425 2106 2533 2161 dici
2557 2119 2668 2158 non
2695 2110 2873 2173 potest
2901 2097 3258 2169 epistularum
3298 2109 3397 2147 au-

1815 2215 1934 2263 ctor
1970 2224 1983 2260 :
2011 2220 2137 2260 cum
2174 2210 2268 2258 aut
2306 2201 2495 2256 eadem
2529 2207 2624 2252 aut
2652 2197 2813 2266 plane
2842 2192 3040 2248 similis
3067 2187 3399 2257 compositio

1815 2301 1872 2354 in
1913 2299 2036 2352 aliis
2067 2298 2244 2366 iisque
2275 2293 2498 2364 optimis
2530 2287 2897 2358 scriptoribus
2931 2285 3278 2338 observetur.
3308 2277 3399 2332 Si-

1817 2390 2094 2463 gniﬁcatio
2141 2397 2324 2442 autem
2366 2400 2600 2449 vocum,
2640 2383 2687 2438 si
2726 2396 2848 2452 qua:
2888 2378 3027 2433 forte
3051 2376 3120 2430 ab
3149 2375 3271 2443 ipso
3293 2387 3399 2440 pui

1818 2459 2001 2538 tentur
2025 2480 2369 2549 excogitatae,
2402 2474 2726 2529 immodesta
2756 2468 2970 2526 censeri
2998 2481 3112 2521 non
3138 2464 3321 2528 debet,
3349 2459 3400 2514 si

1817 2589 1907 2628 res
1947 2573 2065 2642 ipsa
2095 2571 2183 2624 bis
2209 2567 2526 2623 nominibus
2552 2566 2811 2620 denotata
2827 2560 2990 2616 fuerit
3013 2574 3043 2612 a
3073 2554 3248 2613 sacris
3272 2569 3402 2609 scrt-

1820 2664 2074 2738 ptoribus
2101 2661 2322 2716 tradita.
2355 2657 2524 2713 Docet
2549 2655 2606 2711 S.
2640 2653 2846 2708 Paulus
2874 2651 3154 2706 Christum
3191 2646 3249 2699 in
3273 2659 3403 2698 san--

1821 2736 1924 2814 clis
1954 2753 2260 2811 habitare“
2303 2771 2316 2808 :
2360 2751 2581 2807 eosdem
2617 2749 2782 2818 igitur
2827 2744 3069 2816 lgnatius
3113 2736 3403 2812 χριστοφύ-

1823 2866 1950 2924 ρους
1978 2857 2034 2903 et
2080 2848 2270 2902 eodem
2309 2859 2473 2899 sensu
2501 2839 2814 2912 appellavit.
2855 2836 3048 2892 Tradit
3089 2835 3232 2889 idem
3270 2845 3404 2903 apo-

1822 2923 2000 2994 stolus
2050 2950 2282 3006 corpora
2347 2941 2662 2990 sanctorum
2725 2944 2850 2984 esse
2901 2926 3100 2996 templa
3165 2923 3404 2994 Spiritus

1825 3030 2000 3086 sancti
2028 3029 2111 3082 "z
2141 3042 2312 3098 quare
2350 3025 2571 3081 eosdem
2601 3031 2788 3078 noster
2833 3020 3050 3076 vocavit
3081 3017 3401 3087 ναοφόρους.

1825 3120 2074 3178 Ostendit
2130 3119 2426 3190 Apostolus
2476 3115 2694 3185 impios,
2725 3112 2857 3168 dum
2904 3112 3118 3176 vivunt,
3157 3117 3408 3162 mortuos

1823 3214 2046 3271 esse”:
2093 3229 2190 3268 eos
2233 3212 2324 3266 ille
2363 3209 2727 3282 νεκροφόρους
2766 3204 3014 3260 nominat
3047 3217 3212 3257 sensu
3246 3197 3408 3254 Chri-

1825 3308 2029 3374 stiano,
2060 3321 2186 3361 cum
2227 3302 2399 3358 Graeci
2451 3317 2516 3357 ea
2559 3315 2695 3355 voce
2735 3296 3072 3352 libitinarios
3118 3291 3404 3347 intellexe-

1825 3402 1956 3456 rint.
1985 3399 2198 3454 Monuit
2226 3395 2502 3452 S.Paulus
2528 3392 2873 3448 Christianos
2895 3388 3216 3445 utviverent
3239 3382 3406 3448 ἀξίως

1824 3493 1919 3547 τοῦ
1953 3490 2088 3545 Θεοῦ
2110 3491 2176 3557 ⁵⁸,
2208 3506 2302 3545 eos
2333 3488 2427 3558 qui
2456 3488 2530 3541 ita
2562 3487 2813 3540 vixerant
2851 3479 3092 3552 lgnatius
3129 3473 3409 3540 ἀξιοθέους

1824 3596 2005 3641 vocat.
2035 3584 2296 3650 Quaenam
2319 3621 2333 3645 ,
2362 3580 2593 3644 amabo,
2643 3578 2695 3631 in
2725 3576 2812 3630 his
2849 3569 3170 3634 vocabulis,
3207 3568 3253 3622 si
3288 3579 3406 3619 rem

1827 3679 2002 3749 ipsam
2034 3685 2089 3730 et
2110 3673 2564 3746 signiﬁcationem
2596 3677 2830 3738 spectes,
2869 3659 3254 3719 immodestia?
3281 3672 3406 3712 om-

1826 3768 1959 3822 nino
1982 3765 2150 3821 nulia.
2178 3763 2416 3834 Apparet
2449 3759 2668 3815 tandem
2703 3772 2768 3811 ex
2797 3755 2884 3809 his
2909 3750 3194 3808 vocabulis
3223 3754 3404 3802 tanto-

1827 3874 1954 3931 pere
1984 3856 2287 3927 deturpatis
2309 3853 2521 3924 poetica
2549 3864 2672 3904 esse
2689 3847 2859 3912 nulla,
2892 3841 3217 3898 immodesta
3235 3838 3406 3903 nulla,

1827 3963 1952 4003 rara
1992 3947 2213 4017 quidem
2256 3951 2312 3998 et
2355 3942 2613 3996 inusitata
2655 3933 3120 4008 perpaucissima;
3177 3941 3412 3997 eamque

1827 4039 2235 4096 accusationem
2262 4049 2372 4089 non
2406 4034 2460 4086 in
2491 4041 2793 4096 auctorem,
2833 4028 2926 4084 sed
2957 4027 3011 4081 in
3035 4024 3407 4082 Christianum

1828 4134 2111 4198 recidere,
2153 4129 2248 4200 qui
2298 4143 2422 4183 cum
2467 4125 2660 4194 lgnatii
2705 4137 2921 4188 novus,
2961 4129 3016 4176 et
3062 4127 3123 4174 ut
3165 4118 3412 4188 loquitur

1830 4224 2234 4289 Tertullianus,
2265 4221 2558 4275 hesternus
2592 4215 2730 4284 iuit,
2759 4229 2900 4270 nova
2935 4211 3203 4268 vocabula
3249 4225 3413 4281 pepe-

1826 4317 1921 4372 rit.

1903 4406 2041 4461 Cum
2065 4405 2132 4460 de
2155 4401 2391 4474 singulis
2417 4410 2531 4455 tam
2566 4398 2731 4463 male,
2761 4397 3048 4452 videamus
3072 4410 3141 4449 an
3175 4394 3243 4449 de
3275 4409 3415 4449 con-

175 4501 302 4575 φέρω
331 4507 466 4576 apud
501 4506 727 4562 Graacos
755 4521 892 4576 pene
925 4503 1134 4558 inlinita
1181 4510 1339 4565 sunt,
1384 4511 1440 4556 et
1483 4501 1537 4555 in
1579 4501 1729 4556 omni
1759 4499 1807 4557 D
1827 4499 2038 4570 junctis
2066 4498 2264 4552 melius
2293 4493 2676 4564 disputaverit.
2708 4489 2956 4555 Quatuor
2990 4487 3110 4558 ejus
3137 4485 3414 4554 composi-

177 4607 331 4649 rerum
361 4613 555 4666 genere
592 4598 835 4652 maxime
867 4595 1088 4650 usitata.
1121 4593 1361 4665 lgnatius
1393 4609 1516 4664 quae
1541 4592 1724 4658 habet,

178 4684 270 4744 fere
302 4690 614 4763 religionem
665 4699 721 4746 et
757 4689 1198 4745 Christianorum
1231 4688 1575 4743 sanctitatem
1603 4702 1727 4756 spe-

177 4788 333 4849 ctant;
360 4799 531 4854 eaque
564 4767 872 4852 compluria
902 4782 1280 4851 composuisse
1310 4795 1422 4834 non
1451 4780 1728 4833 immerito

179 4873 358 4928 censeri
379 4875 558 4942 debet,
589 4875 737 4946 quod
777 4876 832 4929 in
863 4873 1149 4945 gentilium
1187 4872 1360 4928 sacris
1396 4887 1475 4926 ea:
1505 4886 1729 4940 compo-

180 4960 376 5018 sitiones
428 4963 874 5035 frequentissime
926 4963 1358 5032 usurpabantur.
1414 4962 1473 5015 In
1529 4961 1726 5016 ritibus

180 5064 342 5108 eorum
369 5056 770 5126 superstitiosis
801 5056 1006 5126 ubique
1023 5063 1348 5120 occurrunt,
1378 5053 1724 5126 ἀνθεσφόροι,

181 5144 468 5218 ἀρρηφόροι,
509 5149 865 5220 δαφνηφόροι,
914 5147 1295 5219 δειπνοφόροι,
1343 5146 1725 5216 διονυσιφόροι,

180 5235 481 5313 διφροφόροι,
517 5243 815 5314 ὲρῤηφόροι
844 5252 898 5298 et
926 5242 1227 5313 ὲρσιφόροι,
1261 5239 1567 5311 ὀσχοφόροι,
1601 5238 1729 5292 θαλ-

180 5325 386 5401 λοφόροι,
421 5332 770 5406 θεσμοφόροι,
796 5335 1086 5406 ἱεροφόροι,
1124 5333 1446 5405 κανηφόροι,
1476 5331 1729 5401 κιστοφό-

185 5437 271 5492 pm,
301 5425 625 5498 λικνοφόροι,
656 5427 1027 5500 λουτροφόροι,
1063 5425 1484 5499 ναρθηκοφόροι,
1527 5423 1729 5476 πεπλο-

184 5512 333 5586 φόροι,
365 5518 654 5589 πυρφόροι,
683 5518 1043 5590 σκαφηφόροι,
1083 5516 1427 5590 σκιροφόροι,
1458 5531 1728 5584 στεφανη-

186 5606 335 5678 φόροι,
366 5610 680 5682 ὑδριαφόροι
700 5651 714 5676 ,
744 5619 800 5666 et
827 5611 1137 5684 ὑδροφόροι,
1171 5609 1467 5681 φωσφόροι.
1511 5608 1590 5663 Ad
1639 5623 1734 5662 eo—

245 5772 501 5848 “.Ephcs.
538 5793 626 5853 ut.
661 5777 742 5833 ΓΙ.
818 5779 863 5810 ⁵³
899 5777 1054 5835 lCor
1108 5794 1193 5849 vi,
1222 5779 1307 5836 l9.
1386 5779 1431 5811 ⁸³
1465 5776 1628 5841 Rom.
1657 5791 1735 5844 γε,
1779 5775 1836 5830 2.

1831 4592 2001 4649 tionis
2027 4606 2191 4645 voces
2216 4589 2270 4642 in
2305 4603 2415 4641 una
2444 4585 2711 4641 sententia
2745 4582 3091 4646 observavit,
3139 4577 3411 4650 θεοφόροι,

1832 4687 1927 4741 καὶ
1953 4685 2229 4755 ναοφόροι,
2256 4680 2604 4751 χριστοφόροι
2622 4718 2637 4743 ,
2672 4667 2962 4749 ἁῆνοφόροι
2984 4714 2999 4738 ,
3027 4686 3229 4742 easque
3276 4687 3416 4727 nam

1832 4792 1980 4834 seam
2009 4776 2289 4829 excituras
2312 4771 2557 4841 putavit,
2593 4770 2678 4822 vir
2720 4775 2990 4822 emunctae
3024 4765 3172 4818 naris
3197 4803 3211 4828 ,
3245 4769 3304 4816 ut
3333 4761 3413 4814 vi-

1832 4871 2013 4933 detur,
2067 4875 2201 4938 quot
2248 4873 2331 4920 tot
2380 4863 2623 4933 ejusdem
2668 4857 3095 4929 compositionis
3148 4851 3413 4908 vocabula

1834 4963 1999 5018 simul
2031 4958 2412 5015 enuntientur.
2448 4955 2519 5008 At
2553 4954 2664 5009 duo
2698 4949 2991 5021 Apostolus
3022 4946 3188 5002 simul
3227 4947 3416 5015 posuit

1832 5053 2117 5117 ὅλοτελεῖς,
2155 5051 2249 5104 καὶ
2279 5048 2592 5119 ὁλόκληρον,
2629 5044 2647 5097 1
2675 5043 2870 5098 Thess.
2902 5057 2935 5095 ν
2954 5081 2969 5108 ,
2997 5039 3105 5106 25;
3154 5038 3259 5092 tria
3302 5035 3413 5090 Xe-

1833 5145 2078 5214 nophon,
2105 5141 2638 5214 φιλανθρωπότατος,
2675 5136 2769 5190 καὶ
2802 5132 3283 5204 φιλομαθέστατος,
3320 5129 3413 5182 καὶ

1836 5239 2266 5308 φιλοτιμότατος.
2308 5234 2557 5289 Justinus
2604 5240 2812 5301 martyr
2856 5225 3118 5297 Apologia
3169 5224 3194 5278 1
3244 5221 3414 5278 εΚᾶν

1835 5329 1941 5383 ὑπὸ
1972 5328 2309 5401 Κρίσκεντος
2344 5325 2439 5378 τοῦ
2473 5321 2766 5394 φιλοψόφου
2800 5319 2892 5374 καὶ
2925 5316 3262 5388 φιλοκόμπου
3283 5329 3296 5344 ·
3347 5313 3412 5367 οὗ

1835 5421 1945 5495 γὰρ
1993 5419 2279 5489 φιλόσοφον
2319 5417 2492 5470 εἰπεῖν
2535 5413 2682 5478 ἄξιον
2703 5412 2791 5467 τὸν
2831 5411 3018 5482 ἄνδρα.
3069 5407 3136 5463 Ει
3178 5407 3410 5463 statim:

1849 5515 1936 5578 Ὠς
1968 5510 2232 5584 προέφην,
2261 5509 2320 5562 οὐ
2357 5507 2644 5579 φιλόσοφος
2673 5503 2806 5558 ἀλλὰ
2829 5500 3102 5574 φιλόδοξος
3133 5497 3271 5571 ἀνὴρ
3306 5495 3420 5552 δεεσ-

1839 5622 2050 5670 κνυται,
2080 5604 2138 5667 ὃς
2172 5620 2235 5672 γε
2271 5600 2406 5676 μηδὲ
2436 5599 2498 5655 τὸ
2524 5596 2872 5672 Σωκρατικὸν
2903 5593 3220 5669 ἀξιέραστον
3243 5589 3304 5645 ὃν
3335 5606 3424 5646 ιιι-

1929 5773 1976 5807 ³¹⁶
2019 5772 2138 5839 Col.
2176 5787 2216 5836 ι,
2243 5769 2332 5855 19η
