3848 6204
399 318 504 374 ιῦῗ

1390 313 1448 370 S.
1484 312 1829 370 IGNATIUS.
1886 341 1956 352 -—
1993 309 2524 366 PROLEGOMENA.

3548 312 3658 369 us

402 437 499 506 μᾷ.
535 433 830 506 Gregorius
857 431 1267 490 Nazianzenus:
1297 434 1407 506 Τὴν
1437 435 1717 505 ὁμότιμον,
1744 433 1838 486 καὶ
1861 431 1985 502 ὀμό-

2088 430 2190 486 bus
2217 432 2420 502 passim
2452 439 2710 500 usurpata
2757 431 2874 500 ipse
2923 443 3062 483 nove
3086 437 3350 497 usurpat,
3375 436 3430 483 et
3456 439 3658 499 praeter

400 543 572 598 φρονα
597 567 612 591 ,
648 530 743 580 ’καὶ
775 526 1068 597 όμόψυχον.
1119 527 1264 581 Alibi
1292 543 1302 578 :
1330 527 1440 580 Καὶ
1470 526 1676 596 πτωχοὶ
1716 525 1808 578 τὸν
1837 524 1985 593 φιλό-

401 635 616 688 πτωχον
648 619 742 671 καὶ
773 618 864 671 τὸν
897 617 1168 688 φιλόξενον
1207 619 1256 670 οί
1301 616 1442 681 ξένοι
1463 657 1478 680 ,
1515 617 1608 670 καὶ
1653 614 1870 684 ἀδελφοὶ
1895 613 1984 668 τὸν

400 714 742 784 φιλάδελφον.
802 714 1014 769 Rursus
1058 733 1071 768 :
1120 713 1441 777 ⁴Ινιλότιιιιδες
1480 713 1648 784 ἄμφω
1693 711 1787 766 καὶ
1837 710 1986 780 φιλό-

399 824 627 880 χριστοι,
670 809 731 861 τὸ
773 807 1228 880 παραδοξότατον,
1283 806 1481 877 μᾶλλον
1531 807 1589 860 δὲ
1651 806 1984 876 φιλόχριστοι

397 897 432 970 ἢ
469 901 805 969 φιλόπαιδες.
843 899 1094 966 Quatuor
1119 899 1283 955 simul
1318 898 1635 968 Simplicius
1664 899 1717 952 in
1765 897 1983 966 Epicte-

399 996 514 1042 tum
544 1007 558 1042 :
597 989 721 1041 ὐδε
760 989 858 1059 μὲν
889 987 1167 1058 φιλήδονος
1197 987 1368 1040 ἔσται·
1393 987 1480 1040 ὅδε
1512 986 1607 1041 καὶ
1645 986 1985 1056 φιλοχρήμα-

396 1098 508 1145 τος,
545 1081 639 1135 καὶ
682 1081 840 1144 ἄλλος
878 1079 1207 1150 φιλόμουσος
1241 1081 1335 1133 καὶ
1369 1079 1678 1148 φιλόσοφος.
1731 1077 1984 1131 Clemens

399 1170 685 1227 Romanus
717 1190 730 1226 :
761 1172 836 1225 Οὐ
866 1171 1068 1234 πάντες
1097 1173 1236 1224 εἰσιν
1261 1171 1512 1242 ἔπαρχοι,
1542 1169 1662 1222 οὐδὲ
1694 1168 1980 1240 χιλίαρχοι,

397 1263 517 1317 οὐδὲ
549 1264 968 1334 ἑκατόνταρχοι,
1015 1261 1135 1316 οὐδὲ
1177 1261 1658 1332 πεντηκόνταρχοι.
1705 1258 1984 1329 Epictetus

399 1358 516 1426 ipse
550 1356 693 1426 apud
746 1356 1022 1410 Stobaaum
1055 1355 1320 1423 quinque,
1367 1354 1542 1415 οὐδεὶς
1581 1351 1984 1423 φιλοχρήματος

399 1444 495 1497 καὶ
528 1443 827 1515 φιλήδονος,
865 1444 959 1498 καὶ
989 1442 1264 1512 φιλόδοξος
1295 1441 1694 1514 φιλάνθρωπος,
1730 1440 1863 1495 ἀλλὰ
1891 1442 1986 1512 μό-

400 1553 488 1599 νος
517 1538 546 1589 6
572 1535 880 1604 φιλόκαλος.

472 1624 767 1696 [lucusque
795 1625 1133 1696 argumentis
1154 1625 1290 1679 nihil
1319 1625 1591 1694 promovit
1618 1625 1704 1678 vir
1730 1623 1984 1679 doctissi-

401 1733 560 1785 mus;
599 1718 886 1772 videamus
919 1717 1050 1788 quid
1090 1717 1425 1787 conjecturis
1468 1717 1664 1788 possit.
1719 1736 1738 1769 ι
1798 1715 1978 1782 Ratio,

2087 526 2320 580 aliorum
2354 540 2582 580 morem.
2616 543 2633 576 ι
2664 523 2879 594 Ergone
2901 522 3142 592 lgnatius
3161 538 3284 578 esse
3313 538 3421 578 non
3448 524 3662 594 potuit?

2082 619 2164 672 An
2209 618 2312 672 soli
2371 617 2516 688 plani
2564 629 2619 672 et
2651 616 2869 672 lictores
2905 615 3171 670 vocabula
3199 629 3340 670 nove
3376 623 3432 669 et
3460 625 3659 684 praeter

2083 711 2315 766 aliorum
2363 725 2572 764 morem
2607 709 2920 779 usurpant?
2948 707 3150 764 Planus
3182 707 3346 775 igitur
3373 706 3510 772 fuit,
3546 723 3658 762 non

2083 801 2430 873 Thucydides
2450 843 2466 866 ,
2493 801 2586 870 qui
2611 800 2988 870 ἀποσίμωσιν,
3017 809 3070 854 et
3101 798 3389 870 κωλύμην,
3435 807 3491 854 et
3515 799 3661 852 ἀπιο-

2083 893 2311 962 τείχισιν
2351 907 2460 946 ιιοιι
2495 891 2792 945 secundum
2837 891 3068 944 aliorum
3101 905 3309 945 morem
3345 891 3657 961 usurpavit.

2083 989 2232 1054 Quot
2273 986 2570 1056 scriptores
2621 984 2795 1040 Graeci
2827 992 2985 1044 sunt.
3016 983 3108 1054 qui
3134 983 3292 1037 aliter
3319 997 3482 1039 voces
3510 998 3660 1037 nou-

2083 1081 2266 1136 nullas
2290 1087 2619 1149 acceperunt
2652 1092 2818 1147 quam
2850 1077 2919 1131 ab
2947 1076 3070 1131 aliis
3097 1085 3329 1146 accepta:
3357 1076 3518 1130 sunt?
3549 1076 3658 1130 Vix

2084 1174 2320 1243 aliquem
2368 1173 2508 1227 inter
2553 1178 2764 1225 veteres
2812 1169 2977 1224 etiam
3025 1169 3366 1224 clarissimos
3397 1177 3657 1223 auctores

2083 1263 2418 1328 nominabis,
2441 1277 2606 1332 quem
2639 1276 2750 1314 non
2775 1260 3137 1314 observarunt
3172 1259 3512 1329 grammatici
3558 1274 3660 1328 ρει

2082 1355 2280 1411 culiari
2335 1355 2522 1424 aliquo
2569 1368 2732 1408 sensu
2776 1352 2960 1422 aliqua
3005 1351 3273 1406 vocabula
3332 1365 3658 1420 usurpasse.

2083 1451 2346 1516 Quaenam
2412 1456 2627 1513 autem,
2668 1454 2762 1500 aut
2791 1454 2924 1516 quot
2967 1445 3057 1498 illa
3092 1454 3219 1499 sunt
3251 1445 3455 1513 passim
3493 1460 3661 1498 usur-

2083 1554 2230 1614 pata,
2251 1557 2374 1611 quae
2389 1549 2575 1594 noster
2588 1554 2728 1594 nove
2742 1538 3058 1608 usurpavit?
3073 1537 3188 1592 Duo
3210 1546 3417 1592 tantum
3437 1581 3452 1603 ,
3467 1536 3660 1606 φύσις,

2083 1643 2139 1689 et
2195 1633 2334 1705 ᾷὸωε
2392 1631 2612 1687 tertium
2685 1631 2830 1685 enim
2888 1631 3096 1702 ἄρχειν,
3149 1629 3356 1685 lictoris
3405 1639 3509 1684 est.
3585 1629 3662 1683 Δι

2085 1727 2248 1796 φύσις
2276 1735 2333 1780 ιιι
2359 1734 2443 1779 est
2473 1740 2576 1779 vox
2604 1722 2911 1788 tritissima,
2956 1724 3026 1777 ita
3051 1723 3202 1776 vario
3236 1737 3453 1792 semper
3483 1721 3659 1792 signi-

402 1811 602 1880 inquit,
629 1827 730 1866 cur
766 1810 870 1865 ista
909 1819 1018 1865 tam
1057 1809 1216 1865 avide
1263 1819 1485 1880 tamque
1519 1809 1762 1865 studiose
1789 1824 1984 1863 conse-
2014 1799 2056 1854 Β
2087 1818 2249 1873 (team
2301 1816 2446 1886 apud
2499 1816 2740 1885 optimos
2805 1815 3103 1884 scriptores
3158 1813 3395 1869 sumitur
3420 1854 3436 1877 ,
3489 1814 3662 1868 etiam

399 1908 580 1955 ctatus
604 1901 694 1967 sit,
729 1917 836 1955 non
882 1909 965 1955 est
989 1901 1247 1956 obscura.
1278 1897 1551 1953 Nimirum
1583 1899 1680 1968 qui
1722 1914 1981 1968 magnum

400 1998 578 2052 virum
613 1998 986 2052 simulandum
1024 1996 1182 2052 tinxit
1213 2000 1281 2066 (si
1312 1997 1360 2052 ei
1394 1996 1686 2051 credamus
1710 1995 1806 2064 qui
1839 1996 1986 2050 licto-

400 2106 516 2144 rem
549 2089 728 2159 ipsum
747 2090 946 2160 tinxit),
962 2091 1176 2160 putavit
1201 2091 1444 2160 aliquam
1467 2089 1765 2160 lgnatiana-
1783 2087 1986 2159 magni-

401 2181 608 2236 tudinis
629 2183 868 2251 speciem
893 2182 1250 2252 przebiturum
1280 2196 1589 2236 sermonem
1611 2197 1676 2235 ex
1698 2180 1986 2250 huiusmo-

399 2273 456 2328 di
496 2273 578 2326 vel
619 2274 837 2342 priscis,
865 2275 947 2328 vel
982 2275 1123 2329 raris
1155 2275 1240 2329 vel
1273 2273 1595 2344 grandibus,
1631 2274 1715 2327 vel
1761 2273 1986 2328 audaci-

401 2364 506 2422 bus
537 2366 716 2420 verbis
741 2377 1027 2421 structum.
1051 2386 1069 2419 ι
1095 2367 1424 2422 Prazclarum
1463 2383 1594 2422 sane
1610 2376 1982 2423 commentum

399 2464 458 2510 et
503 2455 836 2511 bariolatore
888 2456 1153 2526 dignum!
1206 2456 1345 2522 Quid
1378 2457 1561 2512 enim?
1589 2473 1656 2511 an
1705 2456 1984 2528 lgnatiala

402 2547 723 2618 magnitudo
753 2564 818 2602 ex
841 2548 1030 2618 grandi
1059 2563 1312 2602 sermone
1339 2547 1574 2603 conﬂata
1593 2589 1606 2612 ,
1639 2558 1694 2603 et
1723 2550 1984 2604 fortitudo

399 2639 735 2698 sanctissimi
763 2639 1016 2710 martyris
1044 2654 1110 2693 ex
1146 2638 1324 2693 verbis
1353 2639 1656 2694 audacibus
1681 2641 1983 2709 composita

400 2733 638 2802 cuipiam
663 2732 834 2787 videri
869 2731 1181 2801 potuit?An
1216 2731 1338 2786 ideo
1367 2732 1663 2802 quisquam
1696 2748 1820 2788 eum
1858 2734 1984 2789 forti

399 2832 458 2876 et
492 2821 659 2876 alacri
693 2822 881 2876 animo
922 2821 991 2874 ad
1046 2819 1516 2876 ferocissimarum
1548 2823 1847 2878 bestiarum
1887 2839 1985 2878 ora

402 2929 728 2985 properasse
760 2915 993 2984 put‘aret,
1023 2912 1168 2983 quod
1199 2911 1545 2969 Christianos
1577 2924 1672 2969 aut
1693 2913 1985 2988 θεοφόρους

403 3015 500 3061 aut
519 3006 931 3077 χριστοφόρους,
960 3015 1054 3060 aut
1101 3007 1398 3078 ναοφόρους
1432 3007 1805 3070 nominasset,
1838 3007 1985 3076 quod

2083 1907 2434 1964 Christianus
2481 1915 2535 1961 et
2591 1919 2801 1962 sacros.
2854 1904 3009 1960 Unde
3062 1905 3322 1976 anonymi
3367 1903 3662 1972 cujusdam

2085 1999 2571 2056 commentariolus
2618 1998 2890 2054 conﬂatus
2947 2007 3052 2059 est,
3085 1997 3179 2067 qui
3235 1997 3288 2050 in
3318 1995 3663 2051 Bibliotheca

2087 2093 2518 2148 Viudobonieusi
2544 2133 2558 2157 ,
2595 2103 2732 2148 teste
2790 2091 3085 2147 Lambecio
3111 2133 3126 2154 ,
3162 2106 3265 2146 ms.
3299 2100 3501 2154 exstat,
3528 2105 3662 2144 cum

2086 2183 2191 2238 hoc
2228 2184 2385 2238 titulo
2416 2201 2428 2237 :
2477 2184 2544 2237 Ἦ
2573 2183 2732 2252 φύσις
2771 2181 3010 2250 ὁσαχῶς
3052 2182 3127 2251 τῇ
3169 2185 3297 2248 θείᾳ
3333 2181 3667 2250 παρείληπ-

2085 2294 2178 2330 ται
2194 2275 2426 2347 Γραφῇ.
2453 2277 2592 2342 Quot
2624 2277 2795 2331 modis
2851 2276 3011 2346 φύσις
3049 2277 3103 2330 in
3147 2275 3205 2330 S.
3246 2274 3526 2344 Scriptura
3569 2291 3665 2328 ac-

2085 2374 2334 2444 cipiatur.
2363 2371 2537 2438 Quid,
2586 2387 2794 2442 quaso,
2827 2370 3098 2441 signiﬁcat
3135 2370 3298 2438 φύσις
3351 2368 3495 2438 apud
3526 2367 3669 2438 Epig

2085 2466 2349 2536 phanium
2389 2463 2580 2518 haeresi
2623 2464 2686 2518 51
2752 2463 2842 2516 ubi
2899 2463 2978 2517 ait
3010 2481 3022 2516 :
3054 2463 3148 2525 El;
3170 2461 3396 2532 Κύπρον
3425 2461 3486 2514 δὲ
3529 2457 3670 2530 ὲληο’

2085 2555 2262 2620 λυθὼς
2292 2557 2368 2618 ὡς
2410 2555 2668 2623 ναυάγιον
2717 2553 2956 2618 ὑποστὰς
2995 2554 3156 2623 φύσει
3205 2551 3533 2623 σωματικῶς
3564 2550 3666 2622 τῆς

2085 2649 2323 2713 πίστεως
2358 2647 2584 2719 tit-Eam;
2618 2646 2775 2706 Certe
2796 2645 3053 2700 Petavius
3082 2661 3193 2699 non
3228 2644 3396 2708 vidit,
3424 2659 3550 2698 cum
3586 2644 3664 2699 ita

2086 2741 2288 2796 vertit:
2329 2761 2346 2792 ι
2388 2738 2492 2794 Sed
2538 2739 2604 2793 ad
2643 2737 2880 2809 Cyprum
2911 2735 3659 2806 delatusﬁdeinaul’ragium,

2084 2834 2233 2888 velut
2261 2832 2512 2902 corporis
2538 2831 2778 2896 fecisset,
2806 2829 3004 2892 ibidem
3033 2845 3251 2898 passus.
3279 2847 3297 2880 ι
3325 2828 3470 2894 Quid
3500 2827 3667 2897 paulo

2085 2927 2244 2996 post?
2264 2923 2408 2994 Ἐγὼ
2459 2922 2516 2976 δὲ
2551 2923 2708 2976 ἂτινα
2756 2921 2914 2990 φύσει
2940 2922 3235 2987 ἀναγκαῖον
3268 2914 3406 2974 εἶναι
3455 2919 3669 2990 ἡγησᾶ-

2091 3039 2198 3092 μην
2241 3022 2322 3083 είς
2356 3019 2664 3091 τούμφανὲς
2690 3017 2882 3081 ἐλθεῖν,
2910 3015 3063 3070 ταῦθ’
3095 3016 3468 3088 ὑπηγόρευσα.
3496 3017 3665 3070 Peta-

403 3100 809 3170 πραῦπάθειαν,
841 3110 934 3153 aut
961 3099 1348 3172 βεϐαιοσύνην,
1385 3109 1480 3154 aut
1522 3101 1867 3172 ἀκαυχησίαν
1902 3101 1986 3155 in-

2087 3114 2211 3168 vius
2249 3112 2395 3166 enim
2443 3126 2638 3166 rursus
2665 3109 2888 3166 omisit:
2923 3127 2941 3160 ι
2978 3107 3092 3177 Ego
3141 3123 3273 3162 vero
3300 3122 3364 3160 ea
3399 3107 3669 3162 duntaxat

403 3193 648 3249 credibili
684 3193 911 3248 audacia
951 3193 1005 3247 in
1051 3193 1296 3262 epistolis
1347 3194 1665 3263 scripserit?
1720 3193 1987 3264 Pleraque

405 3286 523 3342 haec
559 3286 781 3357 quidem
815 3303 843 3341 a
876 3286 1156 3340 Blondello
1189 3296 1376 3341 notata
1409 3297 1568 3353 sunt;
1618 3288 1712 3342 sed
1740 3297 1799 3341 ut
1827 3296 1986 3357 putre

403 3377 732 3434 fermentum
761 3381 829 3433 ab
856 3378 1064 3449 lgnatio
1089 3379 1442 3445 amoliretur;
1473 3395 1646 3448 neque
1673 3380 1816 3434 enim
1851 3379 1987 3434 adeo

405 3470 689 3536 lnsanivit,
717 3480 779 3524 ut
793 3471 859 3525 ad
879 3469 1168 3542 lguatiana:
1187 3470 1576 3538 magnitudinis
1599 3472 1831 3541 speciem
1849 3487 1989 3542 prte-

405 3561 641 3616 bendam
677 3560 791 3615 hac
819 3562 1128 3631 excogitata
1175 3576 1298 3615 esse
1320 3561 1544 3615 diceret.
1588 3560 1829 3616 Grandia
1870 3563 1985 3617 htec

407 3669 516 3708 non
541 3669 662 3708 esse
690 3652 955 3708 vocabula
998 3662 1092 3707 aut
1120 3653 1349 3707 audacia
1399 3667 1565 3723 supra
1598 3653 1896 3721 evicimus;
1934 3663 1988 3709 et

409 3743 670 3814 frequens
711 3743 1098 3813 plerarumque
1128 3759 1265 3797 usus
1297 3744 1440 3810 apud
1482 3743 1780 3813 scriptores
1817 3745 1986 3799 casti-

408 3837 725 3906 gatissimos
774 3835 914 3888 idem
958 3843 1210 3890 testatur.
1263 3835 1534 3891 Fictorem
1569 3845 1752 3891 autem
1801 3836 1988 3891 nescio

409 3943 571 3998 quem
612 3943 675 3981 ea
702 3927 1042 3992 adhibuisse,
1074 3929 1221 3999 quod
1245 3929 1424 3998 prisca
1461 3937 1698 3998 putaret,
1739 3938 1793 3984 et
1833 3939 1989 3986 :ctate

409 4035 509 4074 sua
534 4035 680 4085 rara,
706 4035 921 4074 omnem
950 4029 1226 4089 stuporem
1272 4029 1513 4090 superat.
1564 4021 1648 4074 An
1685 4021 1798 4075 haec
1824 4037 1991 4075 exco-

409 4112 584 4182 gitare
617 4112 773 4165 lictor
803 4111 890 4165 vel
931 4111 1132 4181 fungus
1177 4112 1381 4181 potuit,
1411 4119 1472 4165 ut
1507 4109 1784 4181 lgnatius,
1827 4126 1988 4180 quem

409 4203 672 4258 simulare
705 4202 917 4268 voluit,
965 4217 1110 4257 unus
1160 4202 1226 4256 de
1279 4203 1456 4256 cascis
1495 4201 1806 4256 videretur?
1849 4201 1987 4255 Cum

417 4311 438 4346 ι
473 4294 652 4363 prisca
685 4293 871 4358 audio,
905 4291 1038 4345 mihi
1070 4299 1359 4345 versantur
1387 4300 1512 4345 ante
1535 4291 1724 4346 oculos
1767 4288 1990 4361 Ulysses

409 4393 465 4440 et
498 4383 718 4450 Nestor,
748 4399 982 4454 quorum
1014 4393 1145 4436 aetas
1170 4381 1317 4437 mille
1338 4381 1451 4437 fere
1477 4383 1586 4436 200
1623 4383 1785 4439 annis
1813 4397 1990 4438 saecu-

2090 3202 2352 3272 proposui
2405 3216 2529 3271 qua:
2576 3200 2631 3254 in
2661 3199 2899 3255 medium
2933 3198 3162 3268 proferri
3196 3207 3449 3268 oportere
3473 3196 3663 3251 duxia

2089 3293 2232 3360 Quid
2292 3293 2530 3363 denique
2580 3291 2772 3347 haeresi
2821 3292 2934 3346 5i?
3004 3290 3196 3343 Ὁπότε
3231 3289 3288 3342 δὲ
3317 3289 3378 3342 ού
3419 3287 3671 3358 δέχονται

2090 3389 2249 3457 φύσει
2281 3386 2350 3440 τὰ
2380 3385 2558 3457 βιϐλία
2610 3385 2678 3438 τὰ
2715 3385 2824 3438 ἀπὸ
2853 3383 2947 3439 τοῦ
2991 3383 3148 3452 ἁγίου
3200 3383 3451 3436 Ἰωάννου
3502 3397 3670 3452 κεκη-

2091 3479 2355 3552 ρυγμένα.
2388 3497 2406 3529 ι
2446 3477 2551 3532 Sed
2579 3493 2702 3532 cum
2730 3476 3019 3531 universos
3056 3473 3286 3530 Joannis
3317 3474 3491 3529 libros
3535 3488 3670 3543 pro-

2090 3574 2206 3643 prie
2234 3572 2505 3641 rejiciant.
2537 3595 2555 3622 ο
2586 3569 2664 3624 Ita
2699 3569 2919 3624 tandem
2936 3567 3214 3631 Petavius,
3239 3583 3310 3620 an
3344 3567 3531 3620 recte?
3561 3564 3670 3620 Sed

2089 3661 2333 3732 lguatius
2388 3670 2593 3725 noster,
2627 3669 2835 3714 natura:
2867 3676 2885 3710 ι
2920 3657 3143 3712 nomine
3191 3656 3278 3711 bis
3311 3655 3519 3711 abusus
3551 3664 3670 3720 est;

2088 3770 2311 3810 sensum
2335 3753 2385 3808 ei
2411 3753 2598 3808 nescio
2635 3766 2824 3821 quem,
2848 3749 3045 3818 inquit,
3077 3747 3391 3802 abstrusum
3415 3756 3471 3800 et
3497 3762 3526 3800 a
3553 3746 3675 3800 vul-

2089 3845 2206 3917 gari
2261 3860 2363 3900 usu
2397 3851 2667 3898 remotum
2699 3839 2980 3909 alIingens.
3010 3857 3028 3888 ι
3063 3835 3270 3890 Locum
3313 3851 3380 3890 ex
3426 3833 3674 3904 Epistula

2089 3935 2157 3991 ad
2188 3934 2454 4005 Ephesios
2477 3931 2718 3995 adducit,
2749 3930 2804 3984 in
2826 3944 2957 3998 quo,
2999 3927 3260 3982 nimirum
3288 3965 3304 3989 ,
3339 3944 3358 3977 ι
3393 3925 3677 3979 extrican-

2088 4027 2160 4082 do
2194 4026 2394 4082 sudant
2425 4025 2770 4092 interpretes.
2801 4039 2820 4072 ι
2852 4019 3074 4074 Possem
3097 4018 3304 4088 pariter
3318 4033 3386 4071 ex
3414 4013 3473 4070 S.
3500 4014 3678 4070 Paulo

2088 4119 2270 4175 locum
2296 4114 2634 4181 adducere,l
2669 4114 2798 4168 Cor.
2827 4129 2910 4177 ιι,
2939 4111 3027 4176 Η,
3059 4111 3127 4164 de
3155 4125 3267 4180 quo
3315 4124 3424 4163 non
3467 4107 3678 4162 sudant

2089 4221 2302 4268 tantum
2330 4209 2424 4264 sed
2449 4217 2505 4262 et
2528 4205 2899 4277 digladiantur
2926 4203 3028 4258 viri
3057 4202 3386 4257 doctissimi.
3419 4198 3530 4255 Sed
3560 4216 3677 4254 non

2089 4321 2230 4375 opus
2253 4313 2339 4359 est
2365 4321 2378 4356 :
2405 4299 2754 4370 apertissima
2784 4297 2933 4352 enim
2977 4295 3194 4351 fallacia
3221 4296 3311 4349 hic
3341 4295 3519 4349 utitur
3547 4293 3678 4348 Dal-

2090 4399 2226 4453 laaus
2273 4413 2285 4450 :
2336 4391 2758 4461 πολυαγάπητον
2817 4389 2992 4459 ὄνομα
3049 4385 3321 4456 κέκτησθε
3378 4384 3541 4454 φύσει
3588 4386 3678 4439 δι-

410 4475 523 4531 lnm
559 4477 901 4546 lgnatianum
934 4473 1304 4540 antecedebat,
1347 4492 1365 4526 ι
1397 4483 1458 4529 ιιι
1484 4474 1612 4529 olim
1639 4475 1750 4530 ille.
1778 4475 1860 4528 An
1883 4475 1991 4546 πρὸ
2021 4485 2066 4540 ι)
2095 4487 2227 4558 καιᾳ
2248 4526 2262 4549 ν
2293 4501 2417 4555 qua;
2438 4482 2630 4538 recitat
2657 4480 2820 4535 verba
2846 4479 3018 4534 nostri
3045 4478 3264 4548 quidem
3304 4485 3434 4532 sunt
3452 4517 3468 4541 ,
3493 4477 3593 4532 sed
3621 4478 3681 4531 in

411 4569 598 4641 χιλίων
627 4567 764 4622 ἐτῶν
792 4567 1118 4635 διαλέγεται,
1150 4574 1211 4619 ιιι
1234 4566 1310 4620 ait
1338 4565 1652 4621 Lucianus?
1677 4565 1760 4620 An
1795 4584 1812 4617 t
1849 4566 1988 4621 duo-

411 4662 586 4716 decim
613 4661 826 4716 tabulas
851 4660 1115 4731 loquitur,
1152 4679 1170 4711 ι
1210 4668 1270 4714 ιιι
1299 4659 1548 4714 Seneca?
1583 4678 1601 4710 ι
1638 4657 1842 4714 Sordes
1870 4675 1990 4713 ver-

412 4752 648 4816 borum,
699 4762 753 4806 et
792 4752 950 4805 hians
983 4751 1343 4821 compositio,
1383 4759 1438 4805 et
1479 4749 1743 4806 inconditi
1790 4765 1988 4806 sensus

411 4845 658 4899 redolent
680 4844 1091 4914 antiquitatem;
1117 4863 1136 4895 ι
1160 4843 1252 4899 sed
1270 4841 1476 4912 quam?
1498 4858 1606 4897 non
1629 4849 1846 4896 :etatem
1861 4840 1992 4896 Tra-

407 4936 546 5006 jani.
579 4935 686 4990 Sed
713 4951 890 5005 neque
919 4936 1098 5006 prisca
1126 4937 1217 4990 illa
1249 4934 1426 4990 lictori
1451 4935 1624 4989 videri
1665 4944 1985 5005 potuerunt.

413 5029 609 5099 Aliqua
639 5044 705 5083 ex
741 5029 847 5084 illis
895 5026 1130 5084 fortasse
1161 5044 1302 5084 nova
1345 5036 1475 5082 tunc
1514 5027 1621 5082 dici
1669 5035 1986 5095 potuerunt,

414 5129 600 5192 utpote
624 5120 1242 5190 postChristianismum
1267 5119 1605 5189 orta,prisca
1630 5119 1789 5188 plane
1812 5119 1983 5173 nulla.

411 5214 707 5268 Accusavit
749 5214 863 5269 haec
904 5215 1018 5284 ipsa
1056 5215 1210 5284 prius
1251 5223 1311 5268 ut
1334 5228 1496 5280 nova,
1521 5228 1668 5268 nunc
1713 5221 1774 5266 ut
1805 5211 1990 5283 prisca

411 5307 690 5377 exagitat;
734 5322 910 5376 neque
939 5322 1006 5361 ex
1059 5307 1126 5361 iis
1169 5322 1292 5378 qua:
1333 5321 1508 5372 nova,
1540 5305 1625 5360 vel
1653 5320 1775 5375 qua:
1810 5305 1990 5376 prisca

412 5398 705 5454 videantur
738 5398 998 5453 ostendit.
1029 5397 1213 5453 Fictor
1236 5413 1369 5454 sane
1399 5408 1459 5453 ut
1487 5397 1711 5468 antiqua
1732 5405 1787 5452 et
1818 5397 1992 5453 inusi-

414 5498 558 5557 tata,
591 5493 884 5564 θεοφόρον,
925 5493 1284 5566 χριστοφόρον
1311 5501 1364 5546 et
1395 5491 1592 5547 similia
1626 5490 1833 5562 lgnatio
1863 5505 1995 5559 sup-

415 5598 621 5655 ponere
655 5602 766 5640 non
781 5587 1004 5656 potuit,
1037 5601 1162 5653 cum
1195 5585 1490 5655 scriptores
1521 5593 1646 5655 post
1685 5582 1953 5655 lgnatium
1974 5622 1990 5650 ,

417 5684 544 5731 ante
573 5674 893 5744 Eusebium,
924 5693 988 5733 ea
1023 5678 1429 5747 usurpaverint.

493 5766 599 5825 Sed
629 5787 648 5823 ι
678 5776 733 5827 et
766 5769 1011 5840 quaedam
1039 5771 1204 5826 verba
1231 5785 1323 5836 per
1374 5785 1433 5828 se
1477 5770 1682 5842 optima
1715 5779 1770 5829 et
1813 5769 1994 5830 omni-

2088 4579 2169 4633 eis
2195 4574 2531 4631 extricandis
2565 4588 2673 4627 non
2708 4571 2908 4626 sudant
2967 4571 3310 4640 interpretes.
3369 4567 3681 4639 lnterpola-

2089 4679 2176 4724 tor
2227 4683 2328 4738 pro
2351 4665 2773 4734 πολυαγάπητον
2810 4661 3097 4718 substituit
3143 4676 3242 4730 pro
3289 4677 3392 4716 suo
3442 4661 3681 4716 arbitrio

2089 4755 2488 4827 πολυπόθητονο
2520 4754 2664 4808 unde
2702 4750 2962 4808 Usserius
2989 4761 3044 4807 et
3065 4749 3293 4814 Junius,
3317 4767 3444 4805 cum
3484 4767 3678 4806 veram

2090 4851 2381 4906 lectionem
2412 4863 2521 4902 non
2561 4845 2848 4910 vidissent,
2882 4851 3074 4915 argute
3103 4843 3268 4897 nimis
3305 4842 3373 4896 de
3404 4844 3681 4915 etymolo-

2090 4942 2178 5012 gia
2236 4939 2501 5008 Ἐφεσίων
2571 4935 2949 5001 disserebant;
3005 4949 3129 5003 quae
3196 4933 3416 5003 quidem
3487 4931 3682 4989 Isaaco

2091 5033 2289 5088 Vossio
2327 5032 2526 5086 merito
2578 5029 2762 5084 minus
2823 5027 3135 5098 placebant.
3195 5025 3335 5092 Quid
3387 5024 3555 5094 φύσει
3599 5026 3677 5079 δι-

2091 5127 2226 5198 καίᾳ
2250 5134 2428 5190 esset,
2471 5135 2665 5177 neutra
2697 5137 2828 5191 pars
2869 5120 3190 5185 dubitabat;
3239 5128 3470 5188 uterque
3521 5116 3678 5171 Lati-

2091 5232 2200 5272 nus
2226 5217 2493 5285 interpres
2517 5223 2715 5267 natura
2735 5213 2880 5281 iusta
2911 5210 3175 5276 reddidit;
3209 5210 3346 5264 adeo
3383 5209 3573 5262 omnis
3607 5223 3678 5263 ex

2091 5309 2362 5364 vocabulo
2389 5307 2552 5377 φύσις
2587 5306 2756 5362 sudor
2786 5305 3066 5359 abstersus
3110 5313 3215 5357 est.
3253 5301 3336 5356 Ad
3359 5299 3678 5357 Trallenses

2092 5415 2157 5455 ea
2180 5414 2312 5455 voce
2371 5399 2568 5453 iterum
2621 5397 2818 5461 utitur,
2851 5396 2912 5448 ού
2944 5393 3088 5449 κατὰ
3112 5393 3340 5464 χρῆσιν,
3373 5391 3514 5446 ἀλλὰ
3536 5391 3680 5446 κατὰ

2092 5491 2257 5560 φύσιν
2283 5529 2298 5556 ,
2332 5490 2386 5544 id
2417 5500 2534 5551 est,
2564 5487 2688 5541 καθ’
2720 5487 2860 5553 ἕξιψ
2896 5501 3024 5540 nam
3057 5483 3344 5552 φυσιοῦται
3380 5485 3415 5555 ὴ
3439 5481 3580 5549 ἕξις,
3619 5488 3681 5537 ιιι

2093 5583 2340 5654 loquitur
2369 5581 2628 5636 Clemens
2672 5578 3098 5634 Alexandrinus.
3132 5575 3281 5631 Satis
3324 5583 3514 5644 aperte
3559 5575 3679 5629 hac

2093 5687 2148 5730 et
2171 5675 2449 5746 eleganter
2497 5673 2643 5729 dicta
2675 5680 2833 5739 sunt;
2877 5686 3002 5741 qua:
3031 5680 3212 5724 tamen
3249 5669 3510 5723 archaica
3551 5684 3678 5724 esse

2094 5769 2212 5827 vult
2249 5781 2444 5826 censor
2486 5775 2542 5824 et
2590 5765 2844 5835 miriﬁca,
2886 5779 3015 5822 cum
3050 5762 3163 5821 sint
3205 5762 3367 5835 plane
3422 5761 3674 5836 vulgaria
