3848 6204
196 253 290 307 M9

908 256 960 314 J.
1000 256 1367 314 PEARSONII
1411 256 1730 314 VINDICIJE
1771 257 2197 316 IGNATIANAS.
2227 291 2296 302 —
2323 260 2508 318 PARS
2543 261 2613 317 η.
2650 266 2657 277 “

3330 265 3438 321 ‘50

195 387 242 435 et
273 377 480 434 usitata.
505 375 565 431 ιιι
599 376 979 448 antiquissima
1008 369 1272 434 Barnabze
1302 378 1565 449 epistola:
1596 396 1615 431 ι
1651 377 1749 433 Su-
1779 383 1824 440 Α
1923 379 1997 435 De
2015 399 2034 433 ι
2063 395 2238 438 nexus
2261 381 2553 437 verborum
2579 381 2813 439 miriﬁca
2828 383 3038 439 ratione
3061 403 3080 436 ι
3107 383 3218 440 late
3247 385 3437 456 dispu-

195 486 279 543 pra
315 471 529 525 modum
565 471 844 525 exhilaror
867 470 1043 526 beatis
1065 478 1122 525 et
1159 471 1440 541 praeclaris
1462 473 1750 542 spiritibus

195 565 368 622 vestris
389 564 536 635 quod
562 565 645 620 sic
688 565 990 619 naturalem
1018 569 1248 636 gratiam
1280 567 1604 636 accepistis;
1641 585 1659 620 ι
1693 576 1750 624 et

194 667 352 711 tamen
396 657 578 710 statim
631 657 800 719 addit,
840 677 858 709 ι
897 657 1025 728 quia
1055 673 1182 714 vere
1205 659 1364 714 video
1390 659 1444 713 in
1471 660 1632 716 vobis
1664 661 1750 714 in-

193 745 352 800 fusum
378 746 633 814 spiritum
687 747 754 801 ab
783 749 1016 804 honesto
1058 747 1210 804 fonte
1240 749 1354 805 Dei.
1387 770 1406 802 ι
1447 749 1749 822 Gregorius

190 835 542 890 Nazianzenus
565 838 821 892 oratione
853 839 920 892 15
951 857 962 891 :
997 838 1193 911 Χρόνῳ
1212 840 1306 893 καὶ
1333 840 1479 911 λόγῳ
1517 840 1750 910 βεϐαιω-

190 928 266 981 Θὲν
286 927 422 981 ἅπαν
453 927 620 982 καλὸν
645 928 806 998 φύσις
830 927 1184 995 καθίσταται,
1218 930 1472 1002 καθάπερ
1503 931 1597 984 καὶ
1622 932 1655 1001 ἡ
1691 931 1748 982 ὲν

189 1026 302 1094 ἡμῖν
323 1023 523 1092 ἀγάπη.
567 1041 588 1073 ι
625 1022 842 1078 Bonum
896 1039 1062 1078 omne
1111 1032 1359 1093 tempore
1409 1039 1474 1078 ac
1535 1025 1748 1078 ratione

189 1115 547 1170 conﬁrmatum
599 1115 656 1169 in
685 1124 941 1170 naturam
977 1116 1212 1182 transit,
1245 1125 1304 1170 ut
1337 1124 1392 1171 et
1427 1131 1491 1170 ea
1523 1131 1646 1185 quae
1688 1115 1745 1169 i-n

191 1208 326 1262 nobis
354 1216 435 1260 est
489 1207 756 1261 charitas.
792 1224 812 1259 ι
853 1205 1090 1261 Verbum
1124 1207 1291 1260 etiam
1326 1205 1474 1277 ᾅδειν
1508 1214 1746 1270 cantare,

189 1313 280 1352 non
310 1297 511 1367 vulgari
567 1305 625 1351 et
660 1297 940 1367 legitimo,
975 1297 1070 1353 sed
1107 1298 1322 1366 poetico
1355 1312 1522 1352 sensu
1557 1295 1748 1366 posuit

188 1403 272 1458 pro
316 1387 591 1442 celebrare.
668 1388 948 1457 Duplicem
1005 1387 1228 1458 quidem
1310 1387 1456 1442 hunc
1521 1401 1746 1442 sensum

187 1488 466 1548 agnoscunt
511 1479 898 1549 grammatici,
960 1486 1021 1532 ut
1076 1477 1406 1533 Ammonius
1443 1495 1456 1533 :
1495 1477 1570 1530 Τὸ
1597 1476 1747 1548 ᾅδειν

189 1572 300 1626 ποτὲ
322 1572 414 1643 μὲν
437 1570 496 1626 τὸ
524 1571 758 1641 ψάλλειν
781 1571 949 1642 δηλοῖ,
977 1570 1148 1623 ἐνίοτε
1176 1570 1234 1622 δὲ
1261 1569 1321 1622 τὸ
1338 1587 1410 1640 φη
1419 1568 1615 1641 μίξεων
1651 1570 1745 1626 sed

188 1679 330 1718 unam
375 1663 839 1733 signiﬁcationem
903 1662 1165 1731 poeticae,
1211 1661 1440 1716 alteram
1501 1660 1744 1730 pedestri

1850 478 1930 526 tat
1963 472 2046 525 vir
2065 472 2449 534 doctissimus,
2474 489 2706 544 eamque
2739 493 2758 525 ι
2781 475 2847 529 ad
2880 475 3025 529 illam
3049 492 3212 544 quam
3238 495 3257 528 ι
3290 478 3434 533 scri-

1851 574 1977 634 ptor
2016 584 2034 615 (
2060 575 2367 620 assectatur
2400 582 2650 636 pompam
2689 568 2922 622 multum
2950 567 3128 624 facere
3153 589 3172 621 ι
3197 570 3434 626 arbitra-

1854 654 2460 712 tur.Videamusautem
2476 675 2725 728 quaenam
2748 659 2836 714 illa
2851 661 3091 730 sintqure
3113 663 3251 716 adeo
3271 677 3434 732 pom-

1849 746 2031 816 patice
2060 747 2308 816 loquitur
2338 747 2581 820 lgnatius
2615 759 2822 806 noster.
2855 771 2872 804 ‹
2898 751 3252 822 Evangelium
3295 753 3436 811 dixit

1849 837 2057 893 Christi
2109 855 2354 895 carnem.
2391 859 2408 891 ι
2466 840 2643 907 Quam
2699 842 3044 912 pompatice!
3099 843 3435 914 προσφυγὼν

1849 931 2168 1004 Εὐαγογελίῳ
2219 933 2296 996 ὡς
2360 933 2526 1005 σαρκὶ
2556 933 2816 1005 Χριστοῦ.
2859 933 2976 989 Νοη
3016 935 3100 988 his
3132 937 3312 992 verbis
3350 936 3435 992 di-

1849 1032 1995 1077 serte
2025 1022 2378 1094 Evangelium
2410 1023 2613 1080 Christi
2647 1041 2868 1081 carnem
2902 1027 3059 1091 dixit,
3097 1028 3191 1083 sed
3222 1027 3434 1100 fugien-

1848 1115 1976 1168 dum
2014 1124 2199 1170 monet
2245 1116 2315 1170 ad
2372 1113 2729 1184 Evangelium
2774 1125 3033 1186 tanquam
3086 1119 3153 1174 ad
3204 1134 3432 1174 carnem

1848 1203 2072 1262 Christi.
2114 1205 2198 1260 An
2245 1206 2500 1263 Christus
2538 1223 2598 1263 se
2636 1207 2809 1262 furem
2855 1209 3020 1275 dixit,
3048 1226 3172 1265 cum
3207 1211 3320 1266 hrec
3353 1211 3433 1266 lo-

1847 1305 2030 1359 cutus,
2060 1304 2143 1350 est
2169 1297 2290 1366 ἥκω
2322 1297 2416 1350 ἐπὶ
2441 1296 2503 1350 σὲ
2535 1297 2612 1360 ὡς
2640 1296 2898 1369 κλέπτης,
2927 1317 2946 1349 ‹
2981 1300 3142 1354 venio
3163 1300 3230 1354 ad
3262 1308 3334 1362 te.
3365 1315 3432 1354 eo

1848 1386 2130 1456 modoquo
2163 1386 2252 1442 fur
2283 1387 2470 1442 venire
2512 1387 2686 1442 solet?
2719 1407 2738 1439 ι
2775 1388 2858 1440 An
2895 1389 3078 1442 lunam
3109 1389 3429 1460 sanguinem

1847 1477 1986 1532 dixit
2014 1476 2072 1532 S.
2119 1477 2384 1543 Joannes,
2441 1494 2566 1533 cum
2613 1479 2705 1532 illa
2741 1479 3048 1552 scripsit,ﬂ
3087 1481 3286 1552 σελήνη
3307 1481 3430 1550 ἐγέ-

1847 1583 1969 1620 νετο
2006 1567 2082 1631 ὡς
2111 1561 2272 1638 αἷμα,
2313 1586 2332 1618 ι
2383 1565 2536 1622 Luna
2570 1566 2714 1624 facta
2743 1578 3102 1640 csttanquam
3136 1573 3426 1642 sanguis?»

1845 1657 1928 1713 An
1963 1674 2086 1713 cum
2126 1659 2504 1729 Philippenses
2553 1659 2890 1732 Polycarpus
2933 1662 3090 1732 jubet
3149 1665 3428 1735 subjectos

188 1756 397 1810 orationi
431 1764 772 1825 competere,
804 1769 987 1819 nemo,
1024 1754 1244 1824 opinor,
1278 1755 1460 1810 adhuc
1504 1753 1740 1808 monuit.
1777 1750 1818 1808 Β
1847 1765 1968 1806 esse
2021 1751 2354 1822 presbyteris
2397 1762 2452 1805 et
2505 1752 2776 1816 diaeouis,
2805 1752 2880 1817 ὡς
2905 1753 3024 1824 Θεῷ
3044 1755 3138 1807 καὶ
3166 1754 3426 1828 Χριστῷ,

186 1845 241 1900 Ει
266 1846 392 1901 adeo
425 1848 591 1901 tritus
623 1856 715 1901 est
767 1844 860 1898 τοῦ
912 1844 1060 1916 ᾅδειν
1091 1859 1192 1915 pro
1254 1843 1531 1911 celebrare,
1598 1845 1743 1914 apud

186 1937 342 1992 omnis
373 1938 589 2008 generis
641 1939 948 2009 scriptores
991 1953 1160 2003 usus,
1195 1943 1258 1991 ut
1304 1935 1558 2006 exempla
1591 1935 1647 1990 i-n
1683 1951 1744 1990 re

186 2039 278 2085 tam
309 2042 430 2086 nota
463 2031 721 2102 proferre
754 2033 975 2102 pudeat.
1021 2029 1200 2086 Verba
1245 2030 1511 2084 inusitata
1544 2036 1600 2084 et
1646 2028 1747 2082 ob-

185 2139 319 2179 scura
348 2123 581 2180 Dallreus
615 2133 732 2179 tam
767 2123 1083 2194 frequenter
1119 2122 1329 2194 lgnatio
1371 2130 1568 2177 nostro
1601 2121 1744 2190 obji-

185 2215 262 2279 cit,
292 2225 348 2270 ut
375 2216 570 2271 credas
607 2216 767 2270 illum
802 2231 911 2270 non
947 2215 1108 2270 aliter
1142 2214 1434 2284 scripsisse
1454 2213 1738 2284 epistolas,

186 2322 324 2377 quam
354 2308 480 2362 olim
539 2307 889 2363 Alexarchus
919 2305 1220 2362 Cassandri
1261 2305 1433 2361 frater
1483 2306 1738 2376 scripsit,

187 2401 322 2466 cuius
348 2401 576 2471 epistola
603 2401 752 2471 apud
775 2399 1098 2455 Athenmum
1126 2400 1220 2454 lib.
1249 2415 1307 2454 Ill
1342 2407 1544 2466 exstat,
1574 2414 1739 2469 quam

187 2504 240 2544 ne
263 2489 506 2564 Pythium
542 2493 772 2563 quidem
823 2491 1161 2548 intellexisse
1212 2491 1390 2547 critici
1441 2492 1738 2561 putabant,

187 2579 456 2640 utDalheus
490 2582 808 2654 lgnatianas
839 2583 1102 2651 epismlas
1137 2583 1318 2652 prisca
1354 2581 1539 2638 Loxiae
1569 2581 1740 2652 Apol-

187 2671 290 2729 linis
318 2677 532 2730 oracula
570 2676 832 2747 appellat.
865 2673 1018 2730 lllius
1049 2675 1295 2744 epistolae
1336 2675 1622 2744 inscriptio
1661 2674 1742 2730 sic

187 2768 303 2834 apud
333 2767 656 2824 Athenaeum
699 2769 1042 2838 concipitur:
1078 2765 1403 2838 Ἀλέξαρχος
1431 2769 1462 2821 ὁ
1507 2767 1740 2840 μάρμων

186 2861 388 2932 τρόμοις
431 2863 647 2931 γαθεῖν.
688 2861 1053 2918 Casaubonus
1099 2863 1357 2916 observat
1390 2863 1444 2916 in
1480 2877 1589 2918 ms.
1636 2877 1739 2932 pro

191 2954 390 3025 μάρμων
415 2956 518 3026 legi
557 2958 811 3027 μάρκων,
840 2963 994 3025 putat
1026 2954 1255 3027 μάρκων
1287 2955 1602 3025 signiﬁcare
1635 2957 1740 3010 im-

188 3054 478 3111 peratorem,
513 3062 740 3118 regem;
779 3045 1154 3115 conjecturam
1189 3046 1374 3100 ﬁrmat
1417 3045 1599 3101 verbis
1631 3045 1735 3103 He-

191 3137 336 3205 sychii
369 3157 384 3192 :
416 3139 682 3210 Μάρκος,
730 3137 939 3209 ἐντολή.
971 3137 1353 3196 Infelicissime
1395 3140 1598 3194 omnia.
1631 3138 1736 3195 Ne-

190 3238 275 3292 que
301 3227 436 3281 enim
474 3229 822 3284 Alexarchus
856 3229 1154 3298 imperator
1187 3237 1284 3283 aut
1317 3244 1411 3284 rex
1444 3229 1583 3297 fuit;
1639 3245 1737 3285 ne-

192 3332 277 3387 que
305 3318 502 3390 μάρκος
533 3320 727 3376 Graece
750 3321 1078 3386 mandatum,
1111 3320 1405 3391 signiﬁcat.
1440 3319 1534 3374 llla
1568 3321 1734 3377 verba

201 3407 443 3481 Hesychii,
483 3422 542 3468 ut
574 3413 690 3468 alia
721 3413 1048 3484 compluria,
1079 3428 1147 3468 ex
1171 3414 1341 3469 veteri
1377 3413 1554 3470 Iexico
1581 3423 1735 3468 tran-

201 3505 369 3573 scripta
402 3516 562 3572 sunt,
614 3523 730 3576 quo
777 3508 1201 3563 continebantur
1237 3508 1462 3563 nomina
1509 3508 1732 3579 propria

193 3591 302 3649 Novi
333 3596 664 3654 Testamenti
689 3600 754 3654 ad
791 3598 1093 3654 chraicas
1126 3600 1370 3669 origines
1393 3601 1528 3656 satis
1552 3601 1734 3670 inepte

195 3687 351 3743 relata.
380 3689 521 3745 lnter
555 3692 651 3745 illa
687 3693 827 3760 apud
862 3689 1280 3762 Hieronymum,
1316 3707 1439 3761 quae
1481 3708 1546 3746 ex
1582 3693 1732 3748 Actis

197 3783 511 3848 colliguntur,
547 3798 568 3830 ι
629 3782 880 3845 Marcus,
926 3787 1261 3834 mandatum.
1319 3799 1339 3832 ι
1377 3783 1529 3836 'laha
1572 3789 1739 3849 sunt,

198 3867 312 3933 apud
352 3866 708 3940 Hesychium,
745 3869 986 3940 Πέτρος,
1029 3868 1296 3936 ἐπιλύων,
1344 3871 1740 3940 ἐπιγινώσκων,

199 3960 313 4025 apud
359 3960 740 4032 Hieronymum
762 4004 776 4026 ,
823 3979 844 4012 ‹
882 3960 1109 4027 Petrus,
1136 3978 1442 4032 agnoscens,
1485 3982 1504 4015 ι
1537 3972 1592 4019 ει
1619 3981 1742 4018 rur-

201 4063 295 4104 sum
324 4070 336 4106 :
371 4072 388 4104 ‹
419 4052 613 4110 Petrus
638 4095 652 4117 ,
680 4070 996 4124 agnoscens,
1031 4054 1146 4109 sive
1187 4054 1496 4110 dissolvens.
1533 4074 1553 4108 ι
1582 4055 1737 4126 Apud

201 4155 330 4208 quem
359 4148 510 4201 etiam
533 4189 547 4214 ,
587 4167 608 4198 ‹
654 4146 903 4201 Priscilla
925 4184 942 4210 ,
968 4161 1286 4216 agnoscens,
1319 4144 1593 4216 Pyrrhus,
1628 4146 1740 4200 dis-

201 4234 384 4292 soluens.
421 4258 440 4290 ι
472 4240 632 4296 Unde
657 4247 784 4306 post
808 4240 976 4293 multa
1003 4248 1150 4294 recte
1177 4239 1456 4294 concludit
1494 4258 1508 4294 :
1551 4259 1570 4292 ς
1609 4238 1738 4295 llaec

201 4323 349 4378 omnia
376 4325 554 4384 Graeca
610 4329 833 4383 nomina
886 4329 969 4384 vel
1006 4329 1203 4385 Latina
1249 4347 1413 4401 quam
1461 4333 1726 4388 violenter

1844 1842 2221 1914 presbyterum
2287 1843 2460 1898 Deum
2509 1845 2687 1910 dixit,
2757 1855 2852 1900 aut
2911 1847 3204 1902 diaconum
3262 1848 3426 1904 Chri-

1845 1937 2032 1992 stum?
2083 1935 2245 1991 Nullo
2307 1937 2489 1992 modo.
2542 1938 2632 2002 Ὦς
2693 1938 3108 1994 similitudinem
3182 1941 3424 2011 aliquam

1844 2030 2082 2086 denotat.
2114 2031 2197 2086 Ad
2229 2030 2584 2102 Evangelium
2635 2031 2793 2104 fugit,
2847 2050 2912 2088 ac
2939 2033 2984 2089 si
3026 2035 3094 2089 ad
3141 2033 3424 2091 Christum

1844 2119 2194 2176 incarnatum
2286 2120 2527 2192 fugeret;
2596 2125 2652 2178 in
2714 2123 2810 2177 illo
2883 2125 3031 2179 enim
3104 2125 3427 2196 depingitur

1843 2214 2194 2281 incarnatio,
2255 2215 2384 2280 vita,
2445 2216 2630 2285 passio
2682 2215 2910 2272 Christi.
2972 2217 3161 2273 Fidem
3202 2219 3424 2288 quidem

1843 2320 2068 2360 carnem
2099 2305 2328 2372 Christi,
2363 2316 2418 2360 et
2450 2307 2772 2362 charitatcm
2820 2311 3142 2380 sanguinem
3192 2311 3423 2382 Christi,

1841 2397 2115 2466 appellat,
2171 2411 2280 2451 non
2335 2397 2712 2468 singulariter,
2765 2415 2874 2454 non
2920 2402 3424 2470 mirabiliter,non

1840 2486 2179 2558 prodigiose;
2222 2489 2328 2544 hoc
2365 2490 2513 2544 enim
2550 2491 2686 2544 nihil
2717 2491 2866 2546 aliud
2895 2501 3006 2557 est,
3045 2509 3212 2564 quam
3248 2505 3420 2552 totam

1842 2579 2119 2649 religionis
2176 2580 2505 2637 Christianae
2561 2583 2672 2636 vim
2729 2593 2783 2638 et
2811 2583 3108 2640 ellicaciam
3153 2587 3207 2640 in
3237 2586 3341 2642 ﬁde
3369 2595 3425 2642 et

1839 2670 2108 2726 charitate
2137 2672 2431 2728 collocare.
2463 2671 2724 2728 Hortatur
2763 2684 2820 2728 ut
2847 2676 3104 2746 episcopo
3140 2677 3420 2747 obediaut,

1839 2779 1950 2834 quo
1981 2764 2113 2820 unio
2168 2780 2361 2821 eorum
2412 2767 2486 2822 sit
2511 2767 2748 2823 carnalis
2769 2776 2825 2822 et
2856 2769 3194 2838 spiritualis;
3225 2771 3278 2826 id
3311 2781 3419 2838 est,

1839 2863 1902 2909 ut
1933 2869 2040 2909 non
2076 2863 2287 2910 tantum
2317 2871 2548 2927 corpore
2593 2858 2648 2912 in
2681 2858 2929 2913 eamdem
2959 2857 3261 2918 Ecclesiam
3286 2877 3422 2918 ron-

1837 2947 2078 3011 veniant,
2104 2949 2198 3004 sed
2217 2949 2380 3004 etiam
2403 2950 2605 3005 animis
2629 2959 2796 3021 atque
2826 2952 3117 3008 sententiis
3148 2954 3416 3010 unitatem

1839 3040 2044 3095 colant.
2099 3039 2283 3096 Monet
2314 3040 2678 3113 Polycarpum
2722 3051 2784 3098 ut
2819 3043 3004 3098 locum.
3033 3060 3195 3100 suum
3223 3045 3419 3101 defen-

1837 3130 1948 3197 dat,
1971 3131 2077 3186 hoc
2108 3141 2221 3199 est,
2259 3135 2641 3188 auctoritatem
2683 3148 2849 3203 quam
2881 3133 3166 3189 obtinebat
3215 3134 3272 3190 in
3313 3134 3419 3193 Ec—

1837 3221 2001 3278 clesia
2033 3230 2269 3289 tueatur,
2293 3222 2444 3277 omni
2479 3239 2611 3278 cura
2635 3223 2840 3278 carnali
2863 3231 2919 3278 et
2939 3224 3244 3293 spirituali;
3269 3227 3417 3297 quod

1837 3314 2036 3366 mirum
2072 3312 2277 3366 nemini
2309 3311 2478 3366 videri
2509 3313 2689 3378 debet,
2721 3312 2815 3381 qui
2843 3311 2972 3382 legit
3003 3312 3107 3368 ista
3135 3311 3194 3367 S.
3220 3311 3413 3371 Pauli:

1847 3403 2183 3467 Ὑπωπιάζω
2237 3420 2340 3475 μου
2396 3403 2458 3457 τὸ
2517 3403 2696 3475 σῶμα.
2761 3401 2968 3458 Moneri
3013 3405 3128 3458 vult
3152 3405 3416 3462 mulieres

1833 3494 2205 3560 Christianas,
2243 3505 2305 3551 ut
2334 3497 2547 3550 maritis
2573 3504 2846 3550 contenta:
2878 3495 2989 3550 sint
3016 3511 3183 3550 carne
3209 3505 3265 3550 et
3295 3497 3414 3567 spis

1834 3585 1965 3649 ritu,
2000 3585 2104 3640 hoc
2127 3593 2231 3651 est,
2262 3604 2280 3636 ι
2308 3594 2368 3639 ιιι
2389 3599 2496 3638 non
2523 3584 2818 3638 carnaliter
2847 3591 3082 3647 tantum,
3108 3581 3208 3636 sed
3235 3597 3414 3651 neque

1833 3677 2018 3730 animo
2045 3675 2440 3744 concupiscant
2475 3673 2614 3728 alios
2647 3673 2817 3740 viros,
2847 3691 2866 3724 ι
2900 3679 2961 3726 ut
2998 3679 3146 3726 recte
3188 3668 3412 3726 lsaacus

1832 3765 2081 3822 Vossius.
2107 3765 2166 3820 In
2213 3765 2462 3821 eamdem
2513 3764 2843 3819 sententiam
2899 3762 3117 3817 locutus
3165 3760 3411 3833 lgnatius

1829 3868 2017 3915 noster
2046 3860 2101 3913 in
2129 3859 2362 3928 epistola
2399 3857 2466 3912 ad
2495 3855 2784 3927 Ephesios,
2811 3854 2906 3910 sed
2932 3855 3095 3910 verba
3127 3855 3409 3909 truncavit

1829 3953 2098 4018 Dallaeus,
2149 3959 2208 4006 ut
2252 3951 2426 4021 magis
2475 3950 2710 4006 obscura
2739 3949 3056 4003 viderentur
3080 3987 3094 4012 ,
3129 3947 3322 4018 μένετε
3347 3949 3407 4002 ὲν

1827 4039 2047 4112 Χριστῷ
2075 4039 2350 4110 σαρκικῶς
2379 4040 2474 4093 καὶ
2503 4037 2909 4110 πνευματικῶς.
2932 4039 3007 4092 Ita
3041 4039 3222 4093 locum
3253 4039 3406 4106 citat,

1828 4140 1891 4186 ut
1920 4149 1951 4188 a
1997 4131 2347 4188 dolosissimo
2398 4130 2680 4186 Blondello
2715 4131 2995 4186 laudatum
3041 4131 3264 4201 reperit.
3299 4129 3406 4186 Sed

1827 4221 2035 4292 integra
2075 4221 2345 4276 sententia
2396 4229 2474 4275 est
2507 4221 2633 4274 :‘Ev
2665 4220 2814 4292 πάσῃ
2849 4220 3040 4292 ἁγνείᾳ
3072 4221 3165 4274 καὶ
3194 4237 3406 4295 σωφρο-

1827 4313 1962 4388 σύνῃ
2000 4313 2188 4384 μένετε
2214 4315 2274 4368 ὲν
2295 4312 2470 4385 Ἰησοῦ
2496 4313 2716 4386 Χριστῷ
2745 4313 3023 4385 σαρκικῶς
3049 4315 3141 4367 καὶ
3167 4331 3404 4386 πνευμα-

201 4415 451 4470 secundum
495 4420 741 4490 linguam
785 4419 1106 4476 Hebraicam
1169 4423 1525 4492 interpretata
1579 4426 1720 4492 sim,
1754 4433 1800 4492 υ
1825 4406 2012 4471 τικῶς.
2049 4404 2216 4463 Vetus
2243 4405 2560 4477 interpres:
2593 4424 2612 4458 ι
2634 4403 2692 4459 1n
2717 4407 2866 4459 omni
2896 4405 3147 4461 castitate
3176 4414 3230 4460 et
3259 4415 3402 4461 tem-

202 4507 495 4574 perspicuum
527 4526 654 4566 esse
687 4521 821 4580 puto
853 4512 1070 4566 lectori.
1113 4531 1132 4564 ι
1173 4509 1293 4567 Νοιι
1329 4513 1498 4583 igitur
1527 4517 1556 4568 6
1589 4515 1722 4587 μάρ-

203 4608 310 4687 lim,
337 4605 538 4687 nequeo
563 4603 795 4674 μάρκων
822 4603 889 4657 ad
909 4602 1276 4659 Alexarchum
1296 4645 1311 4669 ,
1344 4605 1567 4674 opinor,
1595 4621 1719 4676 per-

204 4683 428 4740 tinet.Sed
449 4688 734 4759 legendum
759 4691 972 4745 videtur
987 4706 1097 4746 una
1131 4707 1264 4747 voce
1293 4693 1568 4765 ὁμαίμων.
1587 4693 1719 4750 Data

201 4782 266 4825 est
286 4777 513 4848 epistola,
545 4793 609 4838 ut
676 4783 932 4840 observat
990 4783 1311 4851 Athenaeus,
1345 4789 1414 4840 ad
1463 4787 1719 4840 Κασσαν-

201 4862 331 4933 δρέων
353 4873 627 4946 ἄρχοντας,
666 4896 685 4929 ι
723 4877 1219 4938 Cassandrensium
1257 4879 1612 4949 magistratus
1637 4921 1651 4945 ,
1690 4897 1709 4931 ι

203 4955 279 5013 hos
317 4976 457 5020 vocat
505 4971 759 5042 ὁμαίμων
799 4973 1066 5044 πρόμους,
1119 4990 1138 5024 ι
1177 4971 1713 5043 consanguineorum

203 5053 527 5125 magistratus,
564 5078 661 5117 seu
706 5065 1050 5134 praepositos,
1093 5085 1113 5117 ι
1151 5074 1282 5122 sunt
1327 5065 1476 5120 enim
1510 5067 1716 5137 πρόμοι

200 5138 588 5220 dammam;
623 5157 1063 5226 consanguineos
1095 5165 1278 5212 autem
1312 5159 1548 5228 appellat
1581 5159 1714 5216 Cas-

203 5234 488 5308 sandrenses,
519 5247 663 5314 quod
699 5246 815 5316 ipse
846 5247 1144 5302 Cassandri
1177 5249 1322 5319 regis
1340 5248 1511 5304 frater
1539 5257 1708 5313 esset,

202 5326 272 5391 ιιιί
306 5327 660 5394 Cassandriam
711 5340 976 5396 condidit.
1023 5339 1328 5411 .lnscriptio
1383 5341 1550 5413 igitur
1594 5342 1710 5396 haec

203 5429 321 5505 mat
349 5443 364 5481 :
398 5447 416 5480 ι
449 5431 779 5490 Alexarchus
807 5433 1344 5505 consanguineorum
1372 5433 1710 5504 magistrati-

201 5503 277 5566 bus
302 5522 528 5590 gaudere,
567 5543 588 5578 ι
624 5525 816 5594 γαθεῖν
876 5503 1044 5582 εηίηι⁷
1085 5525 1230 5580 idem
1280 5533 1368 5581 est
1399 5503 1547 5596 quod
1581 5524 1706 5596 χαι-

204 5609 463 5690 ρειν-ριιοᾱ
511 5619 717 5690 vulgari
773 5618 956 5688 lingua
989 5616 1177 5672 Graeca
1229 5617 1303 5672 ita
1351 5617 1701 5688 exprimitur,

201 5687 456 5773 Ἀλέξαρχος
476 5687 1108 5782 Κασσανδρέωνᾱρχουσι
1137 5709 1368 5780 χαίρειν.

1823 4500 2074 4569 perantia
2130 4499 2399 4556 maneatis
2446 4499 2504 4554 in
2545 4497 2676 4553 Jesu
2729 4496 2986 4565 Christo,
3023 4499 3317 4554 carnaliter
3346 4507 3401 4554 et

1822 4592 2198 4661 spiritualiter.
2231 4611 2251 4644 ›
2287 4590 2430 4659 Quid
2485 4601 2667 4646 autem
2719 4589 2868 4644 aliud
2900 4591 2987 4644 his
3012 4591 3191 4646 verbis
3224 4590 3396 4657 dixit,

1819 4700 1984 4755 quam
2036 4685 2185 4756 quod
2229 4684 2291 4739 S.
2346 4682 2550 4740 Paulus
2597 4681 2642 4736 ll
2675 4683 2802 4738 Cor.
2831 4699 2938 4748 vn,
2976 4684 3002 4737 1
3034 4701 3048 4737 :
3081 4681 3396 4738 Mundemus

1817 4794 1914 4833 nos
1943 4779 2006 4832 ab
2036 4779 2177 4832 omni
2213 4779 2614 4849 inquinamento
2660 4777 2837 4830 carnis
2885 4783 2934 4828 et
2969 4775 3214 4844 spiritus,
3243 4775 3398 4844 perﬁ-

1816 4872 2009 4926 cientes
2039 4873 2517 4941 sanctiﬁcationem
2556 4871 2613 4923 in
2653 4870 2842 4923 timore
2893 4867 3030 4922 Dei?
3073 4865 3190 4921 Non
3228 4867 3392 4937 igitur

1818 4963 1934 5019 haec
1964 4965 2190 5019 obscura
2221 4973 2370 5031 sunt,
2411 4965 2504 5018 sed
2546 4962 2833 5033 perspicua
2891 4960 3055 5027 satis,
3100 4973 3278 5030 neque
3311 4959 3391 5013 lo-

1813 5057 2052 5112 cutionis
2073 5057 2322 5127 exempla
2358 5056 2576 5111 aliunde
2599 5054 2890 5124 quaerenda
2922 5062 3072 5120 sunt,
3110 5053 3202 5107 ubi
3224 5052 3388 5107 verba

1812 5164 1939 5205 cum
1973 5149 2032 5203 S.
2071 5147 2226 5204 Pauli
2274 5149 2514 5204 dictione
2549 5155 2604 5202 et
2639 5147 2910 5204 sententia
2951 5154 3060 5200 tam
3095 5145 3233 5200 bene
3259 5160 3391 5198 con-

1811 5243 2060 5297 veniunt.
2109 5241 2440 5311 Quanquam
2474 5240 2608 5312 quid
2635 5250 2720 5296 est
2740 5240 2796 5294 in
2826 5238 2914 5293 his
2935 5236 3129 5308 lgnatii
3155 5236 3390 5290 locutio-

1810 5335 1973 5390 nibus
2020 5335 2196 5405 magis
2245 5335 2446 5388 mirum
2509 5342 2604 5387 aut
2638 5332 2935 5387 obscurum
2985 5344 3152 5399 quam
3190 5329 3248 5383 in
3280 5327 3388 5382 illis

1809 5427 1990 5483 verbis
2021 5425 2374 5490 Tertulliani,
2419 5423 2498 5478 De
2539 5423 2685 5478 cultu
2721 5423 3044 5493 feminarum
3078 5436 3140 5485 ιι,
3164 5435 3284 5489 cap.
3310 5419 3386 5475 9:

1814 5539 1834 5572 ι
1866 5519 1979 5576 Nos
2012 5535 2206 5576 sumus
2231 5517 2583 5574 circumcisio
2608 5515 2880 5581 omnium,
2911 5512 3175 5584 spiritalis
3195 5521 3381 5567 etcar-

1808 5614 1950 5668 nalis
1979 5633 1991 5667 :
2023 5627 2150 5666 nam
2195 5619 2250 5665 et
2294 5611 2346 5664 in
2404 5610 2599 5680 spiritu
2634 5617 2689 5662 et
2739 5608 2795 5662 in
2831 5621 3000 5662 carne
3043 5603 3243 5660 saeculo
3275 5602 3385 5658 circ

1807 5703 2208 5762 cumcidimur?
2247 5722 2264 5755 ι
2290 5701 2410 5758 Νοη
2453 5701 2578 5758 dico
2626 5700 2894 5757 Dallaum
2927 5697 3279 5770 episcopatus
3329 5705 3385 5753 et
