3848 6204
1393 284 1451 340 8.
1487 281 1838 340 lGNA'l‘lUS.
1866 312 1936 322 —
1967 275 2509 336 PBOLEGOMENA.

3559 271 3672 327 45%

404 407 729 465 trierarchis
762 405 950 464 odium
977 420 1304 471 excaecasse,
1335 418 1448 475 quo
1481 404 1672 460 minus,
1725 402 1842 458 haec
1884 403 1977 458 vi-

2085 398 2464 471 λαμπρότερος
2494 397 2524 450 ὁ
2544 395 2763 467 δεσμός.
2796 413 2816 448 ι
2859 391 2966 451 Sed
3011 391 3116 448 hac
3157 405 3363 448 corona
3396 389 3671 445 illustrior

405 502 597 568 deret;
629 499 736 554 hoc
769 499 895 555 dico
915 539 930 563 ,
977 503 1412 570 pramonceptam
1459 496 1530 550 de
1556 495 1754 551 fictore
1795 495 1983 550 nescio

407 609 520 664 quo
539 594 721 663 inepto
747 592 1072 648 sententiam
1097 589 1588 661 impedivisse,quo
1615 588 1798 642 minus
1829 601 1985 640 men-

406 692 517 740 tem
554 685 796 740 auctoris
815 684 1156 754 exquireret,
1183 691 1279 738 aut
1309 681 1579 751 optimum
1631 680 1752 750 ejus
1798 679 1983 734 verbis

409 791 631 832 sensum
665 785 720 830 et
748 775 982 830 taliviro
1031 774 1255 846 dignum
1294 775 1474 829 inesse
1498 772 1980 829 animadverteret.

480 867 587 924 Sed
615 877 672 923 et
701 868 916 921 vincula
958 882 1057 922 sua
1093 865 1405 936 Spirituales
1437 863 1764 935 margaritas
1814 861 1984 927 dicit;

409 961 514 1016 hoc
556 960 622 1014 ad
671 960 834 1029 δγκον
868 959 1142 1028 pertinet:
1175 957 1228 1011 in
1262 957 1330 1012 iis
1355 965 1836 1026 Optatresurgere;
1881 953 1987 1007 hoc

409 1053 678 1109 audacius
711 1061 764 1106 et
803 1051 1060 1121 frigidius
1099 1057 1204 1106 est.
1234 1049 1312 1102 Ad
1335 1047 1471 1118 quid
1506 1046 1676 1117 igitur
1707 1045 1983 1114 pertinent

409 1146 498 1200 illa
536 1145 594 1199 8.
625 1143 911 1215 Polycarpi
946 1143 1001 1197 in
1051 1142 1172 1212 ipso
1203 1142 1362 1196 initio
1387 1140 1639 1211 epistola:
1671 1139 1739 1193 ad
1774 1137 1986 1206 Philip-

407 1255 626 1310 penses,
653 1238 719 1292 de
748 1237 939 1292 eadem
971 1236 1131 1306 plane
1163 1251 1244 1298 re,
1269 1235 1578 1303 iisdemque
1602 1231 1840 1286 vinculis
1869 1271 1885 1296 ,
1928 1237 1988 1284 ut

404 1328 642 1391 videtur,
676 1335 733 1381 et
765 1341 830 1381 ex
877 1325 1181 1380 imitatione
1207 1323 1265 1378 S.
1322 1323 1514 1394 lgnatii
1535 1363 1548 1384 ,
1578 1322 1672 1375 ubi
1716 1329 1985 1390 martyres

404 1419 703 1475 describit:
728 1419 867 1482 Τοὺς
897 1417 1271 1489 ἐνειλημένους
1305 1413 1696 1486 ἀγιοπρεπέσιν
1743 1412 1982 1482 δεσμοῖς,

405 1511 563 1567 ἅτινά
595 1512 712 1564 ἐστι
739 1510 1044 1582 διαδήματα
1070 1507 1177 1561 τῶν
1200 1506 1414 1578 ἀληθῶς
1456 1506 1561 1558 ὑπὸ
1595 1502 1732 1558 Θεοῦ
1774 1501 1982 1556 καὶτοῦ

403 1603 612 1675 Κυρίου
641 1604 673 1673 ἡ
685 1600 799 1672 μῶν
826 1598 1248 1670 ἐκλελεγμένων.
1270 1617 1288 1646 ι
1319 1595 1551 1651 lnnexos
1581 1594 1816 1649 vinculis
1840 1592 1988 1648 viros

404 1701 626 1746 sanctos
653 1689 1059 1749 decorantibus,
1092 1703 1212 1758 quae
1257 1696 1389 1742 sunt
1419 1687 1726 1741 diademata
1768 1700 1984 1749 eorum,

2089 498 2301 544 catena.
2333 505 2353 540 ι
2383 484 2575 542 Nonne
2615 486 2719 540 hoc
2751 484 2950 540 falsum
2980 483 3228 539 videtur?
3263 498 3332 538 an
3360 481 3671 554 quidquam

2088 586 2269 649 potest
2299 593 2422 632 esse
2455 591 2660 632 corona
2681 575 2912 645 iustitia:
2943 574 3252 629 illustrius?
3289 581 3386 628 aut
3414 573 3464 628 si
3497 573 3667 642 quid-

2087 686 2254 742 quam
2278 684 2401 724 esse
2429 669 2628 739 possit,
2670 685 2739 724 an
2779 667 3016 724 catena?
3049 665 3192 721 Idem
3232 664 3670 737 Chrysostomus

2087 761 2156 816 de
2183 760 2242 815 S.
2265 760 2423 815 Pauli
2452 760 2711 825 vinculis,
2742 776 2866 830 qua:
2911 775 3009 814 sua
3050 767 3208 814 astate
3238 759 3518 813 exstitisse
3559 773 3669 827 pu-

2089 854 2241 908 tabat
2275 853 2646 924 εἘϐουλόμην
2683 853 2810 906 ἰδεῖν
2843 853 2940 917 τὰς
2970 853 3206 916 ἁλύσεις,
3252 851 3318 916 ἃς
3359 851 3670 906 δεδοίκασιν

2091 945 2190 1016 μὲν
2234 943 2486 1014 δαίμονες
2529 943 2621 996 καὶ
2651 943 2950 1014 φρίττουσι,
2991 941 3262 996 αἰδοῦνται
3311 942 3370 994 δὲ
3415 941 3662 1009 ἄγγελοι.

2094 1055 2114 1088 ι
2152 1035 2356 1092 Vellem
2389 1036 2579 1092 videre
2619 1045 2841 1092 catenas
2874 1051 3016 1106 quas
3045 1036 3396 1100 metuebant,
3420 1035 3486 1088 ad
3521 1049 3671 1104 quas

2088 1127 2521 1183 contremiscunt
2545 1127 2844 1193 daemones,
2883 1140 3024 1196 quas
3049 1125 3226 1195 angeli
3257 1135 3610 1180 venerantur.
3638 1144 3662 1178 ι

2090 1215 2196 1272 Sed
2253 1218 2308 1271 in
2343 1218 2429 1273 his
2451 1218 2686 1274 vinculis
2715 1227 2868 1288 optat
2897 1216 3168 1287 refugere,
3203 1217 3340 1286 proh
3377 1215 3666 1270 hominem

2089 1311 2392 1365 audacem!
2453 1310 2592 1380 proh
2649 1310 2910 1380 frigidum
2971 1309 3304 1380 sophistam!
3364 1307 3480 1362 lmo
3537 1308 3666 1362 haec

2087 1402 2190 1456 viri
2272 1413 2435 1469 sunt,
2488 1412 2545 1457 et
2612 1403 2928 1472 passionem
3011 1416 3110 1470 pro
3164 1400 3371 1455 Christi
3433 1399 3670 1454 nomine

2087 1495 2312 1550 maximi
2357 1494 2703 1558 aastimantis,
2745 1502 2800 1548 et
2850 1493 3095 1564 martyrii
3124 1492 3488 1548 certissimum
3519 1507 3671 1560 prte-
3751 1513 3759 1520 ·

2089 1585 2260 1641 mium
2322 1585 2641 1641 firmissime
2691 1584 3080 1655 exspectantis.
3129 1582 3270 1650 Quid
3307 1583 3452 1640 enim
3503 1582 3663 1637 aliud

2088 1689 2172 1735 est
2206 1679 2260 1733 in
2295 1678 2530 1734 vinculis
2575 1676 2846 1748 refugere,
2878 1692 3042 1747 quam
3094 1692 3281 1732 coram
3335 1676 3445 1731 Deo
3483 1677 3538 1731 in
3569 1677 3668 1732 die

403 1783 497 1854 qui
533 1799 564 1837 a
600 1781 712 1836 Deo
758 1791 815 1836 et
856 1743 1330 1834 Domino-nostro
1377 1779 1533 1833 electi
1587 1778 1748 1832 sunt?
1779 1797 1798 1828 ι
1851 1776 1984 1842 Quae
2020 1743 2062 1800 Β
2083 1769 2273 1840 judicii
2309 1779 2571 1839 tanquam
2597 1776 2892 1838 martyrem
2916 1783 3013 1837 pro
3039 1767 3259 1822 Christo
3287 1783 3569 1838 apparere,
3607 1778 3671 1824 et

403 1874 650 1929 imitatus
685 1871 865 1928 est‘S.
911 1872 1357 1943 Chrysostomus,
1393 1871 1461 1925 de
1495 1869 1553 1925 8.
1592 1869 1766 1924 Paulo
1798 1870 1986 1924 vincto

402 1967 682 2022 disserens
698 1985 709 2018 :
724 1965 934 2028 Παντὸς
952 1965 1155 2037 χρυσοῦ
1171 1963 1556 2035 λαμπροτέρας
1568 1963 1749 2026 αὐτοῖς
1773 1962 1985 2015 ἐδείκνυ

401 2058 502 2122 τὰς
538 2060 749 2129 χεῖρας,
792 2056 998 2120 παντὸς
1049 2055 1381 2127 διαδήματος
1435 2052 1737 2126 βασιλικοῦ.
1779 2073 1798 2105 ι
1824 2051 1984 2108 Omni

403 2166 542 2206 auro
568 2149 973 2220 splendidiores
1003 2149 1241 2203 ostendit
1271 2148 1379 2202 illis
1414 2162 1632 2213 manus,
1655 2146 1806 2202 omni
1833 2145 1985 2216 regio

402 2242 729 2298 diademate.
768 2260 786 2293 ι
847 2240 1116 2311 lgnatium
1167 2248 1352 2295 autem
1410 2239 1658 2294 imitatus
1714 2246 1798 2293 est
1825 2237 1981 2308 Poly-

401 2350 601 2406 carpus
632 2353 646 2389 :
680 2349 808 2388 nam
841 2333 1149 2388 diademata
1177 2332 1492 2402 margaritis
1526 2331 1768 2386 maxime
1798 2329 1986 2385 ornari

403 2426 676 2482 solebant.
717 2424 1149 2496 Chrysostomus
1195 2425 1445 2479 oratione
1475 2425 1530 2478 in
1570 2422 1629 2478 S.
1660 2422 1935 2477 Meletium
1965 2437 1984 2475 :

401 2517 670 2588 Καθάπερ
684 2535 766 2581 τις
784 2516 1046 2586 στέφανον
1059 2515 1274 2570 πλέκων
1289 2516 1546 2588 χρυσοῦν,
1564 2511 1684 2570 εἶτα
1712 2515 1987 2588 μαργαρί-

398 2624 500 2673 τας
523 2608 772 2673 ἐντιθεὶς,
807 2609 872 2678 τῇ
910 2607 1208 2676 πυκνότητι
1253 2607 1362 2661 τῶν
1408 2607 1571 2663 λίθων
1602 2608 1984 2681 λαμπρότερον

401 2700 697 2771 ἐργάζεται
753 2699 1013 2771 διάδημα.
1067 2717 1087 2751 ι
1129 2698 1202 2754 Ut
1254 2698 1528 2769 quispiam
1581 2715 1842 2755 coronam
1886 2716 1982 2754 au-

404 2807 552 2846 ream
585 2801 804 2858 texens,
866 2792 993 2848 dein
1059 2792 1388 2862 margaritas
1459 2792 1778 2862 imponens,
1843 2806 1984 2848 con-

401 2884 646 2938 densatis
671 2883 946 2954 lapidibus
999 2883 1337 2956 splendidius
1367 2884 1618 2940 diadema
1644 2884 1826 2940 eilicit.
1859 2904 1878 2938 ι
1901 2886 1984 2941 Ad

399 2975 548 3048 quod
616 2977 896 3047 pertinent
971 2975 1061 3032 illa
1137 2975 1520 3048 Lugdunensis
1592 2976 1852 3033 Ecclesia:
1916 2977 1984 3034 de

2088 1877 2271 1916 coram
2320 1860 2529 1930 angelis
2563 1869 2618 1915 et
2671 1859 2987 1915 hominibus
3033 1860 3306 1930 passionis
3343 1861 3669 1916 testimonia

2087 1952 2384 2006 exhibere?
2409 1951 2666 2023 Legimus
2698 1949 2956 2022 Babylam
2984 1949 3041 2004 S.
3071 1949 3262 2020 lgnatii
3295 1951 3351 2005 in
3374 1952 3670 2023 episcopao

2087 2054 2145 2097 tu
2171 2042 2528 2096 Antiochensi
2575 2056 2989 2106 successorem,
3029 2049 3089 2093 ut
3144 2041 3278 2095 illud
3318 2041 3440 2111 ejus
3471 2053 3665 2097 votum

2087 2136 2207 2192 sine
2244 2136 2411 2190 dubio
2434 2136 2656 2207 assequi
2683 2143 2900 2206 posset,
2937 2137 2992 2190 in
3043 2137 3316 2192 mandatis
3354 2137 3573 2192 dedisse
3607 2146 3672 2193 ut

2089 2228 2305 2282 vincula
2355 2242 2456 2283 sua
2507 2227 2673 2282 simul
2719 2242 2846 2282 cum
2896 2242 3128 2296 corpore
3164 2229 3544 2298 sepelirentur.
3583 2230 3670 2286 ita

2090 2316 2288 2373 Surdas
2349 2333 2414 2372 ex
2462 2318 2648 2388 aliquo
2679 2318 2850 2373 veteri
2885 2319 3148 2388 scriptore
3177 2337 3190 2373 :
3225 2321 3456 2373 Ἔπειτα
3499 2321 3671 2388 αὐτὸς

2087 2409 2368 2483 προύτεινε
2397 2411 2488 2465 τὸν
2519 2411 2721 2482 αὐχένα
2749 2411 2827 2482 τῷ
2867 2411 3028 2481 ξίφει,
3055 2411 3428 2482 ἐντειλάμενος
3457 2417 3574 2478 τοῖς
3606 2413 3672 2468 τὸ

2088 2504 2246 2574 σῶμα
2278 2503 2440 2557 αὑτοῦ
2473 2503 2899 2575 συλλεξομένοις,
2932 2503 3031 2568 τὰς
3055 2503 3276 2568 ἁλύσεις
3309 2505 3402 2558 καὶ
3434 2505 3534 2570 τὰς
3568 2506 3672 2560 πέ-

2084 2594 2180 2658 δας
2203 2594 2352 2666 αὑτῷ
2381 2594 2666 2664 συνθάψαι,
2707 2595 2799 2648 Ἵν’
2887 2613 2976 2665 μοι
3000 2595 3194 2662 ταῦτα,
3226 2597 3395 2666 φησὶ,
3423 2601 3671 2672 κειμένῳ

2087 2687 2313 2757 κόσμος.
2345 2705 2364 2738 ι
2403 2685 2649 2742 Tandem
2687 2687 2804 2756 ipse
2825 2685 3056 2758 Babylas
3089 2689 3357 2744 cervicem
3381 2693 3500 2746 ensi
3533 2707 3672 2762 pro-

2087 2778 2282 2843 tendit,
2319 2795 2444 2833 cum
2481 2779 2586 2834 illis
2637 2779 2731 2849 qui
2765 2779 3044 2834 collecturi
3093 2789 3271 2847 erant,
3307 2783 3668 2853 mandassed,

2086 2869 2377 2924 utvincula
2397 2879 2450 2924 et
2478 2870 2767 2940 compedes
2797 2885 2920 2925 cum
2949 2871 3074 2941 ipso
3101 2875 3418 2943 sepelirent,
3445 2875 3556 2942 Ut,
3582 2876 3672 2929 in-

2085 2962 2230 3033 quit,
2285 2962 2402 3018 haec
2445 2962 2803 3029 mihijacenti
2830 2973 3155 3021 ornamento
3189 2967 3320 3021 sint.
3357 2988 3378 3019 ›
3424 2967 3544 3024 Hoc
3572 2985 3670 3025 au-

401 3068 743 3140 martyribus
805 3069 982 3124 suis:
1041 3069 1205 3120 Ὥστε
1269 3069 1362 3122 καὶ
1417 3069 1486 3123 τὰ
1555 3069 1732 3140 δεσμὰ
1775 3070 1979 3141 κόσμον

2085 3063 2193 3109 tem
2221 3069 2410 3109 verum
2441 3070 2565 3110 esse
2598 3062 2828 3110 testatur
2855 3055 3283 3128 Chrysostomus
3307 3060 3671 3118 Antiochenae

400 3159 660 3232 ἐμπρεπῆ
693 3159 1040 3233 περικεῖσθαι
1071 3161 1288 3226 αὐτοῖς,
1333 3161 1409 3225 ὼς
1461 3160 1648 3232 νύμφη
1705 3179 1981 3233 κεκοσμη-

401 3248 540 3321 μένη
615 3237 675 3304 ἐν
745 3253 1101 3322 -κροσσωτοῖς
1192 3253 1416 3323 χρυσοῖς
1509 3252 1975 3323 πεποικιλμένοις.

403 3356 424 3392 ι
465 3339 619 3395 Adeo
664 3351 724 3396 ut
779 3341 998 3396 vincula
1066 3340 1124 3395 in
1195 3342 1456 3396 decorum
1523 3342 1658 3412 ipsis
1723 3351 1978 3398 ornatum

398 3433 582 3488 addita
650 3433 909 3488 habuisse
959 3433 1309 3500 viderentur,
1347 3434 1522 3488 instar
1585 3450 1803 3504 sponsa:
1858 3435 1981 3489 tim-

402 3524 536 3579 briis
558 3523 742 3579 aureis
775 3523 1068 3595 variegatis
1119 3519 1365 3578 ornata?
1399 3542 1418 3575 ι
1454 3522 1533 3578 Ita
1569 3523 1628 3579 S.
1663 3523 1974 3595 Cyprianus

399 3615 561 3686 epist.
587 3615 694 3668 77:
739 3635 758 3667 ‹
793 3615 994 3671 Dicatis
1024 3614 1138 3670 Deo
1177 3615 1494 3671 hominibus
1533 3624 1588 3670 et
1619 3615 1779 3671 fidem
1823 3632 1978 3673 suam

398 3707 652 3778 religiosa
689 3707 889 3762 virtute
940 3707 1271 3763 testantibus
1323 3718 1647 3764 ornamenta
1682 3719 1810 3765 sunt
1840 3711 1977 3776 ista,

400 3812 508 3850 non
531 3797 748 3851 vincula
780 3811 917 3852 :nec
937 3797 1378 3852 Christianorum
1402 3797 1568 3868 pedes
1590 3798 1659 3854 ad
1690 3799 1976 3855 infamiam

398 3887 681 3956 copulant,
711 3887 804 3944 sed
833 3887 1138 3942 clariﬁcant
1163 3888 1231 3944 ad
1253 3903 1544 3957 coronam;
1575 3908 1594 3942 ι
1627 3904 1738 3944 non
1758 3900 1978 3961 tempo-

399 3976 595 4043 ralem,
640 3985 702 4031 ut
752 3977 986 4046 opinor,
1039 3978 1135 4034 sed
1181 3978 1520 4048 spiritualem
1581 3991 1636 4036 et
1686 3992 1972 4039 aeternam.

397 4066 616 4136 Optime
653 4067 934 4135 respondit
966 4066 1243 4124 Blondello
1275 4069 1498 4127 lsaacus
1524 4070 1776 4139 Vossius,
1814 4075 1979 4144 spiri-

408 4159 589 4215 tuales
631 4160 939 4229 nuncupari
973 4161 1344 4232 margaritas,
1392 4164 1656 4233 quoniam
1715 4166 1978 4235 spiritua-

400 4249 504 4305 lem
535 4257 590 4304 et
606 4251 771 4304 vitam
793 4259 1052 4304 aeternam
1078 4252 1440 4322 promittunt;
1477 4269 1602 4308 nam
1636 4262 1691 4308 et
1725 4255 1978 4324 pretiosa:

399 4343 711 4414 margaritae
762 4342 1088 4398 assimilavit
1130 4359 1359 4415 regnum
1412 4347 1679 4402 caelorum
1714 4346 1972 4404 Christus

2085 3145 2342 3202 Ecclesiae
2390 3148 2670 3218 presbyter
2702 3145 2960 3203 Oratione
2993 3149 3048 3204 in
3101 3148 3400 3222 Babylam:
3434 3152 3669 3208 Μέλλων

2080 3237 2257 3290 τοίνυν
2281 3239 2310 3290 ὁ
2353 3238 2623 3310 μακάριος
2656 3239 3102 3308 ἀποσφάττεσθαι
3147 3245 3374 3308 ἐκεῖνος,
3406 3244 3549 3315 μετὰ
3570 3245 3669 3300 τοῦ

2083 3329 2302 3401 σιδήρου
2327 3330 2386 3383 τὸ
2433 3331 2591 3402 σῶμα
2627 3333 2865 3405 ταφῆναι
2911 3333 3208 3406 ἐπέσκηψε.
3240 3355 3258 3387 ι
3290 3337 3428 3392 Cum
3470 3339 3672 3395 beatus

2083 3422 2174 3477 ille
2199 3423 2312 3492 jam
2340 3425 2698 3482 trucidandus
2753 3436 2920 3494 esset,
2955 3431 3235 3485 mandavit
3261 3440 3320 3484 ut
3356 3448 3485 3487 cum
3519 3432 3670 3489 ferro

2082 3529 2284 3583 corpus
2319 3516 2667 3585 sepeliretur.
2700 3537 2719 3570 ι
2775 3517 2842 3574 Et
2889 3536 3085 3576 rursus
3132 3523 3321 3576 εΑὐτὰ
3350 3523 3460 3578 τῶν
3487 3525 3670 3580 ἄθλων

2083 3606 2324 3678 σύμϐολα
2360 3608 2698 3678 συνταφῆναι
2728 3609 2938 3662 κελεύει
2967 3611 3044 3682 τῷ
3077 3612 3310 3684 σώματι.
3340 3633 3358 3665 ι
3390 3613 3514 3684 Ipsa
3545 3631 3670 3671 cer-

2081 3701 2348 3753 taminum
2381 3700 2629 3772 symbola
2660 3716 2785 3756 cum
2815 3718 3047 3774 corpore
3083 3707 3410 3776 consepeliri
3431 3707 3613 3776 jubet.
3641 3727 3662 3760 ι

2079 3792 2158 3847 Ac
2188 3793 2425 3862 denique
2457 3811 2472 3848 :
2507 3794 2616 3848 Καὶ
2665 3798 2873 3849 κεῖνται
2895 3796 2992 3850 νῦν
3021 3795 3160 3868 μετὰ
3207 3797 3307 3868 τῆς
3364 3798 3574 3869 τέφρας
3609 3800 3669 3853 αἱ

2081 3884 2260 3949 πέδαι,
2295 3904 2313 3937 ι
2349 3894 2404 3940 et
2450 3901 2597 3942 nunc
2641 3903 2766 3942 cum
2821 3889 3008 3946 cinere
3058 3893 3349 3960 compedes
3393 3893 3604 3961 jacent.
3640 3912 3662 3946 ›

2079 3974 2157 4030 lla
2190 3986 2244 4031 et
2271 3977 2496 4032 bomilia
2530 3980 2585 4045 9,
2621 3980 2690 4034 ad
2715 3978 3003 4050 Ephesios.
3038 3981 3182 4048 Quin
3215 3993 3270 4037 et
3301 3982 3448 4038 idem
3486 3985 3671 4056 Chry-

2080 4077 2358 4122 sostomus
2410 4067 2563 4122 hom.
2618 4069 2674 4132 8,
2737 4069 3020 4140 lgnatiano
3075 4086 3231 4126 more
3264 4071 3318 4125 in
3352 4071 3470 4128 haec
3495 4074 3670 4128 verba

2078 4159 2390 4229 prorumpit
2413 4158 2591 4228 εἘγὼ
2606 4159 2714 4215 τῶν
2729 4161 2946 4234 δεσμῶν
2969 4161 3198 4235 ὀναίμην
3227 4164 3472 4220 ἐκείνων.
3497 4185 3517 4218 ί
3544 4164 3670 4222 Uti—

2078 4264 2206 4303 nam
2237 4264 2337 4320 ego
2371 4249 2492 4304 istis
2515 4249 2751 4306 vinculis
2781 4250 2970 4306 fruar!
3012 4270 3032 4305 ι

2150 4340 2257 4397 Sed
2307 4353 2463 4398 vocat
2507 4340 2774 4411 Ephesios
2832 4343 3040 4414 lapides
3083 4343 3301 4415 templi,
3351 4345 3558 4402 relatos
3606 4347 3664 4402 in

398 4435 538 4506 ipse.
591 4433 696 4490 Sed
730 4433 930 4490 falsum
959 4443 1114 4505 putat
1144 4452 1266 4493 esse
1308 4436 1623 4495 Blondellus
1645 4480 1660 4506 ,
1692 4455 1816 4495 cum
1855 4441 1978 4496 vin-
2006 4435 2052 4492 D
2080 4434 2314 4499 excelsa,
2350 4434 2446 4499 ait,
2481 4449 2577 4505 per
2609 4450 2827 4490 crucem
2861 4435 3088 4503 Christi,
3119 4437 3281 4507 quasi
3315 4453 3412 4508 per
3444 4440 3664 4494 machi-

399 4527 526 4582 cula
566 4526 872 4596 spiritualia
902 4526 1192 4593 dicuntur;
1227 4529 1416 4583 eodem
1452 4538 1599 4585 certe
1633 4532 1796 4586 modo
1817 4573 1832 4600 ,
1862 4546 1972 4602 quo

402 4616 601 4672 falsum
653 4625 771 4684 est,
803 4630 1081 4672 carcerem
1135 4632 1257 4674 esse
1299 4619 1516 4674 beatum
1547 4639 1561 4676 :
1594 4631 1648 4677 et
1680 4631 1863 4678 tamen
1898 4625 1973 4679 ita

401 4708 644 4779 loquitur
666 4709 908 4780 optimus
935 4717 991 4765 et
1028 4710 1367 4768 tersissimus
1397 4715 1632 4782 scriptor
1665 4713 1722 4769 8.
1749 4716 1975 4787 Cypria-

402 4817 526 4868 nus,
577 4801 736 4870 epist.
783 4801 1180 4873 ad-Seagrium
1209 4821 1224 4859 τ
1252 4823 1272 4855 ι
1305 4803 1350 4858 Ο
1399 4805 1617 4861 beatum
1664 4823 1970 4876 carcerem,

399 4910 564 4965 quem
598 4894 892 4950 illustravit
939 4905 1123 4952 vestra
1159 4899 1480 4966 praesentia!
1525 4898 1570 4954 Ο
1602 4901 1820 4956 beatum
1852 4918 1974 4957 car-

399 4999 602 5051 cerem,
637 4984 732 5054 qui
771 4983 1022 5041 homines
1055 4983 1151 5040 Dei
1179 4986 1344 5040 mittit
1363 4986 1432 5042 ad
1458 4989 1690 5044 ccelum!
1722 5011 1742 5044 ι
1777 4989 1973 5047 Nonne

399 5090 676 5132 carcerem
709 5075 996 5132 ideo'dixit
1020 5077 1263 5146 beatum,
1283 5081 1413 5150 quia
1442 5084 1651 5138 sanctis
1674 5085 1978 5141 beatitudi-b

402 5183 526 5223 nem
559 5169 866 5238 promittit?
895 5169 970 5223 De
997 5171 1218 5225 vinculo
1251 5170 1310 5226 8.
1355 5170 1510 5227 Pauli
1552 5173 1690 5229 dixit
1714 5175 1771 5230 S.
1798 5174 1974 5248 Chryc

403 5266 679 5312 sostomus
714 5257 904 5312 homil.
937 5259 1005 5314 ad
1051 5258 1249 5330 Ephes.
1279 5276 1380 5316 tv:
1415 5262 1552 5316 Οὐδὲ
1593 5264 1692 5336 τῆς
1713 5266 1974 5331 ,ἁλύσεως

404 5343 617 5415 ἐκείνης
641 5345 1074 5420 μακαριώτερον,
1106 5367 1125 5400 ι
1146 5347 1294 5403 Nihil
1312 5350 1402 5406 illo
1430 5351 1650 5408 vinculo
1680 5354 1912 5411 beatius.
1947 5374 1967 5408 ι

403 5430 473 5487 Et
504 5433 702 5491 falsum
729 5439 894 5493 etiam
921 5439 1133 5508 hoc,.si
1159 5439 1534 5496 Blondelliano
1568 5459 1721 5500 more
1749 5455 1971 5500 senten-

406 5523 510 5578 tias
560 5528 925 5586 maximorum
974 5531 1218 5587 virorum
1273 5532 1656 5590 discutiamus.
1732 5533 1881 5590 Dixit
1913 5534 1970 5590 8.

405 5608 654 5670 Paulus:
697 5635 716 5668 ι
771 5617 829 5672 ln
863 5619 1080 5690 reliquo
1151 5622 1394 5692 reposita
1442 5633 1528 5680 est
1580 5625 1715 5679 mihi
1767 5641 1972 5685 corona

407 5700 647 5761 iustitia.
670 5725 689 5759 ι
706 5706 1161 5780 Chrysostomtts:
1181 5711 1343 5766 Ἀλλὰ
1365 5713 1457 5768 τοῦ
1488 5716 1753 5784 στεφάνου
1777 5715 1968 5773 τούτου

2074 4542 2202 4582 nam
2231 4527 2550 4596 quamdam,
2588 4526 2793 4598 Spiritu
2833 4526 2891 4582 S.
2927 4529 3086 4600 quasi
3121 4529 3252 4586 fune
3286 4540 3524 4599 utentes,
3556 4532 3666 4588 fide

2074 4627 2334 4688 tanquam
2388 4619 2732 4676 subvectare.
2779 4619 2952 4689 Nova,
3006 4623 3236 4689 scilicet,
3285 4624 3404 4680 haec
3449 4634 3581 4680 sunt
3612 4636 3668 4682 et

2075 4710 2329 4765 absurda.
2363 4708 2513 4765 Nova
2533 4710 2765 4768 fortasse
2791 4715 2908 4769 haec
2924 4714 3038 4770 visa
3060 4723 3190 4771 sunt
3220 4731 3345 4771 cum
3369 4734 3434 4774 ea
3454 4719 3666 4776 scribe-

2074 4812 2158 4857 ret
2172 4801 2430 4873 lgnatius,
2449 4820 2572 4860 cum
2588 4805 2702 4876 jam
2719 4807 2908 4878 religio
2922 4807 3237 4867 Christiana
3253 4829 3442 4869 recens
3455 4815 3667 4871 videre-

2073 4904 2192 4963 tur;
2211 4897 2486 4965 quomodo
2499 4913 2646 4953 nunc
2658 4914 2796 4954 nova
2817 4899 3088 4968 dicantur,
3103 4904 3382 4973 quomodo
3399 4906 3661 4975 absurda,

2075 5001 2184 5041 non
2213 4988 2390 5044 video.
2412 4987 2644 5046 Sanctos
2665 5006 2789 5046 esse
2815 4995 3002 5063 templi
3030 4993 3127 5050 Dei
3150 4996 3357 5066 lapides
3386 5001 3515 5069 quis
3548 5016 3663 5055 non

2073 5079 2212 5134 dixit
2230 5088 2353 5149 post
2369 5079 2428 5136 S.
2449 5080 2692 5148 Petrum,
2713 5083 2848 5153 lEp.
2871 5101 2932 5151 ll,
2950 5086 2984 5140 5
3003 5103 3018 5141 ;
3038 5085 3107 5140 Et
3125 5088 3226 5155 ipsi
3248 5098 3502 5160 tanquam
3526 5094 3664 5162 lapi-

2074 5170 2166 5225 des
2198 5172 2300 5226 vivi
2328 5175 2836 5245 superwdt'ﬁcamini
2875 5178 3065 5234 domus
3093 5181 3438 5248 spiritualia?
3470 5185 3664 5256 Neque

2075 5263 2180 5318 hoc
2198 5273 2359 5334 negat
2382 5264 2646 5334 Dallteus;
2678 5268 2772 5324 sed
2795 5285 2997 5324 novum
3013 5281 3069 5326 et
3083 5274 3384 5330 absurdum
3407 5288 3493 5333 est
3516 5289 3576 5334 ut
3605 5282 3662 5335 hi

2075 5354 2132 5408 in
2173 5356 2389 5411 excelsa
2449 5357 2759 5415 referantur
2809 5376 2908 5431 per
2955 5366 3292 5422 machinam.
3349 5368 3513 5425 Certe
3562 5388 3663 5442 per

2075 5447 2386 5502 machinam
2440 5449 2496 5503 in
2533 5451 2750 5507 excelsa
2792 5453 2924 5511 ferri
2951 5456 3161 5526 lapides
3182 5473 3384 5514 novum
3411 5477 3525 5516 non
3552 5475 3656 5530 est,

2077 5538 2172 5591 sed
2207 5538 2349 5615 locis
2393 5541 2650 5598 omnibus
2701 5547 3152 5619 temporibusque
3205 5553 3492 5608 usitatum.
3552 5555 3660 5612 Sed

2079 5629 2212 5685 tales
2245 5631 2450 5702 lapides
2478 5635 2668 5718 quales
2706 5635 2927 5706 Ephesii
2954 5651 3134 5710 erant,
3162 5645 3269 5701 hoc
3290 5655 3378 5701 est
3413 5658 3662 5715 sanctos,
3746 5669 3752 5676 ’

2081 5721 2134 5775 in
2165 5723 2378 5779 excelsa
2425 5722 2556 5780 ferri
2597 5725 2834 5785 fortasse
2861 5744 3065 5787 novum
3092 5744 3147 5788 et
3176 5735 3476 5792 absurdum
3509 5741 3664 5795 vide—
