3848 6204
163 303 274 362 Χεΰ
311 353 314 356 .

910 301 962 360 J.
994 303 1361 360 PEARSONH
1394 299 1712 360 VINDlClJE
1755 295 2174 356 lGNATlANA'I.
2218 327 2288 338 —
2321 293 2504 351 PARS
2541 293 2606 348 ll.

3333 295 3445 353 tat
3475 315 3480 320 -

168 436 279 480 tur.
310 421 480 480 Certe
505 419 902 496 Chrysostomo
925 440 1037 479 non
1067 425 1373 492 videbatur,
1401 426 1496 495 qui
1527 423 1595 479 ad
1616 422 1753 478 tales
1782 425 1827 482 Α
1855 428 2064 491 ptorem
2113 417 2173 474 8.
2220 415 2376 471 Pauli
2407 415 2666 487 epistolas
2711 415 2984 472 imitatum
3013 431 3162 482 esse,
3196 417 3443 488 Apostuli

167 516 467 573 machinas
513 516 788 587 pertinere
843 517 991 586 ipsas
1033 527 1257 572 catenas
1291 526 1608 572 sanctorum
1642 516 1760 570 exi-

167 609 444 666 stimavit.
489 609 565 664 De
616 618 807 663 catena
838 609 898 664 8.
937 607 1113 670 Pauli.
1147 610 1296 665 hom.
1327 609 1362 663 8
1393 609 1460 664 ad
1494 607 1759 678 Ephesios

166 697 243 751 ita
301 696 532 754 scribit:
584 695 733 767 Αὕτη
789 699 916 762 τοὺς
971 698 1308 770 δεδεμένους,
1371 698 1626 769 καθάπερ
1669 697 1759 751 διά

162 806 314 854 τινος
369 790 617 860 μηχανῆς
662 790 808 844 ἕλκει
849 791 987 862 πρὸς
1025 793 1116 845 τὸν
1161 793 1410 866 οὐρανὸν,
1438 792 1532 846 καὶ
1568 791 1758 865 ὥσπερ

161 881 351 952 χρυσῆ
406 880 568 953 σειρὰ
618 881 980 954 ἐξαρτηθεῖσα
1023 884 1237 938 ἀνέλκει
1292 885 1430 956 πρὸς
1461 883 1624 938 αὑτὸν
1664 884 1756 938 τὸν

161 973 422 1044 οὐρανόν.
463 991 483 1024 ι
523 972 650 1028 Haec
693 974 911 1030 vinctos
963 983 1226 1045 tanquam
1291 992 1388 1046 per
1442 977 1755 1030 machinam

163 1065 339 1119 t'rabit
367 1065 437 1120 ad
469 1065 662 1133 caelos,
685 1074 740 1121 et
761 1074 1023 1135 tanquam
1050 1083 1253 1130 aureus
1272 1066 1420 1123 funis
1445 1068 1756 1138 dependens

159 1173 393 1212 sursum
448 1159 620 1212 trahit
671 1159 738 1213 ad
789 1161 958 1216 caelos
1001 1160 1171 1231 ipsos.
1205 1181 1224 1213 ι
1260 1161 1344 1215 An
1399 1170 1581 1216 autem
1621 1177 1754 1216 crux

159 1251 289 1306 talis
328 1252 590 1306 machina
617 1251 724 1306 dici
752 1268 864 1307 non
897 1253 1114 1322 potest?
1147 1253 1518 1310 Tertullianus
1543 1255 1627 1308 Ad
1659 1272 1757 1309 na—

158 1347 333 1400 tiones
362 1347 460 1401 lib.
488 1363 526 1405 ι.
561 1363 612 1402 c.
647 1348 716 1402 18
749 1366 764 1401 :
797 1365 816 1398 ι
863 1347 920 1401 Si
954 1365 1169 1404 crucem
1215 1349 1522 1416 conligendi
1559 1365 1756 1418 corpo-

155 1439 239 1492 ris
269 1440 589 1494 machinam
621 1441 807 1496 nullus
836 1442 1018 1497 adhuc
1046 1458 1110 1497 ex
1141 1443 1300 1497 vobis
1329 1441 1571 1513 Regulus
1601 1443 1754 1512 pepi—

154 1531 255 1600 git.
293 1551 314 1583 ι
347 1530 547 1587 Nonne
575 1532 681 1588 hoc
713 1535 890 1589 cuivis
922 1535 1145 1589 obvium
1182 1533 1307 1601 fuit,
1334 1535 1428 1605 qui
1456 1551 1519 1590 ea
1552 1535 1756 1607 legerat

154 1638 282 1691 quae
303 1622 567 1679 Christus
594 1624 734 1680 dixit
767 1646 779 1679 :
833 1625 947 1696 Ego
974 1627 1022 1681 si
1047 1627 1317 1682 exaltatus
1348 1629 1500 1698 fuero
1528 1645 1556 1682 e
1587 1637 1751 1694 terra,

156 1720 263 1773 hoc
304 1727 416 1784 est,
450 1719 498 1773 si
528 1719 710 1774 crucis
738 1719 1052 1774 machinam
1085 1719 1406 1784 escendero,
1434 1721 1610 1774 omnia
1641 1729 1753 1774 tra-

1859 511 2105 582 vestigiis
2154 525 2345 581 presse
2404 509 2715 574 inbaesisse,
2740 510 2887 580 quod
2917 511 2970 563 in
3012 509 3165 565 ctelis
3191 512 3356 565 etiam
3383 519 3444 566 ut

1859 604 1960 659 sibi
2001 604 2344 675 contingeret
2371 605 2598 673 optavit,
2641 603 2876 674 epistola
2919 602 2986 658 ad
3022 601 3289 672 Ephesios
3319 619 3335 657 :
3366 595 3442 658 Οὗ

1858 697 2066 766 γένοιτό
2103 715 2192 769 μοι
2219 697 2324 750 ὑπὸ
2369 697 2437 751 τὰ
2478 697 2598 768 ἴχνη
2632 694 2923 768 εὑρεθῆναι
2955 693 3032 749 ὅτ’
3064 693 3132 750 ἂν
3155 695 3292 748 Θεοῦ
3318 697 3442 750 ἐπι-

1858 789 2025 861 τύχω,
2081 810 2100 842 (
2157 789 2330 859 Cujus
2378 789 2473 844 tiat
2523 789 2661 844 mihi
2712 789 2817 844 sub
2881 789 3131 859 vestigiis
3182 788 3442 854 inveniri,

1858 884 2080 954 quando
2113 882 2223 938 Deo
2271 883 2442 937 fruar.
2477 901 2496 934 ι
2526 879 2659 948 Quae
2688 881 2857 937 verba
2893 881 3089 952 lgnatii
3116 881 3292 936 nostri
3323 882 3443 938 sine

1861 977 2134 1033 cacozelia
2198 976 2396 1031 imitati
2443 983 2574 1031 sunt
2635 973 2998 1046 Smyrnenses
3050 976 3104 1030 in
3179 974 3442 1046 Martyrio

1861 1069 1919 1124 S.
1943 1068 2253 1141 Polycarpi.
2293 1064 2368 1124 Οὖ
2395 1069 2602 1138 γένοιτο
2633 1070 2690 1122 ὲν
2721 1071 2785 1140 τῇ
2825 1067 3070 1140 βασιλείᾳ
3103 1065 3280 1140 Ἰησοῦ
3301 1069 3441 1139 Χρι-

1861 1162 1986 1217 στοῦ
2035 1164 2173 1236 πρὸς
2202 1163 2269 1217 τὰ
2299 1163 2418 1234 ἴχνη
2463 1161 2752 1233 εὑρεθῆναι
2780 1163 2948 1232 ἡμᾶς.
2984 1179 3003 1212 t
3041 1161 3213 1230 Cujus
3248 1161 3342 1216 li'at
3369 1161 3441 1216 ad

1858 1256 2086 1325 vestigia
2117 1264 2176 1310 ut
2207 1270 2307 1309 nos
2336 1255 2388 1308 in
2419 1270 2588 1324 regno
2616 1254 2744 1309 Jesu
2779 1254 2979 1308 Christi
3016 1253 3382 1309 inveniamur.
3411 1271 3436 1308 ι

1859 1348 2112 1418 Agnosco
2165 1346 2433 1418 lgnatium
2479 1357 2732 1401 nostrum
2780 1345 3095 1402 sensuan.
3139 1345 3294 1400 Pauli
3319 1347 3440 1400 ani-

1859 1455 2122 1510 tuumque
2147 1440 2202 1494 in
2234 1454 2459 1494 succum
2485 1447 2540 1493 et
2569 1438 2890 1508 sanguinem
2928 1438 3285 1504 convertisse,
3309 1454 3438 1494 eum

1859 1532 1915 1587 in
1961 1539 2249 1586 numerato
2289 1531 2454 1586 etiam
2493 1529 2547 1582 in
2576 1544 2796 1584 carcere
2825 1529 3086 1583 habuisse
3110 1569 3126 1596 ,
3181 1543 3440 1584 sermone

1858 1633 1912 1678 et
1942 1631 2122 1678 mente
2151 1622 2355 1692 ubique
2382 1623 2751 1692 expressisse;
2781 1623 2875 1676 sed
2899 1631 2953 1676 et
2980 1623 3086 1677 hoc
3114 1622 3288 1676 multo
3319 1638 3440 1677 nia-

1860 1716 1943 1786 gis
1977 1715 2096 1768 viro
2141 1723 2330 1768 sancto
2369 1724 2423 1767 et
2454 1712 2702 1783 martyri,
2728 1711 2911 1781 qualis
2951 1711 3067 1781 ipse
3116 1711 3436 1780 apostolus,

151 1809 282 1863 ham
331 1812 405 1863 ad
437 1812 716 1880 meipsum,
762 1809 920 1866 Joan.
981 1827 1082 1877 xu,
1115 1813 1206 1867 52.
1250 1811 1538 1879 Quomodo
1569 1821 1750 1867 autem
1784 1812 1826 1867 Β
1857 1821 2022 1876 quam
2069 1805 2245 1861 lictori
2275 1805 2532 1874 cuiquam
2571 1812 2666 1858 aut
2696 1804 2980 1872 impostori
3023 1803 3315 1858 convenire
3349 1819 3438 1857 ar-

149 1903 334 1957 trahit
390 1902 560 1968 Deus,
599 1903 707 1960 nisi
756 1902 1017 1960 funiculis
1055 1905 1252 1970 Adam,
1277 1914 1332 1960 et
1363 1904 1598 1962 vinculis
1622 1905 1750 1960 cha-

149 1995 384 2050 ritatis?
420 1993 527 2051 Sed
579 1996 805 2067 quinam
859 1998 915 2052 hi
959 1996 1192 2053 funiculi
1226 1999 1392 2053 sunt?
1421 1997 1582 2054 Certe
1607 1998 1752 2054 Deus

59 2091 62 2097 '
149 2104 251 2158 per
296 2087 575 2158 Spiritum
603 2090 857 2146 homines
887 2091 955 2146 ad
988 2105 1048 2147 se
1075 2091 1265 2146 trahit.
1294 2091 1438 2158 Quid
1467 2091 1557 2147 hic
1586 2092 1754 2164 igitur

151 2181 418 2246 absurdi,
444 2182 576 2251 quid
601 2183 764 2237 novi?
783 2181 978 2239 Nonne
1001 2183 1199 2240 melius
1225 2184 1428 2240 dicitur
1455 2184 1624 2240 Deum
1651 2200 1752 2240 nos

149 2288 251 2342 per
298 2271 599 2344 Spiritum,
627 2290 794 2344 quam
825 2290 930 2330 nos
956 2291 1054 2346 per
1087 2275 1352 2346 Spiritum
1383 2275 1478 2331 Dei
1512 2278 1750 2333 trahere.

149 2361 222 2418 Et
264 2375 460 2420 tamen
511 2365 808 2436 Gregorius
837 2365 1221 2423 Nazianzenus
1260 2383 1373 2424 non
1421 2369 1626 2426 veritus
1667 2379 1752 2426 est

149 2458 346 2514 dicere
391 2458 717 2530 εΠνεύματι
773 2459 1132 2530 σωιχοῦντες,
1182 2459 1354 2532 τούτῳ
1405 2461 1507 2533 τὴν
1553 2461 1753 2531 γνῶσιν

151 2549 446 2615 ἕλκοντεςο
486 2571 506 2604 ι
537 2549 600 2606 ’ln
642 2551 849 2620 Spiritu
878 2551 1246 2620 ambulantes,
1275 2569 1452 2623 eoque
1476 2554 1751 2624 cognitio-

153 2659 286 2698 nem
320 2644 630 2700 trahentes.
671 2663 691 2696 ι
731 2643 883 2699 Dona
918 2643 1124 2714 gratim,
1155 2659 1253 2700 seu
1294 2645 1521 2715 spiritus
1545 2645 1601 2700 8.
1631 2645 1755 2716 Spi-

153 2740 305 2791 ritus
346 2752 492 2806 saepe
517 2736 780 2792 dicuntur
807 2754 820 2790 :
846 2736 938 2791 illa
969 2745 1150 2792 autem
1187 2736 1328 2792 inter
1360 2737 1624 2793 beneficia
1659 2754 1754 2792 nu—

157 2829 378 2883 merari
404 2828 603 2884 debent
634 2837 690 2884 et
717 2829 880 2884 simul
913 2829 1174 2885 funiculis
1196 2831 1525 2900 comparari,
1550 2831 1751 2902 quibus

155 2921 546 2977 etlicacissime
575 2922 644 2976 ad
672 2921 845 2977 Deum
867 2923 1164 2977 trahimur.
1190 2921 1266 2977 De
1289 2921 1520 2978 mirifica
1544 2923 1753 2979 saluta-

156 3015 312 3070 tione
343 3021 459 3070 nOn
487 3031 628 3085 opus
663 3025 749 3071 est
783 3024 843 3070 ut
873 3015 1258 3086 respondeam.
1293 3014 1412 3070 Non
1444 3017 1589 3071 enim
1619 3032 1753 3072 eon-

154 3116 270 3161 stat
296 3108 659 3175 posteriorem
692 3118 906 3177 partem
962 3105 1244 3161 sententiae
1269 3105 1335 3160 ad
1365 3106 1748 3161 salutationem

1855 1901 2049 1956 bitror.
2079 1898 2155 1953 De
2177 1899 2342 1953 modo
2371 1896 2698 1951 imitationis
2732 1903 2843 1950 tota
2875 1895 2943 1951 lis
2969 1905 3072 1962 est,
3097 1911 3168 1949 an
3201 1895 3273 1950 ita
3299 1897 3438 1950 seri-

1854 2003 1976 2064 ptor
2018 1991 2342 2062 Apostolum
2392 1989 2638 2044 imitatus
2682 1988 2774 2054 sit,
2811 1997 2869 2043 ut
2907 1987 3148 2060 lgnatius
3182 1989 3272 2042 ille
3316 2004 3438 2044 esse

1854 2099 1962 2140 non
1990 2083 2186 2154 possit,
2221 2083 2315 2137 sed
2341 2081 2524 2151 potius
2564 2094 2625 2135 se
2659 2094 2841 2150 pravae
2888 2079 3212 2134 imitationis
3254 2078 3442 2134 studio

1854 2178 2172 2249 imposturte
2220 2193 2373 2233 reum
2415 2177 2738 2249 prodiderit.
2793 2175 2906 2249 Ego
2953 2187 3064 2231 tam
3113 2177 3253 2232 bene
3309 2190 3438 2232 eum

1854 2271 2186 2342 apostolicas
2237 2270 2498 2339 epistolas
2546 2270 2820 2324 imitatum
2869 2283 2993 2324 esse
3039 2267 3344 2334 contendo,
3377 2279 3439 2323 ut

1854 2364 2052 2419 merito
2089 2364 2268 2418 virum
2305 2378 2432 2417 eum
2463 2363 2846 2434 apostolicum,
2875 2361 2965 2417 cui
3016 2361 3263 2430 Apostoli
3300 2361 3439 2415 scri-

1854 2468 1944 2528 pta
1979 2465 2092 2511 tam
2119 2455 2311 2510 intime
2335 2465 2390 2510 et
2424 2454 2746 2510 medullitus
2780 2455 3047 2523 impressa
3074 2452 3317 2519 fuerunt,
3345 2452 3438 2522 ju-

1853 2551 2132 2616 dicemus;
2167 2557 2276 2603 tam
2302 2547 2469 2613 male,
2502 2557 2614 2602 tam
2642 2546 2900 2612 absurde,
2927 2555 2987 2600 ut
3019 2545 3145 2600 inde
3178 2553 3439 2616 appareat

1853 2657 1980 2699 eum
2026 2642 2379 2711 impostorem
2438 2639 2630 2703 fuisse,
2663 2639 2810 2709 quod
2861 2638 3052 2692 volunt
3110 2637 3434 2701 adversarii,

1853 2750 2082 2807 prorsus
2107 2750 2266 2805 nego.
2291 2732 2632 2789 Assertionis
2650 2741 2853 2786 nostrae
2877 2731 3163 2784 veritatem
3189 2727 3437 2783 ostendet

1853 2828 2303 2892 commentarius,
2348 2841 2459 2895 quo
2492 2823 2680 2879 omnia
2719 2821 2779 2876 S.
2829 2821 3025 2892 lgnatii
3068 2820 3137 2875 ad
3169 2836 3301 2876 suas
3325 2821 3432 2876 ori—

1854 2919 2006 2989 gines
2049 2915 2380 2981 referantur,
2415 2923 2470 2970 et
2503 2930 2628 2970 cum
2653 2913 2711 2968 8.
2749 2911 2901 2966 Pauli
2927 2913 3108 2968 verbis
3137 2922 3192 2967 et
3218 2921 3438 2968 senteno

1853 3010 1946 3066 tiis
1972 3011 2242 3080 praecipue
2287 3007 2686 3075 conferantur;
2729 3007 2775 3063 si
2823 3021 3064 3077 unquam
3091 3005 3240 3060 illius
3266 3003 3435 3076 perti-

1848 3106 2025 3162 ciendi
2065 3113 2122 3160 et
2166 3103 2358 3160 edendi
2391 3101 2611 3158 occasio
2653 3114 2714 3155 se
2763 3097 3040 3153 obtulerit.
3072 3097 3434 3166 Coniectures

153 3213 284 3252 eam
337 3198 637 3268 pertinere,
665 3213 793 3254 cum
836 3199 1013 3269 possit
1058 3199 1222 3253 etiam
1254 3198 1321 3252 ad
1347 3197 1631 3267 sequentia
1666 3212 1753 3252 re-
1779 3189 1821 3208 ν
1848 3199 2068 3254 interim
2117 3197 2440 3258 Daliazanas,
2471 3202 2531 3249 ut
2570 3207 2629 3248 se
2662 3190 2936 3255 offerunt,
2966 3189 3316 3257 examinabo,
3339 3204 3432 3246 ea-

154 3290 318 3345 ferri.
374 3289 433 3344 Si
483 3290 608 3361 quis
643 3300 828 3345 autem
858 3307 980 3345 eam
1012 3291 1079 3346 ad
1121 3292 1306 3361 priora
1335 3291 1517 3360 potius
1544 3289 1754 3346 referre

153 3384 310 3448 velit,
326 3399 399 3437 ne
425 3383 509 3438 sic
527 3384 748 3453 quidem
775 3384 1014 3439 absurda
1042 3383 1316 3439 videbitur
1336 3383 1613 3438 salutatio.
1632 3380 1750 3436 Non

151 3480 306 3537 enim
361 3479 416 3532 in
453 3477 675 3532 nomine
702 3485 912 3532 tantum
935 3476 1165 3542 Christi,
1207 3477 1300 3532 sed
1337 3477 1478 3531 etin
1505 3476 1748 3543 Christo,

152 3574 242 3627 vel
281 3573 340 3627 in
383 3570 618 3625 Domino
670 3569 969 3639 Apostolus
1008 3568 1244 3635 salutat;
1276 3567 1534 3623 Christus
1568 3577 1750 3622 autem

153 3680 256 3734 per
287 3673 547 3717 naturam
574 3677 780 3732 perque
813 3676 877 3716 ea
909 3675 1030 3729 quae
1061 3662 1115 3714 in
1139 3675 1305 3715 carne
1335 3661 1445 3730 egit
1473 3657 1527 3714 et
1554 3674 1752 3729 passus

151 3767 260 3824 est,
316 3758 527 3826 Optime
571 3756 894 3826 explicatur.
942 3753 1154 3821 Quibus
1203 3753 1356 3808 addit
1406 3757 1464 3808 ὲν
1513 3755 1747 3826 ἑνότητι.

151 3850 294 3904 Nam
337 3860 399 3904 ut
449 3849 656 3918 Optime
677 3847 746 3902 de
773 3847 831 3901 S.
860 3846 1032 3902 Paulo
1063 3863 1094 3901 a
1125 3846 1524 3916 Chrysostomo
1561 3847 1752 3901 obser-

151 3953 347 3996 vatum
400 3951 518 3996 est:
563 3939 672 3992 Ἀεὶ
709 3938 931 4007 συνάγει
961 3939 1055 3992 καὶ
1087 3938 1359 4010 συγκολλᾷ
1401 3937 1471 3992 τὰ
1503 3937 1636 4010 μέλη
1662 3937 1751 3991 διὰ

149 4035 248 4088 τοῦ
281 4033 605 4106 ἀσπασμοῦ.
642 4052 660 4085 ι
709 4031 937 4102 Semper
985 4032 1273 4102 conjungit
1311 4039 1365 4086 et
1408 4032 1752 4101 conglutinat

151 4128 408 4182 membra
462 4143 561 4196 per
610 4125 1020 4181 salutationem.
1079 4142 1098 4176 ι
1143 4121 1331 4193 Neque
1388 4123 1527 4178 mira
1576 4123 1750 4178 videri

151 4221 320 4274 debet
354 4219 408 4273 in
440 4217 847 4273 resurrectione
872 4215 1014 4270 facta
1037 4215 1314 4281 salutatio,
1347 4230 1470 4270 cum
1494 4215 1751 4270 vetustis-

152 4312 284 4368 simi
340 4310 644 4365 Christiani
684 4309 772 4363 bis
814 4309 996 4363 verbis
1029 4325 1048 4359 ι
1085 4305 1341 4362 Christus
1390 4307 1694 4363 resurrexit
1723 4324 1742 4358 ι

152 4419 216 4460 se
245 4412 446 4457 mutuo
480 4402 720 4457 solerent
755 4400 1014 4457 salutare.

755 4555 989 4613 CAPUT
1031 4555 1148 4611 XV.

152 4695 408 4754 Imitatio
462 4695 705 4763 Apostoli
765 4693 1056 4765 [quatiana
1089 4690 1415 4765 _xaxo§n).la.
1458 4708 1583 4765 Δηομ
1644 4701 1743 4765 est.

236 4762 518 4838 'Ovaiym‘v
552 4782 653 4820 vox
695 4762 894 4819 Graecis
945 4763 1252 4838 familiaris,
1286 4764 1365 4814 ita
1413 4762 1494 4838 ab-
1529 4762 1746 4838 lgnau'o

223 4833 527 4909 aliquoties,
563 4846 846 4909 usurpata,
860 4845 948 4909 rut
981 4851 1014 4886 a
1060 4833 1435 4909 Chrysostomo
1476 4833 1742 4909 laudetur.

221 4901 472 4963 Censura
494 4901 738 4960 Arruntii
768 4907 1032 4976 rejicitur.
1061 4901 1272 4976 Inuoce
1309 4901 1563 4976 ἰσόψνχον
1595 4903 1746 4976 nulla

224 4977 458 5048 apostoli
498 4978 753 5033 imitatio.
786 4973 928 5042 Quid
963 4975 1033 5029 sit
1064 4975 1338 5096 ἰσόῒυχος,
1365 4974 1490 5042 quid
1520 4973 1746 5042 ἀντίψυ-

224 5068 340 5096 νον-
373 5049 619 5096 docetur-
655 5057 711 5096 ut
740 5056 791 5096 et
811 5046 1118 5096 περίψημα.
1193 5046 1372 5096 hrases
1415 5043 1746 5096 aliauot’sar-

222 5043 341 5120 χὸν,
373 5049 619 5111 docetur,
655 5056 795 5120 utet
811 5043 1372 5120 nsplnpnua._Phrases
1415 5043 1748 5120 aliquotsz

224 5113 348 5190 ﬂius
395 5129 674 5190 usurpata:
700 5113 1078 5187 defenduntur.
1113 5113 1300 5168 Irania
1342 5114 1638 5182 apostolica
1676 5113 1744 5168 ab

224 5190 451 5262 lgnatio
478 5189 694 5242 minime
718 5204 988 5259 expressa.

221 5328 422 5398 Capite
464 5325 536 5380 28
573 5324 808 5396 probare
851 5325 1047 5379 nititur
1075 5333 1357 5378 auctorem
1383 5319 1744 5390 epistolarum

158 5424 520 5494 impostorem
575 5419 766 5486 fuisse,
802 5435 871 5475 es
914 5417 1217 5475 imitatione
1269 5413 1328 5469 S.
1367 5412 1543 5480 Pauli,
1579 5427 1746 5482 quam

158 5514 497 5588 ηκηζηλίαν
525 5497 711 5580 vocat;
755 5527 928 5584 quare
981 5520 1165 5566 autem
1213 5508 1299 5564 vir
1326 5505 1663 5576 apostolicus
1694 5512 1750 5560 et

155 5619 368 5680 martyr
409 5608 616 5663 imitari
651 5606 704 5663 8.
745 5606 998 5671 Paulum,
1024 5617 1196 5675 quare
1225 5601 1319 5671 qui
1368 5615 1492 5655 eum
1530 5601 1663 5664 vita,
1695 5605 1750 5654 et

153 5713 336 5758 morte
369 5709 599 5758 secutus
627 5710 730 5767 est,
764 5713 1017 5755 sermone
1045 5696 1209 5752 etiam
1239 5695 1394 5764 sequi
1428 5706 1535 5746 non
1563 5701 1753 5762 potuc-

156 5798 248 5865 rit,
277 5796 430 5854 haud
482 5796 664 5853 video.
705 5795 902 5850 Fateor
937 5790 1192 5866 equidem
1222 5787 1579 5862 epistularum
1608 5785 1746 5842 scri-

1849 3304 2082 3351 rumque
2109 3287 2535 3344 imbecillitatem
2563 3283 2809 3354 prodam.

1923 3375 2130 3431 Primo.
2149 3375 2505 3446 lmpostorem
2531 3377 2638 3431 olet
2662 3375 2895 3448 ὀναίμην
2920 3375 3080 3430 toties
3101 3374 3169 3429 ab
3189 3390 3257 3430 eo
3277 3387 3437 3429 usur-
3503 3421 3506 3424 .

1853 3477 2060 3538 patum.
2109 3468 2287 3523 Semel
2339 3477 2522 3523 autem
2561 3466 2620 3521 S.
2665 3467 2871 3523 Paulus
2900 3483 2965 3522 ea
2999 3483 3134 3521 voce
3159 3465 3354 3533 utitur,
3380 3474 3437 3520 et

1852 3559 2070 3628 quidem
2104 3559 2161 3612 in
2184 3559 2425 3628 Epistola
2459 3560 2525 3613 ad
2564 3557 2964 3623 Philemonem,
2997 3557 3090 3611 ubi
3135 3557 3204 3611 de
3239 3555 3436 3610 Onesi-

1856 3667 1948 3706 mo
2001 3652 2200 3723 agitur.
2247 3651 2428 3718 Quare
2487 3668 2614 3708 cum
2651 3651 2979 3708 Theodorus
3009 3650 3148 3705 Beza
3186 3667 3205 3700 ι
3240 3649 3434 3705 scitam

1850 3745 2060 3802 Perroti
2091 3746 2312 3817 collegae
2336 3746 2422 3801 sui
2450 3746 2824 3816 conjecturam
2858 3763 2876 3796 ι
2919 3743 3056 3799 adeo
3082 3743 3436 3799 commenda--

1851 3851 2020 3908 verit,
2055 3841 2148 3911 qui
2203 3857 2223 3892 ι
2279 3839 2510 3895 Paulum
2552 3839 2657 3894 hac
2698 3852 2832 3892 voce
2872 3836 3115 3891 alludere
3147 3836 3217 3890 ad
3252 3835 3432 3904 ipsum

1851 3931 2096 3988 Onesimi
2145 3947 2346 3987 nomen
2406 3931 2788 3987 existimavit:
2834 3948 2853 3981 ι
2890 3928 3092 3990 mirum
3141 3935 3226 3982 est.
3275 3927 3436 3996 Igna-

1851 4029 1986 4083 tiutn
2023 4038 2271 4082 nostrum
2306 4040 2416 4080 non
2447 4034 2662 4081 tantum
2702 4025 2758 4079 in
2794 4024 3020 4094 epistola
3053 4023 3120 4078 ad
3144 4021 3432 4092 Ephesios,

1851 4121 1945 4176 ubi
1991 4118 2238 4175 Onesimi
2276 4134 2470 4174 eorum
2513 4117 2756 4189 episc0pi
2793 4117 3128 4172 mentionem
3157 4103 3432 4182 facit,'sed

1849 4215 2014 4270 etiam
2048 4214 2249 4283 saepius
2281 4212 2408 4267 alibi
2455 4226 2520 4266 ea
2569 4225 2705 4266 voce
2742 4211 2839 4265 uti.
2878 4209 2985 4264 Sed
3022 4223 3129 4264 vox
3160 4208 3248 4262 illa
3287 4207 3437 4261 ὀναί-

1853 4326 1962 4382 μην
2015 4309 2150 4365 satis
2203 4308 2345 4378 apud
2400 4306 2620 4362 Graecos
2669 4319 2886 4374 semper
2943 4304 3071 4357 trita
3106 4301 3232 4357 fuit.
3271 4299 3432 4370 Apud

1851 4401 2182 4474 Hesychium
2223 4403 2421 4473 legitur
2454 4418 2468 4454 :
2515 4401 2826 4471 Ὀνήμονος,
2851 4396 3000 4463 ἄξιος
3021 4396 3284 4466 ὀνήσεως.
3326 4393 3432 4449 So-

1778 4491 2069 4568 Dpingius
2124 4496 2411 4567 legendum
2464 4504 2620 4566 putat
2650 4493 2961 4565 Ὀνήσιμος,
3010 4497 3066 4544 et
3129 4489 3431 4559 Epistolam

1853 4589 1986 4645 citat
2009 4587 2068 4643 S.
2093 4587 2248 4644 Pauli
2274 4588 2340 4644 ad
2369 4585 2740 4642 Timotheum.
2771 4583 2876 4639 Sed
2901 4585 3007 4638 hoc
3039 4583 3201 4637 modo
3220 4589 3432 4636 veteres

1851 4680 2186 4752 intelligendi
2243 4695 2354 4734 non
2405 4688 2556 4734 sunt.
2612 4675 2748 4742 Quis
2791 4675 2936 4729 enim
2986 4688 3097 4728 non
3146 4673 3293 4726 videt
3334 4687 3432 4740 pro

1865 4774 1988 4845 Ὀνή
1999 4789 2156 4844 μονος
2183 4769 2471 4842 legendum
2499 4783 2642 4832 esse,
2684 4766 2996 4838 Ὀνήμενος,
3017 4763 3211 4834 Odyss.
3228 4763 3295 4832 B,
3317 4764 3387 4820 ’55
3412 4781 3427 4819 :

2041 4907 2295 4972 Ἐσθλός
2317 4922 2420 4976 μοι
2440 4903 2606 4959 δοκεῖ
2625 4902 2826 4972 ἐμμεν⁹
2857 4900 3150 4970 ὀνήμενος
3165 4939 3180 4965 ,

1851 5065 1976 5107 cum
2007 5045 2297 5118 explicatio
2327 5041 2604 5114 Hesychii,
2638 5040 2822 5112 ὄνησιν
2851 5036 3046 5092 ἑαυτοῦ
3079 5036 3252 5102 λάϐοι,
3282 5034 3427 5104 apud

1850 5153 2088 5199 veterem
2123 5139 2466 5195 Scholiasten
2500 5151 2565 5189 eo
2602 5135 2723 5188 loco
2750 5131 2967 5186 exstet?
2993 5130 3072 5183 Ad
3103 5128 3426 5184 Onesimum

1850 5245 2020 5300 certe,
2055 5242 2153 5289 aut
2193 5230 2262 5285 ad
2313 5228 2370 5284 S.
2404 5226 2560 5282 Pauli
2614 5226 2794 5279 locum
2848 5239 2957 5276 non
3002 5237 3215 5291 semper
3256 5220 3430 5290 respi-

1850 5326 2108 5383 ciendum
2153 5321 2369 5393 quoties
2398 5319 2465 5373 de
2499 5333 2564 5373 ea
2607 5329 2742 5369 voce
2771 5313 2972 5382 agitur.
3009 5309 3110 5364 Diu
3156 5319 3283 5365 ante
3311 5308 3428 5365 Eu-

1849 5418 2055 5490 ripides
2099 5416 2155 5470 in
2187 5413 2371 5468 Oreste
2406 5427 2424 5465 :

2031 5557 2238 5610 'Orato
2264 5551 2361 5606 καὶ
2389 5549 2494 5615 σὺ,
2524 5547 2622 5602 καὶ
2657 5548 2691 5601 ό
2723 5544 2926 5611 διδοὺς
2957 5540 3092 5613 ἐγώ.

1859 5693 2010 5750 Unde
2052 5689 2226 5747 Aulus
2267 5685 2472 5742 Gellius
2525 5683 2620 5738 lib.
2672 5696 2786 5748 xtv,
2836 5694 2956 5749 cap.
2994 5677 3027 5730 6
3061 5693 3076 5730 :
3108 5674 3295 5729 Ὀναιο
3338 5672 3426 5737 σὺ,

1855 5775 2437 5854 inquatu,doctissiu.e
2477 5773 2745 5839 virorum,
2787 5768 2989 5840 ταύτης
3037 5766 3136 5838 τῆς
3181 5762 3424 5829 πολυμα-
