3852 6206
406 269 513 325 455

1399 273 1458 328 S.
1495 269 1839 329 lCNATlUS.
1878 299 1952 313 -—
1993 266 2530 325 PROLEGOMENA.

3563 263 3665 322 £58

411 396 584 461 Θείας,
613 411 724 453 non
766 393 918 452 δναιὸ
963 413 1080 463 σου,
1117 404 1176 452 ιιι
1214 409 1361 452 nunc
1403 395 1544 450 male
1569 393 1854 450 scribitur.
1885 389 1996 447 Eu-

2110 387 2350 460 ὀναίμην,
2379 386 2527 457 quod
2576 385 2645 441 ab
2684 399 2752 440 eo
2797 383 3028 440 Dallaeus
3073 383 3212 439 mira
3241 381 3462 439 licentia
3491 399 3511 433 ι
3544 399 3665 438 sex-

415 489 622 562 ripides
650 491 702 544 in
737 489 1027 560 Hippolyto
1055 503 1074 542 :

689 627 1002 688 Ὄνασθαι,
1033 623 1119 695 μὴ
1151 623 1366 696 μαθεῖν
1387 621 1640 686 βούλου.

415 765 572 823 Unde
600 744 936 838 Hesychius:

779 903 1092 964 Ὄνασθιιι,
1125 897 1491 968 ὠφελῆσθαι.

417 1035 613 1089 διιίιιοε
637 1033 700 1088 V.
742 1033 1022 1105 ὀναίμην,
1053 1033 1186 1086 citat
1215 1032 1362 1086 hunc
1391 1028 1754 1085 versiculum:

413 1169 614 1237 Καύτὴ
643 1169 754 1238 γὰρ
782 1167 916 1238 ἐγὼ,
949 1168 1137 1233 οὕτως
1161 1167 1418 1236 ὀναίμην
1454 1164 1573 1218 τῶν
1606 1165 1851 1218 τέκνων.

417 1300 524 1356 Sed
554 1301 696 1370 apud
731 1300 1176 1370 Aristophanem,
1209 1297 1354 1352 unde
1390 1296 1756 1366 transcripsit,
1803 1296 1998 1369 legitur

413 1393 657 1464 ὀνοίμην,
690 1391 1249 1462 Thesmophoriazusis
1279 1405 1300 1443 :

419 1531 621 1611 Καὺςὴ
653 1533 772 1655 ίἷεὰρ
821 1530 1011 1600 ἔγωγ’,
1045 1529 1234 1610 οὕτως
1270 1527 1539 1598 ’ὀνοίμην
1581 1528 1699 1583 τῶν
1732 1529 1959 1584 τέκνων
1981 1569 1996 1592 ,

419 1606 586 1655 Μισω
617 1620 651 1655 τ
687 1619 726 1655 ν
754 1601 919 1655 ἄνδρ’
947 1601 1203 1655 ἐκεινον.
1233 1600 1286 1653 εὶ
1316 1597 1396 1655 μὴ
1414 1600 1735 1655 .ιιαίνοααι.

415 1601 586 1657 Μισῶ
610 1597 919 1670 τὸνίᾶνδο
946 1597 1203 1664 ἐκεῖνον,
1233 1600 1286 1653 εὶ
1309 1597 1396 1668 μὴ
1414 1641 1420 1650 .
1427 1600 1735 1669 μαίνομαι.

597 1737 720 1796 Ipsa
750 1737 887 1790 enim
911 1753 1024 1804 ego,
1062 1736 1142 1788 ita
1175 1735 1330 1805 fruar
1368 1734 1550 1791 liberis
1585 1738 1744 1802 meis,

597 1807 701 1862 Odi
737 1808 908 1861 virum
938 1807 1115 1870 illum,
1144 1808 1250 1859 nisi
1282 1807 1516 1861 insanio.

490 1942 645 1997 Unde
700 1942 926 2012 intelligi
965 1949 1150 2012 potest
1206 1939 1462 2012 llesychii
1508 1940 1690 1996 locum
1744 1938 1998 1994 mutilum

417 2050 560 2098 csse,
614 2034 704 2087 ubi
761 2033 924 2088 habet
973 2035 1204 2100 Ὄνοιτο,
1245 2034 1468 2104 ὁμοίως.
1498 2031 1658 2088 Deest
1702 2032 1848 2088 enim
1893 2045 1998 2084 vox

417 2127 639 2198 ὀνοίμην
672 2142 796 2180 cum
828 2125 1191 2195 explicatione
1225 2141 1345 2180 sua.

492 2217 586 2271 Sic
623 2217 889 2272 Admetus
941 2213 1087 2285 apud
1137 2214 1450 2286 Euripidem
1500 2212 1800 2284 alloquitur
1840 2212 2000 2269 Alce-

421 2309 528 2364 stin
553 2325 567 2362 :

492 2439 668 2503 "Alte
702 2435 772 2490 δὲ
802 2437 1064 2507 παίδων·
1100 2435 1276 2490 τῶνδ’
1303 2436 1532 2507 ὄνησιν
1561 2437 1812 2507 εὔχομαι

567 2455 668 2503 .ιις
702 2455 772 2490 οε
802 2455 1064 2490 παιοων·
1100 2455 1274 2490 noro
1315 2455 1532 2504 ονησιν
1561 2455 1628 2490 ευ
1673 2455 1812 2507 ομαι

563 2506 730 2574 Θεοῖς
760 2506 1068 2578 γενέσθαιο
1105 2507 1220 2562 σοῦ
1251 2506 1361 2577 γὰρ
1401 2509 1513 2562 οὐκ
1547 2455 1840 2578 ὼνῆμεθα.

428 2661 576 2718 Salis
609 2664 893 2718 liberarunt
918 2680 935 2728 ;
964 2663 1151 2716 horum
1185 2663 1490 2732 fruitionem
1513 2679 1698 2733 precor

420 2734 560 2788 Deos
589 2736 723 2790 mihi
749 2736 1081 2805 contingere;
1112 2743 1160 2787 te
1188 2737 1327 2787 enim
1353 2749 1457 2787 non
1477 2736 1717 2804 amplius
1747 2733 2001 2804 fruimur.

427 2885 592 2943 Vetus
638 2903 772 2943 sane
817 2895 872 2942 et
899 2888 1063 2958 vulgo
1093 2889 1222 2944 trita
1253 2888 1512 2960 loquendi
1553 2887 2002 2955 formula,olirwg

420 2979 653 3050 ὀναίμην
698 2981 862 3044 τινός.
918 2978 1183 3051 Synesius
1237 2981 1694 3037 accuratissimus
1754 2990 2001 3036 veterum

2095 479 2298 535 centies
2335 486 2656 550 usurpatum
2696 497 2715 530 ι
2753 477 2913 532 dixit.

2164 569 2352 640 Neque
2410 583 2542 625 vero
2606 584 2838 624 censura
2895 568 3138 624 Arruntii
3199 567 3342 637 apud
3401 566 3668 621 Senecam

2096 663 2394 734 quidquam
2445 661 2695 732 dignitati
2737 661 3022 732 scriptoris
3049 661 3220 718 nostri
3246 661 3489 730 derogat.
3537 658 3668 712 Imi-

2099 763 2244 810 tatus
2278 754 2367 809 ille
2404 752 2725 808 Sallustium
2759 763 2861 818 est,
2889 762 2943 806 et
2983 752 3143 808 male.
3178 750 3281 805 Sed
3313 753 3511 820 primo,
3529 750 3673 804 male

2097 856 2226 901 aute
2246 861 2373 900 eum
2397 845 2693 915 scripserat
2717 843 3009 900 Sallustius
3029 859 3098 900 ex
3126 843 3396 899 sententia
3423 842 3670 906 Senecae,

2099 940 2332 1010 ideoque
2370 953 2478 993 non
2522 938 2662 992 bene
2697 936 2827 992 fecit
2867 936 3179 1000 Arruntius,
3214 935 3309 1006 qui
3347 936 3439 990 illa
3476 949 3604 1004 quae
3637 950 3674 990 a

2099 1031 2360 1087 Sallustio
2393 1030 2536 1084 male
2558 1029 2700 1084 dicta
2730 1035 2858 1084 sunt
2882 1027 3021 1084 adeo
3045 1027 3288 1082 studiose
3309 1037 3530 1082 secutus
3558 1035 3669 1082 est.

2098 1125 2276 1181 Verba
2302 1133 2440 1179 sunt
2471 1122 2695 1179 Senecae
2722 1142 2736 1178 :
2771 1141 2790 1174 ι
2820 1120 2986 1178 Vides
3016 1130 3196 1176 autem
3225 1120 3356 1190 quid
3382 1127 3674 1188 sequatur,

2100 1217 2190 1273 ubi
2237 1216 2404 1272 alicui
2445 1216 2640 1270 vitium
2686 1230 2787 1286 pro
2817 1214 3064 1284 exemplo
3093 1223 3196 1268 est.
3239 1231 3256 1264 ι
3287 1210 3674 1266 ltallelladius

2105 1311 2253 1381 apud
2328 1308 2586 1364 Photium
2665 1316 2821 1362 notat
2898 1304 3264 1375 Euphorionis
3333 1302 3675 1374 κακοζήλους

2099 1402 2295 1470 λέξεις,
2323 1417 2434 1457 non
2460 1401 2680 1472 quidem
2706 1417 2728 1451 ι
2763 1413 2872 1454 non
2899 1397 3212 1464 imitandas,
3239 1416 3260 1452 ι
3290 1405 3349 1451 ut
3377 1399 3676 1465 interpres,

2099 1499 2194 1549 sed
2223 1512 2241 1544 ι
2273 1509 2340 1548 ex
2390 1493 2532 1546 mala
2563 1489 2908 1545 affectatione
2947 1506 2966 1540 ›
3002 1486 3305 1558 profectas;
3337 1503 3463 1542 nam
3507 1502 3680 1558 παρεο

2101 1583 2313 1656 ζήλωσε
2344 1581 2435 1637 τὸν
2471 1579 2687 1652 πρῶτον
2719 1578 2991 1632 Διονύσιον
3008 1578 3098 1632 τὸν
3120 1577 3370 1642 Σικελίας
3387 1577 3675 1650 τύραννον,

2108 1698 2127 1730 ι
2164 1676 2484 1748 Dionysium
2533 1673 2771 1744 primum
2825 1671 3024 1726 Siciliae
3077 1680 3368 1742 tyrannum
3426 1669 3680 1724 imitatus

2101 1780 2206 1840 est,
2245 1790 2263 1823 ι
2301 1769 2395 1841 qui
2424 1767 2594 1822 multa
2629 1765 2892 1820 vocabula
2927 1762 3324 1829 καταγέλαστα,
3348 1761 3504 1830 plane
3534 1760 3682 1814 ridi-

2103 1865 2226 1921 cula
2256 1859 2604 1932 excogitavit.
2628 1858 2699 1912 At
2723 1857 2927 1928 optime
2955 1855 3013 1911 S.
3052 1855 3253 1910 Paulus
3277 1869 3408 1909 voce
3441 1853 3681 1924 ὀναίμην

2104 1955 2380 2020 utebatur,
2409 1952 2611 2022 optime
2660 1950 2939 2019 vulgatum
2989 1955 3044 2002 et
3093 1946 3298 2002 Graecis
3343 1944 3678 2000 familiarem

2103 2059 2414 2104 sermonem
2439 2039 2688 2111 religioni
2705 2038 3031 2094 Christiana:
3052 2036 3452 2106 attemperavit,
3469 2035 3681 2104 optimc

2103 2139 2344 2196 ostendit
2393 2136 2671 2209 quomodo
2728 2133 2837 2189 illis
2890 2132 2984 2202 qui
3043 2132 3204 2186 nobis
3244 2129 3480 2183 maxime
3518 2127 3682 2183 chari

2103 2241 2250 2296 sunt,
2295 2230 2401 2286 frui
2428 2238 2694 2300 oporteat,
2729 2243 2923 2298 nempe
2954 2228 3008 2281 iu
3035 2223 3287 2287 Domino,
3313 2224 3398 2274 vel
3428 2230 3487 2275 ut
3515 2219 3684 2290 lgna-

2101 2327 2212 2382 tius
2248 2333 2454 2388 noster,
2486 2341 2508 2376 ι
2540 2322 2595 2377 in
2631 2322 2764 2377 Deo.
2805 2339 2824 2372 ι
2858 2318 3044 2390 Neque
3075 2316 3240 2388 igitur
3261 2316 3350 2370 hic
3378 2312 3436 2368 S.
3471 2311 3684 2367 Paulus

2102 2434 2203 2490 pro
2235 2417 2514 2483 Sallustio,
2549 2431 2652 2471 nec
2677 2415 3029 2485 epistolarum
3059 2411 3294 2480 scriptor
3323 2423 3425 2479 pro
3460 2407 3682 2479 Arrun-

2103 2511 2180 2565 tio
2203 2509 2392 2564 haberi
2420 2509 2627 2564 debuit.
2647 2506 2922 2571 Secundo,
2945 2504 2991 2560 si
3022 2505 3254 2574 scriptor
3284 2501 3425 2556 male
3446 2498 3507 2554 S.
3531 2498 3685 2553 Pau.

2101 2603 2218 2658 lum
2252 2601 2496 2657 imitatus
2521 2599 2734 2665 fuisset,
2764 2599 2917 2654 nullo
2947 2596 3108 2651 modo
3139 2595 3386 2664 sequitur
3412 2607 3538 2646 eum
3568 2606 3684 2644 non

2105 2694 2275 2749 fuisse
2307 2694 2485 2748 virum
2517 2702 2573 2747 et
2601 2694 2774 2762 pium,
2807 2700 2862 2745 et
2888 2703 3128 2760 gravem,
3157 2695 3213 2742 et
3241 2685 3466 2741 omnino
3512 2683 3680 2764 talem

2104 2787 2320 2858 qualem
2356 2785 2413 2842 S.
2439 2784 2704 2856 lgnatium
2733 2782 2906 2838 fuisse
2928 2795 3122 2836 omnes
3144 2779 3394 2835 credunt.
3417 2776 3510 2832 Sic
3526 2776 3682 2831 enim

2115 2879 2324 2935 Seneca
2369 2878 2438 2934 de
2477 2892 2580 2933 suo
2622 2876 2886 2931 Arruntio
2923 2893 2936 2929 :
2980 2891 3001 2926 ι
3034 2870 3162 2928 Haec
3211 2872 3378 2942 igitur
3400 2880 3455 2927 et
3477 2871 3684 2940 hujusc-

2108 2969 2256 3025 modi
2282 2969 2435 3034 vitia,
2470 2982 2594 3038 quae
2623 2963 2789 3020 alicui
2818 2961 3098 3033 impressit
3130 2960 3385 3021 imitatio.
3411 2975 3523 3014 non
3550 2966 3686 3013 sunt

423 3047 733 3127 Attico-rum
767 3047 1010 3127 imitator
1049 3073 1211 3142 epist.
1241 3073 1310 3128 44
1343 3091 1358 3128 :
1390 3071 1546 3126 Οὕτω
1569 3072 1668 3144 τῆς
1692 3073 1843 3145 ίερᾶς
1867 3068 2008 3140 φιλο-

2110 3059 2309 3115 indicia
2349 3057 2600 3120 luxuriae,
2633 3071 2735 3111 nec
2778 3053 2949 3110 animi
2981 3050 3241 3121 corrupti.
3274 3048 3500 3118 Propria
3529 3047 3682 3102 enim

425 3163 616 3234 σοφίας
640 3164 894 3236 ὀναίμην,
926 3163 1019 3217 καὶ
1044 3163 1273 3235 προσέτι
1297 3162 1405 3217 τῶν
1442 3162 1666 3218 παιδίων
1700 3163 1807 3215 τῶν
1835 3163 2006 3231 ὲμαυ-

423 3256 539 3320 τοῦ,
568 3256 644 3319 ὼς
687 3256 786 3308 οὐκ
813 3255 878 3309 ἂν
921 3254 996 3328 μὴ
1038 3254 1277 3327 φιλτάτῳ
1298 3255 1381 3308 σοὶ
1409 3254 1726 3325 τυγχάνοντι
1753 3253 2008 3307 συνεϐού-

423 3349 592 3404 λευσά
627 3368 679 3403 τι
721 3347 981 3414 τοιοῦτον,
1011 3350 1106 3418 ὅγε
1134 3349 1447 3420 ἀπεύχομαι
1488 3350 1601 3412 τοῖς
1647 3347 1862 3418 ἐχθροῖς
1897 3349 2008 3410 τοῖς

426 3445 602 3514 ἐμοῖς.
657 3461 676 3494 ι
733 3444 812 3497 lta
861 3457 1018 3498 sacra
1078 3441 1457 3512 philosophia,
1519 3439 1818 3510 liberisque
1869 3439 2009 3494 meis

427 3537 655 3606 insuper
700 3535 876 3603 fruar,
910 3544 972 3590 ut
1011 3534 1109 3590 tibi
1153 3549 1287 3598 non,
1322 3533 1429 3590 nisi
1463 3533 1838 3588 amicissimus
1865 3531 2002 3586 mihi

425 3645 600 3696 esses,
631 3629 842 3699 aliquid
898 3628 1170 3699 ejusmodi
1219 3625 1420 3683 fuerim
1468 3625 1841 3691 consulturus,
1863 3622 2011 3694 quod

428 3720 672 3776 inimicis
728 3719 868 3775 meis
937 3720 1220 3788 deprecor.
1277 3735 1297 3770 ι
1359 3715 1437 3770 De
1489 3715 1676 3770 liberis
1739 3714 2011 3784 praecipue

430 3812 706 3881 rebusque
757 3811 1104 3867 charissimis
1151 3817 1271 3863 aut-
1293 3807 1545 3878 personis
1576 3808 1718 3862 hanc
1753 3805 2010 3876 loquendi

433 3901 725 3956 formulam
774 3903 1116 3972 usurpabant
1153 3912 1365 3955 veteres
1394 3899 1590 3966 Graeci,
1617 3906 1678 3953 ut
1707 3905 1925 3954 constat
1943 3911 2010 3951 ex

433 3990 710 4062 Euripide,
729 3993 1115 4062 Aristophane,
1141 3991 1395 4064 Synesio,
1415 4004 1629 4045 necnon
1657 4003 1725 4044 ex
1743 3987 2008 4056 Luciano,

431 4085 527 4154 qui
564 4084 619 4139 in
662 4085 1017 4153 Φιλοψευδεῖ
1045 4086 1160 4142 haec
1193 4085 1384 4140 habet:
1411 4081 1520 4137 Καὶ
1544 4085 1572 4137 ὀ
1592 4081 1878 4153 Εὐκράτης
1904 4078 2011 4132 ὥσ-

436 4194 541 4248 περ
572 4175 938 4249 ἀναμνησθεὶς
990 4176 1127 4251 πρὸς
1172 4177 1268 4249 τὴν
1313 4175 1435 4247 ὄψιν
1461 4174 1569 4228 τῶν
1608 4173 1792 4236 υἱέων,
1823 4171 2011 4233 Οὕτως

430 4267 684 4338 ὀναίμην,
713 4266 838 4340 ἔφη,
861 4269 1084 4334 τούτων,
1112 4267 1383 4323 ἐπιϐαλὼν
1411 4266 1592 4330 αὐτοῖς
1615 4265 1711 4336 τὴν
1737 4267 1910 4338 χεῖρα,
1935 4263 2010 4326 ὡς

432 4359 630 4432 ἀληθῆ,
681 4353 725 4412 ὧ
769 4360 1026 4433 Τυχιάδη,
1082 4359 1218 4432 πρὸς
1275 4358 1339 4413 σὲ
1389 4357 1520 4430 ἐρῶ.
1555 4377 1574 4410 ι
1616 4356 1684 4411 Ει
1723 4356 2005 4421 Eucrates,

2109 3168 2231 3208 esse
2259 3151 2457 3208 debent
2483 3159 2536 3205 et
2571 3165 2639 3204 ex
2676 3149 2793 3218 ipso
2831 3154 2982 3212 nata,
3019 3160 3085 3199 ex
3123 3142 3323 3214 quibus
3357 3150 3415 3196 tu
3441 3141 3688 3196 aestimes

2109 3242 2340 3314 alicujus
2396 3239 2642 3296 affectus.
2707 3256 2727 3290 ο
2784 3234 2942 3291 Cavit
2990 3233 3134 3288 enim
3175 3229 3405 3286 sollicite
3446 3243 3516 3283 ne
3559 3228 3687 3297 quis

2110 3339 2251 3394 male
2278 3338 2346 3393 de
2373 3334 2672 3390 virtutibus
2700 3336 2795 3385 aut
2825 3327 3072 3383 moribus
3105 3323 3348 3379 Arruntii
3377 3321 3688 3393 judicaret;

2109 3445 2272 3502 quem
2331 3428 2450 3498 ipse
2501 3423 2733 3494 appellat
2775 3421 2952 3474 virum
3010 3433 3147 3473 rarae
3193 3414 3548 3486 frugalitatis,
3592 3413 3691 3484 qui

2110 3538 2276 3578 verus
2302 3529 2495 3576 auctor
2521 3516 2782 3574 Historia:
2823 3515 2888 3567 de
2917 3511 3049 3566 bello
3080 3509 3286 3563 Punico
3325 3507 3451 3574 fuit,
3481 3522 3549 3561 ex
3577 3522 3691 3576 qua

2113 3631 2173 3671 se
2227 3611 2526 3684 profecisse
2578 3608 2779 3663 fatetur
2831 3604 3062 3669 Plinius,
3097 3617 3262 3672 quem
3313 3609 3375 3654 ut
3417 3599 3692 3668 optimum

2112 3715 2387 3764 oratorem
2449 3702 2578 3758 Piso
2627 3701 2681 3755 in
2735 3699 2978 3770 periculo
3025 3697 3204 3766 petiit,
3243 3708 3406 3764 quem
3459 3690 3693 3746 Tacitus

2111 3807 2239 3852 ante
2292 3795 2542 3851 Asinium
2599 3791 2838 3858 Gallum,
2868 3798 2924 3844 et
2981 3786 3298 3840 Marcellum
3353 3783 3694 3838 Aserninum

2113 3887 2436 3953 nominavit,
2469 3899 2631 3954 quem
2663 3883 2942 3952 Augustus
2972 3879 3038 3933 de
3075 3890 3395 3932 successore
3421 3873 3695 3928 sollicitus

2113 3997 2223 4036 non
2265 3978 2547 4048 indignum
2578 3973 2808 4044 imperio
2835 3968 3131 4041 judicavit;
3164 3967 3260 4038 qui
3283 3967 3369 4020 vir
3402 3965 3528 4021 talis
3551 3967 3699 4020 inter

2114 4071 2416 4134 Romanos,
2458 4071 2578 4138 gnon
2628 4064 2807 4136 qualis
2879 4064 3144 4132 impostor
3199 4059 3538 4122 Dallaaanus,
3596 4057 3696 4112 sed

2113 4164 2295 4236 potius
2317 4161 2496 4231 qualis
2523 4168 2746 4215 sanctus
2774 4155 3013 4225 lgnatius
3038 4152 3182 4223 apud
3205 4161 3445 4216 nostros,
3468 4139 3696 4205 habitus

2113 4263 2213 4309 est.
2247 4251 2453 4314 Tertio,
2489 4249 2583 4320 qui
2630 4249 2704 4302 ita
2749 4247 2832 4301 vel
2867 4242 3311 4308 Sallustium,vel
3362 4241 3697 4295 Arruntium

2114 4358 2301 4418 postea
2327 4346 2570 4400 imitatus
2609 4343 2701 4409 sit,
2730 4341 3002 4394 neminem
3044 4337 3294 4392 novimus
3323 4353 3336 4389 :
3365 4335 3698 4403 scriptorem

434 4453 594 4525 quasi
657 4468 724 4507 ex
779 4463 1081 4524 conspectu
1133 4452 1370 4507 filiorum
1425 4451 1542 4504 haec
1588 4449 1643 4504 in
1691 4446 2009 4502 memoriam

2118 4447 2298 4492 autem
2348 4443 2597 4489 nostrum
2655 4442 2918 4501 tanquam
2967 4429 3234 4498 optimum
3276 4425 3440 4480 etiam
3485 4424 3540 4477 in
3593 4424 3702 4478 hac

436 4516 747 4599 revocasset
779 4563 793 4598 :
826 4516 1108 4610 ltafruar,
1133 4542 1432 4613 inquiebat,
1455 4539 1629 4607 hisce,
1651 4538 1760 4593 illis
1789 4516 2234 4599 manum'UJpsa
2285 4543 2348 4583 re
2397 4525 2594 4580 imitati
2631 4532 2761 4578 sunt
2790 4521 2891 4576 viri
2934 4516 3699 4613 m_aximi._Alexander,—epi-

447 4632 729 4704 injiciens,
771 4641 830 4686 ut
862 4647 993 4687 vera
1019 4632 1138 4699 tibi,
1185 4646 1218 4685 ο
1264 4629 1566 4702 Tychiada,
1596 4627 1810 4698 loquor.
1848 4645 1867 4678 ι
1902 4623 2014 4680 Re-

435 4724 751 4796 ceptissima
789 4723 896 4779 hac
924 4722 1185 4792 loquendi
1217 4719 1452 4777 formula
1476 4734 1612 4776 usus
1633 4726 1717 4773 est
1739 4717 1796 4771 S.
1811 4716 2014 4771 Paulus

439 4818 508 4872 ad
541 4815 937 4880 Philemonem,
966 4831 1198 4886 eamque
1251 4813 1412 4884 quasi
1456 4811 1872 4869 Christianitate
1911 4809 2013 4863 do-

438 4907 622 4960 navit:
653 4905 793 4976 Ἑγώ
822 4923 916 4960 σου
957 4905 1195 4977 ὀναίμην
1233 4907 1291 4958 ὲν
1327 4903 1540 4976 Κυρίῳ.
1579 4921 1598 4954 ι
1637 4901 1750 4972 Ego
1776 4910 1828 4955 te
1863 4898 2016 4954 fruar

439 4996 495 5050 in
533 4993 787 5050 Domino.
827 5015 846 5048 ι
877 4994 936 5050 In
965 5011 1074 5067 qua
1103 4996 1383 5052 locutione
1413 5013 1431 5046 ι
1465 4993 1612 5048 aliud
1647 4992 1823 5047 multo
1857 4990 2016 5045 intel-

439 5087 626 5154 ligitur
669 5103 834 5158 quam
877 5096 1119 5157 putatur,
1157 5105 1177 5140 ι
1219 5096 1278 5142 ut
1327 5085 1584 5141 observat
1624 5081 2012 5154 Hieronymus.

442 5180 517 5234 Ea
548 5179 714 5249 igitur
749 5194 884 5235 usus
914 5190 997 5234 est
1025 5179 1267 5250 lgnatius
1293 5186 1354 5233 ut
1395 5176 1530 5232 satis
1552 5173 1832 5238 familiari,
1856 5183 2019 5243 atque

443 5272 668 5340 insuper
689 5287 719 5325 a
748 5271 808 5325 S.
835 5269 1006 5325 Paulo
1029 5280 1312 5341 usurpata.
1341 5267 1448 5322 Sed
1475 5279 1646 5337 quare
1675 5266 1835 5320 toties
1857 5278 2018 5318 usur-

441 5361 611 5430 pavit,
641 5377 764 5418 cum
799 5359 858 5416 S.
895 5359 1098 5417 Paulus
1131 5359 1299 5416 semel
1342 5355 1598 5413 tantum?
1635 5353 1816 5410 Semel
1847 5353 2018 5408 utitur

446 5450 590 5504 idem
612 5453 892 5522 apostolus
920 5468 1052 5508 voce
1080 5448 1431 5520 ἀγαθοποιία,
1459 5446 1714 5502 Clemens
1735 5443 2018 5499 Romanus

423 5539 502 5618 in
554 5558 664 5597 una
717 5546 944 5614 epistola
993 5553 1224 5616 quater;
1260 5541 1430 5598 semel
1483 5537 1544 5595 S.
1585 5536 1784 5593 Petrus
1826 5551 2017 5591 vocem

452 5633 899 5709 μιταλοπρεπής,
944 5639 998 5692 in
1039 5638 1228 5693 eadem
1272 5633 1501 5706 epistola
1536 5630 1794 5687 Clemens
1841 5629 2019 5684 sexies

454 5729 761 5794 usurpavit;
796 5730 956 5785 toties
1024 5729 1250 5794 scilicet,
1293 5733 1510 5798 quoties
1539 5723 1784 5793 lgnatius
1826 5728 2012 5776 noster

2116 4634 2316 4686 scopus
2335 4613 2756 4678 Alexandrinus,
2799 4609 3029 4680 epistola
3054 4609 3120 4663 ad
3146 4607 3518 4661 Alexandrum
3549 4605 3702 4660 Con.

2115 4707 2658 4778 stantinopolitanum
2693 4723 2708 4760 :
2741 4703 3002 4776 Ὀναίμην
3035 4699 3189 4772 ὑμῶν
3219 4700 3316 4771 τῆς
3346 4698 3701 4770 φιλοχρίστου

2114 4802 2313 4873 ψυχῆς.
2357 4799 2416 4854 S.
2465 4798 2891 4870 Chrysostomus
2950 4796 3004 4850 in
3057 4793 3316 4849 Oratione
3367 4794 3701 4862 panegyrica

2117 4895 2235 4949 haec
2262 4891 2455 4963 lgnatii
2501 4891 2666 4945 verba
2698 4889 2936 4943 maxime
2983 4896 3242 4956 tanquam
3273 4885 3540 4956 praeclara
3575 4886 3700 4940 lau-

2116 4990 2238 5044 dat:
2283 4985 2422 5055 Ἐγὼ
2443 4985 2550 5038 τῶν
2583 4983 2786 5057 θηρίων
2809 4981 3030 5035 ἐκείνων
3061 4979 3314 5050 ὀναίμην,
3341 4985 3398 5032 et
3428 4993 3555 5032 cum
3581 4978 3703 5048 ipse

2118 5079 2343 5134 minime
2396 5075 2558 5130 fuerit
2610 5070 2930 5142 κακόζηλος,
2966 5085 3028 5125 ea
3085 5068 3287 5123 imitari
3327 5079 3562 5122 conatus
3591 5076 3699 5131 est,

2117 5169 2298 5224 verbis
2331 5182 2452 5237 qua!
2505 5165 2667 5236 paulo
2721 5171 2848 5216 ante
2891 5160 3240 5232 protulimus,
3282 5155 3426 5223 Ἐγὼ
3458 5156 3566 5209 τῶν
3588 5156 3704 5210 δεσ-

2120 5261 2236 5334 μῶν
2264 5259 2495 5331 ὀναίμην
2536 5256 2776 5311 ἐκείνων.

2190 5349 2262 5405 Ut
2299 5349 2445 5404 aliud
2487 5344 2814 5419 κακοζηλίας
2855 5341 3165 5412 exemplum
3198 5338 3486 5403 extundat,
3526 5339 3699 5392 multa

2119 5441 2574 5498 comminiscitur.
2642 5455 2662 5490 ι
2699 5436 2920 5490 Dixerat
2989 5433 3288 5504 Apostolus
3340 5429 3694 5484 Timotheum

2120 5552 2281 5593 suum
2332 5550 2391 5591 se
2442 5533 2644 5588 habere
2698 5529 2949 5599 ἰσόψυχον
3012 5523 3414 5594 unanimem.{n
3461 5521 3544 5577 Ne
3594 5523 3700 5577 hoc

2120 5629 2339 5700 quidem
2380 5640 2566 5682 verum
2596 5632 2699 5680 est.
2731 5621 2955 5685 Οὐδένα,
2990 5619 3166 5688 inquit
3209 5615 3267 5672 S.
3318 5615 3549 5678 Paulus,
3593 5613 3703 5684 εχω

2127 5717 2398 5788 ἰσόψυχον.
2445 5717 2526 5770 An
2579 5721 2757 5769 autem
2792 5710 2887 5782 qui
2937 5709 3208 5765 neminem
3262 5721 3322 5764 se
3369 5705 3574 5761 habere
3603 5703 3705 5758 ἰσό-
