3852 6206
158 300 240 355 457
930 283 1296 346 PEARSONII
1329 282 1656 339 VlNDlCIZE
1693 279 2111 339 lGNATlANE.
2148 310 2215 319 —-
2246 278 2428 335 PARS
2466 280 2532 335 ll.

3254 283 3356 338 433

157 417 297 486 ψυχον
322 412 467 475 dixit.
494 411 690 466 habere
716 423 778 465 se
802 407 1150 464 Timotheum
1178 403 1438 475 ἰσόψυχον
1464 402 1673 459 dixisse

1788 400 1853 465 ὥς
1873 401 1902 454 ὁ
1916 399 2119 471 Κύριος
2142 399 2232 452 τὸν
2253 398 2395 471 ὑπὲρ
2409 397 2565 470 ἡμῶν
2586 416 2598 428 ·
2627 399 2766 470 ὑπὲρ
2784 400 2878 453 σοῦ
2902 399 2999 471 τὴν
3019 398 3195 472 ψυχὴν
3215 400 3360 455 ἀντι-

159 504 391 576 putandus
426 503 543 557 est?
582 500 685 556 Sed
723 499 840 555 sive
875 498 1128 553 habuerit
1165 494 1223 550 S.
1262 494 1467 549 Paulus
1498 491 1683 561 ἰσόψυ-

159 614 250 669 χον,
264 596 365 651 sive
389 608 491 648 non
521 592 789 657 habuerit,
812 590 942 661 quid
973 591 1077 645 hoc
1094 590 1162 645 ad
1185 587 1452 659 lgnatium
1475 584 1681 654 episto-

160 685 325 742 lieum?
353 682 545 754 Nempe
565 683 674 748 ille,
703 700 722 733 ι
746 679 1163 751 compositionis
1186 676 1363 733 forma
1381 684 1594 746 captus,
1616 673 1687 728 ad

161 777 274 831 idem
297 775 585 844 exemplum
615 773 873 828 formavit
899 770 1210 842 ἀντίψυχος,
1241 778 1297 825 et
1314 766 1624 837 ἀντίψυχον.
1659 784 1679 817 ι

158 870 225 925 An
248 884 359 923 vero
379 867 464 921 ille
480 881 599 921 eam
623 880 812 920 vocem
836 862 1114 926 formavit,
1147 876 1270 932 qua:
1298 858 1685 929 antiquissima

160 965 268 1019 fuit?
291 963 366 1017 An
391 963 454 1018 ad
477 962 617 1017 idem
643 960 954 1030 exemplum
981 958 1212 1012 formata
1246 970 1372 1019 vox,
1396 968 1518 1024 quae
1544 966 1684 1022 prae-

158 1057 440 1127 positionem
499 1056 620 1109 loco
671 1052 912 1107 nominis
964 1048 1158 1104 habet?
1203 1047 1287 1101 An
1339 1045 1474 1101 illud
1531 1042 1687 1099 Pauli

160 1149 371 1218 ἰσίψυχος
415 1146 732 1217 simpliciter
778 1144 1067 1199 aemulatus
1098 1151 1181 1196 est
1201 1181 1217 1207 ,
1250 1155 1375 1194 cum
1410 1152 1518 1192 vox
1545 1134 1686 1191 ἀντί-

156 1243 292 1311 ψυχος
334 1240 545 1295 alterius
595 1239 758 1308 plane
814 1234 1233 1307 signiﬁcationis
1269 1232 1375 1287 sit?
1417 1229 1489 1285 Ut
1538 1229 1683 1285 idem

158 1334 236 1388 bas
274 1334 398 1387 duas
447 1346 610 1386 voces
670 1329 981 1400 signiﬁcare
1032 1325 1307 1392 ostendat,
1371 1321 1487 1377 vult
1537 1319 1684 1390 apud
1728 1337 1734 1343 ·

163 1424 209 1479 S.
244 1422 472 1489 Paulum,
513 1421 768 1491 ἰσόψυχον
816 1435 938 1475 esse
986 1418 1322 1483 unanimem,
1352 1424 1405 1469 et
1430 1414 1687 1469 observat

154 1525 349 1569 veterem
389 1515 739 1583 interpretem
784 1511 979 1582 lgnatii
1018 1511 1091 1565 ita
1120 1508 1347 1565 reddere
1368 1505 1683 1575 ἁντίψυχον.

155 1604 412 1675 Utrumque
435 1604 662 1659 frustra.
681 1603 868 1673 Neque
894 1603 1038 1658 enim
1059 1601 1314 1673 ίσόψυχος
1339 1598 1483 1670 apud
1507 1599 1683 1665 illum,

155 1715 295 1768 neque
328 1698 617 1770 ἀντίψυχος
653 1698 798 1769 apud
847 1698 995 1752 hunc
1049 1695 1361 1751 unanimem
1390 1693 1680 1765 signilicat.

158 1787 288 1843 Vetus
329 1787 381 1842 S.
428 1787 580 1844 Pauli
618 1790 923 1858 interpres,
968 1805 988 1838 ι
1026 1795 1134 1841 tam
1165 1786 1480 1840 unanimem
1508 1794 1689 1839 trans—
1717 1770 1762 1826 Β

153 1881 262 1947 tulit,
297 1881 430 1951 quod
471 1882 621 1936 aliud
662 1890 768 1944 est,
801 1889 855 1935 et
880 1879 1019 1934 Beza
1057 1879 1230 1933 multo
1258 1877 1473 1941 melius,
1511 1894 1529 1927 ι
1566 1875 1686 1945 pari

1785 490 1941 544 δώσω
1965 490 2060 562 τὴν
2085 491 2244 561 ἐμήν.
2283 509 2302 541 ι
2337 489 2510 545 Tuam
2541 500 2771 547 mortem
2794 492 3024 547 libenter
3051 494 3358 559 sustinebo,

1789 594 1850 641 ut
1878 583 2143 639 Dominus
2174 599 2273 654 pro
2304 582 2464 639 nobis
2495 593 2729 641 mortem
2775 586 3073 641 sustinuit:
3117 588 3357 641 animam

1788 688 1965 728 meam
2015 687 2114 743 pro
2163 681 2216 727 te
2262 671 2523 727 vicariam
2576 673 2738 729 dabo.
2788 693 2807 726 ι
2856 674 3012 731 Certe
3039 676 3361 733 ἀντιδιδόναι

1786 766 1883 839 τὴν
1927 766 2103 838 ψυχήν
2150 766 2293 821 idem
2340 774 2427 823 est
2447 782 2511 822 ac
2550 767 2839 840 ἀντίψυχον
2888 766 3046 825 εἶναι.
3073 769 3231 837 Quod
3279 782 3364 825 est

1788 858 2039 932 Lycurgo
2080 859 2288 915 rhetori
2321 858 2454 913 ίδίαν
2498 859 2674 932 ψυχὴν
2713 862 2834 916 ἀντὶ
2872 864 3056 935 κοινῆς
3091 863 3363 937 σωτηρίας

1789 950 2400 1006 ἀντικαταλλάσσεσθαι.
2447 950 2618 1018 Quale
2684 954 2976 1025 ἀντίψυχον
3038 956 3364 1012 describitur

1786 1040 1958 1097 fuisse
1982 1040 2236 1106 Alcestis,
2274 1055 2413 1095 uxor
2441 1041 2676 1109 Admeti,
2707 1044 2851 1115 apud
2888 1044 3219 1117 Euripidem,
3243 1060 3366 1115 quae

1787 1131 1891 1187 viri
1912 1132 2033 1188 loco
2060 1141 2291 1187 mortem
2315 1132 2501 1188 subiit.
2519 1133 2673 1201 Quod
2703 1136 2920 1193 duobus
2945 1137 3124 1193 modis
3147 1153 3178 1193 ιι
3203 1148 3362 1207 pocla

1787 1222 2129 1293 exprimitur.

1858 1337 1995 1394 Nam
2022 1338 2204 1408 primo
2229 1340 2304 1396 ita
2329 1342 2558 1398 Alcestis
2587 1341 2786 1397 affatur
2813 1342 3099 1399 Admetum
3126 1364 3143 1401 :

1906 1450 2159 1532 :Eq'drae
2192 1455 2629 1532 πρεσϐεύουσα,
2662 1455 2980 1532 ίιάντίμτῆς
3006 1456 3154 1532 ἐμῇς

1894 1521 2577 1659 ἕᾷἓῗιῇὶωκαταστήσασα
2604 1524 2730 1594 φῶς
2758 1525 2876 1579 τόδ’
2903 1521 3172 1595 acapna},

1896 1702 2010 1774 Ego
2041 1713 2090 1759 te
2118 1704 2313 1758 honore
2344 1707 2592 1774 aﬂiciens,
2615 1717 2664 1760 ει
2686 1706 2800 1762 loco
2825 1724 2951 1763 mea

1894 1770 2039 1898 Eine
2069 1784 2118 1829 te
2145 1770 2528 1845 efﬁciens—luce
2561 1779 2660 1832 hac
2688 1778 2833 1847 frui,

1956 1861 2125 1899 ortor.

1857 1952 1993 2011 Dein
2022 1955 2287 2013 Admetus
2318 1958 2390 2014 ita
2415 1959 2655 2015 Alcestin
2688 1960 3019 2031 alloquitur:

151 1973 300 2027 animo
325 1973 589 2039 aﬂ‘ectum,
634 1990 653 2023 ι
687 1974 782 2042 qui
817 1991 835 2023 ι
878 1978 1035 2041 putat
1064 1971 1203 2025 alios
1233 1985 1357 2025 cum
1398 1968 1687 2024 Timotheo

150 2069 427 2138 comparari,
449 2087 469 2120 ι
497 2067 650 2138 quod
693 2066 967 2120 immerito
988 2063 1207 2135 sugillat
1236 2061 1515 2118 Heinsius.
1561 2061 1688 2119 Sive

156 2163 269 2215 enim
304 2160 604 2225 Timotheo,
632 2160 749 2216 sive
771 2158 877 2214 sibi
905 2158 1157 2229 ἰσόψυχον
1188 2156 1316 2212 velit
1358 2155 1417 2210 S.
1461 2155 1686 2223 Paulus,

1904 2155 2115 2210 'rvxnc
2149 2155 2407 2209 εσωσας.
2758 2156 2761 2159 ‘
2832 2214 2833 2217 η

150 2256 236 2308 sive
260 2255 465 2325 utrique
494 2255 577 2324 (ut
610 2253 892 2323 accepisse
923 2251 1144 2306 videtur
1166 2249 1422 2304 Clemens
1443 2248 1684 2302 Alexan-
1792 2252 1871 2331 [τι
1908 2270 2026 2308 vero
2055 2255 2194 2331 dans
2233 2271 2295 2310 ea
2327 2271 2449 2327 quae
2480 2257 2716 2314 habuisti
2758 2257 3074 2313 charissima
3105 2276 3205 2331 pro
3248 2278 3368 2320 mea

150 2345 321 2413 drinus,
372 2320 597 2410 Suom”
633 2320 840 2401 lib.—IV
895 2364 909 2399 :
965 2343 1197 2415 Ὁμοίως
1243 2342 1336 2395 καὶ
1375 2341 1502 2413 περὶ
1529 2341 1686 2411 Τιμο-

1804 2320 1942 2391 Vita,
1973 2328 2194 2380 servasti
2218 2342 2325 2382 me.

148 2438 242 2490 οὲου
283 2440 370 2492 καὶ
410 2438 607 2493 ἑαυτοῦ
655 2439 916 2510 γράφων·
959 2434 1191 2490 οὐδένα
1220 2433 1332 2503 γὰρ
1354 2433 1493 2503 ἔχω,
1528 2432 1685 2504 φησὶ,

1861 2435 2108 2510 Utroque
2162 2452 2347 2495 autem
2396 2440 2562 2495 modo
2594 2439 2887 2512 ἀντίψυχον
2934 2452 3121 2512 aperte
3161 2445 3369 2501 descri-

150 2534 423 2601 ἰσόψυχον,
463 2550 484 2583 ι
536 2531 805 2586 Similiter
852 2537 908 2583 et
953 2529 1022 2584 de
1062 2527 1353 2583 Timotheo
1401 2536 1455 2582 et
1505 2525 1687 2596 seipso
1789 2530 1957 2585 bitur.
1988 2531 2065 2586 De
2098 2531 2316 2587 Christo
2342 2532 2460 2602 ipso
2486 2530 2545 2587 S.
2586 2532 2920 2588 Athanasius
2949 2535 3045 2590 lib.
3078 2535 3152 2591 De
3186 2537 3371 2592 Incar-

148 2626 370 2690 scribens,
395 2622 674 2677 Neminem
700 2620 885 2687 habeo,
911 2619 1108 2691 inquit,
1130 2617 1481 2689 ἐσόψυχον),
1509 2617 1685 2671 virum

149 2716 357 2770 similiter
396 2731 521 2786 erga
570 2715 958 2784 Philippenses
1005 2712 1284 2780 aﬂ‘ectum,
1312 2719 1367 2766 et
1406 2709 1525 2781 pari
1554 2723 1687 2764 cura

147 2824 296 2864 eorum
329 2819 526 2866 statum
559 2818 987 2880 prosequentem
1013 2807 1289 2879 intelligit,
1317 2814 1380 2861 ut
1400 2802 1686 2875 sequentia

2010 2069 2076 2150 ὃς.
2097 2070 2427 2150 ἀφετιδοῦσα
2452 2071 2564 2141 τῆς
2594 2073 2742 2144 ἐμῆς
2767 2077 2839 2129 τὰ
2869 2077 3124 2145 φίλτατα

1901 2140 2115 2210 Ψυχῆς
2149 2140 2407 2209 ἔσωσας.
2516 2140 2521 2141 ί
2622 2140 2634 2143 ’

1788 2713 2014 2778 εἰκότως
2062 2713 2154 2767 τὸν
2207 2714 2399 2770 ἑαυτοῦ
2434 2715 2560 2769 ναὸν
2602 2717 2696 2769 καὶ
2733 2717 2794 2769 τὸ
2843 2721 3152 2789 σωματικὸν
3203 2722 3370 2794 ὄργα-

1789 2818 1878 2855 νον
1904 2801 2194 2873 προσάγων
2234 2803 2525 2876 ἀντίψυχον
2562 2805 2702 2876 ὑπὲρ
2732 2806 2980 2872 πάντων,
3029 2811 3268 2883 ἐπλήρου
3308 2815 3369 2869 τὸ

148 2900 494 2957 demonstrant.
541 2901 714 2957 Recte
758 2902 1001 2971 optimus
1044 2900 1319 2969 interpres.
1355 2897 1686 2968 Cbrysosto-

1788 2892 2138 2965 ὀφειλόμενον
2171 2895 2229 2948 ὲν
2245 2893 2324 2965 τῷ
2348 2894 2585 2967 Θανάτῳ.
2611 2914 2628 2946 ι
2649 2897 2786 2951 Cum
2809 2908 2957 2954 esset
2984 2915 3150 2971 super
3177 2918 3368 2960 omnes

148 3009 242 3049 mus
272 3014 284 3048 :
310 2995 506 3049 Οὐδένα
538 2994 653 3067 γὰρ
680 2994 789 3065 ἔχω
826 2993 1103 3063 ἰσόψυχον,
1134 2990 1377 3045 τουτέστι
1405 2987 1513 3042 τῶν
1544 2985 1686 3061 ὁμοί-

1794 2982 2028 3042 Verbum
2057 2985 2181 3055 Dei,
2219 2988 2344 3057 jure
2371 3004 2532 3044 suum
2562 2991 2820 3060 templum
2860 3001 2916 3047 et
2960 2998 3248 3064 corporale
3284 3000 3372 3053 in—

148 3104 203 3150 ως
249 3105 327 3159 μοι
380 3088 793 3162 μεριμνώντων,
819 3096 873 3141 et
897 3101 1092 3141 rursus
1125 3104 1139 3140 :
1180 3083 1325 3138 Ἀντὶ
1358 3080 1452 3137 τοῦ
1484 3081 1686 3181 ὁμοίως

1790 3085 2157 3135 strumentum
2174 3082 2372 3137 sistens
2399 3081 2690 3153 ὰντίψυχον
2706 3098 2806 3153 pro
2833 3086 3110 3152 omnibus,
3137 3089 3371 3159 explevit

149 3176 240 3247 ιμηι
262 3179 543 3251 κηδόμενον
596 3178 752 3250 ὑμῶν
800 3177 893 3231 καὶ
939 3175 1309 3248 φροντίζοντα.
1340 3173 1493 3230 Licet
1520 3172 1686 3244 igitur

1788 3171 2030 3227 debitum
2060 3173 2117 3228 in
2145 3183 2338 3229 morte.
2369 3193 2388 3225 ι
2421 3172 2577 3241 Quod
2619 3176 2741 3232 aliis
2793 3178 2973 3233 verbis
3022 3188 3147 3248 post
3185 3181 3364 3236 dixit:

150 3266 191 3322 S.
210 3266 391 3326 Paulus
435 3271 711 3341 psalmum
755 3286 844 3335 LV,
876 3269 945 3324 14
977 3267 1283 3337 respexisse
1318 3273 1561 3336 putetur,
1591 3264 1686 3321 ubi

1802 3266 1949 3319 ’Δντὶ
1981 3267 2197 3322 πάντων
2240 3268 2334 3322 τὸν
2366 3264 2562 3322 ἑαυτοῦ
2595 3269 2721 3324 ναὸν
2755 3272 2835 3336 είς
2869 3270 3092 3327 θάνατον
3138 3275 3368 3346 παραδι-

149 3366 268 3414 vetus
302 3360 584 3430 interpres,
623 3359 878 3431 ἄνθρωπε
922 3357 1148 3429 ῐσόψυχε
1177 3357 1431 3422 reddidit,
1463 3374 1482 3409 ι
1519 3356 1686 3411 homo

1788 3359 1935 3425 δούς·
1972 3379 1992 3412 ι
2036 3376 2136 3431 pro
2166 3361 2425 3417 omnibus
2454 3363 2715 3433 templum
2758 3377 2920 3419 suum
2959 3366 3120 3421 morti
3155 3366 3312 3437 dans,
3342 3386 3364 3421 ι

150 3452 397 3518 unanimis,
441 3472 461 3505 ι
498 3468 666 3523 quem
716 3450 984 3506 Glossarii
1033 3460 1228 3507 auctor
1258 3458 1504 3505 secutus.
1533 3448 1686 3519 Apo-

1790 3459 1852 3505 ut
1878 3462 1932 3507 et
1960 3462 2084 3506 ante
2113 3468 2127 3504 :
2166 3452 2309 3506 Ἀντὶ
2342 3453 2559 3507 πάντων
2585 3455 2745 3508 αὐτὸν
2769 3454 2984 3528 Θανάτῳ
3019 3458 3364 3530 παραδιδούς.

151 3543 288 3599 stolus
327 3553 525 3611 tamen,
547 3545 647 3614 qui
688 3542 916 3599 Hebraea
950 3558 1060 3598 non
1105 3543 1290 3598 minus
1315 3556 1482 3612 quam
1499 3540 1686 3597 Graca

1790 3540 1937 3596 Idem
1970 3556 2164 3596 rursus
2191 3556 2315 3613 pag.
2358 3544 2463 3598 9i:
2498 3539 2665 3608 Οὗτός
2706 3545 2855 3600 ἐστιν
2888 3549 2921 3618 ή
2979 3549 3195 3603 πάντων
3231 3550 3365 3625 ζωὴ,

150 3637 284 3701 novit,
340 3653 461 3693 eum
522 3636 702 3693 Graeci
759 3636 1011 3691 vocabuli
1069 3651 1233 3691 usum
1269 3634 1542 3705 probavit,
1592 3632 1686 3704 qui

1789 3630 1886 3686 xui.
1906 3634 1936 3685 ὁ
1967 3632 2042 3696 ὡς
2068 3632 2338 3704 πρόϐατον
2374 3635 2514 3707 ὑπὲρ
2536 3636 2638 3706 τῆς
2672 3638 2889 3691 πάντων
2925 3641 3195 3712 σωτηρίας
3220 3644 3368 3697 ἀντί-

150 3722 335 3785 llebrzeo
378 3731 623 3786 maxime
650 3728 953 3785 conformis
1004 3726 1132 3795 fuit,
1158 3743 1235 3784 sc.
1277 3736 1446 3793 ’ππὲ
1487 3745 1506 3778 ι
1532 3726 1686 3796 juxta

1788 3723 1958 3795 ψυχον
1980 3725 2043 3777 τὸ
2075 3724 2269 3778 ἑαυτοῦ
2294 3724 2454 3798 σῶμα
2486 3729 2567 3790 είς
2610 3727 2842 3783 θάνατον
2889 3733 3183 3802 παραδούς.
3215 3752 3233 3786 ι
3269 3734 3369 3792 Hic

151 3826 507 3892 proportionem
576 3839 795 3891 meam,
860 3823 1163 3880 secundum
1222 3821 1688 3892 comparationem
1789 3824 1876 3870 est
1904 3815 2151 3871 omnium
2179 3816 2320 3883 vita,
2351 3818 2445 3887 qui
2484 3827 2546 3873 ut
2577 3819 2696 3874 ovis
2745 3835 2846 3890 pro
2891 3824 3138 3879 omnium
3191 3828 3368 3883 salute

151 3926 321 3983 meam,
362 3917 515 3987 juxta
577 3916 1006 3972 aestimationem
1072 3915 1202 3982 mei,
1256 3932 1277 3966 ι
1328 3914 1420 3970 cui
1479 3912 1686 3971 notioni

1789 3904 2083 3977 ἅντίψυχον
2108 3920 2310 3977 corpus
2348 3924 2510 3963 suum
2562 3910 2616 3965 in
2653 3920 2885 3967 mortem
2931 3916 3170 3972 tradidit.
3200 3938 3219 3969 ο
3252 3917 3368 3975 Hoc

151 4007 314 4074 optime
366 4008 662 4079 respondet
707 4008 797 4064 hic
847 4008 1099 4078 ἰσόψυχος
1137 4025 1158 4060 ι
1212 4007 1333 4078 pari
1392 4005 1577 4060 animo
1607 4004 1688 4059 vel
1792 3996 1959 4068 igitur
2012 4005 2095 4053 est
2139 3998 2288 4068 quod
2334 4001 2589 4056 Christus
2639 4002 2818 4071 dixit,
2865 4006 3108 4062 animam
3160 4026 3219 4065 se
3267 4028 3366 4081 pro

153 4094 310 4150 affectu
358 4100 641 4169 praeditus.
686 4117 705 4150 ι
762 4096 869 4153 Sed
918 4097 966 4153 si
1018 4096 1271 4169 ἰσόψυχος
1303 4111 1402 4166 pro
1440 4094 1686 4150 unanimi

1793 4090 1990 4145 ovibus
2018 4090 2363 4160 positurum;
2402 4093 2551 4149 dedit
2579 4104 2636 4150 ut
2663 4096 2997 4170 ἀντίλυτρον,
3030 4102 3103 4156 ita
3138 4113 3192 4159 et
3214 4106 3365 4159 ἀντί-

154 4199 375 4257 sumatnr,
402 4200 547 4247 certe
599 4191 743 4262 apud
789 4189 1058 4261 lgnatium
1108 4196 1358 4244 nostrum
1396 4187 1686 4258 ἀντίψυχωι

1788 4179 2102 4252 ψυχονᾘοε
2132 4193 2316 4238 autem
2339 4196 2399 4239 ut
2422 4187 2640 4257 proprie
2668 4199 2723 4244 et
2744 4191 3025 4261 signanter
3050 4196 3116 4249 de
3144 4195 3365 4253 Christo

155 4275 210 4329 ita
238 4282 359 4333 sumi
387 4296 492 4336 non
525 4282 713 4337 debet.
747 4279 1019 4350 Loquitur
1046 4280 1137 4334 ille
1159 4287 1423 4350 tanquam
1458 4286 1685 4348 martyr,
1789 4272 1999 4327 dictum
2034 4283 2140 4340 est,
2167 4274 2241 4329 ita
2273 4275 2440 4330 etiam
2466 4292 2569 4333 suo
2585 4279 2748 4334 modo
2770 4281 2837 4335 de
2857 4281 2980 4339 aliis
3005 4299 3069 4338 ac
3091 4288 3364 4357 praecipue

155 4379 194 4422 et
230 4370 373 4427 vitam
420 4390 479 4430 se
527 4388 729 4429 eorum
771 4374 894 4427 loco
937 4372 1245 4442 positurum
1274 4371 1428 4437 dicit,
1457 4367 1604 4424 unde
1635 4378 1691 4422 et
1792 4365 2386 4437 martyribususurpari
2406 4368 2799 4425 solebat.Certe
2814 4371 3094 4445 Origenes,
3109 4386 3257 4433 tomo
3272 4396 3366 4434 no-

158 4459 329 4518 vincula
375 4466 536 4520 etiam
600 4465 814 4535 adjicit.
851 4464 932 4518 Ad
975 4465 1329 4535 Smyrnaaos:
1371 4460 1686 4532 Ἀντίψυχον

1793 4470 1864 4509 no
1887 4456 1945 4509 in
1956 4455 2239 4522 Joannem,
2256 4458 2507 4514 sacrificii
2523 4460 2725 4516 Christi
2742 4464 2803 4515 τὸ
2821 4464 3095 4540 ἐξαίρετον
3115 4470 3365 4525 conside-

1787 2624 1999 2677 natione
2027 2621 2211 2677 Verbi:
2239 2621 2413 2695 ’Υπὲρ
2428 2625 2638 2688 πάντας
2653 2624 2761 2696 γὰρ
2781 2625 2856 2678 ὢν
2870 2627 2898 2678 ὁ
2914 2627 3085 2696 Λόγος
3098 2629 3191 2683 τοῦ
3209 2631 3367 2697 Θεοῦ,
3448 2644 3451 2649 ’

157 4547 359 4615 ὑμῶν.τδ
386 4553 606 4625 πνεῦμά
636 4569 760 4623 μου,
805 4553 898 4606 καὶ
935 4553 1003 4606 τὰ
1037 4552 1213 4623 δεσμά
1248 4569 1372 4625 μου.
1403 4552 1485 4607 Ad
1520 4550 1685 4621 Poly-

159 4646 336 4702 mrpum
365 4657 376 4691 :
416 4641 574 4695 Κατὰ
606 4643 783 4695 πάντα
827 4639 920 4694 σοῦ
965 4641 1254 4711 ἀντίψυχον
1295 4640 1426 4711 ἐγὼ,
1468 4642 1563 4696 καὶ
1617 4639 1687 4695 τὰ

1791 4557 1941 4608 rans,
1964 4546 2170 4616 inquit:
2199 4547 2396 4601 Λοιπαὶ
2419 4546 2476 4601 δὲ
2499 4549 2592 4602 καὶ
2616 4556 2896 4620 συγγενεῖς
2917 4555 3087 4629 ταύτῃ
3109 4560 3174 4629 τῇ
3201 4558 3362 4632 θυσίᾳ

1789 4633 2041 4704 ἐκχύσεις
2066 4631 2203 4692 εἷναί
2232 4655 2322 4709 μοι
2349 4639 2627 4709 φαίνονται
2661 4641 2756 4694 τοῦ
2793 4643 2901 4697 τῶν
2932 4647 3191 4713 γενναίων
3218 4668 3360 4722 μαρα

159 4722 296 4796 δεσμά
313 4748 404 4801 μου
440 4732 477 4787 ὃ.
504 4734 826 4803 ἠγάπησας.
855 4731 1035 4787 Priori
1070 4733 1192 4789 loco
1227 4752 1246 4784 ‹
1268 4731 1627 4798 conformem,
1661 4751 1680 4784 ι

1788 4727 1967 4798 τύρων
2011 4727 2258 4799 αἵματος.
2299 4749 2316 4782 ι
2354 4728 2576 4786 Caeterae
2625 4742 2806 4788 autem
2856 4746 2910 4790 et
2956 4737 3084 4793 huic
3115 4752 3361 4812 cognatae

161 4823 400 4883 posteriori
432 4844 450 4877 ι
495 4824 844 4896 refrigerium
877 4845 896 4877 ι
934 4827 1076 4881 male
1126 4826 1362 4881 reddidit
1414 4827 1686 4896 interpres

162 4904 457 4972 Usserianus.
497 4918 582 4973 Ad
632 4918 943 4988 Ephesios:
995 4919 1308 4990 Ἀντίψυχον
1350 4918 1503 4990 ὑμῶν
1552 4919 1683 4988 ἐγώ,

163 5001 272 5056 male
289 5006 469 5062 iterum
490 5008 762 5080 interpres
783 5029 797 5064 :
817 5028 836 5061 ι
874 5008 1181 5067 Unanimus
1203 5010 1487 5066 vobiscum
1512 5025 1632 5079 ego.
1659 5028 1678 5062 ι

161 5088 268 5148 Cum
307 5107 490 5155 neutro
525 5116 726 5172 genere
771 5110 1023 5171 ponatur,
1056 5102 1203 5157 aliud
1250 5100 1458 5171 aliquid
1502 5108 1688 5170 aperte

165 5196 304 5252 sonat,
332 5200 387 5245 ut
428 5193 573 5247 idem
619 5208 816 5262 nempe
846 5193 1088 5262 sitquod
1125 5190 1457 5263 ἀντίλυτρον.
1494 5189 1570 5245 Ita
1618 5190 1687 5245 ad

165 5272 512 5351 Polycarpum:
560 5283 878 5354 ’Δντίψυχον
932 5282 1044 5353 ὲγὼ
1082 5282 1189 5336 τῶν
1232 5282 1686 5353 ὑποτασσομένων

164 5364 223 5433 τῷ
243 5372 521 5446 ὲπισκόπῳ,
563 5376 976 5447 πρεσϐυτέροις,
1018 5374 1304 5439 διακόνοις.
1339 5373 1546 5429 Neutro
1590 5389 1684 5444 ge-

165 5471 264 5515 nere
304 5481 504 5537 semper
544 5477 776 5538 usurpat
809 5476 1019 5535 noster,
1052 5468 1360 5523 masculino
1388 5465 1686 5537 aliquando

165 5547 468 5624 interpolator
515 5573 611 5617 aut
644 5562 821 5616 lictor.
849 5560 990 5627 Quid
1028 5561 1131 5617 hac
1171 5576 1304 5616 voce
1330 5561 1685 5632 intelligatur,

165 5645 327 5712 Optime
357 5654 675 5722 exprimitur
706 5655 889 5710 verbis
920 5653 977 5709 S.
1003 5654 1232 5712 Joannis
1268 5655 1411 5724 apud
1435 5652 1688 5709 Clemen-

168 5741 249 5792 tem
267 5740 667 5800 Alexandrinum
692 5765 706 5801 :
730 5744 835 5799 Τὸν
863 5745 953 5802 σὺν
991 5745 1217 5802 θάνατον
1243 5743 1385 5802 ἑκὼν
1409 5744 1685 5817 ὑπομενῶ,

298 5839 559 5904 Ριτιιοι..
602 5844 720 5906 Gn.
774 5850 851 5914 V.

1789 4819 2029 4875 victimae
2063 4820 2357 4878 effusiones
2401 4823 2684 4894 sanguinis
2717 4841 3107 4895 generosorum
3152 4847 3360 4907 marty—

1790 4926 1913 4965 rum
1959 4926 2085 4973 esse
2132 4911 2267 4967 mihi
2303 4912 2575 4969 videntur.
2607 4933 2626 4967 ι
2665 4914 2770 4970 Ubi
2813 4933 2908 4974 eos
2943 4934 3225 4991 comparat
3253 4927 3321 4982 iis
3343 4969 3357 4991 ,

1790 5003 1884 5072 qui
1926 5003 2068 5059 inter
2102 5004 2331 5075 gentiles
2374 5021 2477 5075 pro
2527 5008 2808 5062 communi
2854 5011 3135 5068 hominum
3186 5018 3362 5073 salute

1790 5096 2001 5165 seipsos
2047 5097 2212 5151 morti
2244 5096 2617 5165 tradiderunt,
2649 5115 2774 5154 cum
2823 5106 3140 5171 pestilentes
3179 5112 3360 5165 morbi

1790 5189 2024 5258 patriam
2066 5204 2222 5243 suam
2271 5188 2617 5244 invasissent.
2646 5192 2756 5244 Καὶ
2799 5195 3163 5266 παραδέχεται
3205 5201 3361 5254 ταῦθ’

1789 5278 1961 5344 οὕτως
1983 5280 2263 5349 γεγονέναι
2287 5283 2387 5334 οὐκ
2409 5280 2618 5349 ἀλόγως
2640 5283 2934 5348 πιστεύσας
2957 5289 3074 5350 ταῖς
3101 5291 3360 5361 ἱστορίαις

1788 5376 1817 5427 ὁ
1850 5373 2040 5436 πιστὸς
2078 5372 2309 5444 Κλήμης
2344 5373 2449 5426 ὑπὸ
2482 5373 2696 5426 Παύλου
2746 5378 3210 5449 μαρτυρούμενος.
3243 5401 3263 5433 ι
3295 5383 3362 5439 Et

1790 5467 1907 5521 ba:c
1931 5466 2179 5522 evenisse
2205 5465 2447 5519 admittit
2469 5481 2578 5519 non
2610 5468 2728 5521 sine
2757 5483 2924 5523 causa
2948 5470 3192 5525 historiis
3219 5475 3359 5541 (non

1793 5557 2111 5628 Scriptnris,
2140 5566 2199 5611 ut
2224 5556 2363 5611 male
2385 5557 2675 5628 interpres)
2703 5559 2930 5614 credens
2955 5560 3208 5617 Clemens
3230 5564 3362 5619 fide-

1789 5650 1878 5706 lis.
1911 5670 1929 5702 ι
1970 5648 2148 5705 Locus
2171 5648 2467 5704 Clementis
2494 5664 2654 5718 quem
2682 5650 2920 5719 reSpexit
2949 5647 3231 5721 Origenes,
3273 5655 3361 5711 hic

1789 5750 1874 5800 est
1918 5757 1929 5794 :
1987 5743 2103 5798 Ἵνα
2144 5740 2201 5795 δὲ
2248 5740 2342 5796 καὶ
2382 5739 2753 5811 ὑποδείγματα
2798 5740 2971 5798 ἐθνῶν
3016 5742 3352 5815 ὲνέγκωμεν·

3050 5836 3125 5898 15
