3834 6214
422 325 527 380 159

1478 309 1536 363 S.
1580 300 1926 363 IGNATIUS.
1966 332 2031 342 —
2068 295 2601 356 PROLEGOMENA.

3580 288 3673 344 ια’

421 445 614 499 Πολλοὶ
662 440 896 513 βασιλεῖς
947 435 1039 490 καὶ
1086 434 1375 506 ἡγούμενοι
1428 427 1675 500 λοιμικοῦ
1722 443 1866 488 τινος
1921 426 2004 476 ὲν-

2115 420 2407 477 Suetonius
2429 419 2496 472 de
2517 415 2798 486 Caligula:
2830 433 2849 465 ς
2881 412 2951 468 Ut
2979 427 3102 468 vero
3128 411 3186 466 in
3212 411 3506 466 adversam
3529 411 3680 464 vale-

424 537 644 598 στάντος
663 529 876 603 καιροῦ,
893 525 1417 601 χρησμοδοτηθέντες
1435 519 1754 592 παρέδωκαν
1777 517 2000 579 ἑαυτοὺς

425 629 506 692 είς
553 626 780 681 θάνατον
817 623 904 676 ἵνα
948 619 1218 693 ρύσωνται
1251 615 1339 669 διὰ
1383 612 1476 666 τοῦ
1520 608 1729 664 ἑαυτῶν
1773 608 2002 678 αἵματος

425 722 552 785 τοὺς
587 719 828 782 πολίτας.
865 735 882 766 ι
910 713 984 769 Ut
1026 721 1206 767 autem
1236 706 1483 778 exempla
1515 704 1754 778 gentium
1783 702 1837 756 in
1883 715 2000 755 me-

427 811 577 863 dium
627 805 1009 879 proferamus,
1063 801 1220 857 multi
1262 813 1418 868 reges
1475 805 1529 851 et
1564 794 1999 864 gubernatores,

427 905 714 968 grassante
737 893 993 966 pestifera
1015 893 1103 947 lue
1123 891 1348 945 oraculo
1373 886 1588 952 moniti,
1603 885 1766 940 morti
1792 882 2004 953 seipsos

428 990 810 1056 tradiderunt,
863 995 921 1044 ut
958 1001 1060 1042 suo
1126 983 1393 1055 sanguine
1435 981 1585 1036 cives
1631 978 1943 1033 liberarent.
1978 995 1997 1026 ι

428 1081 553 1136 llrec
595 1081 767 1134 obiter
804 1077 1029 1142 adduxi,
1073 1076 1218 1146 quod
1243 1090 1306 1129 ea
1354 1087 1453 1128 nec
1486 1087 1516 1125 a
1561 1069 1856 1126 Clementis
1904 1083 2004 1122 nec

426 1176 495 1228 ab
522 1171 775 1242 Origenis
819 1169 1125 1225 editoribus
1157 1169 1422 1221 hactenus
1445 1165 1734 1219 observata
1768 1174 1890 1216 esse
1920 1160 2003 1212 vi-

425 1267 624 1320 derim.
673 1262 1024 1334 Progreditur
1066 1269 1248 1314 autem
1295 1257 1599 1327 Origenes:
1631 1254 1694 1307 El
1726 1251 1836 1323 γὰρ
1877 1251 2003 1304 τάδε

431 1359 529 1429 μὲν
555 1357 659 1410 ὑπὸ
695 1354 962 1425 Ἑλλήνων
1003 1352 1063 1404 οὐ
1105 1351 1279 1421 μάτην
1306 1347 1606 1417 ἱστόρηται,
1644 1342 1712 1396 τὰ
1744 1341 1801 1396 δὲ
1827 1339 2005 1402 καλῶς

427 1451 554 1522 περὶ
597 1447 706 1501 τῶν
744 1445 1035 1518 μαρτύρων
1081 1442 1330 1512 εἴρηται,
1366 1434 1864 1510 περικαθαρμάτων
1909 1431 2004 1485 τοῦ

425 1542 630 1613 κόσμου
666 1537 971 1609 γενομένων
1013 1534 1107 1587 καὶ
1140 1533 1356 1586 πάντων
1380 1529 1665 1602 περίψημα
1701 1527 2005 1598 λεγομένων

424 1632 513 1686 διὰ
559 1629 732 1684 ταῦτα
769 1625 1081 1681 ἀποστόλων
1110 1663 1125 1688 ,
1165 1623 1218 1675 τί
1254 1620 1590 1692 ὑποληπτέον
1636 1619 1729 1672 καὶ
1778 1617 2006 1689 πηλίκον

427 1726 554 1796 περὶ
602 1722 696 1776 τοῦ
742 1718 914 1792 ἀμνοῦ
961 1717 1056 1771 τοῦ
1106 1715 1241 1769 Θεοῦ
1288 1713 1376 1768 διὰ
1424 1713 1582 1766 τοῦτο
1625 1712 1883 1784 θυομένου
1918 1711 2006 1762 ἵνα

2105 513 2348 569 tudinem
2381 510 2593 576 incidit,
2629 505 3079 578 pernoctantibus
3102 503 3317 559 cunctis
3354 504 3506 558 eirea
3536 503 3685 572 pala-

2103 605 2263 670 tium,
2298 619 2404 657 non
2434 599 2725 655 defuerunt
2752 597 2847 668 qui
2871 596 3280 666 depugnaturos
3304 609 3365 649 se
3395 593 3569 647 armis
3588 608 3687 662 pro

2105 695 2282 750 salute
2329 693 2502 764 aegri,
2553 691 2758 760 quique
2823 689 3000 758 capita
3045 701 3144 742 sua
3192 685 3354 742 titulo
3401 684 3687 754 proposito

2106 799 2394 846 voverunt.
2422 809 2440 841 ι
2468 787 2532 842 Hi
2581 803 2613 842 a
2645 786 2850 842 Graecis
2885 783 3169 854 ἀντίψυχοι
3199 781 3540 837 dicebantur.
3588 776 3689 833 Dio

2105 885 2325 940 Illum:
2349 882 2619 944 Πούπλιος
2647 880 2704 933 δὲ
2740 877 3028 950 Ἀφράνιος
3070 878 3314 939 Ποτῖτος,
3357 874 3604 946 δημότης
3627 887 3690 926 τι

2106 977 2183 1029 ὢν
2201 1017 2214 1040 ,
2239 979 2332 1031 καὶ
2365 975 2471 1030 ὑπὸ
2516 975 2705 1047 μωρᾶς
2746 971 3034 1034 κολακείας
3053 1009 3069 1033 ,
3097 970 3158 1022 οὐ
3186 967 3344 1040 μόνον
3383 965 3689 1036 ἐθελοντὴς,

2107 1071 2243 1126 ἀλλά
2290 1072 2383 1125 καὶ
2423 1069 2662 1141 ἔνορκος,
2707 1065 2773 1120 ἄν
2794 1082 2856 1134 γε
2882 1066 2911 1118 ὁ
2935 1064 3096 1127 Γάϊος
3129 1060 3307 1132 σωθῇ,
3340 1060 3693 1130 τελευτήσειν

2107 1161 2497 1233 ὑποσχόμενος,
2536 1158 2777 1222 Ἀτάνιός
2807 1155 2870 1209 τέ
2911 1173 2998 1219 τις
3036 1153 3354 1217 Σεκοῦνδος,
3390 1152 3596 1216 ἱππεύς
3630 1168 3694 1205 τε

2107 1253 2213 1319 ὢν,
2272 1255 2367 1308 καὶ
2417 1252 2818 1324 μονομαχήσειν
2862 1247 3328 1318 ἐπαγγειλάμενος
3353 1287 3368 1310 ,
3413 1247 3537 1301 ἀντὶ
3582 1245 3695 1298 τῶν

2107 1347 2404 1419 χρημάτων
2447 1343 2483 1398 ἀ
2517 1343 2744 1416 ἤλπιζον
2776 1345 2905 1414 παρ’
2931 1341 3096 1395 αὐτοῦ
3119 1380 3133 1404 ,
3161 1342 3237 1404 ὼς
3266 1333 3361 1393 καὶ
3405 1338 3695 1408 ἀντίψυχοι

2106 1439 2154 1491 οἱ
2183 1437 2472 1492 ἀποθανεῖν
2496 1435 2847 1506 ἐθελήσαντες
2871 1474 2885 1498 ,
2909 1433 3175 1505 λήψεσθαι
3201 1472 3215 1496 ,
3251 1429 3547 1487 ἀποδοῦναι
3593 1432 3697 1503 τὴν

2108 1530 2400 1601 ὑπόσχεσιν
2461 1527 2887 1600 ἡναγκάσθησαν
2914 1567 2928 1592 ,
2993 1526 3080 1579 ἵνα
3140 1526 3214 1598 μὴ
3291 1525 3693 1596 ὲπιορκὴσωσι.

2113 1640 2134 1675 ‹
2169 1621 2232 1676 Ρ.
2265 1618 2766 1676 Afranius’Potitus
2791 1661 2807 1687 ,
2849 1619 3093 1689 plebeius
3135 1619 3335 1683 homo,
3377 1617 3476 1685 qui
3524 1615 3696 1671 stulta

2111 1713 2424 1769 adulatione
2471 1711 2762 1778 inductus,
2793 1726 2902 1766 non
2950 1710 3114 1765 modo
3150 1709 3360 1772 volens,
3393 1708 3488 1764 sed
3523 1709 3693 1763 etiam

425 1820 534 1890 ἄρῃ
553 1814 850 1887 ἁμαρτίαν,
872 1813 971 1865 οὐκ
989 1809 1202 1878 ὀλίγων,
1223 1806 1334 1861 ἀλλ’
1361 1806 1482 1859 ὅλου
1504 1804 1598 1858 τοῦ
1619 1804 1844 1874 κόσμου,
1867 1801 2005 1873 ὑπὲρ

2115 1804 2465 1876 iureiurando
2498 1819 2558 1860 se
2587 1803 2979 1869 obstrinxerat,
2999 1802 3108 1857 vita
3135 1817 3420 1858 cessurum
3447 1800 3496 1857 si
3519 1800 3694 1856 Cain.°

425 1910 486 1966 οῦ
521 1913 613 1965 καὶ
659 1906 929 1965 πέπονθε;
981 1923 998 1956 ‹
1036 1903 1096 1958 Si
1141 1903 1287 1957 enim
1319 1901 1438 1956 haec
1493 1915 1524 1953 a
1559 1898 1812 1968 gentibus
1858 1895 2005 1952 haud

417 2003 632 2058 *frustra
665 1999 913 2055 historiis
939 1995 1196 2051 mandata
1236 2002 1385 2057 sunt,
1419 1991 1511 2046 illa
1541 1998 1721 2046 autem
1754 1998 1901 2045 recte
1939 1987 2007 2043 de

426 2091 764 2164 martyribus
788 2091 936 2146 dicta
964 2095 1114 2154 sunt,
1145 2102 1270 2142 cum
1305 2084 1538 2156 apostoli
1580 2084 1788 2140 fuerint
1818 2080 2007 2138 mundi

427 2195 787 2257 purgamenta
840 2193 896 2238 et
941 2182 1011 2237 ob
1060 2181 1202 2235 hanc
1251 2193 1475 2234 causam
1520 2177 1654 2232 dicti
1695 2176 1805 2232 sint
1853 2176 2009 2250 περί-

425 2279 616 2349 ψημα,
652 2275 785 2347 quid
825 2283 880 2330 et
925 2282 1190 2344 quantum
1234 2271 1579 2327 sentiendum
1622 2277 1708 2326 est
1753 2269 1821 2324 de
1852 2268 2008 2340 Agno

428 2370 542 2432 Dei,
573 2369 667 2439 qui
689 2367 760 2422 ob
789 2367 932 2420 hanc
955 2377 1181 2419 causam
1213 2361 1556 2417 sacriﬁcatns
1582 2369 1688 2425 est,
1713 2367 1773 2414 ut
1797 2359 2010 2414 tolleret

429 2468 736 2529 peccatum,
769 2472 878 2512 non
914 2469 1214 2526 paucorum
1236 2495 1250 2520 ,
1291 2453 1384 2508 sed
1430 2453 1597 2510 totius
1647 2450 1876 2513 mundi,
1907 2465 2009 2520 pro

429 2567 540 2625 quo
590 2558 644 2606 et
670 2564 868 2620 passus
915 2548 1037 2603 est?
1065 2567 1084 2600 ι
1121 2546 1226 2602 Ubi
1275 2543 1562 2617 περίψημα
1611 2542 1803 2597 eodem
1845 2541 2009 2596 modo

429 2646 633 2713 sumit,
667 2659 777 2714 quo
810 2642 901 2696 alii
939 2641 1250 2711 ἀντίψυχον.
1287 2637 1357 2694 Ut
1401 2637 1736 2709 Hesychius,
1763 2633 2006 2706 Περίψη-

431 2756 530 2810 μα,
556 2735 1055 2809 περικατάμαγμα,
1092 2732 1404 2805 ἀντίλυτρα,
1444 2729 1731 2800 ἀντίψυχα.
1758 2727 1833 2783 ιιο
1875 2727 2008 2782 Dio-

429 2830 620 2901 nysius
669 2827 1077 2882 Alexandrinus
1131 2824 1456 2896 episcopus,
1502 2823 1569 2876 de
1615 2819 1764 2892 gravi
1818 2829 2006 2889 peste:

428 2926 541 2977 Kal.
593 2921 778 2976 πολλοὶ
810 2920 1280 2992 νοσοκομήσαντες
1332 2919 1425 2971 καὶ
1467 2916 1739 2988 ῥώσαντες
1793 2914 2009 2985 ἑτέρους

429 3015 786 3086 ἐτελεύτησαν
820 3015 992 3075 αὐτοὶ,
1027 3013 1118 3065 τὸν
1150 3011 1375 3066 ἐκείνων
1409 3008 1638 3063 θάνατον
1672 3009 1752 3072 είς
1785 3007 2009 3071 ἑαυτοὺς

435 3109 904 3181 μεταστησάμενοι
923 3146 938 3169 ,
978 3105 1071 3157 καὶ
1103 3103 1165 3156 τὸ
1213 3101 1458 3175 δημῶδες
1485 3101 1635 3174 ῥῆμα
1657 3139 1671 3162 ,
1725 3098 1890 3172 μόνης
1922 3099 2008 3151 ἀεὶ

428 3200 619 3255 δοκοῦν
630 3197 1022 3270 φιλοφροσύνης
1035 3193 1273 3267 ἔχεσθαι,
1289 3193 1433 3267 ἔργῳ
1523 3192 1644 3245 τότε
1661 3189 2010 3262 πληροῦντες,

431 3293 683 3356 ἀπιόντες
749 3290 925 3344 αὐτῶν
978 3287 1285 3360 περίψημα.
1331 3305 1350 3339 t
1401 3285 1661 3355 Multique
1730 3284 1823 3353 qui
1875 3282 2013 3338 alios

433 3393 756 3456 :cgrotantes
786 3387 1133 3446 curaverant,
1161 3385 1218 3433 et
1245 3377 1300 3432 in
1327 3377 1615 3447 pristinam
1646 3375 2012 3429 valetudinem

431 3465 820 3539 restituerant,
860 3471 964 3543 ipsi
1013 3469 1372 3536 interierunt,
1423 3475 1652 3521 mortem
1691 3465 1908 3520 illorum
1958 3464 2012 3517 in

435 3567 650 3635 scipsos
697 3563 1156 3628 transducentes,
1194 3559 1517 3628 dictumque
1574 3557 1704 3610 illud
1750 3556 2012 3625 vulgare,

432 3658 580 3728 quod
610 3656 863 3711 oliieiosm
905 3655 1178 3708 duntaxat
1211 3653 1486 3707 comitatis
1531 3637 1793 3703 hactenus
1835 3647 2014 3701 visum

435 3751 636 3815 fuerat,
677 3748 852 3819 reipsa
881 3755 1011 3801 tunc
1047 3744 1406 3815 adimplentcs
1435 3758 1560 3798 cum
1607 3741 1825 3796 illorum
1865 3739 2012 3809 peri-

436 3857 624 3915 psema
694 3840 820 3895 facti
873 3856 939 3895 ex
995 3841 1097 3893 hac
1144 3840 1252 3894 vita
1300 3838 1614 3906 migrarent.
1646 3855 1664 3886 ι
1710 3832 1826 3887 Non
1871 3830 2016 3904 quod

435 3936 734 3992 Christiani
759 3935 920 4004 vulgo
956 3951 986 3987 a
1025 3932 1320 4002 gentilibus
1368 3932 1472 3985 hoc
1504 3929 1725 3984 nomine
1751 3941 2018 3982 vocaren-

441 4040 550 4094 tur,
584 4037 643 4081 ut
674 4025 892 4081 V’alesio
919 4025 1129 4096 placet:
1158 4024 1289 4078 illud
1322 4023 1466 4077 enim
1492 4021 1675 4092 probri
1703 4028 1868 4085 esset,
1891 4032 2016 4073 cum

439 4122 546 4175 hoc
586 4119 978 4173 benevolentia:
1004 4133 1098 4171 seu
1133 4115 1410 4171 comitatis
1445 4113 1669 4167 verbum
1703 4126 1827 4166 esse
1864 4111 2017 4165 dica-

440 4223 568 4266 tur:
603 4226 710 4264 non
736 4209 883 4280 quod
911 4209 1074 4279 vulgo
1106 4208 1174 4262 ab
1195 4205 1582 4261 Alexandrinis
1607 4213 1817 4258 tantum
1852 4218 2018 4258 usur-

439 4315 628 4376 patum
660 4302 732 4360 sit
763 4347 776 4369 ,
816 4301 908 4358 sed
943 4301 1087 4373 quod
1109 4301 1388 4372 vulgatum
1421 4308 1474 4353 et
1509 4297 1770 4367 populare
1792 4310 2018 4366 prover-

440 4397 591 4450 bium
622 4393 810 4462 fuerit,
839 4404 891 4447 ut
921 4402 1070 4463 patet
1090 4407 1155 4447 ex
1183 4391 1348 4446 Suida
1373 4401 1425 4445 et
1457 4390 1719 4445 Michaele
1745 4388 2014 4459 apostolo.

2107 1898 2503 1962 revalesceret;
2530 1905 2584 1951 et
2614 1895 2848 1950 Atanins
2883 1893 3171 1950 Secundus
3201 1909 3391 1964 eques,
3428 1894 3524 1962 qui
3560 1907 3666 1962 pro

2108 1988 2334 2042 miserat
2362 2002 2420 2041 se
2465 1985 2807 2056 gladiatoriis
2833 1983 2977 2038 ludis
3021 1984 3462 2055 depugnaturum
3482 2025 3498 2049 ,
3527 1983 3696 2037 ambo

2108 2094 2204 2150 spe
2234 2079 2482 2149 pecunia:
2513 2093 2544 2132 a
2591 2076 2727 2132 Caio
2773 2075 3147 2146 accipiendae,
3195 2074 3342 2146 quod
3393 2077 3499 2144 (ut
3538 2075 3666 2128 ἀντί

2106 2169 2304 2240 ψυχοι)
2330 2171 2492 2224 vitam
2522 2182 2620 2238 pro
2640 2167 2762 2237 ejus
2795 2166 2982 2221 anima
3013 2167 3145 2220 dare
3173 2165 3467 2230 voluerint,
3514 2175 3677 2220 coact

2110 2270 2239 2315 sunt
2268 2260 2603 2329 promissum
2634 2258 2966 2328 persolvere,
2998 2271 3068 2312 ne
3093 2255 3316 2326 perjurii
3344 2256 3421 2311 rei
3445 2266 3656 2312 essent.

2110 2356 2191 2409 Ita
2253 2351 2311 2406 S.
2364 2351 2795 2422 Chrysostomus
2851 2349 3079 2405 homilia
3109 2349 3144 2403 6
3187 2349 3256 2402 ad
3309 2347 3690 2403 Colossenses.

2109 2459 2390 2517 opponens
2435 2445 2712 2499 hominem
2761 2443 3033 2513 baptismo
3075 2450 3395 2498 renovatum
3449 2443 3683 2512 primun

2111 2549 2337 2594 creato:
2368 2539 2668 2593 Πλάττεται
2712 2537 2771 2589 ὲν
2814 2534 2892 2606 τῷ
2919 2533 3106 2598 ὕδατι,
3146 2533 3410 2604 λαμϐάνει
3439 2533 3497 2586 δὲ
3543 2532 3672 2586 ἀντί

2109 2631 2278 2704 ψυχον
2305 2630 2543 2702 πνεῦμα.
2595 2648 2614 2680 ι
2642 2627 2935 2683 Formatur
2967 2627 3023 2682 in
3053 2643 3194 2698 aqua
3214 2666 3230 2690 ,
3277 2626 3476 2696 accipit
3507 2637 3680 2680 auten

2109 2736 2211 2794 pro
2258 2723 2443 2778 anima
2489 2721 2765 2792 spiritum.
2797 2739 2816 2772 ι
2865 2718 3013 2775 Idem
3059 2729 3244 2774 contra
3295 2717 3518 2773 Iudaeos
3565 2733 3668 2772 ora

2112 2817 2258 2871 tione
2308 2815 2378 2870 5:
2431 2814 2661 2868 Δύναται
2706 2811 2966 2877 πολλάκις
3015 2811 3112 2884 μία
3163 2810 3489 2882 κερδηθεὶσα
3540 2811 3682 2882 ψυχὶ

2115 2907 2324 2981 μυρίων
2364 2905 2527 2976 ὄγκον
2553 2906 2964 2978 ἁμαρτημάτων
3005 2904 3287 2974 ἀφανίσαι,
3314 2902 3412 2956 καὶ
3438 2902 3677 2971 γενέσθω.

2110 3002 2242 3072 ἡμῖν
2269 2997 2564 3069 ἀντίψυχον
2604 2999 2661 3050 ὲν
2699 2995 2885 3068 ἐκείνῃ
2935 2997 3002 3066 τῇ
3043 2993 3247 3066 ἡμέρᾳ.
3288 3012 3309 3046 ι
3347 2991 3466 3048 Una
3508 2992 3660 3047 anim

2112 3087 2399 3145 lucrifacta
2424 3096 2605 3158 potest
2624 3085 2921 3140 multorum
2939 3099 3081 3140 onus
3104 3092 3456 3154 peccatorum
3480 3081 3697 3148 tollere,

2116 3191 2171 3236 et
2201 3181 2360 3237 nobis
2406 3182 2460 3235 in
2497 3181 2591 3234 illo
2635 3179 2724 3234 die
2771 3192 2871 3248 pro
2916 3177 3229 3247 expiatione
3280 3189 3423 3232 esse.
3459 3191 3484 3229 ι
3529 3173 3698 3230 Aliud

2115 3277 2279 3347 igitur
2311 3274 2583 3344 ἰσόψυχον,
2609 3273 2754 3344 quod
2775 3286 2840 3327 ex
2867 3269 3009 3324 LXX
3033 3268 3422 3339 lnterpretibus
3455 3269 3701 3338 sumpsit

2117 3368 2174 3424 S.
2204 3368 2408 3423 Paulus
2435 3387 2449 3421 :
2482 3367 2631 3421 aliud
2677 3365 2994 3435 ἀντίψυχον,
3026 3363 3174 3433 quod
3204 3362 3500 3433 Apostolus
3551 3375 3701 3414 nun-

2115 3475 2281 3530 quam
2312 3460 2618 3529 usurpavit,
2645 3473 2676 3513 a
2706 3457 2912 3514 Graecis
2953 3465 3137 3512 autem
3165 3455 3329 3526 vulgo
3367 3462 3701 3524 usurpatum

2115 3562 2200 3610 est
2226 3572 2240 3618 ;
2271 3553 2421 3607 nulla
2455 3553 2621 3623 igitur
2657 3551 2748 3606 hic
2780 3548 3114 3621 κακοζηλία,
3149 3563 3219 3603 ne
3251 3545 3476 3618 quidem
3507 3545 3701 3600 imita—

2116 3649 2213 3702 tio.
2247 3645 2475 3716 Reliqua
2500 3661 2621 3715 quae
2641 3659 2708 3699 ex
2727 3643 2984 3713 Apostolo
3013 3643 3066 3696 in
3095 3640 3345 3696 eamdem
3370 3638 3543 3694 ferme
3571 3653 3702 3693 sen-

2119 3741 2344 3793 tentiam
2378 3739 2710 3803 alleruntur,
2738 3736 2806 3790 ad
2857 3733 3188 3804 κακοζηλίαν
3230 3732 3397 3798 nihil,
3444 3730 3514 3786 ad
3545 3731 3703 3786 locu-

2117 3832 2324 3886 tionem
2355 3829 2694 3900 lgnatianam
2722 3826 3153 3883 confirmandam
3177 3824 3385 3894 aliquid
3412 3824 3622 3879 valent.

2189 3924 2379 3993 Capite
2406 3923 2477 3977 29
2497 3965 2512 3990 ,
2553 3921 2882 3993 κακοξηλίας
2911 3929 3294 3990 argumentum
3325 3916 3700 3986 persequitur,

2118 4027 2200 4084 et,
2251 4017 2297 4072 si
2347 4016 2464 4070 lieri
2493 4015 2704 4086 possit,
2761 4013 3054 4069 infelicius.
3092 4030 3112 4062 ‹
3162 4009 3424 4074 Dixerat,
3481 4010 3700 4079 inquit,

2121 4109 2178 4164 S.
2212 4109 2414 4164 Paulus
2445 4124 2505 4163 se
2533 4107 2811 4176 ἐλάχιστον
2832 4103 2942 4160 τῶν
2965 4103 3297 4167 ἀποστόλων,
3331 4112 3386 4157 et
3415 4101 3704 4173 ὲλαχιστό-

2118 4221 2274 4275 τερον
2310 4203 2528 4256 πάντων
2559 4203 2752 4270 ἁγίων,
2789 4199 2955 4254 semel
3021 4199 3229 4254 scilicet
3270 4207 3432 4268 atque
3473 4197 3702 4252 iterum.

2119 4297 2317 4352 Noster
2348 4311 2486 4366 pene
2519 4309 2710 4349 omnes
2740 4292 3002 4362 epiStolas
3040 4291 3126 4346 his
3161 4299 3216 4344 et
3253 4289 3525 4345 similibus
3548 4290 3705 4344 voci-

2119 4387 2223 4443 bus
2264 4387 2508 4456 replevit.
2543 4406 2562 4438 ι
2597 4386 2666 4439 At
2717 4386 2824 4440 hoe
2863 4393 3048 4454 aperte
3095 4383 3291 4438 falsum
3349 4391 3451 4437 est.
3509 4381 3707 4452 Neque

439 4487 562 4544 Non
603 4487 776 4559 magis
804 4485 969 4557 igitur
1005 4484 1301 4540 unaninem
1327 4499 1384 4539 se
1421 4484 1557 4537 dixit
1586 4481 1850 4552 lgnatius,
1892 4494 2014 4533 cum
2050 4505 2092 4559 ι)
2121 4479 2266 4534 enim
2306 4479 2410 4546 his,
2443 4493 2620 4549 neque
2649 4478 2922 4533 similibus
2959 4477 3185 4532 vocibus
3215 4475 3478 4546 epistolas
3505 4475 3705 4545 imple-

439 4580 752 4649 ἀντίψυχον,
777 4594 940 4648 quam
971 4593 1094 4632 cum
1128 4576 1413 4650 περίψημα
1442 4590 1499 4630 se
1528 4573 1684 4631 dixit.
1714 4571 1874 4627 Aliud
1901 4585 2017 4626 om-

442 4674 576 4727 nino
611 4669 815 4725 G’raacis
864 4670 980 4723 lucc
1020 4685 1120 4722 vox
1159 4677 1336 4723 sonat.
1370 4667 1526 4721 Certe
1572 4666 1859 4720 unanimes
1909 4679 2016 4718 non

442 4763 666 4819 fuerunt
692 4761 997 4817 Memnonis
1022 4774 1171 4825 aves,
1194 4759 1261 4813 de
1283 4759 1481 4829 quibus
1497 4757 1830 4826 Hesychius:
1851 4755 2020 4807 ’Λντί-

439 4859 632 4930 ψυχοι,
667 4856 807 4908 οὕτω
855 4853 1140 4908 καλοῦνται
1174 4853 1222 4904 οἱ
1267 4852 1544 4922 Μέμνονος
1595 4849 1838 4921 ὄρνιθες·
1893 4849 2016 4912 illm,

441 4948 670 5012 scilicet,
704 4948 769 5001 de
800 4946 1003 5016 quibus
1038 4943 1264 4998 Ovidius
1301 4943 1515 4996 Metam.
1552 4942 1648 4996 lib.
1684 4959 1820 4995 xm:

520 5102 652 5154 Tum
679 5102 783 5154 duo
807 5103 1014 5156 diversa
1041 5100 1219 5168 populi
1243 5100 1306 5152 de
1329 5105 1476 5167 parte
1505 5098 1700 5165 feroces

515 5172 668 5225 Bella
689 5182 894 5241 gerunt.
918 5167 1208 5239 rostrisque
1228 5179 1275 5222 et
1306 5170 1526 5222 aduncis
1554 5167 1815 5241 unguibus
1839 5167 1948 5220 iras

515 5236 795 5307 Exercéut,
827 5242 1044 5310 alasque
1076 5236 1397 5309 adversaque
1422 5248 1636 5307 pectora
1665 5236 1910 5310 lassant;

515 5311 834 5438 {Inferiwque
864 5307 1060 5367 cadunt
1097 5311 1261 5363 cineri
1289 5307 1513 5379 cognata
1545 5307 1749 5376 sepulto

562 5399 773 5438 oraora.

562 5399 773 5453 orpora.

517 5514 596 5571 Ita
665 5515 808 5587 apud
875 5515 1176 5572 Lucianum
1237 5515 1493 5585 χρήματα
1548 5512 1812 5584 ἀντίψυχα
1887 5511 2023 5564 διδό-

446 5626 536 5665 ναι
567 5620 648 5664 est
676 5609 959 5679 pecuniam
998 5624 1098 5678 pro
1143 5608 1324 5660 anima
1349 5645 1364 5669 ,
1406 5605 1458 5658 id
1488 5615 1570 5659 est
1597 5619 1696 5675 pro
1735 5607 1842 5658 vita
1873 5603 2021 5658 redi—

446 5701 646 5762 menda
697 5699 846 5754 dare.
893 5697 1009 5752 Mos
1060 5697 1224 5752 etiam
1256 5704 1373 5749 erat
1429 5695 1574 5763 apud
1624 5692 1928 5755 Romanos,
1964 5699 2022 5744 nt

437 5793 619 5870 ialiqui
639 5805 739 5862 pro
770 5790 944 5847 salute
979 5787 1322 5862 imperatoris
1355 5787 1518 5843 morti
1557 5801 1617 5844 se
1665 5785 2014 5843 devoverent.

2122 4572 2218 4629 vit.
2270 4571 2366 4628 His
2417 4572 2646 4627 vocibus
2681 4570 2990 4641 ἐλάχιστος,
3027 4577 3081 4624 et
3119 4567 3530 4638 ὲλαχιστότερος
3560 4583 3691 4622 nus-

2120 4681 2287 4735 quam
2344 4679 2479 4719 usus
2529 4672 2612 4717 est
2663 4660 2944 4732 lgnatius;
2996 4675 3063 4714 ne
3125 4659 3292 4715 semel
3345 4659 3567 4729 quidem
3627 4657 3704 4710 ita

2121 4755 2382 4826 loquitur.
2413 4754 2588 4809 Simili
2643 4769 2776 4808 voce
2797 4793 2812 4816 ,
2845 4753 2892 4809 si
2941 4761 2996 4807 et
3022 4751 3112 4806 i-lla
3163 4751 3361 4806 similis
3390 4751 3482 4815 sit,
3529 4753 3707 4805 semel

2124 4861 2332 4906 tantum
2381 4851 2589 4912 utitur,
2633 4850 2708 4912 ὡς
2758 4848 3076 4921 μικρότερος
3123 4844 3314 4915 ὑμῶν,
3347 4843 3577 4912 epistola
3633 4845 3706 4897 ad

2121 4944 2464 5015 Magnesios,
2517 4958 2749 5010 eamque
2796 4955 2985 4996 vocem
3019 4955 3127 4993 non
3169 4955 3236 4994 ex
3266 4937 3324 4992 S.
3356 4936 3566 5004 Paulo,
3605 4939 3706 4993 sed

2121 5039 2205 5092 vel
2233 5037 2290 5094 S.
2322 5035 2596 5102 Matthteo,
2623 5036 2704 5089 vel
2737 5033 2796 5089 S.
2818 5033 2965 5089 Luca
2994 5033 3216 5087 haurire
3245 5031 3440 5103 potttit.
3468 5029 3707 5102 Reliqua

2123 5129 2306 5181 omnia
2330 5142 2454 5198 qua:
2480 5141 2544 5180 ex
2583 5124 2796 5196 lgnatio
2823 5125 2975 5192 citat,
3009 5125 3075 5179 ad
3109 5124 3216 5178 alia
3246 5123 3481 5194 apostoli
3509 5128 3706 5190 verba,

2124 5230 2217 5274 aut
2248 5221 2354 5274 alia
2385 5219 2550 5274 etiam
2581 5219 2702 5274 loca
2732 5219 3027 5289 pertinent,
3053 5227 3149 5272 aut
3192 5217 3258 5271 ad
3298 5215 3544 5272 Paulina:
3582 5232 3709 5270 mo-

2123 5311 2312 5365 destiaa
2335 5310 2696 5364 imitationem
2719 5307 2911 5362 referri
2938 5308 3164 5362 omnino
3188 5323 3295 5361 non
3320 5307 3709 5377 possunt.0t‘n:

2123 5402 2270 5469 ἄξιον
2305 5402 2584 5456 καλεῖσθαι
2613 5411 2666 5456 et
2711 5401 2965 5470 λέγεσθαι
2999 5416 3057 5455 se
3084 5399 3254 5465 dixit,
3284 5408 3346 5454 ut
3381 5399 3706 5468 Apostolus,

2123 5497 2222 5548 οὐκ
2270 5495 2451 5557 ἱκανὸς
2503 5493 2784 5547 καλεῖσθαι
2842 5491 3177 5556 Ἀπόστολος.
3231 5491 3336 5546 Sed
3381 5493 3554 5545 multo
3616 5491 3710 5546 hic

2116 5587 2357 5659 Dallaeus
2388 5587 2777 5656 interpolatorc
2823 5586 3072 5656 sagacior
3095 5627 3109 5652 ,
3143 5585 3238 5656 qui
3292 5583 3429 5638 nihil
3455 5583 3710 5637 animad-

2123 5685 2287 5739 vertit
2321 5683 2450 5736 hinc
2475 5681 2686 5752 lgnatio
2728 5681 2980 5750 periculi,
3018 5679 3250 5748 ideoque
3292 5691 3414 5747 pro,
3447 5675 3573 5729 ὅθεν
3606 5677 3707 5728 οὐκ

2125 5777 2274 5846 ἄξιός
2326 5777 2441 5848 εἰμι
2474 5773 2791 5844 καλεῖσθαι,
2826 5775 2930 5832 ista
2983 5773 3257 5847 reposuit,
3294 5767 3361 5843 ἧς
3411 5770 3511 5824 οὐκ
3557 5767 3707 5836 ἄξιός
