3852 6206
178 283 263 338 661

957 283 1321 340 PEARSONII
1356 282 1674 340 VlNDlCle
1714 284 2133 342 ICNATIANAE.
2185 318 2251 328 -—
2287 286 2468 342 PARS
2508 284 2571 339 ll.

3290 291 3396 347 ιθει.

178 401 276 470 ειμι
305 397 573 453 καλεῖσθαι
605 399 918 464 inlexe-mg,
954 411 1014 457 ut
1040 403 1200 458 verba
1225 402 1504 474 lgnatiana
1543 405 1714 475 magis

1887 414 2030 460 sunt.
2075 405 2148 458 De
2175 404 2763 477 inscriptiomepiglolm
2795 404 2866 477 ed
2900 403 3178 477 Romanos
3207 407 3394 477 dispu-

179 497 392 552 Paulinis
413 498 736 567 respondere
756 497 1092 554 viderentur.
1111 501 1222 570 Οὐχ
1242 501 1315 563 ὡς
1337 498 1412 552 ὢν
1433 515 1537 563 τις,
1555 501 1724 557 semel

178 605 203 643 a
222 598 390 643 nostro
421 599 835 658 usurpatum,et
859 590 1078 660 quidem
1109 591 1164 645 in
1193 592 1424 660 epistola
1453 592 1520 645 ad
1547 591 1725 662 Ephe-

177 680 271 734 sios
300 681 456 748 (nam
487 679 581 734 illa
628 695 694 734 ex
727 682 956 750 epistola
997 682 1066 736 ad
1091 681 1394 738 Tarsenses
1427 692 1482 738 et
1509 682 1721 753 Philip-

177 785 346 839 penses
397 769 636 825 adducta
685 771 756 824 ad
812 772 1056 828 ﬁctorem
1104 777 1428 844 spectant),
1481 775 1719 842 apostoli

177 861 351 919 nullam
385 860 744 918 imitationem
772 864 1015 919 continet
1040 883 1055 928 ;
1090 866 1183 920 sed
1207 847 1390 935 potius
1419 867 1720 938 discipulos

177 950 386 1007 Simonis
430 955 781 1026 perstringit,
835 956 930 1026 qui
975 957 1116 1011 dixit
1169 955 1308 1012 εἷναί
1359 977 1480 1013 τινα
1525 961 1718 1015 ἑαυτὸν

176 1043 340 1114 μέγαν,
390 1043 506 1098 Act.
537 1060 657 1109 vui.
688 1047 743 1110 9,
777 1056 838 1102 ut
888 1057 1014 1102 ante
1055 1047 1309 1106 Theudas
1356 1051 1530 1120 λέγων
1573 1049 1716 1107 εἶναι

172 1151 270 1187 τινα
297 1137 509 1202 ἑαυτὸν,
557 1139 682 1195 Act.
714 1157 770 1205 v,
810 1141 902 1196 35.
946 1140 1085 1197 Illud
1133 1152 1315 1199 autem
1363 1146 1594 1215 epistola
1647 1147 1716 1203 ad

173 1225 414 1284 Romanos
445 1230 683 1303 ὴλέημαι
709 1251 794 1298 τις
827 1230 965 1288 εἶναι
987 1235 1099 1290 alio
1127 1244 1358 1306 spectat,
1389 1238 1457 1292 ad
1487 1238 1714 1308 gloriam

172 1331 337 1386 nempe
359 1318 598 1375 futuram
622 1337 690 1377 ex
715 1326 1005 1396 martyrio,
1040 1335 1101 1381 ut
1127 1342 1194 1382 ex
1222 1328 1408 1382 verbis
1438 1329 1714 1399 adiunctis

170 1417 326 1477 patet,
359 1409 450 1463 ἐὰν
492 1412 632 1466 Θεοῦ
681 1415 942 1485 ἐπιτύχω.
992 1415 1072 1470 Eo
1097 1419 1318 1487 quidem
1361 1419 1483 1474 loco
1531 1429 1718 1490 aperte

169 1501 456 1569 Apostolum
483 1503 755 1571 imitatur,
790 1508 851 1560 οὐ
884 1509 995 1581 γάρ
1029 1511 1145 1581 εἰμι
1177 1511 1347 1578 ἄξιος,
1381 1511 1456 1566 ὣν
1489 1511 1715 1585 ἔσχατος

170 1590 322 1644 at:qu
351 1590 440 1644 καὶ
481 1592 784 1666 εκτρωμα,
821 1597 918 1652 sed
951 1599 1118 1654 verba
1160 1601 1288 1670 ejus
1313 1611 1523 1658 tantum
1553 1619 1716 1658 usur-

169 1691 276 1752 pat,
307 1683 408 1739 alio
455 1700 626 1742 sensu
664 1687 733 1742 de
765 1703 824 1743 se
856 1690 1090 1760 accipit,
1125 1693 1218 1762 qui
1251 1708 1366 1748 suae
1413 1695 1712 1750 conditioni

171 1773 700 1832 convenientissimus
728 1775 853 1832 fuit.
890 1779 1191 1848 Apostolus
1222 1782 1291 1836 de
1339 1790 1584 1854 tempore
1617 1797 1714 1838 vo-

169 1862 373 1918 cationis
403 1863 684 1933 loquitur,
715 1865 1004 1924 Christum
1054 1870 1159 1925 sibi
1191 1872 1453 1943 ἔσχατον,
1487 1887 1586 1928 seu
1617 1889 1716 1944 po-

169 1961 343 2006 stremo
374 1953 496 2008 loco
527 1966 659 2024 post
690 1972 884 2012 omnes
910 1961 1193 2028 apostolos
1218 1971 1381 2032 atque
1411 1965 1574 2019 etiam
1599 1964 1715 2018 fra-

168 2050 260 2098 tres
286 2039 642 2115 apparuisse,
674 2064 736 2104 se
765 2050 916 2104 enim
945 2060 1105 2107 extra
1143 2061 1363 2124 tempus
1411 2055 1714 2127 legitimum

167 2135 387 2191 obortum
413 2155 557 2206 esse,
583 2140 822 2212 ideoque
843 2143 1066 2199 nomine
1085 2143 1334 2215 Apostoli
1356 2146 1445 2202 vix
1465 2148 1714 2219 dignum,

166 2229 286 2296 quod
325 2229 626 2288 Ecclesiam
665 2246 988 2304 persecutus
1021 2237 1113 2291 sit.
1147 2235 1347 2293 Noster
1378 2254 1487 2294 non
1518 2240 1586 2296 de
1619 2255 1716 2294 vo—

166 2322 370 2389 satione,
403 2325 500 2380 sed
542 2326 615 2381 de
644 2328 1108 2386 condemnatione
1149 2347 1249 2387 sua
1282 2332 1556 2405 loquitur,
1607 2351 1714 2406 qua

165 2411 218 2466 de
256 2417 447 2486 populo
498 2417 854 2476 Antiocheno
910 2423 1134 2480 excisus
1199 2423 1342 2492 fuit,
1389 2435 1443 2480 et
1493 2426 1715 2484 inﬁmus

166 2516 326 2558 eorum
360 2505 561 2574 factus,
590 2509 665 2566 ab
694 2510 938 2568 Ecclesia
970 2523 1250 2570 extractus
1269 2555 1285 2580 ,
1323 2523 1379 2570 et
1409 2517 1478 2572 ad
1509 2519 1716 2589 suppli-

165 2595 286 2651 cium
315 2598 512 2657 ductus
545 2616 729 2672 neque
763 2603 1198 2661 misericordiam
1231 2607 1397 2661 aliam
1451 2623 1716 2666 consecu-

167 2697 255 2756 tus,
285 2707 442 2762 quam
477 2702 539 2748 ut
559 2710 664 2765 per
691 2697 1014 2768 martyrium
1048 2696 1160 2753 Deo
1191 2697 1299 2753 frui
1331 2709 1538 2769 posset.

222 2781 288 2839 De
331 2787 551 2843 arcanis
597 2797 658 2844 et
691 2789 758 2844 de
787 2790 974 2860 pueris
1001 2790 1116 2860 jam
1150 2798 1276 2846 ante
1307 2791 1570 2848 diximus.
1606 2793 1714 2848 Sed

166 2877 287 2944 quod
319 2878 447 2934 illud
483 2880 741 2951 Apostoli
765 2922 782 2946 ,
825 2881 1032 2937 Donate
1071 2883 1201 2936 mihi
1244 2883 1379 2950 hanc
1420 2884 1713 2953 injuriam,

167 2979 328 3027 nostro
370 2976 628 3045 objiciat,
678 2977 845 3047 idque
893 2986 1155 3048 tanquam
1189 2978 1524 3044 affectatum,
1559 2989 1614 3036 et
1645 2984 1714 3036 ad

1898 485 2082 536 tatur.
2136 484 2186 529 et
2218 477 2282 528 de
2328 473 2428 528 illa
2479 478 2547 528 ad
2605 473 3088 542 Philadelphenses.
3153 473 3394 533 Aliorum

1893 545 2129 613 exempla
2159 556 2336 598 nostra
2369 562 2471 598 non
2503 545 2767 615 ofﬁciunt.
2810 543 3129 613 Conjectura
3152 548 3216 601 de
3249 549 3396 602 mala

1893 617 2193 670 imitatione
2231 616 2399 684 ipsius
2453 615 2656 686 Ignatii
2699 616 2762 668 ab
2822 616 3106 686 impostore
3148 618 3394 672 instituta

1892 686 2216 754 exploditur.
2251 685 2632 756 Argumentum
2673 702 2706 738 a
2736 685 3131 754 repetitionibus
3175 687 3393 741 ductum

1892 756 2048 825 plane
2071 756 2318 825 frivolum
2347 772 2458 810 esse
2478 756 2794 810 ostenditur.

1892 867 2084 940 Capite
2105 869 2175 925 50
2193 870 2576 938 inscriptiones
2593 869 2946 939 epistolarum
2971 871 3210 942 exagitat
3232 871 3392 942 quasi

1819 961 2212 1032 longiusculas,
2239 970 2294 1016 et
2314 961 2367 1014 in
2402 960 2487 1016 his
2517 959 2848 1031 κακοζηλίαν
2869 961 3238 1031 reprehendit.
3264 960 3394 1015 lmi-

1821 1052 1922 1106 tari
1943 1050 2210 1122 lgnatium
2241 1057 2492 1104 nostrum
2527 1050 2588 1104 S.
2619 1048 2776 1104 Pauli
2805 1049 3192 1120 inscriptiones
3211 1089 3227 1113 ,
3277 1064 3391 1105 non

1818 1142 2003 1197 minus
2031 1157 2195 1212 quam
2220 1141 2459 1211 reliquas
2481 1140 2837 1210 epistolarum
2863 1139 3384 1209 particulasfateer;

1817 1233 2128 1304 exemplum
2151 1232 2297 1288 enim
2334 1232 2516 1302 aptius
2557 1240 2652 1286 aut
2679 1231 2999 1301 praeclarius
3039 1231 3144 1286 sibi
3186 1247 3391 1302 propo-

1816 1340 1951 1382 nere
1979 1339 2086 1378 non
2111 1321 2326 1394 potuit;
2356 1322 2450 1377 sed
2474 1337 2726 1390 perverse
2747 1330 2845 1376 aut
2883 1321 3177 1376 infeliciter
3222 1322 3274 1378 id
3318 1327 3388 1377 ab

1816 1434 1884 1474 eo
1915 1417 2116 1472 factum
2169 1431 2294 1471 esse
2332 1429 2492 1485 nego.
2538 1431 2560 1466 ‹
2591 1412 2910 1483 Apostolus,
2962 1414 3163 1484 inquit,
3218 1415 3389 1471 semel

1816 1518 1983 1580 atque
2009 1509 2206 1564 iterum
2239 1506 2295 1562 id
2331 1504 2554 1570 iecerat,
2573 1507 2812 1576 scriptor
2843 1514 3031 1560 noster
3051 1505 3107 1560 in
3131 1507 3388 1562 omnibus

1814 1617 1952 1671 pene
1988 1601 2256 1672 epistolis.
2279 1618 2298 1652 ι
2333 1600 2449 1655 lloc
2493 1600 2672 1670 primo
2699 1598 2898 1655 falsum
2927 1607 3032 1663 est,
3063 1607 3118 1653 et
3161 1598 3386 1668 quidem

1814 1709 1882 1747 ex
1928 1702 2158 1762 utraque
2187 1701 2358 1764 parte.
2413 1691 2559 1746 inter
2610 1691 2678 1744 M
2705 1691 2965 1760 epistolas
2994 1689 3256 1746 Paulinae
3291 1705 3386 1746 cas

1819 1785 1966 1840 solas
1996 1783 2197 1838 fatetur
2219 1799 2343 1839 esse
2366 1783 2762 1853 longiusculas,
2787 1799 2911 1853 quae
2934 1783 3150 1852 scripta:
3167 1790 3295 1838 sunt
3317 1782 3384 1836 ad

1819 1873 2095 1930 Romanos
2123 1883 2178 1930 et
2221 1876 2288 1930 ad
2323 1874 2531 1929 Titum.
2574 1875 2643 1930 At
2696 1875 2981 1944 inscriptio
3018 1873 3273 1944 Epistolas
3315 1875 3384 1928 ad

1816 1967 2036 2022 Galatas
2066 1969 2307 2039 quinque
2329 1968 2615 2038 versiculis
2645 1975 2927 2032 constans,
2975 1981 3097 2022 eam
3146 1981 3268 2035 qua:
3317 1966 3383 2020 ad

1816 2059 1999 2116 Titum
2026 2071 2129 2127 est,
2168 2061 2352 2131 potius
2378 2069 2621 2130 superat.
2661 2056 2851 2128 Neque
2883 2073 3012 2112 vero
3043 2058 3214 2112 multo
3260 2057 3384 2111 bre-

1816 2153 1935 2209 vior
1963 2153 2136 2222 prima
2168 2152 2234 2206 ad
2261 2150 2580 2207 Corinthios
2605 2169 2622 2206 :
2650 2161 2798 2206 certe
2836 2149 3051 2220 longior
3081 2146 3384 2219 lgnatiaua,

1815 2246 1899 2301 vel
1937 2244 2004 2299 ad
2037 2242 2371 2315 Sinyrnmos,
2421 2242 2508 2297 vel
2543 2241 2611 2297 ad
2635 2240 3017 2312 Polycarpum,
3045 2240 3129 2295 vel
3157 2241 3225 2295 ad
3273 2240 3384 2295 Ma-

1801 2335 2046 2408 gnesios,
2071 2332 2158 2389 vel
2185 2335 2251 2388 ad
2286 2331 2583 2390 Trallesios
2606 2352 2623 2396 ;
2649 2332 2878 2404 aqualis
2906 2333 2982 2387 illi
3006 2331 3073 2386 ad
3097 2330 3385 2402 Ephesios,

1801 2443 1926 2500 qua:
1949 2426 2180 2482 fortasse
2204 2425 2448 2481 omnium
2488 2426 2630 2496 apud
2659 2433 2906 2479 nostrum
2934 2423 3252 2494 longissima
3279 2433 3384 2480 est.

1874 2521 1981 2576 Sed
2011 2534 2268 2591 perverse
2316 2527 2498 2573 tamen
2527 2524 2582 2570 et
2601 2513 2895 2568 infeliciter
2941 2511 3176 2566 imitatio
3211 2511 3378 2565 insti-

1805 2623 1918 2669 tuta
1943 2622 2061 2678 est;
2093 2611 2222 2682 quia
2250 2607 2637 2678 inscriptiones
2659 2619 2874 2670 omnes,
2894 2617 3032 2672 quas
3060 2616 3164 2658 nos
3187 2599 3378 2656 defen-

1801 2707 2006 2772 dimus,
2035 2719 2142 2760 una
2170 2703 2237 2758 ad
2267 2697 2629 2772 Poiycarpum
2652 2706 2898 2765 excepta,
2927 2703 2981 2750 et
3018 2693 3297 2749 laciniosa:
3321 2700 3378 2748 et

1802 2797 2237 2868 impeditissima
2279 2800 2428 2858 sunt,
2461 2789 2704 2860 quaedam
2761 2787 2926 2841 etiam
2979 2784 3141 2854 plane
3187 2784 3376 2854 prodi-

1804 2890 1990 2960 giosae.
2019 2887 2124 2940 Ain
2153 2901 2282 2940 vero
2339 2883 2750 2952 inscriptiones,
2797 2888 2992 2950 praeter
3044 2877 3262 2932 unicam
3307 2875 3377 2930 ad

1804 2981 2186 3052 Polycarpum,
2205 2977 2500 3032 laciuiosas
2513 2984 2565 3029 et
2579 2972 3027 3042 impeditissimas
3044 2968 3198 3024 esse?
3217 2966 3376 3022 Certe

166 3069 402 3126 orationis
432 3087 724 3142 pompam,
757 3073 950 3128 miror.
983 3072 1279 3144 Gregorius
1310 3074 1705 3146 Nazianzenus,
1740 3089 1784 3150 ο
1807 3073 2094 3142 inscriptio
2121 3072 2187 3126 ad
2225 3071 2537 3141 Smyrnaeos
2557 3067 2694 3123 satis
2715 3065 2968 3136 expedita
2991 3071 3075 3118 est
3095 3081 3108 3116 :
3129 3062 3198 3116 ab
3221 3061 3378 3116 initio

167 3162 462 3229 purissimus
488 3165 754 3234 scriptor,
780 3165 982 3234 sacpius
1011 3167 1200 3221 eadem
1235 3166 1410 3221 forma
1439 3183 1575 3223 usus
1607 3175 1712 3224 est.

165 3248 394 3308 Oratione
419 3254 492 3310 25
519 3273 534 3308 :
570 3255 641 3308 Et
672 3255 732 3308 δὲ
763 3256 843 3310 ὅτι
875 3256 1303 3329 τυραννούμενος
1336 3258 1486 3330 φέρω
1509 3297 1524 3322 ,
1557 3256 1718 3311 τοῦτο

166 3342 309 3397 ἀδικῶ
330 3385 346 3409 ,
379 3346 684 3419 χαρίσασθέ
737 3365 826 3418 μοι
874 3348 973 3420 τὴν
1005 3348 1216 3402 ἀδικίαν
1246 3348 1466 3420 ταύτην.
1507 3367 1526 3399 ι
1557 3347 1714 3415 Quod

167 3435 205 3488 si
226 3447 494 3507 propterea
527 3439 790 3508 injuriom
827 3439 989 3507 facio,
1014 3441 1142 3510 quia
1176 3441 1462 3512 tyrannide
1494 3455 1715 3508 pressus

168 3539 298 3596 aquo
341 3530 526 3584 animo
574 3528 737 3594 fero,
781 3530 981 3584 donate
1025 3529 1159 3583 mihi
1206 3531 1346 3584 hanc
1383 3529 1659 3598 injuriam.
1689 3548 1708 3580 ι

170 3613 336 3672 Iterum
377 3623 634 3675 oratione
676 3621 781 3674 52:
816 3623 880 3674 El
911 3621 1083 3675 ταῦτα
1130 3620 1280 3674 δεινὰ
1313 3621 1501 3688 γέγονε
1522 3661 1536 3684 ,
1571 3637 1715 3693 παρ-

169 3705 390 3779 ελήλυθε·
444 3712 750 3784 χαρίσασθέ
802 3730 890 3783 μοι
933 3713 1032 3783 τὴν
1081 3711 1294 3765 ἀδικίαν
1324 3710 1546 3781 ταύτην.
1589 3729 1607 3761 ι
1656 3710 1712 3764 Si

171 3797 266 3855 hac
288 3802 465 3871 gravia
490 3803 724 3866 fuerint,
743 3803 1123 3873 praeterierunt
1143 3844 1159 3869 ,
1186 3802 1387 3856 donate
1415 3802 1549 3856 mihi
1575 3803 1716 3858 hanc

171 3885 414 3957 injuriam.
445 3911 464 3944 ι
507 3894 576 3948 At
629 3902 814 3948 uoster
864 3909 931 3948 ne
971 3894 1076 3948 hac
1116 3892 1334 3962 quidem
1372 3889 1547 3946 forma
1583 3910 1715 3950 usus

170 3990 255 4045 est,
287 3993 378 4037 aut
405 3986 713 4055 quidquam
747 3985 824 4039 illi
852 3986 1030 4040 simile
1061 3987 1218 4041 dixit.
1256 3985 1434 4042 lronia
1459 3997 1542 4042 est
1569 3988 1713 4057 apud

171 4073 480 4142 Apostolum,
525 4087 584 4132 et
619 4077 839 4148 quidem
893 4077 1184 4133 manifesta
1219 4079 1402 4148 (utet
1431 4079 1574 4149 apud
1608 4075 1714 4131 Na-

173 4164 483 4239 aianzenum)
514 4183 630 4238 qua
668 4169 906 4238 graviter
930 4166 1247 4222 Corinthios
1279 4167 1550 4240 ohjurgat,
1577 4169 1713 4238 μετὰ

171 4253 342 4326 mni};
387 4257 696 4330 βαρύτητας
757 4257 920 4330 ἔθηκε
965 4259 1066 4330 τὴν
1115 4261 1464 4332 ἐπιτίμησιν,
1517 4261 1611 4314 καὶ
1653 4261 1715 4315 τὸ

1805 3164 1874 3219 ad
1905 3163 2068 3218 ﬁnem
2095 3161 2380 3232 aequaliter
2395 3159 2545 3223 fluit;
2581 3157 2730 3212 nullo
2761 3154 2922 3210 modo
2948 3153 3130 3207 hiulca
3167 3161 3263 3206 aut
3293 3151 3376 3202 in-

1805 3264 2050 3326 terrupta
2079 3263 2194 3320 est;
2220 3253 2435 3324 singula
2459 3259 2641 3306 autem
2672 3249 2877 3318 Optime
2900 3247 3196 3302 cohaerent.
3221 3242 3374 3310 Quo-

1805 3351 1952 3406 circa
1987 3363 2094 3402 non
2119 3348 2300 3400 minus
2340 3345 2443 3399 ista
2468 3357 2632 3412 quam
2671 3341 2847 3410 ipsius
2896 3352 3084 3394 comes
3110 3337 3179 3390 ad
3211 3333 3374 3406 Poly-

1805 3458 2054 3513 carpum,
2081 3438 2402 3509 excipienda
2435 3436 2556 3490 fuit.
2600 3434 2746 3488 Idem
2775 3431 3067 3487 dicendum
3088 3429 3155 3483 de
3185 3428 3276 3482 illa
3307 3433 3384 3508 ad.

1806 3534 2096 3605 Ephesios,
2126 3532 2193 3587 de
2218 3531 2310 3585 illa
2342 3529 2504 3583 etiam
2535 3527 2604 3582 ad
2632 3525 2967 3589 Trallesios;
3012 3537 3188 3592 neque
3226 3521 3374 3578 enim

1805 3638 1995 3684 contra
2021 3627 2120 3682 has
2147 3625 2232 3680 vel
2273 3639 2382 3677 una
2428 3619 2747 3690 exceptione
2775 3618 2946 3673 utitur
2991 3616 3076 3671 vir
3126 3616 3351 3673 doctissi

1806 3737 1952 3776 mus.
1982 3719 2119 3774 Tres
2151 3718 2316 3788 igitur
2371 3713 2750 3769 tantummodo
2793 3719 3118 3781 supersunt,
3170 3710 3376 3780 quibus

1805 3813 1936 3885 quid
1969 3813 2131 3866 habet
2159 3809 2305 3878 quod
2337 3806 2563 3876 obiiciat
2591 3803 2893 3858 videamus.

1878 3905 2070 3960 Totam
2103 3903 2250 3957 illam
2300 3901 2366 3955 ad
2426 3899 2706 3954 Romanos
2748 3903 2806 3950 et
2830 3893 3018 3949 Graece
3069 3900 3126 3947 et
3186 3891 3380 3946 Latine

1807 3997 2173 4067 transcripsit,
2199 3993 2454 4049 etGraeca
2478 3991 2698 4061 quidem
2729 4004 2840 4043 uuo
2871 3995 3082 4040 tantum
3114 3983 3380 4040 vocabulo

1804 4090 1940 4146 Θεοῦ
1997 4089 2266 4144 auctiora.
2313 4084 2689 4140 Prolixitatem
2745 4088 2998 4144 accusat;
3033 4076 3276 4133 defendit
3316 4074 3375 4130 S.

1804 4184 2029 4248 Paulus,
2055 4181 2148 4252 qui
2173 4178 2418 4249 epistola:
2444 4191 2557 4232 suae
2591 4176 2658 4229 ad
2680 4173 2926 4228 eamdem
2959 4170 3260 4226 Ecclesiam
3296 4169 3380 4220 in—

1809 4276 2162 4344 scriptionem
2219 4270 2451 4340 prwﬁxit
2501 4267 2728 4336 :equalis
2760 4264 2949 4318 saltem
2999 4259 3376 4330 longitudinis.

173 4343 276 4417 ἑξῆς
311 4351 750 4423 φορτικώτερον,
813 4352 990 4424 inquit
1047 4355 1496 4426 Chrysostomus.
1554 4353 1710 4411 Nulla

1821 4343 2020 4421 leliora
2067 4362 2290 4432 scripsit
2325 4357 2648 4430 Apostolus,
2688 4371 2796 4409 non
2846 4353 3115 4408 breviora.
3146 4350 3380 4404 Coaccr-

174 4438 290 4534 apud
323 4438 586 4511 Ignatium
634 4443 881 4498 beneﬁcii
924 4447 1410 4512 commemoratio,
1445 4446 1591 4500 nulla
1625 4447 1682 4502 in

1821 4465 1917 4512 rata
1966 4463 2020 4510 et
2066 4468 2325 4523 spumosa
2374 4450 2610 4520 epitheta
2655 4447 2912 4512 damnat;
2949 4451 3176 4498 excusat
3202 4442 3380 4512 gentis

173 4532 301 4588 iuriae
327 4534 548 4600 mentio,
586 4532 727 4587 forte
764 4550 832 4589 ne
865 4534 1286 4591 condonatiouis
1307 4537 1550 4606 quidem.
1574 4539 1712 4606 Συγ-

1821 4545 2061 4620 iyrorum
2108 4546 2164 4599 in
2199 4541 2488 4599 scribendo
2534 4554 2689 4603 mos,
2723 4545 2778 4590 et
2818 4535 3102 4590 familiaris
3143 4547 3378 4588 consue-

175 4627 461 4689 γνωμονείτε
497 4633 616 4681 ιυηι
666 4627 732 4680 ad
777 4626 1120 4696 Trallenses,
1158 4639 1271 4683 tum
1306 4631 1375 4684 ad
1434 4629 1714 4684 Romanos
1799 4639 1948 4700 tudo,
1976 4652 2097 4707 qua:
2144 4635 2260 4690 haec
2305 4632 2365 4688 S.
2401 4630 2609 4704 lgnatio
2650 4627 2835 4698 potius
2867 4640 3169 4698 congruere
3196 4632 3381 4679 osten-

179 4717 325 4780 POtius
360 4740 377 4772 ι
414 4725 790 4794 acquiescite,
831 4727 882 4780 in
924 4742 1104 4781 meam
1146 4729 1472 4783 sententiam
1522 4744 1716 4784 conce-

177 4803 294 4870 dite,
328 4830 345 4862 ι
375 4814 758 4886 συγγνώμονές
811 4834 901 4885 μοι
953 4817 1077 4869 ἐστε
1101 4858 1114 4881 ,
1151 4818 1216 4871 ad
1260 4815 1537 4871 Romanos
1575 4833 1714 4886 prae.

180 4901 363 4971 sertim,
397 4907 832 4978 συγγνωμονεῖτὲ
869 4925 993 4978 μοι,
1033 4907 1106 4979 μὴ
1140 4907 1465 4978 ὲμποδίσητέ
1501 4923 1588 4977 μοι
1618 4905 1718 4978 ﬁt"

183 5005 268 5044 σειι.
298 5013 314 5046 ‹
333 4995 701 5055 Cousentiatis
723 5001 882 5067 mihi,
904 5016 973 5055 ne
1009 5001 1397 5069 impedimento
1428 4999 1548 5054 sitis
1579 5013 1719 5068 quo-

179 5082 327 5140 minus
358 5088 556 5144 vivam.
582 5109 601 5142 ›
635 5088 693 5144 Si
731 5092 1164 5160 συγγνωμονεῖτε
1199 5098 1493 5153 vertamus,
1521 5106 1541 5140 ε
1565 5089 1720 5160 igno-

181 5178 305 5243 scite,
333 5199 349 5231 ι
379 5199 444 5239 ne
476 5185 559 5239 sic
591 5183 812 5254 quidem
830 5183 1063 5237 Paulino
1081 5181 1399 5256 χαρίζεσθαι
1428 5182 1722 5252 respondet

181 5279 255 5322 aut
273 5271 403 5329 illius
426 5275 620 5330 ironia).
648 5275 975 5346 elegantiam
1004 5275 1283 5346 exprimit,
1302 5283 1393 5329 aut
1418 5274 1718 5343 quidquam

179 5371 279 5413 cum
309 5364 392 5420 illo
423 5368 488 5421 ad
511 5366 831 5422 Corinthios
863 5368 986 5422 loco
1017 5381 1310 5422 commune
1337 5366 1522 5430 habet,
1546 5365 1719 5418 multo

182 5450 331 5511 minus
367 5461 634 5515 orationis
664 5474 942 5530 pompam.

727 5573 957 5631 CAPUT
987 5573 1132 5628 XVI.

185 5654 389 5738 Ignotius
410 5677 586 5722 noster
611 5667 924 5738 Apostolum
946 5667 1003 5720 in
1032 5663 1467 5738 inscriptionibus
1522 5665 1716 5734 episto-

234 5732 390 5800 larum
427 5732 687 5794 imitatur.
739 5736 872 5804 ρυω
939 5732 1247 5807 apostolicis
1298 5732 1560 5804 longiores
1610 5751 1718 5789 non

1807 4733 1904 4787 dit.
1935 4729 2234 4784 Asiaticum
2267 4723 2522 4794 loquendi
2567 4736 2740 4792 genus
2771 4717 3243 4788 reprehendebant
3271 4717 3380 4770 cri-

1809 4825 1899 4878 tici
1933 4829 2183 4884 veteres;
2228 4817 2320 4872 sed
2363 4815 2502 4869 nihil
2547 4813 2694 4868 aliud
2749 4809 3141 4880 exspectabant
3199 4808 3268 4861 ah
3312 4808 3382 4862 iis

1809 4914 1902 4984 qui
1939 4913 1994 4966 in
2019 4911 2150 4966 Asia
2185 4923 2400 4976 semper
2430 4905 2706 4960 vixerunt.
2759 4903 2952 4958 Cicero
2981 4901 3052 4954 De
3076 4900 3236 4954 claris
3259 4916 3382 4952 ora—

1813 5005 2012 5058 toribus
2033 5020 2055 5054 :
2090 5020 2108 5053 ι
2132 4999 2271 5055 Hinc
2299 4999 2526 5054 Asiatici
2569 5005 2816 5052 oratores
2845 5010 2955 5050 non
2994 4990 3380 5063 contemnendi

1813 5096 2031 5165 quidem
2055 5108 2158 5148 nec
2185 5091 2464 5147 celeritate
2486 5103 2588 5144 nec
2615 5087 2774 5158 copia
2791 5127 2808 5153 ,
2841 5086 2938 5142 sed
2981 5100 3176 5155 parum
3203 5082 3382 5153 pressi

1814 5195 1864 5241 et
1889 5185 2052 5240 nimis
2084 5182 2479 5238 redundantes.
2512 5199 2532 5232 ι
2574 5177 2632 5233 Si
2661 5177 3032 5232 redundantes
3074 5183 3146 5230 et'
3160 5173 3382 5230 tumidae

1814 5276 2098 5330 videantur
2121 5272 2506 5344 inscriptiones
2526 5268 2844 5339 lgnatiauaa,
2875 5280 3039 5321 nemo
3067 5263 3382 5328 mirabitur,

1817 5366 1909 5436 qui
1935 5373 2214 5420 auctorem
2245 5378 2312 5418 ex
2333 5363 2462 5418 Asia
2488 5361 2573 5415 vel
2601 5359 2756 5432 Syria
2783 5357 3085 5428 profectum
3129 5369 3253 5410 esse
3284 5366 3382 5407 no-

1817 5457 1910 5510 vit.
1942 5455 2099 5510 Alius
2129 5454 2349 5524 quidem
2377 5453 2662 5507 character
2693 5448 2942 5520 epistolis
2970 5443 3381 5501 convenientior

1816 5547 1994 5616 putari
2023 5547 2180 5612 solet,
2212 5545 2304 5599 sed
2341 5542 2724 5597 familiaribus.
2775 5540 2882 5596 Ubi
2908 5539 2977 5594 ad
3002 5537 3275 5592 maximas
3299 5537 3382 5590 ci-

1813 5639 2010 5693 vitates
2071 5637 2347 5700 scribitur,
2413 5633 2618 5705 aliquid
2669 5632 2872 5688 elatius
2916 5629 3253 5686 conceditur.
3304 5627 3383 5680 lta

1813 5739 1968 5786 vetus
1995 5727 2230 5798 scriptor
2250 5727 2378 5798 περὶ
2411 5724 2708 5797 ἑρμηνείας
2742 5723 2846 5780 sub
2868 5721 3126 5778 Demetrii
3147 5717 3381 5776 Phalerii
