3852 6206
417 267 528 323 4‘33

1589 267 1941 323 lGNATlUS.
1982 301 2050 309 —
2079 268 2617 326 PROLEGOMENA.

3581 274 3682 328 ωδ

415 387 655 440 nomine.
693 384 843 436 Ἐπεὶ
877 379 931 436 δὲ
965 385 1056 436 καὶ
1094 384 1277 437 πόλεσι
1299 400 1426 456 ποτε
1447 386 1538 436 καὶ
1561 383 1836 454 βασιλεῦσι
1856 385 1982 456 γρά-

2093 385 2152 439 tii
2184 401 2308 441 cum
2351 389 2452 442 hac
2487 387 2714 457 epistola
2747 389 3096 457 continebat;
3145 391 3289 446 unde
3335 391 3534 447 titulus
3589 393 3679 446 hic

415 495 606 547 φυμεν,
643 476 884 529 ἔστωσαν
918 475 1159 530 τοιαῦται
1192 477 1248 530 αἱ
1292 477 1569 530 ἐπιστολαὶ
1606 479 1798 549 μικρὸν
1831 477 1995 550 ἐξηρ-

419 572 576 641 μέναι
611 586 746 631 πως.
789 589 804 619 ε
832 568 966 622 Cum
991 578 1170 622 autem
1200 567 1275 621 ad
1309 568 1557 624 civitates
1599 569 1894 624 scribimus
1943 579 1997 624 et

414 678 589 733 reges,
623 663 730 716 sint
764 662 898 714 tales
933 661 1175 730 epistolae
1218 659 1379 728 paulo
1410 658 1818 729 quodammodo
1874 661 1993 716 ela-

415 757 601 810 tiores.
632 773 649 805 ι
685 757 818 808 Cum
856 753 1020 823 igitur
1053 753 1165 806 bzec
1197 751 1425 820 epistola
1458 751 1522 806 ad
1557 749 1834 806 Romanos
1857 752 1992 807 scri-

414 858 502 916 pta
547 846 638 908 sit,
671 854 723 898 et
755 845 823 898 ab
868 843 1089 898 homine
1117 843 1382 906 Asiatico,
1416 857 1523 896 non
1571 843 1769 896 mirum
1813 843 1859 898 si
1904 843 1991 897 in-

412 937 641 1006 scriptio
678 947 731 990 et
759 935 1070 990 redundans
1099 943 1154 989 et
1181 935 1322 989 elata
1358 935 1450 988 sit.
1489 933 1798 990 Recolenda
1825 935 1990 990 etiam

413 1033 502 1086 hic
528 1039 656 1086 sunt
682 1045 804 1099 qua:
834 1029 900 1082 de
923 1043 1154 1082 numero
1188 1028 1549 1097 epithetornm
1573 1039 1697 1084 ante
1725 1029 1986 1084 diximus.

410 1123 594 1192 Neque
639 1123 704 1176 de
754 1121 838 1176 his
885 1121 1209 1174 sententiam
1261 1118 1516 1174 Halloixii
1559 1135 1762 1186 moror,
1795 1122 1848 1176 in
1881 1138 1990 1191 quo

410 1217 529 1270 viro
556 1213 821 1284 judicium
865 1227 972 1266 non
1015 1220 1227 1266 tantum
1268 1228 1297 1266 a
1329 1212 1556 1278 nostris,
1580 1213 1674 1266 sed
1707 1221 1762 1267 et
1791 1228 1821 1267 a
1852 1214 1989 1279 suis,

409 1317 463 1362 et
487 1324 515 1361 a
547 1306 746 1360 Dallzeo
774 1304 1036 1367 maxime,
1067 1303 1390 1373 requiritur.
1425 1301 1623 1371 chicit
1645 1304 1732 1358 ille
1755 1305 1986 1374 epitheta

414 1414 668 1468 tanquam
713 1397 855 1451 male
893 1405 1170 1466 congesta,
1221 1411 1344 1465 quae
1391 1411 1514 1450 cum
1556 1396 1684 1449 alibi
1732 1396 1986 1461 admittit,

414 1490 689 1560 rejiciendi
744 1491 878 1544 satis
925 1503 1144 1558 gravem
1177 1503 1398 1542 causam
1444 1502 1552 1541 non
1585 1487 1794 1542 habuit.
1831 1487 1984 1554 Quod

413 1595 588 1638 autem
619 1584 850 1652 vulgatre
883 1580 1225 1650 inscriptioni
1257 1579 1404 1633 illam
1441 1578 1824 1650 Metaphrastae
1850 1596 1986 1649 prm-

412 1678 594 1733 tulerit
644 1676 971 1738 Halloixius,
1002 1675 1054 1728 in
1087 1689 1150 1728 ea
1183 1689 1242 1728 re
1277 1681 1424 1728 certe
1458 1688 1566 1726 non
1615 1673 1752 1728 adeo
1797 1673 1984 1743 exagi-

411 1770 607 1824 tandus
636 1778 774 1832 erat,
808 1769 854 1822 si
892 1782 1003 1820 rem
1044 1766 1238 1836 ipsam,
1273 1781 1379 1819 non
1411 1765 1529 1834 ejus
1563 1766 1824 1830 rationes,
1853 1781 1986 1820 con-

411 1862 735 1915 sideremus.
782 1856 1091 1926 Inscriptio,
1141 1870 1304 1924 quam
1338 1856 1554 1909 unicam
1585 1855 1672 1909 ille
1707 1854 1864 1920 vidit,
1897 1855 1986 1908 in-

409 1953 754 2022 terpolatoris
803 1966 966 2004 manu
1014 1957 1068 2004 et
1117 1956 1322 2002 mutata
1377 1956 1620 2017 et,aucta
1657 1946 1779 2012 fuit,
1812 1962 1988 2016 neque

409 2061 508 2114 pro
541 2046 753 2099 sincera
780 2042 968 2096 haberi
997 2041 1202 2095 debuit.
1231 2041 1324 2094 llla
1348 2050 1552 2104 autem,
1578 2055 1742 2109 quam
1769 2039 1988 2095 exhibet

410 2137 820 2206 Metaphrastes,
864 2134 909 2187 si
947 2149 1044 2202 pro
1083 2133 1319 2202 genuina
1359 2132 1668 2199 haberetur,
1701 2148 1731 2186 a
1770 2134 1988 2187 nemine

410 2228 582 2282 refelli
635 2237 835 2296 posset.
889 2224 1121 2293 Ideoque
1165 2224 1257 2278 hic
1301 2222 1574 2279 Halloixio
1611 2238 1872 2279 assensus
1901 2231 1985 2280 est

412 2321 693 2383 Usserius;
750 2333 923 2387 neque
965 2317 1157 2370 horum
1199 2317 1523 2371 sententiam
1577 2316 1761 2370 Dallaei
1817 2332 1984 2386 argu-

409 2422 587 2464 menta
625 2411 734 2464 ullo
769 2409 928 2461 modo
973 2405 1324 2461 labefactant.
1363 2405 1568 2473 Primo,
1608 2407 1805 2477 inquit,
1840 2425 1858 2458 ‹
1895 2423 1983 2462 re-

408 2515 612 2574 pugnat
635 2502 879 2556 omnium
908 2500 1169 2553 librorum
1200 2499 1355 2562 fides,
1379 2507 1434 2552 et
1454 2497 1766 2553 Graecorum
1795 2508 1849 2552 et
1880 2497 1986 2552 La-

407 2597 669 2659 tinorum,
704 2593 795 2662 qui
847 2595 1028 2655 istam,
1065 2606 1227 2659 quam
1260 2589 1633 2655 recitavimus,
1669 2590 1984 2659 inscriptio-

407 2705 526 2743 nem
555 2687 830 2742 exhibent.
857 2703 875 2734 ι
905 2683 974 2736 At
1001 2697 1192 2736 omnes
1213 2682 1266 2735 hi
1290 2680 1463 2735 Graaci
1489 2681 1611 2735 libri
1635 2681 1743 2735 duo
1775 2691 1983 2736 tantum

406 2790 552 2843 sunt,
580 2777 1025 2849 Nydpruccianus
1051 2784 1104 2828 et
1126 2774 1511 2842 Augustanus;
1552 2781 1781 2842 uterque
1803 2782 1983 2828 autem

405 2875 473 2928 ab
525 2872 726 2927 infelici
773 2867 1178 2938 interpolatoris
1221 2881 1408 2920 manu.
1450 2863 1587 2919 Nam
1619 2865 1791 2921 codex
1819 2865 1986 2921 Medi-

404 2982 532 3022 ccus
565 2967 650 3020 hic
680 2980 779 3019 nos
804 2962 1068 3028 destituit,
1106 2961 1194 3015 cui
1239 2959 1381 3014 hanc
1407 2961 1691 3030 epistolam
1736 2960 1982 3016 defuisse

2100 475 2154 529 in
2196 493 2302 531 ms.
2335 476 2558 533 Caiensi
2611 478 2867 548 prtefixus
2908 491 3158 550 apparet:
3193 481 3514 551 Martyrium
3549 481 3683 537 San-

2096 571 2166 622 cti
2213 569 2413 640 lgnatii
2462 572 2693 641 episcopi
2741 571 3058 637 Antiochiw,
3105 576 3209 628 sive
3265 576 3491 643 epistola
3534 575 3680 631 XII.

2094 661 2215 731 Ipsa
2246 671 2426 715 autem
2458 660 2591 716 Acta
2619 663 2942 732 interpolata
2969 674 3119 730 sunt,
3145 675 3198 720 et
3221 682 3285 720 eo
3307 668 3530 736 quidem
3558 670 3684 722 loco

2094 753 2185 808 ubi
2227 753 2458 824 epistola
2512 753 2626 808 haac
2683 754 2974 822 inseritur;
3031 768 3091 811 ut
3130 774 3160 812 a
3201 759 3684 828 perspicacissimo

2093 845 2442 900 Armachano
2476 845 2826 900 observatum
2860 858 2962 902 est.
3013 851 3190 920 Atque
3228 852 3342 906 haec
3371 852 3439 906 de
3471 853 3683 907 codici-

2093 937 2196 991 bus
2221 935 2426 991 Graecis
2450 945 2503 991 et
2533 934 2764 992 Latinis.
2801 936 3076 1003 Secundo,
3115 942 3159 995 si
3193 943 3307 996 haec
3331 951 3677 1011 reputemus,

2094 1029 2280 1082 nescio
2329 1027 2605 1098 quomodo
2651 1031 2992 1099 inscriptioni
3028 1031 3407 1103 Metaphrastaa
3454 1050 3680 1089 omnem

2099 1121 2282 1175 locum
2304 1121 2721 1192 denegabimus.
2754 1123 2872 1193 Ipse
2893 1123 3170 1194 professus
3204 1135 3286 1180 est
3313 1141 3372 1180 se
3391 1126 3682 1195 epistolam

2093 1211 2234 1267 hanc
2285 1213 2350 1267 ad
2403 1212 2680 1268 Romanos
2725 1215 2816 1266 ἐπὶ
2850 1213 3066 1279 λέξεως,
3124 1216 3190 1270 ad
3237 1217 3465 1270 verbum
3527 1227 3676 1271 tran-

2098 1303 2408 1374 scripsisse,
2437 1314 2491 1360 et
2535 1306 2755 1375 scriptis
2787 1307 2900 1361 suis
2928 1308 3243 1364 inseruisse.
3279 1308 3358 1360 An
3383 1309 3488 1363 hoc
3517 1324 3682 1362 men-

2090 1397 2308 1451 dacium
2351 1412 2474 1453 esse
2517 1398 2786 1461 dicemus,
2832 1400 3130 1468 praesertim
3174 1415 3297 1455 cum
3334 1402 3680 1455 contrarium

2089 1503 2278 1542 verum
2304 1503 2425 1544 esse
2455 1489 2607 1544 nullo
2653 1490 2815 1545 modo
2840 1492 3071 1560 probare
3111 1494 3425 1561 possimus?
3462 1492 3676 1548 Demus

2093 1576 2401 1634 Simeonem
2444 1581 2594 1636 illum
2637 1582 2807 1636 multa
2857 1581 2991 1637 falsa
3044 1585 3363 1653 scripsisse;
3397 1593 3452 1638 at
3480 1585 3678 1641 eadem

2090 1668 2158 1723 ab
2187 1669 2312 1724 aliis
2344 1684 2469 1724 eum
2503 1672 2780 1741 accepisse
2806 1675 3033 1727 omnino
3063 1675 3416 1728 credendum.
3450 1674 3678 1732 Scimus

2091 1765 2259 1817 multa
2293 1779 2416 1834 qua
2447 1765 2686 1835 scripsit,
2721 1766 2788 1820 ab
2819 1767 3059 1822 historia:
3097 1767 3200 1822 ﬁde
3226 1767 3422 1834 aliena,
3457 1769 3525 1823 ab
3549 1769 3680 1824 aliis

2089 1863 2212 1908 ante
2245 1856 2464 1919 tradita,
2498 1867 2552 1911 et
2583 1857 2664 1910 vel
2687 1872 2780 1910 ore
2806 1858 3050 1911 omnium
3075 1859 3384 1925 decantata,
3421 1861 3505 1914 vel
3533 1861 3679 1915 scri-

2088 1945 2196 2013 ptis
2227 1945 2392 2000 etiam
2428 1949 2685 2002 mandata
2723 1947 2914 2016 fuisse,
2945 1963 3001 2003 ut
3031 1951 3100 2004 iis
3131 1951 3270 2004 nihil
3303 1952 3390 2006 ille
3420 1953 3521 2006 nisi
3555 1969 3677 2007 me-

2087 2036 2317 2091 thodum
2371 2047 2425 2093 et
2477 2049 2731 2094 ornatum
2775 2041 3083 2097 contulerit.
3125 2041 3323 2097 Habuit
3372 2044 3536 2113 igitur
3585 2045 3678 2099 ille

2085 2131 2373 2200 epistolam
2403 2131 2469 2186 ad
2504 2131 2779 2188 Romanos
2812 2134 2864 2187 in
2899 2134 3050 2189 Actis
3081 2135 3270 2206 lgnatii
3312 2136 3672 2205 descriptam,

2085 2222 2219 2276 Act‘a
2246 2223 2613 2292 interpolavit,
2637 2225 2821 2278 omnia
2845 2240 2966 2295 quae
2993 2225 3059 2280 de
3086 2235 3322 2296 martyre
3339 2235 3435 2280 aut
3464 2226 3677 2297 legerat

2088 2322 2184 2368 aut
2216 2313 2524 2380 audiverat,
2547 2316 2600 2369 in
2634 2317 2968 2372 luculentum
2995 2317 3245 2373 ordinem
3287 2320 3522 2388 redegit;
3551 2321 3674 2390 cpia-

2087 2407 2304 2472 stolam,
2350 2417 2408 2462 ut
2455 2408 2754 2473 invenerat,
2800 2410 3023 2465 totidem
3064 2411 3243 2464 verbis
3292 2413 3670 2480 transcripsit.

2085 2497 2162 2552 lta
2183 2499 2399 2554 tandem
2421 2515 2507 2555 res
2530 2501 2635 2556 huc
2658 2502 2814 2566 redit,
2831 2504 3096 2556 utmerito
3113 2518 3355 2571 quaerere
3371 2505 3670 2572 possimus,

2085 2607 2152 2645 an
2197 2591 2285 2646 illa
2327 2592 2617 2661 inscriptio
2643 2609 2808 2663 quam
2848 2593 2901 2646 in
2938 2593 3089 2648 Actis
3117 2593 3308 2665 lgnatii
3348 2597 3554 2650 invenit
3585 2598 3672 2650 in-

2085 2692 2295 2753 terpres
2332 2681 2697 2749 Usserianus;
2731 2699 2799 2737 an
2833 2684 2923 2738 illa
2951 2699 3114 2753 quam
3149 2685 3202 2737 in
3234 2686 3477 2755 ejusdem
3511 2687 3672 2740 Actis

2084 2775 2286 2843 reperit
2309 2773 2530 2830 Simeon
2553 2773 2963 2844 Metaphrastes.
2991 2775 3244 2831 Judicent
3267 2779 3494 2845 eruditi;
3529 2780 3670 2833 mihi

2085 2866 2300 2921 interim
2345 2878 2538 2922 neutra
2582 2876 2774 2922 nostro
2803 2867 3023 2938 indigna
3061 2868 3296 2924 videtur.
3337 2869 3463 2926 Ηωο
3501 2871 3675 2942 igitur

2083 2960 2188 3012 erit
2234 2958 2473 3029 legitima
2526 2960 2832 3030 inscriptio,
2881 2960 2927 3015 si
2975 2961 3360 3032 Metaphrasta‘:
3412 2965 3671 3020 codicem

404 3073 456 3113 et
501 3061 658 3114 docet
712 3066 765 3111 et
826 3055 1075 3126 queritur
1125 3052 1479 3108 doctissimus
1533 3051 1782 3108 Vossius.
1840 3052 1982 3119 Quid
2011 3081 2054 3140 ο
2093 3063 2409 3117 sequamur,
2438 3058 2492 3104 et
2516 3065 2580 3104 ex
2616 3051 3025 3121 comparatione
3057 3069 3181 3107 cum
3216 3055 3464 3124 reliquis,
3497 3071 3669 3110 unam

403 3150 548 3220 quod
579 3164 676 3202 nec
705 3148 758 3200 hi
793 3148 902 3200 duo
941 3144 1114 3199 Graeci
1147 3144 1382 3211 codices,
1416 3159 1592 3212 neque
1621 3145 1873 3213 vulgatus
1900 3147 1983 3198 in-

404 3247 612 3306 terpres
661 3234 889 3289 Latinus
937 3249 1054 3287 eam
1099 3232 1335 3297 exhibet,
1370 3247 1532 3302 quam
1577 3234 1823 3288 recitavit
1856 3235 1981 3289 Dal-

405 3328 572 3383 latus?
604 3325 701 3380 llic
729 3327 871 3380 enim
901 3339 1021 3378 eam
1054 3323 1156 3376 hoc
1188 3323 1307 3377 loco
1337 3322 1526 3387 edidit,
1559 3339 1724 3393 quam
1766 3324 1984 3380 lsaacus

411 3419 635 3474 Vossius
687 3434 748 3471 ex
814 3416 1066 3472 versione
1123 3411 1419 3468 Usseriana
1471 3413 1727 3480 confecit,
1765 3423 1820 3470 et
1861 3423 1987 3485 post

403 3522 565 3567 notas
594 3512 670 3567 :in
725 3509 1008 3579 epistolam
1060 3508 1126 3562 ad
1177 3507 1452 3562 Romanos
1477 3507 1563 3562 edi
1592 3507 1834 3570 curavit;
1874 3522 1982 3562 non

402 3601 548 3672 quod
589 3601 643 3654 in
677 3601 787 3653 ullo
835 3599 1022 3653 codice
1056 3599 1126 3652 ita
1164 3599 1450 3668 legeretur,
1481 3598 1575 3653 sed
1615 3598 1762 3668 quod
1801 3598 1876 3652 ita
1910 3598 1986 3652 le-

403 3695 632 3763 gendam
673 3707 792 3746 esse
831 3707 895 3744 ex
940 3691 1105 3744 veteri
1157 3690 1449 3760 interprete
1502 3690 1616 3759 ipse
1662 3691 1977 3759 conjiceret.

404 3784 530 3838 Ha'c
559 3794 736 3838 autem
766 3781 1046 3837 Usseriani
1082 3783 1392 3851 interpretis
1437 3798 1560 3836 cum
1595 3781 1800 3837 Graecis
1832 3783 1980 3836 codi-

403 3877 560 3931 cibus
592 3892 697 3929 non
725 3876 860 3929 bene
896 3875 1250 3929 conveniunt.
1287 3872 1556 3927 Nonnulla
1606 3873 1694 3928 ille
1728 3874 1886 3928 aliter
1925 3875 1980 3928 in

404 3977 506 4023 s‘uo
537 3967 722 4020 codice
761 3966 907 4034 legit,
941 3975 1000 4019 ut
1037 3980 1135 4034 pro
1170 3965 1862 4038 ήγιασμένῃ,ὴγαπημένῃ,
1884 3981 1983 4034 pro

403 4061 746 4130 ποιήσαντος,
784 4057 1126 4126 Θελήσαντος,
1162 4071 1262 4125 pro
1287 4057 1430 4125 ἥτις,
1467 4056 1588 4125 ἥτις
1622 4057 1726 4120 καί,
1767 4072 1865 4126 pro
1883 4075 2003 4126 χω·-

406 4154 543 4223 ρίου,
581 4153 665 4217 (ut
697 4149 930 4216 videtur)
961 4146 1143 4217 χοροῦ,
1179 4161 1279 4215 pro
1313 4144 1772 4208 ἀξιοεπίτευκτος,
1811 4143 1983 4208 ἁξιοε-

402 4244 662 4303 πίτακτος
685 4281 698 4304 ,
736 4256 832 4309 pro
865 4239 1102 4308 ἀγάπης,
1139 4240 1196 4291 ὲν
1229 4237 1452 4308 ἀγάπῃ,
1502 4251 1600 4306 pro
1643 4235 1836 4299 αὑτοῦ,
1873 4236 1982 4287 Πα-

402 4337 548 4405 τρός,
585 4349 683 4404 pro
717 4336 772 4385 ὲν
805 4332 922 4402 Θεῴ
955 4333 1048 4385 καὶ
1081 4330 1270 4401 Κυρίῳ
1303 4327 1461 4400 ἡμῶν
1483 4369 1497 4391 ,
1534 4331 1591 4381 ὲν
1641 4328 1829 4398 Κυρίῳ
1861 4326 1981 4396 Θεῷ

2084 3149 2180 3194 aut
2222 3142 2443 3195 alteram
2491 3141 2835 3196 manifestam
2868 3143 3345 3212 interpolationem
3384 3147 3669 3202 tollamus,

2097 3232 2374 3301 Ἰγνάτιος,
2409 3235 2436 3285 ὁ
2472 3233 2562 3286 καὶ
2596 3233 2899 3304 Θεοφόρος,
2947 3238 3012 3305 τῇ
3062 3236 3339 3310 ἡλεημένῃ
3387 3241 3445 3291 ἐν
3497 3257 3672 3309 μεγα-

2084 3322 2319 3394 λειότητι
2361 3324 2574 3396 Πατρὸς
2626 3325 2855 3393 ὑψίστου
2901 3327 2994 3380 καὶ
3058 3328 3231 3398 Ἰησοῦ
3282 3331 3520 3402 Χριστοῦ
3572 3333 3670 3386 τοῦ

2089 3416 2406 3484 μονογενοῦς
2438 3416 2568 3469 Υἱοῦ
2601 3417 2794 3481 αὑτοῦ,
2846 3419 3139 3491 Ἐκκλησίᾳ
3190 3423 3523 3498 ἠγαπημένη
3575 3429 3675 3479 καὶ

2086 3507 2470 3579 πεφωτισμένῃ
2503 3511 2561 3561 ὲν
2596 3508 2859 3580 θελήματι
2893 3511 2987 3564 τοῦ
3023 3511 3350 3583 θελήσαντος
3382 3515 3449 3568 τὰ
3485 3517 3674 3571 πάντα

2085 3597 2120 3649 ἆ
2152 3598 2268 3650 ἐστι
2303 3600 2421 3650 κατ’
2454 3599 2674 3669 ἀγάπην
2720 3599 2892 3670 Ἰησοῦ
2927 3602 3163 3672 Χριστοῦ
3185 3604 3277 3656 τοῦ
3311 3605 3446 3658 Θεοῦ
3484 3608 3669 3676 ἡμῶν,

2082 3689 2203 3759 ἥτις
2236 3690 2326 3742 καὶ
2360 3691 2698 3762 προκάθηται
2732 3695 2790 3745 ὲν
2824 3693 2974 3763 τόπῳ
3007 3696 3207 3766 χωρίου
3254 3696 3581 3767 Ῥωμαίων(
3605 3700 3674 3769 ἦν

2083 3782 2175 3834 καὶ
2217 3782 2527 3852 ἀσπάζομαι
2578 3785 2636 3836 ὲν
2695 3785 2919 3854 ὀνόματι
2985 3785 3158 3856 Ἰησοῦ
3226 3788 3462 3858 Χριστοῦ
3524 3790 3673 3843 κατὰ

2085 3874 2263 3945 σάρκα
2302 3875 2392 3927 καὶ
2426 3873 2642 3946 πνεῦμα
2692 3877 2979 3948 ἡνωμένην
3021 3879 3171 3952 πάσῃ
3222 3879 3410 3950 ἐντολῇ
3474 3879 3669 3946 αὐτοῦ,

2084 3965 2516 4038 πεπληρωμένην
2570 3968 2788 4039 χάριτος
2839 3969 3052 4040 Θεοῦ),
3100 3974 3158 4024 ἐν
3203 3971 3422 4043 Χριστῷ
3486 3971 3670 4042 Ἰησοῦ

2082 4055 2158 4125 τῷ
2190 4057 2305 4127 Θεῴ
2342 4058 2568 4129 χαίρειν.
2633 4057 2941 4128 «lgnatius,
3001 4061 3094 4131 qui
3157 4072 3209 4116 et
3273 4061 3664 4130 Theophorus,

2083 4145 2513 4200 misericordiam
2545 4157 2853 4202 consecutae
2882 4149 2935 4202 in
2973 4149 3259 4218 majestate
3296 4150 3475 4207 Patris
3504 4154 3668 4209 altis-

2082 4237 2206 4291 simi
2247 4247 2301 4291 et
2335 4236 2462 4291 Jesu
2497 4237 2704 4294 Christi
2752 4241 2926 4296 solius
2960 4243 3080 4311 ejus
3109 4241 3256 4306 Filii,
3293 4243 3553 4300 Ecclesiae
3581 4250 3670 4302 di-

2080 4329 2252 4392 lectae,
2290 4337 2344 4382 et
2380 4329 2698 4385 illuminata:
2741 4333 3024 4386 voluntate
3053 4334 3284 4389 volentis
3325 4339 3507 4391 omnia
3541 4355 3672 4408 quae

403 4426 578 4497 ἡμῶν,
615 4441 680 4480 ac
706 4425 958 4492 denique,
988 4430 1044 4476 ut
1068 4421 1268 4476 Dallaao
1291 4421 1488 4490 placet,
1527 4435 1626 4489 pro
1675 4419 1974 4491 χριστώνυ-

2086 4429 2208 4475 sunt
2233 4421 2532 4475 secundum
2561 4422 2906 4478 dilectionem
2947 4423 3074 4478 Jesu
3101 4426 3306 4482 Christi
3335 4427 3428 4482 Dei
3465 4434 3670 4498 nostri,

405 4534 523 4587 μος,
559 4517 912 4587 χριστόνομος
933 4531 946 4543 ⁸
987 4514 1138 4582 plura
1164 4514 1217 4566 in
1245 4528 1310 4568 eo
1342 4528 1450 4566 non
1481 4512 1635 4572 vidit,
1661 4521 1721 4566 ut
1741 4510 1896 4575 Θεοῦ,
1923 4519 1978 4564 et

400 4624 596 4662 rursus
617 4607 772 4670 Θεοῦ,
808 4607 988 4659 πίστιν
1021 4605 1135 4670 καὶ,
1158 4605 1250 4658 καὶ
1288 4605 1562 4676 σωτῆρος,
1599 4602 1976 4673 πνευματοφό-

404 4721 496 4774 ρος
517 4744 534 4767 ,
583 4700 716 4753 Θεοῦ
767 4698 1200 4769 παντοκράτορος
1245 4698 1338 4751 καὶ
1361 4738 1375 4763 ,
1423 4697 1602 4767 πάσης
1625 4738 1639 4762 ,
1676 4697 1768 4750 καὶ
1800 4696 1975 4767 Πατρὶ

403 4793 516 4846 καί.
543 4793 661 4845 Alia
685 4791 850 4860 igitur
871 4799 955 4845 est
985 4789 1270 4858 inscriptio
1298 4805 1462 4858 quam
1489 4789 1624 4843 vidit
1646 4787 1972 4849 Halloixius,

400 4885 508 4940 alia
556 4898 720 4952 quam
769 4898 834 4935 ex
872 4880 1068 4934 Latino
1120 4880 1414 4948 interprete
1460 4879 1698 4935 confecit
1723 4877 1972 4942 Vossius,

401 4974 651 5028 recitavit
677 4971 930 5027 Dallzeus.
961 4971 1122 5026 Solus
1155 4970 1319 5040 igitur
1347 4970 1611 5038 interpres
1647 4966 1974 5022 Usserianus

400 5065 628 5118 relictus
655 5073 758 5128 est,
783 5063 876 5132 qui
901 5060 1239 5130 inscriptioni
1268 5075 1298 5113 a
1324 5057 1523 5113 Dallaeo
1549 5059 1790 5113 recitata:
1813 5056 1971 5110 fidem

401 5154 599 5222 faciat;
628 5153 774 5223 quod
803 5153 1022 5223 quidem
1051 5167 1148 5221 per
1173 5167 1260 5204 me
1288 5149 1434 5204 licet.
1470 5147 1617 5202 Nihil
1642 5148 1790 5203 enim
1820 5149 1874 5202 in
1909 5162 1972 5201 ea

400 5246 641 5310 invenio,
667 5245 812 5314 quod
855 5243 912 5297 S.
945 5243 1155 5313 lgnatio
1180 5243 1342 5298 tribui
1391 5258 1500 5296 non
1548 5241 1744 5296 merito
1777 5240 1971 5310 possit.

402 5331 475 5390 Ut
501 5346 680 5389 tamen
719 5337 865 5404 quod
906 5351 1094 5390 verum
1144 5351 1264 5390 esse
1313 5335 1472 5389 video
1519 5333 1698 5387 dicam
1731 5351 1746 5385 :
1787 5347 1972 5401 parem

405 5429 564 5481 fidem
589 5431 858 5498 interpres
882 5427 1210 5485 Usserianus
1241 5430 1295 5482 in
1325 5427 1554 5498 epistola
1575 5426 1640 5480 ad
1676 5425 1972 5488 Romanos,

398 5521 449 5574 ei
478 5537 651 5590 quam
672 5525 727 5575 in
760 5524 881 5577 aliis
911 5523 1137 5584 obtinet,
1167 5521 1362 5574 mereri
1392 5517 1626 5572 fortasse
1655 5531 1764 5570 non
1795 5515 1978 5569 videa-

400 5619 508 5664 tur.
535 5611 654 5666 Non
681 5615 822 5667 enim
850 5631 969 5668 eam
1001 5630 1066 5668 ex
1102 5611 1335 5682 simplici
1356 5611 1593 5666 editione
1615 5608 1976 5679 genuinarum

402 5701 751 5759 euisrolarum
780 5705 1076 5771 transtulit,
1095 5705 1186 5759 sed
1211 5719 1276 5759 ex
1303 5702 1413 5767 illa,
1437 5716 1558 5771 quae
1580 5701 1714 5756 Acta
1742 5698 1799 5756 S.
1822 5697 1975 5768 lgna-

2078 4527 2200 4582 qum
2226 4521 2278 4566 et
2303 4514 2555 4581 praesidet
2584 4515 2639 4568 in
2669 4515 2788 4570 loco
2810 4517 3047 4585 regionis
3076 4517 3448 4575 Romanorum
3475 4527 3671 4592 (quam

2077 4603 2240 4656 etiam
2295 4603 2473 4657 saluto
2521 4604 2574 4656 in
2616 4607 2840 4660 nomine
2895 4605 3026 4661 Jesu
3081 4609 3310 4673 Christi,
3359 4615 3669 4669 secundum

2075 4708 2294 4745 carnem
2355 4703 2408 4747 et
2463 4694 2714 4762 Spiritum
2771 4697 2981 4750 unitam
3035 4697 3184 4750 omni
3228 4700 3486 4753 mandato
3514 4705 3669 4770 ejus,

2076 4785 2288 4854 plenam
2323 4785 2508 4853 gratiae
2528 4784 2658 4854 Dei)
2694 4786 2747 4839 in
2787 4787 3007 4842 Christo
3044 4787 3173 4843 Jesu
3208 4788 3319 4844 Deo
3348 4792 3612 4859 gaudere.
3645 4815 3666 4846 ι

2153 4877 2222 4930 At
2260 4894 2277 4926 ι
2310 4876 2555 4944 epistola:
2589 4878 2666 4930 ad
2690 4876 3194 4948 Philadelphienses
3232 4883 3541 4950 inscriptio,
3584 4886 3673 4937 in—

2075 4968 2213 5037 quit,
2241 4967 2405 5020 etiam
2436 4980 2602 5035 quam
2642 4966 2755 5020 haic
2775 4966 2990 5036 longior
3010 4978 3159 5032 θεῖς»
3195 4970 3343 5038 quod
3371 4972 3548 5026 cuivis
3583 4973 3673 5028 vel

2077 5069 2366 5126 utramque
2393 5058 2553 5112 simul
2587 5059 2898 5127 inspicienti
2939 5060 3113 5128 prima
3146 5059 3284 5115 facie
3330 5062 3526 5116 falsum
3572 5065 3664 5119 de-

2075 5150 2450 5219 prehenditur,
2483 5149 2588 5204 nisi
2623 5151 3038 5219 interpolatoris
3087 5153 3374 5222 inscriptio
3406 5169 3532 5207 cum
3569 5172 3669 5227 ge-

2074 5243 2241 5295 nuina
2272 5240 2608 5296 conferatur.
2641 5243 2836 5311 Aliqua
2870 5259 2936 5297 ex
2967 5259 3029 5298 ea
3059 5246 3212 5308 libat,
3242 5256 3299 5299 ut
3323 5255 3377 5299 et
3400 5262 3462 5299 ex
3493 5248 3661 5304 altera

2075 5333 2144 5388 ad
2167 5332 2481 5404 Smyrnaaos
2501 5336 2518 5404 (
2540 5351 2664 5388 nam
2686 5335 2776 5389 illa
2807 5336 2875 5389 ad
2893 5336 3193 5393 Tarsenses
3224 5348 3278 5393 et
3307 5337 3578 5394 Heronem
3601 5359 3666 5396 ιι..

2080 5439 2182 5480 nos
2216 5441 2326 5480 non
2358 5427 2690 5496 pertinent),
2710 5436 2770 5480 ut
2806 5428 2885 5481 illi
2917 5430 3152 5494 videtur,
3176 5431 3385 5498 putida,
3415 5439 3474 5483 ut
3503 5434 3662 5488 mihi.

2075 5517 2332 5584 praeclara
2381 5525 2435 5571 et
2481 5518 2814 5586 apostolica;
2843 5519 3094 5593 judicent
3131 5521 3354 5574 eruditi.
3391 5539 3410 5571 ι
3441 5519 3501 5574 In
3534 5523 3665 5576 aliis

2076 5606 2522 5675 inscriptionibus
2547 5607 2821 5677 quaedam,
2851 5609 3050 5676 inquit,
3083 5609 3260 5663 hiulca
3276 5617 3430 5674 sunt;
3457 5625 3665 5665 tunan.

2077 5708 2290 5755 tantum
2325 5701 2391 5755 ad
2414 5699 2724 5770 Magnesios
2746 5701 3028 5768 nominat;
3061 5718 3182 5773 quae
3210 5717 3335 5758 eum
3369 5705 3504 5759 satis
3533 5705 3635 5760 bre
