3834 6214
433 289 536 345 467

1493 299 1549 353 S.
1594 300 1941 357 lGNATIUS.
1982 333 2049 342 —
2087 302 2620 362 PHOLEGOMENA.

3576 307 3674 362 468

432 413 688 470 Patribus
711 416 997 472 decantata
1020 433 1086 474 ex
1113 419 1340 490 cpistola
1366 419 1555 492 lgnatii
1589 425 1761 478 nostri
1787 429 1856 478 ab
1881 423 2002 478 Ori-
2029 429 2076 486 Α
2104 424 2314 480 dictum
2345 441 2483 480 seex
2514 425 2743 495 epistola
2775 424 2963 498 lgnatii
2984 426 3049 481 ad
3085 425 3360 483 Romanos
3381 423 3681 497 sumpsisse

433 527 590 579 gene,
617 521 671 566 et
703 513 772 567 ab
814 513 906 567 illo
953 513 1120 569 etiam
1148 515 1240 586 qui
1289 515 1346 569 S.
1381 514 1583 571 Basilio
1616 519 1837 589 ἀρχαῖος
1865 520 2002 590 ἀνήρ

432 602 764 671 appellatur,
796 604 1070 675 descripta
1101 615 1204 672 est,
1235 607 1328 662 diu
1380 615 1673 678 antequam
1721 625 1754 664 a
1803 609 2003 667 Dallzeo

376 695 380 709 ‘
432 692 699 762 impostor
721 704 884 750 natus
913 712 1035 752 esse
1065 698 1322 769 ﬁngitur?

503 781 700 839 Fateor
735 786 987 856 equidem
1030 787 1424 860 Hieronymum
1463 792 1756 862 scripsisse
1780 831 1796 854 ,
1841 789 2000 862 lgna-

429 873 566 927 tium
598 875 764 929 verba
793 892 916 946 qua:
939 879 1082 948 apud
1106 877 1370 936 lrenaeum
1399 891 1639 947 exstant,
1676 892 1808 937 tunc
1854 881 2004 936 locu-

429 973 543 1017 tum
577 965 766 1032 fuisse,
797 982 920 1022 cum
970 970 1246 1040 rugientes
1273 972 1486 1027 audiret
1513 973 1738 1038 leones;
1767 973 1860 1027 sed
1897 973 2003 1028 hoc

427 1055 497 1110 ab
524 1057 618 1112 illo
637 1058 840 1113 dictum
867 1059 986 1115 sine
1009 1061 1117 1115 ulla
1145 1063 1472 1118 auctoritate
1496 1064 1658 1118 etiam
1687 1074 1746 1118 ut
1791 1063 2001 1119 fatean-

428 1146 518 1201 tur
541 1149 842 1206 adversarii
867 1168 1088 1208 necesse
1127 1163 1226 1209 est.
1262 1154 1458 1210 Omnia
1513 1173 1636 1226 quae
1679 1157 1745 1212 de
1793 1155 2002 1226 lgnatio

428 1238 592 1293 habet
615 1239 669 1293 in
693 1240 979 1313 Catalogo,
1009 1259 1074 1298 ex
1115 1243 1336 1300 Eusebii
1371 1245 1616 1301 Historia
1641 1249 1906 1318 sumpsit;
1931 1264 2000 1302 ex

425 1329 892 1402 illatranseripsit
945 1333 1310 1407 Hieronymus
1364 1339 1690 1393 sententiam
1749 1340 1890 1393 hanc
1931 1339 2002 1394 ab

426 1418 630 1476 Irenaeo
674 1421 990 1492 laudatam;
1036 1426 1174 1480 nihil
1203 1428 1310 1482 tale
1346 1427 1638 1494 Eusebius,
1698 1428 1836 1482 nihil
1891 1427 2000 1482 Ire-

427 1529 596 1580 naeus,
618 1515 759 1584 apud
781 1532 944 1585 quem
984 1527 1191 1590 martyr
1232 1521 1586 1593 κατακριθεὶς
1627 1522 1767 1593 πρὸς
1811 1521 1996 1592 θηρία,

432 1625 450 1653 ι
475 1622 599 1661 cum
617 1607 731 1677 jam
767 1608 1058 1665 damnatus
1079 1620 1225 1667 esset
1251 1611 1320 1667 ad
1348 1613 1549 1668 bestias
1583 1633 1601 1664 ι
1640 1629 1702 1668 ea
1726 1614 1888 1668 verba
1912 1613 1995 1669 lo-

424 1708 585 1752 cutus
631 1714 754 1754 esse
801 1700 1034 1768 dicitur;
1088 1701 1155 1756 de
1210 1717 1310 1758 suo
1349 1703 1510 1758 verba
1542 1711 1736 1760 caetera
1787 1705 1994 1760 addidit

424 1787 791 1861 Hieronymus
818 1792 1062 1856 incaute,
1091 1801 1150 1846 ut
1166 1792 1425 1862 pleraque
1454 1793 1559 1846 alia
1585 1808 1652 1848 ex
1678 1792 1912 1848 Eusebio
1940 1794 1996 1848 in

425 1881 520 1935 il|o
546 1881 811 1952 Catalogo
843 1882 1026 1938 minus
1049 1893 1195 1940 recte
1235 1885 1699 1940 transeribuntur.
1755 1884 1998 1957 lgnatius

423 1973 571 2026 enim
603 1989 714 2029 non
743 1971 953 2040 Romae,
985 1976 1080 2032 sed
1130 1975 1435 2032 Antiochiae
1473 1978 1767 2034 damnatus
1814 1989 1900 2034 est
1927 1979 1997 2034 ad

426 2061 649 2126 bestias,
673 2070 729 2116 et
743 2072 871 2132 post
895 2063 1045 2118 illam
1068 2064 1578 2119 condemnationem
1599 2082 1723 2120 cum
1752 2065 1998 2138 Smyrnae

422 2167 484 2206 ea
531 2154 695 2207 verba
731 2155 1054 2224 scripserit,
1089 2154 1440 2228 κατακριθεὶς
1482 2155 1619 2227 πρὸς
1653 2155 1816 2228 Θηρια
1861 2158 1998 2213 scri-

421 2245 550 2315 psit.
616 2245 998 2302 Certissimum
1049 2255 1134 2302 est
1180 2245 1572 2319 Hieronymum
1640 2250 1995 2319 epistularum

420 2335 615 2408 lgnatii
641 2338 982 2406 meminisse,
1011 2346 1064 2392 et
1083 2337 1231 2393 illius
1245 2339 1516 2410 praecipue
1537 2339 1801 2409 epistolae,
1830 2358 1994 2411 quam

427 2428 495 2482 ad
530 2426 809 2484 Romanos
834 2429 1096 2499 scripsit,
1154 2430 1210 2484 in
1245 2445 1353 2500 qua
1401 2447 1547 2485 nunc
1577 2433 1690 2486 haec
1723 2433 1996 2501 ipsissima

426 2520 682 2590 leguntur
699 2520 884 2585 verba,
901 2529 956 2575 et
979 2535 1104 2576 ante
1129 2521 1250 2592 ejus
1265 2531 1475 2577 aetatem
1497 2524 1834 2594 legebantur.
1860 2523 1995 2580 Nam

419 2613 565 2683 quod
587 2611 654 2666 de
677 2612 930 2682 prmsenti
955 2613 1227 2686 ἀλήθομαι
1249 2615 1419 2668 molor
1449 2625 1757 2686 argutatur,
1790 2616 1995 2672 nullam

419 2705 532 2760 vim
561 2705 793 2760 obtinet.
822 2704 949 2760 Sive
977 2706 1122 2760 enim
1147 2707 1307 2771 dixit,
1332 2708 1444 2762 sive
1475 2709 1714 2779 scripsit,
1741 2725 1847 2764 non
1867 2725 1995 2765 cum

416 2798 529 2868 jam
562 2798 882 2862 laniaretur,
919 2796 972 2851 id
1001 2796 1203 2851 factum
1241 2807 1347 2865 est,
1376 2798 1472 2854 sed
1522 2815 1645 2854 cum
1697 2801 1876 2857 adhuc
1911 2797 1994 2857 lai

420 2889 658 2945 niandus
689 2898 856 2945 esset.
889 2888 956 2942 Et
987 2891 1247 2945 omnibus
1271 2891 1325 2944 in
1357 2907 1510 2946 more
1535 2893 1772 2962 positum
1819 2904 1904 2948 est
1928 2895 1995 2949 de

419 2998 480 3037 re
495 2991 642 3038 certe
661 2981 844 3038 futura
861 2984 1113 3052 praesenti
1131 2994 1372 3054 tempore
1389 2985 1487 3039 uti.
1507 2983 1616 3039 Nec
1632 2985 1747 3042 haec
1760 2986 1994 3058 objectio

421 3071 814 3146 Hieronymum
876 3077 1088 3146 tangit,
1134 3076 1230 3146 qui
1292 3092 1400 3131 non
1434 3077 1631 3144 molor,
1677 3079 1772 3134 sed
1822 3081 1994 3135 molar

421 3167 734 3234 transtulit;
763 3167 905 3222 unde
937 3167 1276 3237 Sophronius
1299 3169 1371 3222 ita
1395 3170 1588 3224 vertit:
1619 3171 1726 3224 Καὶ
1761 3171 1994 3244 εὔχομαι

419 3260 534 3324 τοῖς
564 3258 744 3312 ὀδοῦσι
776 3259 884 3312 τῶν
917 3259 1121 3331 θηρίων
1153 3260 1464 3332 ἀλεσθῆναι,
1505 3280 1524 3313 ι
1549 3272 1604 3318 et
1621 3273 1751 3332 opto
1788 3273 1847 3318 ut
1867 3266 2001 3320 den-

425 3349 569 3406 tibus
615 3350 916 3406 bestiarum
963 3351 1159 3406 molar.
1189 3371 1207 3403 ι
1249 3353 1317 3406 At
1339 3351 1509 3406 illud:
1545 3371 1563 3404 (
1592 3351 1814 3408 Utinam
1847 3353 2000 3410 fruar

420 3445 610 3500 bestiis
626 3445 1001 3516 mihiparatis,
1021 3445 1219 3515 inquit,
1245 3461 1309 3501 ex
1334 3447 1728 3518 (Ihrysostomo
1749 3448 1883 3503 certi
1906 3464 2000 3504 su-

421 3551 544 3591 mus
566 3535 1028 3599 Romaelgnatium
1052 3537 1119 3590 ad
1137 3537 1417 3592 Romanos
1429 3547 1721 3608 praesentes
1737 3539 1994 3606 dixissep

421 3642 545 3680 cum
587 3625 1013 3697 Chrysostomus
1038 3627 1261 3682 minime
1291 3637 1496 3691 narret,
1527 3643 1651 3682 eum
1679 3636 1773 3682 aut
1795 3630 1860 3684 ad
1886 3629 1998 3685 Ro~

421 3732 616 3774 manos
644 3728 960 3788 praesentes,
993 3729 1087 3773 aut
1115 3718 1304 3774 Romae
1357 3735 1422 3774 ea
1461 3723 1627 3775 verba
1677 3723 1994 3790 protulisse.

419 3809 667 3865 Aﬂirmat
711 3811 981 3880 Ignatium
1024 3812 1242 3867 lubente
1281 3813 1469 3867 animo
1519 3813 1723 3870 bestias
1773 3815 1992 3870 vidisse.

421 3899 594 3952 Πόθεν
627 3899 786 3954 τοῦτο
817 3900 1007 3972 δῆλον;
1050 3919 1067 3952 ‹
1091 3899 1244 3956 Unde
1269 3903 1375 3958 hoc
1405 3904 1676 3974 apparet?
1712 3923 1730 3955 ι
1796 3907 1994 3974 inquit,

420 3988 531 4041 ἀπὸ
561 3988 670 4042 τῶν
722 3989 982 4060 ῥημάτων
1014 3982 1091 4044 ὧν
1123 3991 1488 4062 ἀποθνήσκειν
1541 3992 1750 4063 μέλλων
1799 3993 1995 4063 ἐφθέγ-

423 4079 569 4143 ξατο.
612 4097 632 4130 t
667 4081 750 4135 Ab
783 4081 890 4135 illis
917 4082 1122 4149 verbis,
1166 4099 1289 4153 quae
1328 4100 1452 4139 cum
1491 4085 1796 4140 moriturus
1828 4095 1993 4150 esset,

421 4173 637 4228 loeutus
658 4181 760 4228 est.
793 4193 812 4225 ι
838 4175 908 4228 At
927 4167 1045 4229 erat
1066 4175 1426 4247 ἀποθνήσκειν
1446 4175 1652 4247 μέλλων
1685 4177 1754 4231 ab
1775 4192 1841 4231 eo
1859 4187 1996 4231 tem-

419 4281 574 4336 pore,
603 4281 714 4336 quo
744 4267 810 4320 ad
836 4263 1488 4323 mortem'condemnatus
1508 4279 1623 4324 est:
1649 4284 1825 4338 neque
1847 4270 1994 4323 enim

424 4355 640 4426 μέλλειν
672 4344 1163 4425 τεηιρι-ωεειηῐειη,
1195 4365 1292 4411 aut
1334 4359 1518 4412 statim
1547 4358 1786 4412 futuram
1821 4359 1993 4430 signi-

2104 532 2171 570 ex
2228 515 2411 570 verbis
2456 516 2816 586 sequentibus
2845 558 2860 582 ,
2907 515 3140 570 τοιοῦτοι
3197 517 3304 588 γὰρ
3337 518 3386 569 οἱ
3448 515 3681 588 ὲρῶντκ

2103 603 2242 675 ὅπερ
2273 603 2340 658 ἂν
2376 605 2658 676 πάσχωσιν
2692 605 2798 660 ὑπὸ
2848 606 2956 660 τῶν
2989 607 3282 678 ἐρωμένων
3334 607 3455 678 μεθ’
3490 607 3680 679 ἡδονῆς

2100 697 2345 767 δέχονται
2371 715 2385 728 ο
2427 718 2446 750 ι
2474 698 2576 765 Qui
2599 699 2744 754 enim
2777 698 2858 754 sic
2898 708 3110 764 amant,
3141 698 3408 770 quidquid
3439 698 3510 754 ab
3534 715 3681 752 ama-

2102 787 2202 840 siis
2254 789 2557 856 patiuntur,
2609 805 2734 844 cum
2766 789 3046 860 voluptate
3081 789 3380 859 accipimit.
3414 808 3433 841 ι
3476 790 3682 843 Alludit

2100 877 2246 932 enim
2284 876 2574 932 manifeste
2602 878 2667 932 ad
2698 877 2959 948 praeclara
2991 879 3083 932 illa
3118 877 3307 948 lgnatii
3329 879 3500 933 verba
3537 885 3594 932 et
3616 879 3681 932 ab

2102 969 2359 1025 omnibus
2403 970 2691 1025 decantata
2719 1011 2736 1036 ,
2785 973 2813 1024 ὀ
2848 969 2988 1042 ἔρως
3036 972 3064 1023 ὁ
3109 970 3241 1041 ἐμὸς
3292 969 3677 1043 ὲσταὺρωτειιε

2108 1078 2127 1109 ι
2157 1064 2324 1114 Amor
2353 1075 2508 1115 meus
2539 1061 2836 1116 cruciﬁxus
2861 1070 2964 1127 est,
2991 1081 3010 1114 ›
3056 1077 3179 1132 qua:
3220 1061 3277 1118 in
3319 1063 3518 1116 eadem
3561 1061 3682 1132 epi-

2101 1151 2238 1206 stola
2270 1152 2648 1208 continentur.
2682 1151 2984 1208 Levissima
3032 1153 3198 1224 igitur
3234 1153 3555 1224 conjectura
3593 1161 3678 1207 est

2100 1242 2483 1311 impostorem,
2504 1242 2653 1312 quod
2687 1244 2802 1297 haec
2831 1243 2899 1297 ab
2926 1243 3134 1315 Ignatio
3162 1243 3306 1299 dicta
3337 1259 3450 1298 non
3479 1243 3682 1312 scripta

2099 1337 2416 1402 audivisset,
2450 1335 2574 1390 ideo
2604 1335 2720 1390 suis
2743 1335 2990 1405 epistolis
3020 1336 3348 1400 inseruisse,
3396 1350 3528 1390 eum
3553 1333 3681 1389 Ori-

2099 1440 2263 1495 genes
2304 1440 2411 1479 non
2438 1434 2650 1478 tantum
2680 1423 2810 1479 dicti
2838 1424 3182 1491 meminerit,
3213 1425 3305 1480 sed
3331 1432 3387 1478 et
3406 1424 3679 1494 epistolae,

2099 1515 2465 1587 Hieronymus
2497 1517 2784 1589 epistolam
2833 1515 3041 1572 diserte
3068 1517 3436 1572 nominaverit
3502 1517 3683 1590 Chry-

2097 1621 2374 1665 sostomus
2421 1621 2607 1679 aperte
2633 1610 2895 1665 innuerit.

2165 1703 2352 1772 Capite
2375 1702 2436 1756 3t
2466 1702 2714 1756 ultimum
2735 1713 3112 1773 argumentum
3128 1711 3182 1757 et
3199 1703 3252 1757 vi
3270 1711 3324 1758 et
3357 1703 3554 1758 ordine
3586 1703 3684 1758 ad-

2027 1772 2070 1828 Β
2097 1793 2269 1861 ducit,
2304 1813 2323 1845 ι
2345 1793 2611 1864 lgnatium
2653 1772 2885 1860 scilicet,
2911 1795 3104 1850 decere
3127 1810 3236 1850 non
3262 1795 3503 1862 videtur,
3528 1795 3683 1866 quod

2096 1887 2258 1942 toties
2302 1887 2493 1941 eadem
2543 1887 2761 1955 repetit.
2798 1906 2817 1938 ι
2849 1886 2919 1942 At
2944 1887 3135 1956 quidni
3159 1885 3426 1958 lgnatium
3463 1887 3682 1954 deceat,

2091 1979 2242 2050 quod
2279 1979 2372 2034 alii
2398 1980 2451 2032 in
2482 1979 2634 2034 omni
2660 1993 2859 2049 genere
2888 1979 3190 2049 scriptores
3238 1995 3298 2034 se
3341 1979 3540 2034 decere
3574 1996 3680 2049 pu-

2095 2071 2322 2126 tarunt?
2373 2071 2643 2136 Πολλάκις
2691 2070 2751 2124 τὸ
2790 2071 2922 2124 αὐτὸ
2961 2071 3090 2142 ἐρῶ,
3163 2070 3339 2141 inquit
3373 2069 3679 2125 Lucianus.

2098 2157 2158 2214 S.
2190 2161 2524 2216 Athanasius
2567 2161 2634 2215 de
2677 2160 3058 2215 incarnatione
3096 2159 3258 2216 Verbi
3295 2162 3426 2214 Dei:
3478 2162 3572 2233 Μή
3628 2177 3685 2214 τι

2097 2250 2402 2322 Θαυμάσῃς,
2438 2253 2485 2304 εξ
2513 2250 2770 2316 πολλάκις
2801 2251 2870 2306 τὰ
2905 2250 3042 2306 αὐτὰ
3075 2252 3204 2324 περὶ
3235 2251 3343 2306 τῶν
3376 2251 3559 2305 αὐτῶν
3595 2251 3680 2304 λέ-

2097 2355 2300 2410 γομενε
2341 2337 2460 2395 «Ne
2503 2339 2744 2404 mireris,
2783 2341 2829 2396 si
2879 2341 3078 2411 saepius
3127 2341 3320 2395 eadem
3357 2341 3425 2395 de
3477 2340 3678 2395 iisdem

2096 2429 2352 2484 dicimus.
2393 2448 2412 2480 ι
2467 2428 2770 2500 Xenophon
2822 2432 3006 2502 plures
3049 2430 3350 2486 sententias
3399 2429 3570 2483 habet
3623 2429 3680 2482 in

2097 2519 2375 2588 Historia,
2431 2537 2570 2592 quas
2621 2523 2816 2592 repetit
2849 2523 2902 2576 in
2953 2521 3073 2576 Vita
3128 2521 3388 2593 Agesilai.
3423 2521 3676 2577 Plurima

2095 2614 2236 2684 apud
2261 2612 2583 2683 Gregorium
2608 2611 3010 2668 Nazianzenum
3037 2614 3091 2667 in
3129 2629 3238 2667 una
3278 2613 3530 2668 oratione
3576 2613 3678 2668 ha-

2097 2706 2318 2770 bentur,
2350 2721 2474 2775 qua:
2500 2705 2554 2758 in
2584 2705 2691 2760 alia
2723 2721 2852 2760 mox
2883 2713 3222 2774 repetuntur.
3272 2704 3380 2759 Sed
3411 2705 3516 2760 hoc
3561 2721 3677 2760 non

2095 2796 2252 2851 decet
2274 2795 2543 2868 lgnatium
2577 2815 2596 2848 ι
2619 2797 2796 2850 aetatis
2817 2797 2930 2866 jam
2961 2806 3258 2866 provecta;
3286 2815 3304 2848 ι
3327 2797 3488 2866 quasi
3511 2812 3677 2852 senes

2098 2891 2516 2960 repetitionibus
2553 2889 2736 2946 minus
2762 2889 2955 2961 ‘dediti
2991 2890 3142 2955 sint,
3200 2906 3366 2960 quam
3411 2890 3670 2959 juvenes.

2095 2979 2214 3038 Non
2245 2983 2400 3038 decet
2428 2982 2705 3037 hominem
2745 3000 2764 3034 ι
2793 2983 2934 3052 apud
2952 2982 3254 3052 .apostolos
3291 2980 3584 3037 educatum
3608 3000 3624 3048 ;
3648 3002 3669 3032 ο

2095 3075 2254 3146 quasi
2282 3091 2390 3129 non
2409 3074 2600 3129 deceat
2627 3074 3013 3144 apostolicum,
3042 3075 3186 3145 quod
3212 3074 3398 3129 decuit
3428 3075 3676 3144 Aposto-

2053 3164 2066 3184 '
2098 3168 2232 3223 ium.
2269 3166 2348 3221 Τά
2379 3166 2518 3220 αὐτὰ
2548 3167 2778 3239 γράφειν
2811 3166 2958 3237 ὑμῖν,
2995 3167 3116 3237 ἐμοὶ
3153 3166 3252 3237 μὲν
3283 3167 3384 3220 οὐκ
3414 3166 3674 3238 ὀκνηρδν,

2099 3259 2230 3330 ὑμῖν
2276 3259 2332 3312 δὲ
2364 3258 2620 3327 ἀσφαλές.
2668 3276 2686 3308 ι
2715 3257 2915 3312 Eadem
2952 3258 3106 3313 vobis
3127 3259 3397 3324 scribere,
3429 3274 3518 3313 me
3546 3260 3676 3329 qui-

2097 3353 2219 3407 dem
2249 3366 2356 3406 non
2390 3350 2554 3420 piget,
2585 3350 2738 3404 vobis
2773 3358 2954 3403 autem
3002 3356 3176 3404 tutum
3206 3360 3308 3415 est,
3336 3369 3354 3402 ι
3400 3351 3582 3421 inquit
3609 3349 3673 3405 S.

2097 3441 2304 3499 Paulus
2331 3442 2563 3512 Philipp.
2599 3458 2682 3508 Ill,
2709 3443 2760 3496 1.

2167 3536 2309 3603 Quid
2339 3551 2488 3600 vero,
2515 3551 2583 3588 an
2607 3534 2710 3590 hoc
2744 3544 2826 3590 est
2858 3533 3048 3589 eadem
3077 3543 3339 3604 repetere,
3375 3533 3518 3589 idem
3568 3551 3677 3590 vo-

2098 3629 2352 3686 cabulum
2382 3627 2673 3696 aliquoties
2704 3626 3003 3696 usurpare?
3027 3625 3174 3680 Dixit
3203 3625 3262 3679 S.
3287 3625 3493 3681 Paulus
3547 3627 3680 3682 loco

2093 3725 2204 3793 jam
2227 3721 2481 3774 laudato:
2512 3719 2746 3772 Βλέπετε
2779 3719 2907 3782 τοὺς
2940 3719 3126 3782 κύνας,
3156 3717 3380 3789 βλέπετε
3413 3719 3537 3782 τοὺς
3571 3737 3680 3772 και

2097 3813 2225 3876 κοὺς
2259 3812 2516 3884 ἐργάτας,
2555 3809 2778 3881 βλέπετε
2812 3811 2908 3882 τὴν
2943 3811 3270 3881 κατατομήν.
3317 3807 3436 3864 Νοη
3489 3819 3678 3866 tamen

2097 3905 2202 3959 hoc
2224 3913 2330 3965 est,
2354 3904 2499 3973 quod
2530 3912 2654 3958 ante
2677 3902 2836 3969 dixit,
2864 3903 2931 3956 τὰ
2952 3903 3089 3956 αὐτὰ
3120 3901 3369 3973 γράφειν.
3396 3900 3502 3956 Sed
3524 3902 3681 3957 ὀναί-

2099 4011 2206 4065 μην
2237 4003 2291 4048 et
2322 3992 2614 4061 ἀντίψυχον
2640 4011 2658 4043 ι
2685 3992 2889 4061 ubique
2912 3993 3054 4061 apud
3097 3993 3243 4047 hunc
3291 4001 3617 4048 occurrunt.
3653 4013 3674 4046 ι

2095 4085 2252 4154 Apud
2289 4085 2435 4138 hunc
2460 4091 2641 4137 autem
2673 4083 2909 4154 ubique?
2940 4083 3174 4154 Scripsit
3215 4100 3359 4139 unus
3415 4083 3683 4155 idemque

2097 4184 2301 4244 septem
2327 4175 2610 4244 epistolas,
2633 4182 2693 4229 ut
2722 4175 2990 4239 arbitror;
3024 4186 3084 4228 ut
3124 4184 3180 4229 tu
3215 4176 3520 4240 existimas,
3576 4194 3678 4232 sex

2095 4277 2307 4321 tantum
2348 4269 2616 4336 impostor
2638 4275 2784 4321 tuus.
2820 4265 2968 4337 Lego
3021 4267 3216 4321 barum
3267 4278 3526 4337 quatuor,
3561 4286 3683 4326 vox

2099 4360 2388 4430 ἁντίψυχον
2422 4360 2474 4413 in
2499 4375 2690 4414 earum
2719 4359 2866 4412 nulla
2912 4358 3156 4413 occurrit
3187 4374 3198 4406 ε
3235 4375 3302 4413 an
3351 4360 3517 4430 igitur
3547 4362 3685 4416 ubi-

421 4450 565 4503 ticat.
603 4446 720 4502 lloc
748 4463 942 4503 rursus
987 4449 1224 4519 probat:
1269 4449 1533 4513 Ἀκούσας
1564 4451 1674 4521 γὰρ
1719 4451 1803 4503 ὅτι
1843 4446 1995 4515 οὗτος

2100 4453 2239 4522 que?
2266 4450 2410 4520 Lego
2435 4453 2630 4505 iterum
2658 4458 2914 4519 quatuor,
2949 4465 3054 4504 nec
3087 4452 3328 4504 occurrit
3357 4465 3458 4505 vox
3505 4453 3683 4506 ὀναί-

419 4539 582 4594 αὑτὸν
613 4540 715 4611 τῆς
745 4541 1060 4614 τιμωρίας-ὁ
1087 4542 1288 4613 τρόπος
1317 4543 1489 4614 μένει,
1512 4540 1623 4611 ἐγὼ
1656 4541 1763 4594 τῶν
1795 4541 1998 4614 Θηρίων

421 4638 648 4689 ἐκείνων
707 4634 944 4709 ὀναίμην
997 4633 1172 4702 ἔλεγε.
1232 4655 1253 4686 ο
1319 4637 1458 4688 Cum
1513 4637 1658 4690 enim
1701 4637 1999 4693 audivisset

425 4729 529 4783 hoc
589 4742 716 4782 eum
765 4726 1021 4798 supplicii
1071 4744 1243 4799 genus
1299 4743 1567 4783 manere:
1618 4726 1836 4784 Utinam
1895 4745 1996 4801 ego

423 4820 542 4875 istis
587 4818 781 4874 bestiis
822 4818 1004 4874 fruar?
1046 4819 1343 4890 inquiebat.
1386 4837 1406 4870 ι
1469 4821 1767 4876 Audiverat
1813 4831 1992 4877 autem

424 4912 482 4964 ὃ.
514 4909 756 4981 lgnatius
785 4909 881 4964 diu
914 4917 1206 4978 antequam
1244 4907 1471 4962 Romam
1525 4911 1862 4979 perveniret,
1892 4911 1996 4967 hoc

421 5001 524 5054 sibi
550 5000 744 5055 mortis
774 5014 944 5070 genus
966 5006 1221 5068 paratum
1254 4995 1447 5062 fuisse,
1495 5000 1562 5053 ad
1607 5001 1754 5068 quod
1801 5001 1996 5056 Antio-

419 5093 558 5148 chiae
581 5092 974 5148 condemnatus
1011 5089 1205 5145 fuerat.
1242 5088 1309 5144 Et
1337 5091 1554 5160 quidem
1580 5093 1647 5145 ad
1669 5093 1993 5147 sententiam

425 5187 494 5240 ab
521 5186 850 5255 imperatore
874 5184 1038 5238 latam
1072 5183 1382 5254 respexisse
1412 5185 1863 5254 Chrysostornum
1899 5202 1993 5254 pa-

422 5291 514 5331 u-t.
543 5277 645 5333 Διὰ
673 5277 832 5332 τοῦτο
853 5276 960 5330 τῶν
993 5277 1220 5348 θηρίων,
1253 5275 1456 5344 ἔλεγεν,
1491 5276 1720 5346 ὀναίμην
1741 5317 1754 5339 ,
1799 5297 1817 5328 ι
1849 5275 1985 5330 Pro-

423 5379 604 5436 pterea
625 5409 642 5434 ,
667 5367 858 5422 bestiis
887 5366 1072 5432 fruar,
1113 5367 1347 5430 dicebat,
1381 5385 1399 5418 ι
1457 5367 1548 5420 καὶ
1583 5367 1758 5439 πολλῷ
1789 5369 1994 5422 τούτων

422 5458 744 5530 ἡμερώτερα
776 5459 845 5513 τὰ
878 5461 1122 5530 στόματα.
1155 5460 1402 5530 ἐνόμιζεν
1435 5455 1573 5513 εἷναι
1605 5461 1705 5530 τῆς
1754 5461 1848 5514 τοῦ
1898 5479 1992 5514 τυ-

423 5548 615 5618 ράννου
646 5549 913 5622 γλώττης.
952 5570 969 5601 ι
994 5549 1059 5603 Et
1085 5552 1256 5605 multo
1281 5553 1366 5606 his
1391 5554 1759 5608 mansuetiora
1791 5555 1991 5609 bestia-

424 5656 544 5692 rum
592 5654 685 5693 ora
743 5641 954 5710 putavit
1008 5657 1168 5706 esse,
1203 5659 1367 5712 quam
1406 5645 1644 5709 linguam
1688 5646 1927 5714 tyranni.
1969 5665 1986 5696 ι

425 5731 686 5789 Praeterea
729 5735 786 5788 S.
823 5734 1248 5805 Chrysostomus
1278 5736 1410 5792 satis
1436 5737 1581 5792 clare
1620 5737 1858 5793 ostendit
1883 5738 1985 5794 hoc

2094 4559 2248 4611 μην·
2292 4557 2469 4610 neque
2523 4541 2612 4594 illa
2660 4540 2826 4610 igitur
2854 4539 3076 4609 ubique.
3136 4543 3248 4595 Cur
3294 4541 3508 4596 veritati
3559 4551 3681 4597 tam

2097 4643 2282 4704 aperte
2320 4633 2696 4687 contradicis?
2720 4632 2921 4701 Ubjicit
2944 4641 3000 4687 et
3021 4633 3157 4699 haec,
3180 4648 3238 4687 se
3266 4635 3534 4688 minorem
3551 4649 3681 4690 esse

2096 4727 2241 4791 aliis,
2265 4725 2549 4795 indignum
2582 4741 2723 4789 esse,
2757 4739 2866 4778 non
2890 4740 3013 4781 esse
3041 4724 3271 4794 aliquid,
3305 4740 3413 4779 non
3446 4734 3506 4780 ut
3534 4741 3680 4796 apo-

2096 4817 2299 4873 stolum
2334 4815 2660 4885 praecipere:
2689 4815 2890 4883 quibus
2924 4829 3056 4870 suos
3085 4813 3418 4886 Sniyrnmos,
3450 4816 3680 4888 Magne-

2094 4909 2306 4971 sianos,
2347 4907 2674 4973 Trallianos,
2701 4907 2998 4973 Romanos,
3025 4905 3312 4976 Ephesios,
3345 4907 3676 4976 Tarsenses,

2096 5001 2621 5070 Philadelphienses,
2653 4999 3030 5054 Antiochenos
3068 5008 3122 5053 et
3163 4997 3544 5068 Philippenses
3571 5001 3679 5056 ob-

2096 5094 2295 5147 tundit.
2330 5091 2476 5146 Proh
2518 5092 2752 5145 miseros
2777 5089 3064 5155 homines,
3115 5091 3184 5144 ad
3228 5107 3370 5160 quos
3426 5090 3677 5162 lgnatius

2096 5190 2349 5257 scripsit!
2388 5187 2500 5241 lmo
2528 5202 2658 5241 vero
2687 5185 2760 5239 illi
2791 5184 2926 5238 satis
2952 5183 3172 5250 felices;
3207 5200 3312 5238 nos
3341 5187 3524 5254 potius
3552 5185 3680 5240 Dal-

2095 5281 2227 5334 heus
2251 5277 2525 5344 obtundit,
2555 5277 2649 5347 qui
2682 5275 3180 5345 saepiushtecnobis
3209 5275 3472 5339 inculcat,
3501 5290 3673 5345 quam

2095 5371 2213 5426 suis
2241 5369 2515 5440 lgnatius;
2547 5370 2754 5438 quique
2783 5371 2985 5437 optime
3044 5367 3195 5422 novit
3232 5367 3486 5421 eumdem
3531 5370 3674 5422 scri—

2094 5472 2306 5530 ptorem
2355 5463 2450 5530 qui
2503 5459 2816 5531 Smyrnaeos
2869 5459 3140 5513 allocutus
3175 5469 3297 5526 est,
3340 5457 3670 5522 Tarsenses,

2095 5553 2465 5606 Antiochenos
2514 5562 2568 5607 et
2632 5551 3010 5621 Philippenses
3063 5567 3171 5608 non
3217 5551 3535 5616 obtudisse,
3601 5568 3670 5605 ne

2097 5646 2392 5698 allocutum
2433 5645 2653 5713 quidem
2681 5660 2773 5714 per
2797 5645 3087 5713 epistolam
3115 5659 3259 5700 esse.
3291 5643 3362 5698 Se
3391 5643 3665 5698 minorem

2099 5755 2217 5794 esse
2245 5738 2362 5794 aliis
2387 5739 2555 5794 semel
2587 5747 2797 5793 tantum
2823 5739 2980 5804 dixit,
3017 5752 3213 5809 nempe
3235 5737 3304 5794 ad
3331 5737 3664 5810 Magnesios;
