3852 6206
174 347 260 405 ³69
940 333 1307 391 PEARSONII
1340 329 1663 389 VlNDlCIzE
1702 327 2119 384 IGNATIANrE.
2147 357 2220 369 —
2257 327 2435 382 PARS
2465 326 2529 383 11.

3261 331 3366 383 470

179 466 282 520 illos
306 459 458 533 igitur
481 473 541 515 ea
565 457 840 515 locutione
870 457 1103 511 minime
1126 457 1362 519 obtudil,
1389 455 1588 511 nedum
1614 469 1700 507 re-
1730 455 1774 512 A
1803 451 1923 505 dem
1957 450 2359 520 Magnesianos,
2394 468 2413 502 ι
2450 449 2606 519 quasi
2633 463 2741 503 non
2771 449 2904 504 satis
2951 449 3362 513 intellexissent,

181 557 354 623 liquos:
383 567 437 608 se
461 566 564 606 non
582 565 704 605 esse
726 549 989 620 aliquem,
1009 549 1180 604 semel
1209 557 1421 602 tantum
1441 589 1457 612 ,
1487 546 1696 602 scilicet

180 646 234 702 ad
257 643 525 716 Ephesios;
551 657 656 696 non
686 649 747 695 ut
769 642 1078 711 apostolum
1103 641 1422 711 praecipere,
1453 639 1540 694 bis
1575 646 1697 692 tan-

181 749 292 802 tum,
314 746 361 789 et
379 733 586 804 quidem
619 733 686 787 ad
733 733 1018 797 diversos;
1058 732 1260 802 sapius
1306 745 1368 786 se
1409 729 1694 799 indignum

180 829 374 892 vocavit,
406 842 521 896 qua:
543 841 648 879 vox
672 827 746 880 ita
777 825 1015 894 posteris
1043 824 1271 894 placuit,
1326 833 1386 876 ut
1439 821 1697 876 omnibus

179 921 266 991 piis
282 919 524 989 episcopis
548 919 705 988 quasi
732 917 1053 971 adhaereret.
1095 916 1247 970 Adeo
1287 929 1406 968 rara
1432 928 1542 967 non
1570 921 1699 967 sunt

178 1026 276 1080 qua
293 1010 442 1065 semel
464 1009 610 1072 dicit,
645 1017 704 1062 ut
724 1024 790 1062 ex
818 1008 902 1062 bis
926 1015 1164 1077 quatuor
1182 1023 1304 1077 qua:
1329 1007 1490 1061 toties
1517 1005 1697 1062 incul-

179 1103 268 1156 cari
296 1101 416 1165 vult,
443 1099 549 1154 duo
578 1101 748 1154 semel
779 1109 986 1154 tantum
1012 1098 1230 1153 dixerit.
1260 1096 1316 1152 Si
1346 1097 1465 1152 haec
1484 1112 1702 1167 aposw-

179 1195 314 1250 licum
340 1194 504 1248 virum
559 1192 779 1259 feriant,
839 1191 970 1263 quid
1001 1192 1068 1246 de
1109 1191 1166 1248 S.
1199 1191 1372 1247 Paulo
1408 1193 1702 1248 dicemus?

181 1286 468 1341 Vocabulum
496 1286 570 1341 illi
593 1287 804 1356 placuit
833 1286 1242 1358 κατενάρκησα,
1271 1285 1417 1356 quod
1443 1286 1538 1356 qui
1576 1296 1703 1343 ante

176 1401 276 1440 eum
297 1385 643 1454 usurpaverit,
697 1384 971 1439 neminem
1033 1383 1261 1437 scimus.
1326 1380 1443 1438 Hoc
1494 1391 1699 1447 autem,

175 1479 292 1548 quod
306 1478 570 1547 proposito
601 1491 704 1533 suo
740 1475 944 1546 Optime
980 1475 1274 1530 convenire
1323 1481 1559 1543 putaret,
1593 1490 1701 1528 non

177 1570 312 1624 semel
342 1585 464 1625 usus
489 1580 590 1635 est,
615 1577 672 1624 et
694 1568 915 1638 quidem
945 1567 1010 1620 ad
1032 1565 1280 1632 eosdem,
1308 1564 1353 1618 ll
1382 1564 1509 1620 Cor.
1545 1582 1619 1632 xl,
1644 1564 1696 1620 8:

178 1663 243 1714 οὐ
270 1659 666 1728 κατενάρκησα
710 1658 978 1726 οὐδενός.
1014 1656 1230 1712 Rursus
1252 1671 1373 1726 cap.
1436 1673 1551 1722 xu,
1600 1657 1698 1711 i3:

174 1753 332 1819 Αὐτὸς
358 1753 465 1822 ἐγὼ
478 1755 549 1807 οὐ
579 1752 998 1822 κατενάρκησα
1012 1747 1200 1822 ὑμῶν,
1219 1759 1273 1806 et
1291 1749 1565 1806 versiculo
1581 1765 1704 1821 pro-

175 1843 320 1898 ximo;
356 1845 432 1896 οὐ
463 1841 897 1910 καταναρκήσω
926 1840 1116 1910 ὑμῶν.
1147 1839 1203 1895 Si
1250 1840 1366 1894 haec
1389 1840 1702 1910 scripsisset

173 1933 394 2003 lguatius,
426 1947 562 2004 quas
595 1933 785 1989 turbas
827 1933 1125 1987 excitasset
1185 1929 1450 1989 Dallazus!
1495 1930 1700 1988 Nactus

171 2034 236 2080 est
262 2025 467 2080 verbum
503 2041 695 2080 rarum
731 2033 786 2080 et
822 2025 1127 2091 insolitum,
1168 2024 1316 2093 quod
1339 2023 1407 2078 ad
1435 2024 1701 2080 orationis

173 2132 386 2186 pompam
404 2125 456 2171 et
473 2116 639 2185 ὄγκον
665 2115 891 2171 faceret.
926 2112 1086 2170 «Hoc
1134 2111 1238 2169 sibi
1281 2113 1424 2169 salse
1466 2122 1521 2170 et
1562 2113 1702 2168 belle

171 2210 293 2264 visus
311 2219 387 2266 est
405 2210 629 2265 dixisse.
663 2228 683 2261 ι
710 2207 832 2263 Νοη
861 2208 1028 2280 igitur
1054 2208 1157 2263 sibi
1181 2217 1483 2277 temperare
1500 2207 1698 2278 potuit,

170 2303 275 2371 quin
300 2301 481 2357 iisdem
515 2301 815 2367 occineret,
846 2315 1054 2372 eosque
1083 2298 1332 2356 conferta
1375 2299 1704 2368 repetitione

170 2395 470 2462 obtunderet,
513 2403 568 2449 et
616 2393 748 2464 ipsa.
783 2392 1065 2464 torpedine
1092 2392 1369 2462 potentius
1390 2385 1706 2462 obstupefa-

169 2496 302 2543 ceret.
317 2486 421 2543 Nec
446 2496 630 2543 tamen
651 2487 857 2542 verit-us
887 2495 968 2541 est
993 2485 1290 2555 Gregorius
1322 2483 1703 2540 Nazianzenus

170 2580 283 2634 idem
304 2580 624 2635 vocabulum
651 2590 774 2650 post
796 2578 853 2634 S.
901 2579 1133 2635 Paulum
1193 2579 1362 2634 etiam
1410 2579 1702 2649 repetitum

168 2670 272 2726 dare
286 2670 644 2742 oratioueJS:
676 2671 824 2725 Πάνυ
851 2670 981 2744 γὰρ,
1008 2672 1084 2735 ὡς
1108 2673 1260 2744 ὁρᾷς,
1285 2670 1551 2724 πλείστων
1574 2688 1704 2725 κατ-

169 2761 512 2834 εναρκήσαμεν
535 2803 551 2828 ,
607 2762 848 2832 καίτοιγε
923 2764 1382 2836 προκαλουμένων
1401 2780 1414 2792 ·
1479 2762 1542 2816 οὐ
1595 2762 1704 2834 γὰρ

168 2852 562 2924 ἀχαριπήσομεν
584 2871 598 2883 ·
632 2856 682 2906 εί
728 2854 784 2908 δὲ
811 2855 904 2907 καὶ
931 2856 1438 2926 κατεναρκήσαμεν,
1478 2851 1556 2924 τῷ
1584 2851 1704 2921 φεί-

167 2943 315 2998 δεσθαι
335 2946 548 3016 μᾶλλον,
582 2948 617 3018 ἢ
643 2947 720 3018 τῷ
739 2946 1074 3016 προσίεσθαι.

222 3036 495 3094 Enumerat
546 3039 782 3110 phrases
834 3041 1104 3110 quasdam
1150 3050 1244 3094 aut
1293 3039 1703 3107 similitudines,

169 3143 264 3198 qua:
289 3130 338 3184 in
359 3131 570 3186 duabus
607 3139 707 3186 aut
737 3130 878 3186 forte
929 3132 1106 3186 tribus
1144 3132 1390 3202 epistolis
1418 3132 1707 3187 inveniun-
1733 3155 1775 3212 ο

169 3232 252 3286 tur,
275 3233 323 3276 et
346 3224 457 3278 haec
491 3225 660 3279 toties
690 3239 959 3293 usurpare
1003 3223 1350 3294 βαττολογεῖν
1376 3239 1498 3280 esse
1527 3233 1701 3294 putat.

169 3310 333 3369 Eadem
377 3317 540 3387 igitur
591 3316 851 3387 loquendi
882 3316 1139 3383 formula,
1169 3325 1264 3371 aut
1291 3317 1484 3371 eadem
1526 3327 1703 3372 meta-

169 3406 308 3472 phora
342 3409 392 3462 in
411 3409 602 3479 aliqua
628 3409 861 3479 epistola
879 3409 977 3474 uti,
997 3424 1105 3479 qua
1137 3409 1188 3462 in
1209 3409 1316 3464 alia
1353 3425 1487 3464 usus
1511 3409 1702 3474 fueris,

168 3506 231 3550 est
250 3499 571 3570 βαττολογία.
609 3501 845 3556 Severus
877 3500 1042 3556 nimis
1066 3501 1292 3556 criticus
1329 3511 1414 3556 est
1448 3500 1702 3556 Dallaeus.

169 3590 278 3655 Quid
301 3595 367 3647 sit
392 3592 740 3662 βαττολογία,
757 3608 863 3647 non
887 3607 1080 3648 omnes
1098 3593 1484 3660 consentiunt;
1509 3609 1705 3663 quam-

168 3695 347 3752 cunque
386 3686 762 3756 acceptionem
793 3684 1081 3755 sequaris,
1139 3681 1413 3755 lgnatium
1453 3694 1702 3741 nostrum

167 3772 468 3846 βαττολογεῖν
497 3793 783 3848 nunquam
815 3777 1036 3833 elﬁcies.
1065 3775 1376 3833 Delectatus
1398 3778 1612 3834 videtur
1643 3777 1700 3832 S.

169 3862 336 3924 Paulus
365 3869 688 3938 metaphora
733 3869 840 3922 ἀπὸ
868 3869 977 3922 τῶν
999 3868 1182 3924 ὃπλων
1233 3870 1394 3925 ducta
1440 3871 1493 3923 in
1533 3870 1706 3940 expli-

171 3959 311 4013 canda
337 3960 584 4015 doctrina
618 3958 969 4025 Christiana;
1014 3959 1258 4015 scribens
1290 3960 1474 4030 itaque
1494 3961 1561 4015 ad
1602 3959 1706 4016 Ro-

172 4063 324 4106 manos
348 4052 484 4106 ὅπλα
521 4051 740 4116 ἀδικίας
772 4051 941 4117 dixit,
978 4051 1104 4106 dein
1154 4049 1292 4105 ὅπλα
1340 4051 1701 4123 δικαιοσύνης,

170 4152 272 4195 mox
289 4142 440 4197 etiam
469 4143 614 4197 ὅπλα
639 4140 734 4195 τοῦ
761 4143 937 4212 φωτός
957 4159 971 4171 ο
1008 4158 1204 4197 rursus
1223 4143 1470 4199 scribens
1493 4144 1561 4199 ad
1598 4142 1703 4199 Co-

173 4230 384 4300 rinlhios,
408 4237 608 4290 iterum
648 4235 788 4288 ὅπλα
831 4233 1196 4306 δικαιοσύνης,
1227 4236 1320 4288 καὶ
1354 4235 1493 4290 ὅπλα
1533 4252 1703 4308 στρα-

172 4321 305 4390 τείας,
336 4329 398 4380 ad
441 4327 745 4398 Ephesios,
785 4326 1081 4381 ἀναλάϐετε
1115 4326 1213 4399 τὴν
1257 4326 1554 4381 πανοπλίαν
1607 4328 1700 4380 τοῦ

173 4414 294 4484 Θεοῦ,
323 4420 607 4474 ἐνδύσασθε
627 4421 725 4492 τὴν
754 4421 1056 4474 πανοπλίαν
1079 4418 1171 4473 τοῦ
1201 4419 1358 4485 Θεοῦ,
1385 4435 1548 4490 quam
1566 4422 1701 4476 adeo

1797 545 1880 598 bis
1910 544 2068 599 dixit.
2107 563 2125 595 ι
2158 543 2345 614 Neque
2373 543 2610 598 mirum:
2653 559 2776 598 cum
2837 544 2952 612 ipse
2979 543 3171 596 Cicero
3197 584 3212 608 ,
3253 543 3368 610 epi-

1798 637 1943 692 stola
1961 637 2026 690 ad
2053 635 2307 696 Marium.
2342 651 2465 691 cum
2497 635 2666 691 semel
2697 635 2834 690 belle
2875 635 3136 690 dixisset:
3175 654 3192 685 ι
3232 631 3366 688 Veni

1796 728 2043 794 domum,
2075 729 2121 784 si
2143 736 2290 784 esset
2310 729 2490 797 aliqua
2523 725 2699 782 forma
2742 727 3054 796 reipublicae
3105 737 3367 794 tanquam

1797 818 1850 871 in
1874 817 2046 886 patria
2077 827 2136 872 ut
2163 835 2339 874 essem
2373 835 2386 871 :
2424 819 2469 873 si
2495 817 2665 880 nulla,
2693 826 2958 887 tanquam
2983 818 3038 872 in
3085 817 3314 878 exsilio;
3343 835 3363 867 ι

1797 925 1906 963 non
1925 910 2026 964 sibi
2049 911 2427 980 temperaverit
2451 912 2583 980 quin
2610 911 2775 981 paulo
2791 923 2911 981 post
2925 910 3129 964 diceret
3144 929 3156 964 :
3171 929 3188 960 ι
3212 908 3368 962 Nunc

1798 1010 1978 1055 autem
2007 1002 2053 1056 si
2082 1001 2196 1066 haec
2222 1002 2416 1056 civitas
2441 1014 2542 1065 est.
2578 1003 2751 1057 civem
2808 1017 2931 1057 esse
2959 1018 3073 1066 me;
3132 1003 3175 1056 si
3233 1018 3364 1065 non,

1797 1091 2039 1146 exsulem
2069 1107 2210 1147 esse.
2249 1111 2266 1142 ι
2313 1091 2603 1162 Nunquam
2649 1094 3004 1164 repetitioncs
3042 1090 3371 1160 frequentio-

1799 1198 1885 1238 res
1916 1193 2043 1239 sunt
2077 1200 2242 1254 quam
2287 1184 2341 1238 in
2368 1184 2638 1253 epistolis,
2663 1185 2709 1239 si
2737 1199 2843 1237 non
2879 1183 3096 1244 iisdem,
3131 1189 3279 1236 certe
3313 1181 3368 1233 in

1798 1274 2050 1330 diversis.
2086 1276 2150 1330 Et
2175 1276 2393 1346 quidem
2413 1276 2517 1345 ipsi
2546 1275 2798 1331 Ciceroni
2823 1285 3102 1329 oratorum
3128 1274 3370 1328 maximo

1797 1365 1929 1419 olim
1973 1365 2310 1435 objiciebant
2337 1365 2525 1420 eadem
2558 1367 2743 1420 omnia
2781 1366 3197 1430 obtrectatores,
3247 1379 3369 1432 quae

1800 1456 2176 1526 nunclgnatio
2218 1455 2623 1524 nostroobjicit
2671 1453 2922 1510 Dallmus.
2978 1453 3053 1509 lta
3105 1454 3366 1507 nimirum

1801 1544 2197 1613 Quintilianus,
2228 1546 2550 1600 Ciceronem
2604 1560 2830 1600 suorum
2857 1553 3160 1614 temporum
3193 1543 3366 1597 homi-

1802 1653 1901 1693 nes
1931 1639 2203 1693 incessere
2242 1638 2516 1692 audebant
2563 1647 2623 1691 ut
2653 1635 3023 1702 tumidiorem,
3057 1644 3110 1690 et
3165 1634 3368 1690 Asiati-

1804 1745 1951 1796 cum,
1973 1737 2028 1784 et
2056 1729 2474 1795 redundantem,
2499 1738 2552 1784 et
2578 1729 2632 1783 in
2668 1727 3084 1797 repetitionibus
3115 1727 3367 1780 nimium.

1731 1811 1774 1865 Β
1872 1821 2016 1877 Inter
2046 1837 2238 1878 omnes
2288 1838 2382 1877 eas
2422 1821 2720 1877 sententias
2774 1836 2912 1890 quas
2957 1829 3243 1874 enumerat
3289 1821 3371 1873 bis

1802 1915 1886 1970 vel
1913 1923 1996 1969 ter
2025 1915 2079 1968 in
2110 1914 2358 1984 epistolis
2393 1921 2684 1983 usurpatas
2712 1926 2876 1966 unam
2904 1915 3160 1966 observat
3185 1914 3371 1966 absur-

1801 2007 1927 2062 dam
1965 2016 2019 2061 et
2048 2007 2334 2070 absonam,
2369 2006 2438 2060 ab
2469 2004 2856 2075 interpolatore
2899 2002 3194 2058 indicatam
3218 2041 3234 2069 ,
3278 2001 3368 2071 qui

1802 2113 1923 2153 eam
1958 2096 2099 2151 ferre
2137 2113 2246 2151 non
2268 2097 2460 2165 potuit,
2492 2095 2725 2165 ideoque
2759 2096 2976 2165 quoties
3006 2095 3059 2148 in
3089 2110 3208 2148 eam
3237 2095 3373 2148 inci-

1801 2188 1902 2252 dit,
1939 2186 2022 2242 vel
2049 2188 2336 2257 expunxit,
2366 2187 2451 2242 vel
2482 2187 2730 2241 mutavit.
2782 2190 2864 2239 An
2902 2187 3084 2240 omnia
3135 2186 3372 2241 absurda

1801 2290 1855 2337 et
1897 2282 2099 2337 absona
2136 2291 2285 2346 sunt,
2308 2297 2430 2352 quae
2484 2282 2717 2335 mutavit
2758 2279 3150 2350 interpolator?
3193 2279 3373 2333 Infeli-

1803 2375 2193 2444 cissimiigitur
2224 2373 2539 2431 mortalium
2564 2365 2621 2428 S.
2657 2369 3012 2438 Athanasius,
3045 2371 3102 2426 S.
3132 2369 3373 2426 Theodo-

1804 2476 1954 2522 retus
1978 2467 2179 2538 aliique
2202 2477 2432 2530 veteres,
2465 2466 2559 2536 qui
2594 2474 2671 2520 tot
2698 2467 2820 2520 loca
2852 2481 2922 2518 ex
2947 2465 3156 2534 lgnatio
3180 2463 3246 2517 ad
3273 2479 3373 2518 sua

1803 2560 2008 2628 scripta
2033 2559 2348 2615 exornanda
2371 2567 2425 2613 et
2441 2556 2708 2613 Ecclesiae
2720 2557 2974 2626 dogmata
3002 2554 3374 2609 conﬁrmanda

1803 2652 2198 2722 produxerunt,
2234 2665 2470 2722 quorum
2515 2650 2802 2720 pleraque,
2847 2657 2904 2702 ut
2939 2648 3170 2702 absurda
3224 2647 3376 2701 scili-

1803 2753 1888 2799 cet
1929 2754 1982 2800 et
2019 2743 2226 2800 absona
2250 2744 2512 2810 mutavit,
2541 2741 2889 2807 obscuravit,
2941 2748 3035 2794 aut
3067 2740 3379 2794 obliteravit

1805 2836 2183 2906 interpolator,
2220 2837 2540 2906 prudentior
2570 2833 2745 2889 multo
2768 2841 2933 2903 atque
2967 2833 3234 2903 sagacior.
3285 2831 3378 2886 Ille

1803 2928 1987 2984 omnia
2024 2943 2125 2998 pro
2158 2929 2315 2984 libitu
2362 2929 2678 2995 miscuit,ut
2703 2938 2829 2983 ante
2861 2928 3222 2992 ostendimus,
3256 2941 3374 2978 ma-

1806 3019 1954 3073 xima
1981 3019 2207 3074 minima
2232 3019 2458 3075 licenter
2489 3019 2829 3074 immutavit:
2864 3020 3011 3075 illius
3049 3019 3393 3088 quisquilias.

1808 3121 1862 3165 et
1889 3119 2067 3165 errata
2119 3120 2378 3181 tanquam
2431 3111 2654 3166 oracula
2707 3110 2942 3166 Dallzeus
3000 3112 3371 3166 exosculatur.

1807 3199 2050 3274 lgnatius
2078 3218 2185 3257 non
2215 3219 2278 3258 ea
2298 3203 2468 3268 dixit,
2501 3219 2623 3273 qua:
2641 3218 2804 3259 nemo
2837 3203 3052 3259 locutus
3081 3212 3198 3268 est,
3248 3220 3389 3257 cum.

1806 3294 2063 3364 episcopo
2103 3304 2216 3364 aut,
2241 3295 2490 3350 diaconis
2539 3295 2796 3364 ἐντολήν,
2850 3297 3189 3367 presbyterio
3215 3299 3376 3367 νόμον

1807 3381 2042 3457 Χριστοῦ
2075 3386 2354 3440 adhibuit:
2391 3387 2486 3442 sed
2515 3387 2572 3442 S.
2595 3386 2825 3441 Paulum
2863 3388 3109 3442 imitatus
3139 3399 3243 3453 est,
3281 3389 3374 3456 qui

1806 3477 1994 3531 eodem
2022 3477 2184 3533 modo
2207 3477 2476 3550 διαταγήν.
2503 3480 2810 3549 usurpavit,
2839 3478 2998 3534 Rom.
3039 3495 3162 3543 xm,
3185 3478 3254 3531 ﬁt:
3322 3480 3375 3531 '0

1805 3568 2311 3641 ἀντιτασσόμενος
2331 3571 2404 3640 τῇ
2425 3572 2693 3639 ἐξουσίᾳ,
2716 3572 2789 3641 τῇ
2816 3572 2921 3627 τοῦ
2954 3573 3099 3628 Θεοῦ
3128 3571 3376 3641 διαταγῇ

1805 3661 2192 3730 ἀνθέστηκεν.
2229 3661 2364 3716 Nam
2398 3664 2442 3718 si
2469 3664 2557 3718 ille
2589 3664 2682 3734 qui
2733 3664 3075 3736 magistratui
3125 3666 3377 3718 ἀντιτάσ-

1807 3769 1980 3816 σεται,
2015 3753 2107 3808 Dei
2140 3753 2368 3826 διαταγῇ
2399 3756 2813 3821 ἀντιτάσσεται,
2837 3765 2952 3811 ιυιιι
2977 3757 3066 3811 ille
3093 3757 3255 3810 etiam
3281 3757 3376 3826 qui

1806 3846 2062 3916 episcopo
2095 3846 2478 3913 ὑποτάσσεται,
2507 3848 2601 3903 Dei
2630 3847 2819 3920 ἐντολῇ
2852 3849 3216 3902 ὑποτάσσεται
3241 3890 3254 3914 ,
3291 3866 3376 3902 so—

1805 3931 2045 3994 cuudum
2103 3941 2430 3996 sententiam
2471 3937 2528 3997 S.
2562 3940 2780 4012 lgnatii,
2812 3943 2915 3998 hoc
2965 3953 3068 4008 est,
3118 3942 3375 4012 episcopo

1805 4031 2095 4101 subjicitur
2131 4032 2224 4102 qui
2259 4034 2514 4088 mandato
2542 4033 2637 4089 Dei
2664 4035 2999 4090 constitutus
3033 4043 3137 4090 est.

1875 4120 2118 4192 Denique
2141 4123 2394 4178 observat
2445 4135 2694 4181 nostrum
2751 4125 3004 4196 plurimis
3057 4125 3125 4180 de
3168 4127 3375 4180 unitate

1804 4214 2198 4283 conservanda,
2244 4213 2311 4271 de
2345 4216 2651 4272 obedientia
2681 4218 3010 4289 evangelicis
3041 4221 3372 4288 praestanda,

1803 4308 1871 4364 de
1903 4307 2173 4364 hazreticis
2195 4317 2249 4364 et
2275 4309 2643 4366 schismaticis
2670 4307 2943 4380 fugiendis
2964 4309 3252 4375 disserere,
3282 4325 3374 4364 ea—

1803 4401 2037 4471 demque
2067 4401 2122 4456 in
2145 4403 2401 4458 omnibus
2429 4401 2544 4458 fere
2581 4403 2826 4474 epistolis
2883 4403 3179 4458 inculcare.
3215 4400 3373 4467 Quod

174 4509 490 4575 particulatim
525 4514 901 4583 persequitur,
935 4522 993 4566 ιιι
1016 4510 1333 4566 Samnium
1372 4526 1510 4581 pene
1538 4512 1696 4567 om“,
1726 4517 1774 4576 ι)
1802 4492 2021 4562 quidem
2055 4507 2243 4547 verum
2277 4503 2379 4548 est.
2408 4492 2545 4550 Nam
2569 4502 2629 4550 ut
2652 4503 2798 4549 recte
2829 4492 2885 4547 S.
2919 4492 3252 4549 Athanasius
3275 4495 3370 4550 lib.

175 4598 298 4654 derit.
351 4600 436 4658 Sic
478 4604 630 4659 enim
684 4601 993 4672 scripsitad
1042 4601 1372 4657 Salmasium
1400 4602 1468 4656 de
1505 4602 1702 4658 militia

176 4691 308 4744 multa
321 4693 698 4750 meditantem:
728 4712 746 4745 ι
777 4693 986 4748 Divina.
1011 4692 1220 4746 militia:
1246 4707 1461 4761 semper
1483 4693 1702 4747 studere

176 4790 362 4844 oportet.
395 4782 550 4849 Quod
597 4785 732 4838 dum
774 4782 918 4838 facio
949 4783 1170 4853 quando
1216 4792 1375 4837 vacat
1413 4785 1471 4836 ὲν
1502 4785 1570 4854 τῇ
1604 4781 1699 4836 τοῦ

175 4867 279 4925 Θεοῦ
306 4878 588 4948 πανοπλίᾳ,
621 4893 788 4948 quam
829 4877 1068 4946 explicat
1123 4876 1424 4946 Apostolus
1473 4876 1701 4946 epistola

175 4965 226 5016 ad
245 4965 506 5036 Ephesios,
540 4971 780 5041 plurima
809 4977 1107 5025 occurrunt
1133 4975 1426 5024 armaturae
1477 4983 1698 5039 genera,

174 5057 333 5124 quibus
360 5061 531 5118 fateor
554 5079 643 5117 me
666 5079 775 5117 non
803 5077 964 5132 posse
995 5061 1170 5127 indui,
1199 5077 1325 5116 cum
1340 5077 1403 5116 ea
1430 5076 1541 5116 non
1565 5061 1700 5117 satis

177 5147 444 5224 intelligam.
479 5155 741 5227 Clypeum
773 5155 917 5220 ﬁdei,
946 5154 1074 5225 quia
1107 5153 1238 5224 quid
1262 5162 1408 5209 esset
1429 5153 1588 5219 dixit,
1621 5153 1700 5206 l'a-

175 5241 253 5298 cile
273 5247 431 5316 capio.
470 5247 578 5304 Sed
601 5247 832 5318 reliqua,
856 5262 1050 5317 nempe
1073 5247 1236 5318 στῆτε
1265 5247 1706 5319 περιζωσάμενοι

174 5329 248 5400 τὴν
269 5334 421 5402 ὀσφὺν
451 5338 607 5408 ὑμῶν
647 5340 705 5391 ὲν
726 5336 952 5408 ἀληθείᾳ
970 5377 985 5403 ,
1013 5336 1106 5390 καὶ
1147 5337 1544 5407 ὑποδησάμενοι
1576 5339 1700 5400 τοὺς

177 5422 304 5488 πόδας
345 5431 399 5482 ἐν
445 5431 728 5501 ἑτοιμασίᾳ
784 5427 877 5482 τοῦ
914 5429 1250 5498 Εὐαγγελίου
1307 5429 1407 5499 τῆς
1450 5431 1697 5500 εἰρήνης.

175 5506 273 5566 Item
294 5515 463 5588 θώραξ
489 5520 855 5592 δικαιοσύνης,
891 5529 939 5574 el
972 5519 1372 5591 περικεφαλαία
1390 5518 1484 5572 τοῦ
1518 5537 1704 5591 σωτη-

177 5597 283 5667 ρίου,
325 5615 376 5660 et
412 5610 657 5681 μάχαιρα
712 5608 1020 5679 πνεύματος
1043 5624 1208 5677 quam
1254 5608 1436 5677 σχέσιν
1464 5608 1698 5663 habeant

176 5704 272 5747 cum
299 5697 578 5756 virtutibus
606 5699 902 5756 Christiani
932 5701 1144 5767 militis,
1181 5709 1407 5770 paratus
1461 5716 1581 5755 sum
1613 5700 1697 5755 di-

178 5794 314 5850 scere,
345 5791 388 5845 si
425 5792 521 5847 tibi
552 5793 716 5848 libeat
751 5809 839 5849 mc
862 5792 1078 5850 docere.
1115 5811 1134 5844 ι
1193 5793 1260 5846 At
1295 5792 1436 5848 idem
1467 5791 1532 5848 ad
1566 5807 1691 5847 eos-

1798 4585 1879 4643 De
1913 4583 2294 4641 Incarnatione
2339 4586 2526 4642 Verbi:
2567 4588 2676 4640 Καὶ
2709 4588 2819 4659 γὰρ
2872 4587 3078 4658 βέλτιον
3121 4589 3373 4641 morolo—

1801 4678 1925 4746 γίας
1967 4678 2170 4750 μέμψιν
2191 4678 2566 4750 ὐποστῆναι,ἦ
2597 4677 2925 4749 παραλείψαί
2977 4697 3028 4731 τι
3069 4678 3176 4731 τῶν
3225 4681 3372 4748 ὀφει-

1801 4769 2011 4824 λόντων·
2032 4771 2327 4843 γραφῆναι.
2370 4793 2394 4825 ι
2425 4771 2617 4827 Melius
2645 4773 2791 4826 enim
2814 4780 2897 4826 est.
2929 4773 3238 4840 tautologia:
3269 4775 3373 4826 cri—

1803 4878 1925 4918 men
1963 4864 2254 4931 sustinere,
2280 4881 2444 4935 quam
2477 4864 2681 4934 aliquid
2731 4879 2922 4918 eorum
2961 4866 3374 4934 praatcrmittere

1801 4970 1923 5025 quae
1962 4956 2128 5011 scribi
2161 4957 2480 5012 debuerant.
2523 4977 2542 5009 ›
2588 4955 2992 5012 Pullulantibus
3035 4965 3218 5011 autem
3257 4958 3370 5011 hae-

1802 5047 2038 5115 resibus,
2056 5058 2112 5104 et
2131 5060 2257 5120 post
2282 5051 2528 5106 omnium
2557 5049 2928 5120 apostolorum
2949 5059 3180 5104 mortem
3205 5051 3372 5104 libere

1801 5149 1854 5195 et
1877 5150 2062 5211 aperte
2093 5143 2530 5213 erumpentibus,
2570 5141 2866 5197 schismate
2914 5141 3078 5196 etiam
3137 5142 3244 5196 late
3279 5159 3373 5211 per

1801 5234 2076 5293 Ecclesins
2109 5246 2414 5306 grassante,
2450 5235 2582 5304 quid
2607 5233 2989 5289 sanctissimus
3027 5243 3234 5304 martyr
3274 5251 3373 5302 op-

1801 5329 2090 5397 portunius
2124 5327 2398 5383 Ecclesias
2414 5336 2682 5392 moneret,
2707 5340 2873 5394 quam
2910 5334 2969 5378 ut
3001 5325 3071 5379 ab
3103 5325 3205 5379 hac
3222 5337 3371 5394 peste

1801 5421 2145 5492 potissimum
2172 5420 2460 5474 caverent?
2481 5417 2631 5484 Quod
2655 5427 2838 5472 autem
2861 5417 3043 5487 aptius
3067 5417 3371 5471 remedium

1801 5517 1867 5569 ad
1900 5513 2149 5568 vitandas
2181 5512 2416 5567 haereses
2446 5519 2500 5566 et
2521 5510 2869 5586 exstirpanda
2887 5509 3184 5565 schismata
3215 5510 3372 5564 adhi-

1799 5607 1928 5662 bere
1955 5604 2151 5675 poruit,
2184 5618 2349 5673 quam
2391 5610 2448 5656 ut
2481 5587 2793 5671 pastoribus
2817 5640 2832 5666 ,
2870 5617 3010 5671 quos
3057 5601 3172 5671 ipse
3218 5602 3372 5655 novit

1802 5701 1855 5753 in
1914 5706 2058 5753 recta
2100 5696 2203 5751 lide
2233 5704 2416 5760 stare,
2449 5679 2780 5748 unanimiter
2837 5693 3211 5748 adlnererent?
3258 5693 3370 5760 Ego

1800 5801 1943 5846 certe
1983 5789 2114 5844 nihil
2150 5788 2293 5843 aliud
2324 5787 2444 5842 inde
2477 5786 2836 5857 colligendum
2884 5785 3132 5841 existimo
3160 5826 3174 5853 ,
3204 5800 3381 5853 quam-
