  <div class='ocr_page' id='page_1' title='image "/cluster/home/n/w/nwhite01/storage/ocr_20150623/5/nnc1.0046978607/243.png"; bbox 0 0 3834 6214; ppageno 0'>
   <div class='ocr_carea' id='block_1_1' title="bbox 441 338 535 394">
    <p class='ocr_par' dir='ltr' id='par_1_1' title="bbox 441 338 535 394">
     <span class='ocr_line' id='line_1_1' title="bbox 441 338 535 394; baseline -0.021 -1"><span class='ocrx_word' id='word_1_1' title='bbox 441 338 535 394; x_wconf 68' lang='grc'><strong>471</strong></span> 
     </span>
    </p>
   </div>
   <div class='ocr_carea' id='block_1_2' title="bbox 1501 337 2630 404">
    <p class='ocr_par' dir='ltr' id='par_1_2' title="bbox 1501 337 2630 404">
     <span class='ocr_line' id='line_1_2' title="bbox 1501 337 2630 404; baseline 0.007 -10"><span class='ocrx_word' id='word_1_2' title='bbox 1501 337 1558 394; x_wconf 90' lang='lat' dir='ltr'><strong>S.</strong></span> <span class='ocrx_word' id='word_1_3' title='bbox 1599 340 1948 401; x_wconf 79' lang='lat' dir='ltr'><strong>IGNATIUS.</strong></span> <span class='ocrx_word' id='word_1_4' title='bbox 1991 378 2058 386; x_wconf 95' lang='lat'><em>—</em></span> <span class='ocrx_word' id='word_1_5' title='bbox 2095 343 2630 404; x_wconf 76' lang='lat' dir='ltr'><strong>PROLEGOMENA.</strong></span> 
     </span>
    </p>
   </div>
   <div class='ocr_carea' id='block_1_3' title="bbox 3602 355 3708 406">
    <p class='ocr_par' dir='ltr' id='par_1_3' title="bbox 3602 355 3708 406">
     <span class='ocr_line' id='line_1_3' title="bbox 3602 355 3708 406; baseline 0 0"><span class='ocrx_word' id='word_1_6' title='bbox 3602 355 3708 406; x_wconf 71' lang='lat'><strong>47?.</strong></span> 
     </span>
    </p>
   </div>
   <div class='ocr_carea' id='block_1_4' title="bbox 440 451 3705 545">
    <p class='ocr_par' dir='ltr' id='par_1_4' title="bbox 440 451 3705 545">
     <span class='ocr_line' id='line_1_4' title="bbox 440 451 3705 545; baseline 0.006 -40"><span class='ocrx_word' id='word_1_7' title='bbox 440 451 541 506; x_wconf 66' lang='lat' dir='ltr'><strong>ista</strong></span> <span class='ocrx_word' id='word_1_8' title='bbox 569 453 622 507; x_wconf 94' lang='lat' dir='ltr'><strong>in</strong></span> <span class='ocrx_word' id='word_1_9' title='bbox 656 452 897 510; x_wconf 82' lang='lat' dir='ltr'><strong>Ecclesia</strong></span> <span class='ocrx_word' id='word_1_10' title='bbox 934 458 1169 514; x_wconf 80' lang='lat' dir='ltr'><strong>maxime</strong></span> <span class='ocrx_word' id='word_1_11' title='bbox 1193 474 1314 516; x_wconf 90' lang='lat' dir='ltr'><strong>esse</strong></span> <span class='ocrx_word' id='word_1_12' title='bbox 1341 460 1615 531; x_wconf 81' lang='lat' dir='ltr'><strong>fugienda,</strong></span> <span class='ocrx_word' id='word_1_13' title='bbox 1644 463 1747 519; x_wconf 93' lang='lat' dir='ltr'><strong>hoc</strong></span> <span class='ocrx_word' id='word_1_14' title='bbox 1771 466 1839 520; x_wconf 91' lang='lat' dir='ltr'><strong>ad</strong></span> <span class='ocrx_word' id='word_1_15' title='bbox 1887 482 2011 522; x_wconf 90' lang='lat' dir='ltr'><strong>eum</strong></span> <span class='ocrx_word' id='word_1_16' title='bbox 2046 475 2088 530; x_wconf 86' lang='grc' dir='ltr'><strong>Λ</strong></span> <span class='ocrx_word' id='word_1_17' title='bbox 2122 479 2229 526; x_wconf 88' lang='lat' dir='ltr'><strong>tate</strong></span> <span class='ocrx_word' id='word_1_18' title='bbox 2258 479 2558 533; x_wconf 84' lang='lat' dir='ltr'><strong>armasset.</strong></span> <span class='ocrx_word' id='word_1_19' title='bbox 2590 471 2749 542; x_wconf 87' lang='lat' dir='ltr'><strong>cujus</strong></span> <span class='ocrx_word' id='word_1_20' title='bbox 2771 481 3012 543; x_wconf 88' lang='lat' dir='ltr'><strong>potestas</strong></span> <span class='ocrx_word' id='word_1_21' title='bbox 3041 489 3104 528; x_wconf 86' lang='lat' dir='ltr'><strong>ea</strong></span> <span class='ocrx_word' id='word_1_22' title='bbox 3129 482 3476 545; x_wconf 83' lang='lat' dir='ltr'><strong>tempestate,</strong></span> <span class='ocrx_word' id='word_1_23' title='bbox 3533 471 3705 530; x_wconf 80' lang='lat' dir='ltr'><strong>etiam</strong></span> 
     </span>
    </p>
   </div>
   <div class='ocr_carea' id='block_1_5' title="bbox 439 544 2012 626">
    <p class='ocr_par' dir='ltr' id='par_1_5' title="bbox 439 544 2012 626">
     <span class='ocr_line' id='line_1_5' title="bbox 439 544 2012 626; baseline 0.01 -30"><span class='ocrx_word' id='word_1_24' title='bbox 439 544 600 598; x_wconf 81' lang='lat' dir='ltr'><strong>tinem</strong></span> <span class='ocrx_word' id='word_1_25' title='bbox 625 561 746 601; x_wconf 89' lang='lat' dir='ltr'><strong>esse</strong></span> <span class='ocrx_word' id='word_1_26' title='bbox 807 564 1022 604; x_wconf 89' lang='lat' dir='ltr'><strong>summe</strong></span> <span class='ocrx_word' id='word_1_27' title='bbox 1052 553 1458 621; x_wconf 87' lang='lat' dir='ltr'><strong>necessarium;</strong></span> <span class='ocrx_word' id='word_1_28' title='bbox 1506 557 1651 626; x_wconf 88' lang='lat' dir='ltr'><strong>quod</strong></span> <span class='ocrx_word' id='word_1_29' title='bbox 1706 573 1902 613; x_wconf 91' lang='lat' dir='ltr'><strong>omnes</strong></span> <span class='ocrx_word' id='word_1_30' title='bbox 1943 560 2012 613; x_wconf 91' lang='lat' dir='ltr'><strong>ab</strong></span> 
     </span>
    </p>
   </div>
   <div class='ocr_carea' id='block_1_6' title="bbox 437 636 2012 714">
    <p class='ocr_par' dir='ltr' id='par_1_6' title="bbox 437 636 2012 714">
     <span class='ocr_line' id='line_1_6' title="bbox 437 636 2012 714; baseline 0.011 -25"><span class='ocrx_word' id='word_1_31' title='bbox 437 636 598 691; x_wconf 91' lang='lat' dir='ltr'><strong>initio</strong></span> <span class='ocrx_word' id='word_1_32' title='bbox 623 637 950 694; x_wconf 89' lang='lat' dir='ltr'><strong>Christiana</strong></span> <span class='ocrx_word' id='word_1_33' title='bbox 1002 643 1284 714; x_wconf 84' lang='lat' dir='ltr'><strong>religionis</strong></span> <span class='ocrx_word' id='word_1_34' title='bbox 1336 644 1568 714; x_wconf 82' lang='lat' dir='ltr'><strong>professi</strong></span> <span class='ocrx_word' id='word_1_35' title='bbox 1625 657 1774 703; x_wconf 92' lang='lat' dir='ltr'><strong>sunt.</strong></span> <span class='ocrx_word' id='word_1_36' title='bbox 1832 648 1928 705; x_wconf 85' lang='lat' dir='ltr'><strong>Vel</strong></span> <span class='ocrx_word' id='word_1_37' title='bbox 1967 652 2012 706; x_wconf 91' lang='lat' dir='ltr'><strong>si</strong></span> 
     </span>
    </p>
   </div>
   <div class='ocr_carea' id='block_1_7' title="bbox 437 730 2010 811">
    <p class='ocr_par' dir='ltr' id='par_1_7' title="bbox 437 730 2010 811">
     <span class='ocr_line' id='line_1_7' title="bbox 437 730 2010 811; baseline 0.01 -30"><span class='ocrx_word' id='word_1_38' title='bbox 437 730 769 798; x_wconf 90' lang='lat' dir='ltr'><strong>conjecturis</strong></span> <span class='ocrx_word' id='word_1_39' title='bbox 799 733 1094 803; x_wconf 83' lang='lat' dir='ltr'><strong>etquidem</strong></span> <span class='ocrx_word' id='word_1_40' title='bbox 1123 735 1450 805; x_wconf 92' lang='lat' dir='ltr'><strong>justissimis</strong></span> <span class='ocrx_word' id='word_1_41' title='bbox 1491 738 1776 811; x_wconf 86' lang='lat' dir='ltr'><strong>indulgere</strong></span> <span class='ocrx_word' id='word_1_42' title='bbox 1827 741 2010 808; x_wconf 90' lang='lat' dir='ltr'><strong>liceat,</strong></span> 
     </span>
    </p>
   </div>
   <div class='ocr_carea' id='block_1_8' title="bbox 436 821 2013 904">
    <p class='ocr_par' dir='ltr' id='par_1_8' title="bbox 436 821 2013 904">
     <span class='ocr_line' id='line_1_8' title="bbox 436 821 2013 904; baseline 0.011 -32"><span class='ocrx_word' id='word_1_43' title='bbox 436 836 502 873; x_wconf 86' lang='lat' dir='ltr'><strong>ex</strong></span> <span class='ocrx_word' id='word_1_44' title='bbox 532 821 632 876; x_wconf 92' lang='lat' dir='ltr'><strong>hac</strong></span> <span class='ocrx_word' id='word_1_45' title='bbox 657 822 925 892; x_wconf 87' lang='lat' dir='ltr'><strong>frequenti</strong></span> <span class='ocrx_word' id='word_1_46' title='bbox 966 827 1338 884; x_wconf 73' lang='lat' dir='ltr'><strong>admonitione</strong></span> <span class='ocrx_word' id='word_1_47' title='bbox 1361 830 1428 885; x_wconf 89' lang='lat' dir='ltr'><strong>de</strong></span> <span class='ocrx_word' id='word_1_48' title='bbox 1457 830 1766 889; x_wconf 90' lang='lat' dir='ltr'><strong>obedientia</strong></span> <span class='ocrx_word' id='word_1_49' title='bbox 1796 835 2013 904; x_wconf 82' lang='lat' dir='ltr'><strong>episco—</strong></span> 
     </span>
    </p>
   </div>
   <div class='ocr_carea' id='block_1_9' title="bbox 436 912 2011 1000">
    <p class='ocr_par' dir='ltr' id='par_1_9' title="bbox 436 912 2011 1000">
     <span class='ocr_line' id='line_1_9' title="bbox 436 912 2011 1000; baseline 0.012 -35"><span class='ocrx_word' id='word_1_50' title='bbox 436 912 554 981; x_wconf 89' lang='lat' dir='ltr'><strong>pis,</strong></span> <span class='ocrx_word' id='word_1_51' title='bbox 589 916 922 986; x_wconf 77' lang='lat' dir='ltr'><strong>presbyteris</strong></span> <span class='ocrx_word' id='word_1_52' title='bbox 960 929 1015 973; x_wconf 92' lang='lat' dir='ltr'><strong>et</strong></span> <span class='ocrx_word' id='word_1_53' title='bbox 1043 921 1291 977; x_wconf 86' lang='lat' dir='ltr'><strong>diaconis</strong></span> <span class='ocrx_word' id='word_1_54' title='bbox 1316 923 1481 980; x_wconf 88' lang='lat' dir='ltr'><strong>simul</strong></span> <span class='ocrx_word' id='word_1_55' title='bbox 1520 928 1850 996; x_wconf 86' lang='lat' dir='ltr'><strong>prastanda,</strong></span> <span class='ocrx_word' id='word_1_56' title='bbox 1909 944 2011 1000; x_wconf 91' lang='lat' dir='ltr'><strong>ego</strong></span> 
     </span>
    </p>
   </div>
   <div class='ocr_carea' id='block_1_10' title="bbox 437 1006 2013 1092">
    <p class='ocr_par' dir='ltr' id='par_1_10' title="bbox 437 1006 2013 1092">
     <span class='ocr_line' id='line_1_10' title="bbox 437 1006 2013 1092; baseline 0.012 -34"><span class='ocrx_word' id='word_1_57' title='bbox 437 1006 644 1074; x_wconf 89' lang='lat' dir='ltr'><strong>optimo</strong></span> <span class='ocrx_word' id='word_1_58' title='bbox 686 1007 812 1076; x_wconf 90' lang='lat' dir='ltr'><strong>jure</strong></span> <span class='ocrx_word' id='word_1_59' title='bbox 862 1013 1226 1080; x_wconf 83' lang='lat' dir='ltr'><strong>colligendum</strong></span> <span class='ocrx_word' id='word_1_60' title='bbox 1258 1031 1412 1084; x_wconf 92' lang='lat' dir='ltr'><strong>reor,</strong></span> <span class='ocrx_word' id='word_1_61' title='bbox 1468 1034 1580 1074; x_wconf 91' lang='lat' dir='ltr'><strong>non</strong></span> <span class='ocrx_word' id='word_1_62' title='bbox 1640 1021 1756 1076; x_wconf 90' lang='lat' dir='ltr'><strong>hac</strong></span> <span class='ocrx_word' id='word_1_63' title='bbox 1811 1022 2013 1092; x_wconf 87' lang='lat' dir='ltr'><strong>scripta</strong></span> 
     </span>
    </p>
   </div>
   <div class='ocr_carea' id='block_1_11' title="bbox 437 1097 2011 1180">
    <p class='ocr_par' dir='ltr' id='par_1_11' title="bbox 437 1097 2011 1180">
     <span class='ocr_line' id='line_1_11' title="bbox 437 1097 2011 1180; baseline 0.011 -28"><span class='ocrx_word' id='word_1_64' title='bbox 437 1097 609 1154; x_wconf 88' lang='lat' dir='ltr'><strong>fuisse</strong></span> <span class='ocrx_word' id='word_1_65' title='bbox 636 1101 739 1155; x_wconf 89' lang='lat' dir='ltr'><strong>sub</strong></span> <span class='ocrx_word' id='word_1_66' title='bbox 774 1103 931 1157; x_wconf 89' lang='lat' dir='ltr'><strong>initio</strong></span> <span class='ocrx_word' id='word_1_67' title='bbox 962 1107 1144 1175; x_wconf 80' lang='lat' dir='ltr'><strong>quarti</strong></span> <span class='ocrx_word' id='word_1_68' title='bbox 1176 1110 1382 1176; x_wconf 82' lang='lat' dir='ltr'><strong>saculi,</strong></span> <span class='ocrx_word' id='word_1_69' title='bbox 1414 1121 1510 1166; x_wconf 90' lang='lat' dir='ltr'><strong>aut</strong></span> <span class='ocrx_word' id='word_1_70' title='bbox 1563 1113 1710 1167; x_wconf 78' lang='lat' dir='ltr'><strong>tertii</strong></span> <span class='ocrx_word' id='word_1_71' title='bbox 1738 1114 1865 1180; x_wconf 84' lang='lat' dir='ltr'><strong>fine,</strong></span> <span class='ocrx_word' id='word_1_72' title='bbox 1915 1115 2011 1170; x_wconf 91' lang='lat' dir='ltr'><strong>sed</strong></span> 
     </span>
    </p>
   </div>
   <div class='ocr_carea' id='block_1_12' title="bbox 435 1193 2014 1266">
    <p class='ocr_par' dir='ltr' id='par_1_12' title="bbox 435 1193 2014 1266">
     <span class='ocr_line' id='line_1_12' title="bbox 435 1193 2014 1266; baseline 0.014 -21"><span class='ocrx_word' id='word_1_73' title='bbox 435 1193 620 1258; x_wconf 87' lang='lat' dir='ltr'><strong>potius</strong></span> <span class='ocrx_word' id='word_1_74' title='bbox 653 1196 756 1251; x_wconf 87' lang='lat' dir='ltr'><strong>sub</strong></span> <span class='ocrx_word' id='word_1_75' title='bbox 788 1197 942 1252; x_wconf 90' lang='lat' dir='ltr'><strong>initio</strong></span> <span class='ocrx_word' id='word_1_76' title='bbox 969 1203 1216 1257; x_wconf 89' lang='lat' dir='ltr'><strong>secundi.</strong></span> <span class='ocrx_word' id='word_1_77' title='bbox 1235 1202 1406 1259; x_wconf 90' lang='lat' dir='ltr'><strong>Nemo</strong></span> <span class='ocrx_word' id='word_1_78' title='bbox 1434 1206 1580 1261; x_wconf 90' lang='lat' dir='ltr'><strong>enim</strong></span> <span class='ocrx_word' id='word_1_79' title='bbox 1621 1217 1730 1263; x_wconf 86' lang='lat' dir='ltr'><strong>tam</strong></span> <span class='ocrx_word' id='word_1_80' title='bbox 1754 1210 1893 1266; x_wconf 90' lang='lat' dir='ltr'><strong>seris</strong></span> <span class='ocrx_word' id='word_1_81' title='bbox 1909 1209 2014 1266; x_wconf 89' lang='lat' dir='ltr'><strong>Ec—</strong></span> 
     </span>
    </p>
   </div>
   <div class='ocr_carea' id='block_1_13' title="bbox 433 1283 2011 1366">
    <p class='ocr_par' dir='ltr' id='par_1_13' title="bbox 433 1283 2011 1366">
     <span class='ocr_line' id='line_1_13' title="bbox 433 1283 2011 1366; baseline 0.013 -29"><span class='ocrx_word' id='word_1_82' title='bbox 433 1283 618 1340; x_wconf 80' lang='lat' dir='ltr'><strong>clesia</strong></span> <span class='ocrx_word' id='word_1_83' title='bbox 640 1289 980 1358; x_wconf 84' lang='lat' dir='ltr'><strong>temporibus</strong></span> <span class='ocrx_word' id='word_1_84' title='bbox 1008 1301 1086 1347; x_wconf 88' lang='lat' dir='ltr'><strong>tot</strong></span> <span class='ocrx_word' id='word_1_85' title='bbox 1127 1295 1320 1366; x_wconf 79' lang='lat' dir='ltr'><strong>elogiis</strong></span> <span class='ocrx_word' id='word_1_86' title='bbox 1353 1309 1608 1354; x_wconf 88' lang='lat' dir='ltr'><strong>ornasset</strong></span> <span class='ocrx_word' id='word_1_87' title='bbox 1653 1299 2011 1357; x_wconf 88' lang='lat' dir='ltr'><strong>diaconorum</strong></span> 
     </span>
    </p>
   </div>
   <div class='ocr_carea' id='block_1_14' title="bbox 436 1376 2011 1463">
    <p class='ocr_par' dir='ltr' id='par_1_14' title="bbox 436 1376 2011 1463">
     <span class='ocr_line' id='line_1_14' title="bbox 436 1376 2011 1463; baseline 0.013 -34"><span class='ocrx_word' id='word_1_88' title='bbox 436 1376 694 1442; x_wconf 78' lang='lat' dir='ltr'><strong>cilicium,</strong></span> <span class='ocrx_word' id='word_1_89' title='bbox 731 1382 875 1450; x_wconf 91' lang='lat' dir='ltr'><strong>quod</strong></span> <span class='ocrx_word' id='word_1_90' title='bbox 909 1390 1038 1438; x_wconf 91' lang='lat' dir='ltr'><strong>tunc</strong></span> <span class='ocrx_word' id='word_1_91' title='bbox 1089 1388 1354 1456; x_wconf 81' lang='lat' dir='ltr'><strong>temporis</strong></span> <span class='ocrx_word' id='word_1_92' title='bbox 1381 1390 1608 1462; x_wconf 90' lang='lat' dir='ltr'><strong>ubique,</strong></span> <span class='ocrx_word' id='word_1_93' title='bbox 1643 1404 1870 1463; x_wconf 82' lang='lat' dir='ltr'><strong>excepta</strong></span> <span class='ocrx_word' id='word_1_94' title='bbox 1902 1410 2011 1449; x_wconf 91' lang='lat' dir='ltr'><strong>una</strong></span> 
     </span>
    </p>
   </div>
   <div class='ocr_carea' id='block_1_15' title="bbox 436 1473 2007 1555">
    <p class='ocr_par' dir='ltr' id='par_1_15' title="bbox 436 1473 2007 1555">
     <span class='ocr_line' id='line_1_15' title="bbox 436 1473 2007 1555; baseline 0.011 -31"><span class='ocrx_word' id='word_1_95' title='bbox 436 1473 665 1527; x_wconf 85' lang='lat' dir='ltr'><strong>ecclesia</strong></span> <span class='ocrx_word' id='word_1_96' title='bbox 692 1475 842 1530; x_wconf 91' lang='lat' dir='ltr'><strong>urbis</strong></span> <span class='ocrx_word' id='word_1_97' title='bbox 867 1473 1144 1544; x_wconf 85' lang='lat' dir='ltr'><strong>Romana,</strong></span> <span class='ocrx_word' id='word_1_98' title='bbox 1179 1479 1315 1534; x_wconf 88' lang='lat' dir='ltr'><strong>adeo</strong></span> <span class='ocrx_word' id='word_1_99' title='bbox 1346 1482 1643 1551; x_wconf 87' lang='lat' dir='ltr'><strong>eviluerat;</strong></span> <span class='ocrx_word' id='word_1_100' title='bbox 1696 1500 1857 1539; x_wconf 90' lang='lat' dir='ltr'><strong>nemo</strong></span> <span class='ocrx_word' id='word_1_101' title='bbox 1884 1501 2007 1555; x_wconf 90' lang='lat' dir='ltr'><strong>pre-</strong></span> 
     </span>
    </p>
   </div>
   <div class='ocr_carea' id='block_1_16' title="bbox 438 1566 2012 1644">
    <p class='ocr_par' dir='ltr' id='par_1_16' title="bbox 438 1566 2012 1644">
     <span class='ocr_line' id='line_1_16' title="bbox 438 1566 2012 1644; baseline 0.01 -27"><span class='ocrx_word' id='word_1_102' title='bbox 438 1566 734 1635; x_wconf 79' lang='lat' dir='ltr'><strong>sbyterium</strong></span> <span class='ocrx_word' id='word_1_103' title='bbox 767 1576 844 1622; x_wconf 92' lang='lat' dir='ltr'><strong>tot</strong></span> <span class='ocrx_word' id='word_1_104' title='bbox 875 1568 1131 1626; x_wconf 88' lang='lat' dir='ltr'><strong>laudibus</strong></span> <span class='ocrx_word' id='word_1_105' title='bbox 1175 1573 1532 1644; x_wconf 88' lang='lat' dir='ltr'><strong>cumulasset,</strong></span> <span class='ocrx_word' id='word_1_106' title='bbox 1573 1585 1722 1632; x_wconf 90' lang='lat' dir='ltr'><strong>tanta</strong></span> <span class='ocrx_word' id='word_1_107' title='bbox 1769 1578 2012 1633; x_wconf 89' lang='lat' dir='ltr'><strong>auctori-</strong></span> 
     </span>
    </p>
   </div>
   <div class='ocr_carea' id='block_1_17' title="bbox 2117 563 3708 638">
    <p class='ocr_par' dir='ltr' id='par_1_17' title="bbox 2117 563 3708 638">
     <span class='ocr_line' id='line_1_17' title="bbox 2117 563 3708 638; baseline 0.003 -22"><span class='ocrx_word' id='word_1_108' title='bbox 2117 563 2480 627; x_wconf 81' lang='lat' dir='ltr'><strong>Alexandria,</strong></span> <span class='ocrx_word' id='word_1_109' title='bbox 2519 565 2613 619; x_wconf 91' lang='lat' dir='ltr'><strong>ubi</strong></span> <span class='ocrx_word' id='word_1_110' title='bbox 2638 565 2875 620; x_wconf 78' lang='lat' dir='ltr'><strong>maxime</strong></span> <span class='ocrx_word' id='word_1_111' title='bbox 2901 565 3177 632; x_wconf 84' lang='lat' dir='ltr'><strong>ﬂoruerat,</strong></span> <span class='ocrx_word' id='word_1_112' title='bbox 3206 576 3495 638; x_wconf 89' lang='lat' dir='ltr'><strong>tantopere</strong></span> <span class='ocrx_word' id='word_1_113' title='bbox 3519 566 3708 620; x_wconf 80' lang='lat' dir='ltr'><strong>inuni-</strong></span> 
     </span>
    </p>
   </div>
   <div class='ocr_carea' id='block_1_18' title="bbox 2117 655 3706 723">
    <p class='ocr_par' dir='ltr' id='par_1_18' title="bbox 2117 655 3706 723">
     <span class='ocr_line' id='line_1_18' title="bbox 2117 655 3706 723; baseline 0.001 -15"><span class='ocrx_word' id='word_1_114' title='bbox 2117 665 2249 710; x_wconf 90' lang='lat' dir='ltr'><strong>nuta</strong></span> <span class='ocrx_word' id='word_1_115' title='bbox 2273 664 2377 712; x_wconf 89' lang='lat' dir='ltr'><strong>est.</strong></span> <span class='ocrx_word' id='word_1_116' title='bbox 2414 655 2563 710; x_wconf 89' lang='lat' dir='ltr'><strong>Vidit</strong></span> <span class='ocrx_word' id='word_1_117' title='bbox 2590 657 2691 711; x_wconf 91' lang='lat' dir='ltr'><strong>hoc</strong></span> <span class='ocrx_word' id='word_1_118' title='bbox 2720 656 3046 723; x_wconf 88' lang='lat' dir='ltr'><strong>Salmasius,</strong></span> <span class='ocrx_word' id='word_1_119' title='bbox 3073 669 3127 713; x_wconf 90' lang='lat' dir='ltr'><strong>et</strong></span> <span class='ocrx_word' id='word_1_120' title='bbox 3159 659 3231 714; x_wconf 91' lang='lat' dir='ltr'><strong>ob</strong></span> <span class='ocrx_word' id='word_1_121' title='bbox 3279 675 3399 714; x_wconf 89' lang='lat' dir='ltr'><strong>eam</strong></span> <span class='ocrx_word' id='word_1_122' title='bbox 3430 661 3706 712; x_wconf 86' lang='lat' dir='ltr'><strong>rationem</strong></span> 
     </span>
    </p>
   </div>
   <div class='ocr_carea' id='block_1_19' title="bbox 2117 748 3705 822">
    <p class='ocr_par' dir='ltr' id='par_1_19' title="bbox 2117 748 3705 822">
     <span class='ocr_line' id='line_1_19' title="bbox 2117 748 3705 822; baseline 0.002 -20"><span class='ocrx_word' id='word_1_123' title='bbox 2117 748 2386 818; x_wconf 81' lang='lat' dir='ltr'><strong>scriptum</strong></span> <span class='ocrx_word' id='word_1_124' title='bbox 2413 749 2539 812; x_wconf 88' lang='lat' dir='ltr'><strong>hoc,</strong></span> <span class='ocrx_word' id='word_1_125' title='bbox 2572 750 2952 822; x_wconf 87' lang='lat' dir='ltr'><strong>cujuscunque</strong></span> <span class='ocrx_word' id='word_1_126' title='bbox 2976 761 3070 820; x_wconf 83' lang='lat' dir='ltr'><strong>sit,</strong></span> <span class='ocrx_word' id='word_1_127' title='bbox 3099 753 3342 808; x_wconf 91' lang='lat' dir='ltr'><strong>secundo</strong></span> <span class='ocrx_word' id='word_1_128' title='bbox 3371 752 3577 807; x_wconf 85' lang='lat' dir='ltr'><strong>saculo</strong></span> <span class='ocrx_word' id='word_1_129' title='bbox 3609 767 3705 805; x_wconf 85' lang='lat' dir='ltr'><strong>as-</strong></span> 
     </span>
    </p>
   </div>
   <div class='ocr_carea' id='block_1_20' title="bbox 2114 841 3706 916">
    <p class='ocr_par' dir='ltr' id='par_1_20' title="bbox 2114 841 3706 916">
     <span class='ocr_line' id='line_1_20' title="bbox 2114 841 3706 916; baseline 0.002 -23"><span class='ocrx_word' id='word_1_130' title='bbox 2114 841 2404 896; x_wconf 90' lang='lat' dir='ltr'><strong>serendum</strong></span> <span class='ocrx_word' id='word_1_131' title='bbox 2428 841 2713 913; x_wconf 86' lang='lat' dir='ltr'><strong>judicavit.</strong></span> <span class='ocrx_word' id='word_1_132' title='bbox 2741 844 2806 899; x_wconf 87' lang='lat' dir='ltr'><strong>Et</strong></span> <span class='ocrx_word' id='word_1_133' title='bbox 2831 846 2876 901; x_wconf 90' lang='lat' dir='ltr'><strong>si</strong></span> <span class='ocrx_word' id='word_1_134' title='bbox 2903 847 3037 916; x_wconf 92' lang='lat' dir='ltr'><strong>quid</strong></span> <span class='ocrx_word' id='word_1_135' title='bbox 3077 861 3181 916; x_wconf 84' lang='lat' dir='ltr'><strong>ego</strong></span> <span class='ocrx_word' id='word_1_136' title='bbox 3213 845 3267 898; x_wconf 92' lang='lat' dir='ltr'><strong>in</strong></span> <span class='ocrx_word' id='word_1_137' title='bbox 3290 845 3393 898; x_wconf 86' lang='lat' dir='ltr'><strong>hac</strong></span> <span class='ocrx_word' id='word_1_138' title='bbox 3445 859 3505 898; x_wconf 94' lang='lat' dir='ltr'><strong>re</strong></span> <span class='ocrx_word' id='word_1_139' title='bbox 3538 845 3706 897; x_wconf 84' lang='lat' dir='ltr'><strong>intel-</strong></span> 
     </span>
    </p>
   </div>
   <div class='ocr_carea' id='block_1_21' title="bbox 2114 932 3710 1009">
    <p class='ocr_par' dir='ltr' id='par_1_21' title="bbox 2114 932 3710 1009">
     <span class='ocr_line' id='line_1_21' title="bbox 2114 932 3710 1009; baseline 0.002 -22"><span class='ocrx_word' id='word_1_140' title='bbox 2114 932 2243 1002; x_wconf 86' lang='lat' dir='ltr'><strong>ligo,</strong></span> <span class='ocrx_word' id='word_1_141' title='bbox 2273 933 2590 1005; x_wconf 87' lang='lat' dir='ltr'><strong>quicunque</strong></span> <span class='ocrx_word' id='word_1_142' title='bbox 2613 938 2969 1009; x_wconf 86' lang='lat' dir='ltr'><strong>presbyterali</strong></span> <span class='ocrx_word' id='word_1_143' title='bbox 2991 937 3242 1008; x_wconf 83' lang='lat' dir='ltr'><strong>dignitati</strong></span> <span class='ocrx_word' id='word_1_144' title='bbox 3271 937 3710 1006; x_wconf 85' lang='lat' dir='ltr'><strong>anctoritatique</strong></span> 
     </span>
    </p>
   </div>
   <div class='ocr_carea' id='block_1_22' title="bbox 2117 1024 3710 1094">
    <p class='ocr_par' dir='ltr' id='par_1_22' title="bbox 2117 1024 3710 1094">
     <span class='ocr_line' id='line_1_22' title="bbox 2117 1024 3710 1094; baseline 0.003 -16"><span class='ocrx_word' id='word_1_145' title='bbox 2117 1024 2356 1080; x_wconf 80' lang='lat' dir='ltr'><strong>maxime</strong></span> <span class='ocrx_word' id='word_1_146' title='bbox 2415 1026 2678 1094; x_wconf 90' lang='lat' dir='ltr'><strong>student,</strong></span> <span class='ocrx_word' id='word_1_147' title='bbox 2705 1043 2814 1082; x_wconf 91' lang='lat' dir='ltr'><strong>non</strong></span> <span class='ocrx_word' id='word_1_148' title='bbox 2866 1028 3071 1083; x_wconf 86' lang='lat' dir='ltr'><strong>habent</strong></span> <span class='ocrx_word' id='word_1_149' title='bbox 3112 1044 3226 1084; x_wconf 86' lang='lat' dir='ltr'><strong>sua</strong></span> <span class='ocrx_word' id='word_1_150' title='bbox 3272 1028 3710 1083; x_wconf 81' lang='lat' dir='ltr'><strong>existimationis</strong></span> 
     </span>
    </p>
   </div>
   <div class='ocr_carea' id='block_1_23' title="bbox 2118 1115 3711 1189">
    <p class='ocr_par' dir='ltr' id='par_1_23' title="bbox 2118 1115 3711 1189">
     <span class='ocr_line' id='line_1_23' title="bbox 2118 1115 3711 1189; baseline 0.003 -22"><span class='ocrx_word' id='word_1_151' title='bbox 2118 1115 2331 1170; x_wconf 81' lang='lat' dir='ltr'><strong>firmius</strong></span> <span class='ocrx_word' id='word_1_152' title='bbox 2359 1125 2455 1171; x_wconf 87' lang='lat' dir='ltr'><strong>aut</strong></span> <span class='ocrx_word' id='word_1_153' title='bbox 2486 1117 2715 1174; x_wconf 90' lang='lat' dir='ltr'><strong>solidius</strong></span> <span class='ocrx_word' id='word_1_154' title='bbox 2765 1117 3187 1174; x_wconf 79' lang='lat' dir='ltr'><strong>fundamentum</strong></span> <span class='ocrx_word' id='word_1_155' title='bbox 3237 1135 3402 1189; x_wconf 91' lang='lat' dir='ltr'><strong>quam</strong></span> <span class='ocrx_word' id='word_1_156' title='bbox 3437 1118 3711 1188; x_wconf 87' lang='lat' dir='ltr'><strong>epistolas</strong></span> 
     </span>
    </p>
   </div>
   <div class='ocr_carea' id='block_1_24' title="bbox 2119 1207 3713 1282">
    <p class='ocr_par' dir='ltr' id='par_1_24' title="bbox 2119 1207 3713 1282">
     <span class='ocr_line' id='line_1_24' title="bbox 2119 1207 3713 1282; baseline 0.002 -20"><span class='ocrx_word' id='word_1_157' title='bbox 2119 1207 2176 1262; x_wconf 92' lang='lat' dir='ltr'><strong>S.</strong></span> <span class='ocrx_word' id='word_1_158' title='bbox 2201 1208 2394 1279; x_wconf 87' lang='lat' dir='ltr'><strong>lgnatii</strong></span> <span class='ocrx_word' id='word_1_159' title='bbox 2422 1211 2633 1265; x_wconf 85' lang='lat' dir='ltr'><strong>nostri:</strong></span> <span class='ocrx_word' id='word_1_160' title='bbox 2662 1226 2838 1282; x_wconf 89' lang='lat' dir='ltr'><strong>neque</strong></span> <span class='ocrx_word' id='word_1_161' title='bbox 2858 1213 3003 1266; x_wconf 90' lang='lat' dir='ltr'><strong>enim</strong></span> <span class='ocrx_word' id='word_1_162' title='bbox 3039 1213 3092 1266; x_wconf 92' lang='lat' dir='ltr'><strong>in</strong></span> <span class='ocrx_word' id='word_1_163' title='bbox 3147 1213 3257 1267; x_wconf 92' lang='lat' dir='ltr'><strong>ullo</strong></span> <span class='ocrx_word' id='word_1_164' title='bbox 3290 1227 3417 1268; x_wconf 87' lang='lat' dir='ltr'><strong>vere</strong></span> <span class='ocrx_word' id='word_1_165' title='bbox 3473 1212 3713 1282; x_wconf 87' lang='lat' dir='ltr'><strong>antiquo</strong></span> 
     </span>
    </p>
   </div>
   <div class='ocr_carea' id='block_1_25' title="bbox 2115 1301 3714 1378">
    <p class='ocr_par' dir='ltr' id='par_1_25' title="bbox 2115 1301 3714 1378">
     <span class='ocr_line' id='line_1_25' title="bbox 2115 1301 3714 1378; baseline 0.003 -22"><span class='ocrx_word' id='word_1_166' title='bbox 2115 1301 2385 1371; x_wconf 81' lang='lat' dir='ltr'><strong>scriptore</strong></span> <span class='ocrx_word' id='word_1_167' title='bbox 2416 1311 2570 1357; x_wconf 81' lang='lat' dir='ltr'><strong>extra</strong></span> <span class='ocrx_word' id='word_1_168' title='bbox 2605 1303 2704 1359; x_wconf 92' lang='lat' dir='ltr'><strong>has</strong></span> <span class='ocrx_word' id='word_1_169' title='bbox 2727 1304 2990 1374; x_wconf 88' lang='lat' dir='ltr'><strong>epistolas</strong></span> <span class='ocrx_word' id='word_1_170' title='bbox 3023 1314 3103 1359; x_wconf 87' lang='lat' dir='ltr'><strong>tot</strong></span> <span class='ocrx_word' id='word_1_171' title='bbox 3123 1320 3187 1360; x_wconf 91' lang='lat' dir='ltr'><strong>ac</strong></span> <span class='ocrx_word' id='word_1_172' title='bbox 3221 1315 3371 1360; x_wconf 86' lang='lat' dir='ltr'><strong>tanta</strong></span> <span class='ocrx_word' id='word_1_173' title='bbox 3419 1306 3714 1378; x_wconf 77' lang='lat' dir='ltr'><strong>presbyte-</strong></span> 
     </span>
    </p>
   </div>
   <div class='ocr_carea' id='block_1_26' title="bbox 2116 1396 3714 1467">
    <p class='ocr_par' dir='ltr' id='par_1_26' title="bbox 2116 1396 3714 1467">
     <span class='ocr_line' id='line_1_26' title="bbox 2116 1396 3714 1467; baseline 0.004 -20"><span class='ocrx_word' id='word_1_174' title='bbox 2116 1405 2272 1449; x_wconf 85' lang='lat' dir='ltr'><strong>ratus</strong></span> <span class='ocrx_word' id='word_1_175' title='bbox 2297 1396 2570 1464; x_wconf 77' lang='lat' dir='ltr'><strong>praconia</strong></span> <span class='ocrx_word' id='word_1_176' title='bbox 2604 1396 2904 1463; x_wconf 82' lang='lat' dir='ltr'><strong>invenient,</strong></span> <span class='ocrx_word' id='word_1_177' title='bbox 2932 1413 3108 1467; x_wconf 87' lang='lat' dir='ltr'><strong>neque</strong></span> <span class='ocrx_word' id='word_1_178' title='bbox 3162 1398 3311 1452; x_wconf 90' lang='lat' dir='ltr'><strong>illius</strong></span> <span class='ocrx_word' id='word_1_179' title='bbox 3347 1398 3565 1453; x_wconf 87' lang='lat' dir='ltr'><strong>ordinis</strong></span> <span class='ocrx_word' id='word_1_180' title='bbox 3608 1399 3714 1453; x_wconf 91' lang='lat' dir='ltr'><strong>ho-</strong></span> 
     </span>
    </p>
   </div>
   <div class='ocr_carea' id='block_1_27' title="bbox 2118 1486 3715 1562">
    <p class='ocr_par' dir='ltr' id='par_1_27' title="bbox 2118 1486 3715 1562">
     <span class='ocr_line' id='line_1_27' title="bbox 2118 1486 3715 1562; baseline 0.003 -22"><span class='ocrx_word' id='word_1_181' title='bbox 2118 1502 2309 1544; x_wconf 90' lang='lat' dir='ltr'><strong>norem</strong></span> <span class='ocrx_word' id='word_1_182' title='bbox 2341 1486 2460 1544; x_wconf 91' lang='lat' dir='ltr'><strong>sine</strong></span> <span class='ocrx_word' id='word_1_183' title='bbox 2486 1487 2834 1558; x_wconf 88' lang='lat' dir='ltr'><strong>episcopatus</strong></span> <span class='ocrx_word' id='word_1_184' title='bbox 2860 1490 3218 1562; x_wconf 85' lang='lat' dir='ltr'><strong>prarogativa</strong></span> <span class='ocrx_word' id='word_1_185' title='bbox 3249 1489 3402 1546; x_wconf 90' lang='lat' dir='ltr'><strong>ullibi</strong></span> <span class='ocrx_word' id='word_1_186' title='bbox 3430 1490 3715 1546; x_wconf 87' lang='lat' dir='ltr'><strong>constitu-</strong></span> 
     </span>
    </p>
   </div>
   <div class='ocr_carea' id='block_1_28' title="bbox 2117 1581 2546 1650">
    <p class='ocr_par' dir='ltr' id='par_1_28' title="bbox 2117 1581 2546 1650">
     <span class='ocr_line' id='line_1_28' title="bbox 2117 1581 2546 1650; baseline 0.002 -16"><span class='ocrx_word' id='word_1_187' title='bbox 2117 1589 2230 1634; x_wconf 93' lang='lat' dir='ltr'><strong>tum</strong></span> <span class='ocrx_word' id='word_1_188' title='bbox 2257 1581 2546 1650; x_wconf 89' lang='lat' dir='ltr'><strong>reperient.</strong></span> 
     </span>
    </p>
   </div>
   <div class='ocr_carea' id='block_1_29' title="bbox 1390 1709 2734 1793">
    <p class='ocr_par' dir='ltr' id='par_1_29' title="bbox 1390 1709 2734 1793">
     <span class='ocr_line' id='line_1_29' title="bbox 1390 1709 2734 1793; baseline 0.007 -29"><span class='ocrx_word' id='word_1_189' title='bbox 1390 1709 1884 1768; x_wconf 83' lang='lat' dir='ltr'><strong>Pearsonianarum</strong></span> <span class='ocrx_word' id='word_1_190' title='bbox 1912 1713 2120 1787; x_wconf 84' lang='lat' dir='ltr'><strong>Ignatii</strong></span> <span class='ocrx_word' id='word_1_191' title='bbox 2151 1716 2525 1772; x_wconf 85' lang='lat' dir='ltr'><strong>Vindiciarum</strong></span> <span class='ocrx_word' id='word_1_192' title='bbox 2589 1720 2734 1793; x_wconf 80' lang='lat' dir='ltr'><strong>ﬁnis.</strong></span> 
     </span>
    </p>
   </div>
   <div class='ocr_carea' id='block_1_30' title="bbox 447 1895 3478 1946">
    <p class='ocr_par' dir='ltr' id='par_1_30' title="bbox 447 1895 3478 1946">
     <span class='ocr_line' id='line_1_30' title="bbox 447 1895 3478 1946; baseline 0.013 -38"><span class='ocrx_word' id='word_1_193' title='bbox 447 1895 3478 1946; x_wconf 41' lang='grc' dir='ltr'>Μ</span> 
     </span>
    </p>
   </div>
   <div class='ocr_carea' id='block_1_31' title="bbox 3478 1919 3680 1947">
    <p class='ocr_par' dir='ltr' id='par_1_31' title="bbox 3478 1919 3680 1947">
     <span class='ocr_line' id='line_1_31' title="bbox 3478 1919 3680 1928; baseline 0 0"><span class='ocrx_word' id='word_1_194' title='bbox 3478 1919 3680 1928; x_wconf 87' lang='lat'><strong>—_</strong></span> 
     </span>
     <span class='ocr_line' id='line_1_32' title="bbox 3481 1931 3680 1947; baseline 0.01 -1"><span class='ocrx_word' id='word_1_195' title='bbox 3481 1931 3680 1947; x_wconf 71' lang='lat' dir='ltr'><strong>c—</strong></span> 
     </span>
    </p>
   </div>
   <div class='ocr_carea' id='block_1_32' title="bbox 1537 2087 2593 2220">
    <p class='ocr_par' dir='ltr' id='par_1_32' title="bbox 1537 2087 2593 2220">
     <span class='ocr_line' id='line_1_33' title="bbox 1537 2087 2593 2220; baseline 0.008 -8"><span class='ocrx_word' id='word_1_196' title='bbox 1537 2087 2593 2220; x_wconf 85' lang='lat' dir='ltr'><strong>DISSERTATIO</strong></span> 
     </span>
    </p>
   </div>
   <div class='ocr_carea' id='block_1_33' title="bbox 937 2345 3198 2477">
    <p class='ocr_par' dir='ltr' id='par_1_33' title="bbox 937 2345 3198 2477">
     <span class='ocr_line' id='line_1_34' title="bbox 937 2345 3198 2477; baseline 0.009 -21"><span class='ocrx_word' id='word_1_197' title='bbox 937 2345 1118 2457; x_wconf 88' lang='lat' dir='ltr'><strong>DE</strong></span> <span class='ocrx_word' id='word_1_198' title='bbox 1199 2347 1937 2464; x_wconf 90' lang='lat' dir='ltr'><strong>EPISTOLIS</strong></span> <span class='ocrx_word' id='word_1_199' title='bbox 2023 2350 2547 2470; x_wconf 86' lang='lat' dir='ltr'><strong>SANCTI</strong></span> <span class='ocrx_word' id='word_1_200' title='bbox 2639 2356 3198 2477; x_wconf 89' lang='lat' dir='ltr'><strong>IGNATII</strong></span> 
     </span>
    </p>
   </div>
   <div class='ocr_carea' id='block_1_34' title="bbox 1338 2567 2798 2636">
    <p class='ocr_par' dir='ltr' id='par_1_34' title="bbox 1338 2567 2798 2636">
     <span class='ocr_line' id='line_1_35' title="bbox 1338 2567 2798 2636; baseline 0.008 -14"><span class='ocrx_word' id='word_1_201' title='bbox 1338 2567 1567 2636; x_wconf 84' lang='lat' dir='ltr'><strong>VERIS,</strong></span> <span class='ocrx_word' id='word_1_202' title='bbox 1619 2568 2129 2628; x_wconf 86' lang='lat' dir='ltr'><strong>INTERPOLATIS</strong></span> <span class='ocrx_word' id='word_1_203' title='bbox 2155 2572 2243 2627; x_wconf 84' lang='lat' dir='ltr'><strong>ET</strong></span> <span class='ocrx_word' id='word_1_204' title='bbox 2277 2573 2798 2633; x_wconf 84' lang='lat' dir='ltr'><strong>SUPPOSITITIIS.</strong></span> 
     </span>
    </p>
   </div>
   <div class='ocr_carea' id='block_1_35' title="bbox 435 2725 3706 2876">
    <p class='ocr_par' dir='ltr' id='par_1_35' title="bbox 435 2725 3706 2876">
     <span class='ocr_line' id='line_1_36' title="bbox 435 2725 3706 2876; baseline 0.009 -91"><span class='ocrx_word' id='word_1_205' title='bbox 435 2725 708 2787; x_wconf 78' lang='lat' dir='ltr'><strong>Auctore</strong></span> <span class='ocrx_word' id='word_1_206' title='bbox 768 2729 843 2789; x_wconf 79' lang='grc' dir='ltr'><strong>ι).</strong></span> <span class='ocrx_word' id='word_1_207' title='bbox 897 2731 988 2790; x_wconf 77' lang='lat' dir='ltr'><strong>Ls</strong></span> <span class='ocrx_word' id='word_1_208' title='bbox 1038 2730 1353 2805; x_wconf 72' lang='lat' dir='ltr'><strong>Nounnv,</strong></span> <span class='ocrx_word' id='word_1_209' title='bbox 1412 2733 1776 2814; x_wconf 80' lang='lat' dir='ltr'><strong>presbytero</strong></span> <span class='ocrx_word' id='word_1_210' title='bbox 1835 2742 1890 2794; x_wconf 89' lang='lat' dir='ltr'><strong>et</strong></span> <span class='ocrx_word' id='word_1_211' title='bbox 1921 2737 2264 2876; x_wconf 47' lang='lat' dir='ltr'><strong>Smgacho</strong></span> <span class='ocrx_word' id='word_1_212' title='bbox 2325 2739 2570 2802; x_wconf 72' lang='lat' dir='ltr'><strong>ordinis</strong></span> <span class='ocrx_word' id='word_1_213' title='bbox 2620 2742 2686 2803; x_wconf 89' lang='lat' dir='ltr'><strong>S.</strong></span> <span class='ocrx_word' id='word_1_214' title='bbox 2747 2743 3068 2807; x_wconf 76' lang='lat' dir='ltr'><strong>Benedicti</strong></span> <span class='ocrx_word' id='word_1_215' title='bbox 3130 2766 3158 2808; x_wconf 91' lang='lat' dir='ltr'><strong>e</strong></span> <span class='ocrx_word' id='word_1_216' title='bbox 3221 2753 3706 2830; x_wconf 76' lang='lat' dir='ltr'><strong>congregatione</strong></span> 
     </span>
     <span class='ocr_line' id='line_1_37' title="bbox 1972 2835 2270 2876; baseline 0 0"><span class='ocrx_word' id='word_1_217' title='bbox 1972 2862 1985 2876; x_wconf 93' lang='lat'><strong>.</strong></span> <span class='ocrx_word' id='word_1_218' title='bbox 2102 2835 2270 2876; x_wconf 77' lang='lat' dir='ltr'><strong>auri.</strong></span> 
     </span>
    </p>
   </div>
   <div class='ocr_carea' id='block_1_36' title="bbox 1972 2835 2270 2878">
    <p class='ocr_par' dir='ltr' id='par_1_36' title="bbox 1972 2835 2270 2878">
     <span class='ocr_line' id='line_1_38' title="bbox 1972 2835 2270 2878; baseline 0.007 -2"><span class='ocrx_word' id='word_1_219' title='bbox 1972 2862 1985 2876; x_wconf 89' lang='lat'><strong>.</strong></span> <span class='ocrx_word' id='word_1_220' title='bbox 2027 2835 2270 2878; x_wconf 71' lang='grc' dir='ltr'><strong>Μαιινι.</strong></span> 
     </span>
    </p>
   </div>
   <div class='ocr_carea' id='block_1_37' title="bbox 1165 2969 2957 3045">
    <p class='ocr_par' dir='ltr' id='par_1_37' title="bbox 1165 2969 2957 3045">
     <span class='ocr_line' id='line_1_39' title="bbox 1165 2969 2957 3045; baseline 0.006 -26"><span class='ocrx_word' id='word_1_221' title='bbox 1165 2971 1462 3034; x_wconf 69' lang='lat' dir='ltr'><strong>(Apparatus</strong></span> <span class='ocrx_word' id='word_1_222' title='bbox 1484 2971 1552 3022; x_wconf 85' lang='lat' dir='ltr'><strong>ad</strong></span> <span class='ocrx_word' id='word_1_223' title='bbox 1576 2969 1922 3024; x_wconf 80' lang='lat' dir='ltr'><strong>Bibliothecam</strong></span> <span class='ocrx_word' id='word_1_224' title='bbox 1944 2974 2170 3045; x_wconf 74' lang='lat' dir='ltr'><strong>Patrum,</strong></span> <span class='ocrx_word' id='word_1_225' title='bbox 2199 2976 2235 3034; x_wconf 89' lang='grc' dir='ltr'><strong>Ι,</strong></span> <span class='ocrx_word' id='word_1_226' title='bbox 2263 2975 2341 3037; x_wconf 90' lang='grc'><strong>78,</strong></span> <span class='ocrx_word' id='word_1_227' title='bbox 2367 2977 2588 3040; x_wconf 85' lang='lat' dir='ltr'><strong>Parisiis,</strong></span> <span class='ocrx_word' id='word_1_228' title='bbox 2611 2979 2751 3041; x_wconf 79' lang='grc'><strong>1703,</strong></span> <span class='ocrx_word' id='word_1_229' title='bbox 2777 2981 2826 3032; x_wconf 81' lang='lat' dir='ltr'><strong>in</strong></span> <span class='ocrx_word' id='word_1_230' title='bbox 2850 2980 2957 3043; x_wconf 77' lang='lat' dir='ltr'><strong>fol.)</strong></span> 
     </span>
    </p>
   </div>
   <div class='ocr_carea' id='block_1_38' title="bbox 1769 3349 2506 3442">
    <p class='ocr_par' dir='ltr' id='par_1_38' title="bbox 1769 3349 2506 3442">
     <span class='ocr_line' id='line_1_40' title="bbox 1769 3349 2506 3442; baseline 0.005 -6"><span class='ocrx_word' id='word_1_231' title='bbox 1769 3349 2059 3442; x_wconf 84' lang='lat' dir='ltr'><strong>PARS</strong></span> <span class='ocrx_word' id='word_1_232' title='bbox 2129 3353 2506 3442; x_wconf 82' lang='lat' dir='ltr'><strong>PRIMA</strong></span> 
     </span>
    </p>
   </div>
   <div class='ocr_carea' id='block_1_39' title="bbox 1441 3531 2678 3618">
    <p class='ocr_par' dir='ltr' id='par_1_39' title="bbox 1441 3531 2678 3618">
     <span class='ocr_line' id='line_1_41' title="bbox 1441 3531 2678 3618; baseline 0.011 -28"><span class='ocrx_word' id='word_1_233' title='bbox 1441 3531 1529 3592; x_wconf 89' lang='lat' dir='ltr'><strong>De</strong></span> <span class='ocrx_word' id='word_1_234' title='bbox 1585 3533 1754 3596; x_wconf 89' lang='lat' dir='ltr'><strong>veris</strong></span> <span class='ocrx_word' id='word_1_235' title='bbox 1817 3537 2020 3600; x_wconf 81' lang='lat' dir='ltr'><strong>sancti</strong></span> <span class='ocrx_word' id='word_1_236' title='bbox 2074 3539 2310 3616; x_wconf 85' lang='lat' dir='ltr'><strong>lgnatii</strong></span> <span class='ocrx_word' id='word_1_237' title='bbox 2357 3539 2678 3618; x_wconf 84' lang='lat' dir='ltr'><strong>epistolis.</strong></span> 
     </span>
    </p>
   </div>
   <div class='ocr_carea' id='block_1_40' title="bbox 937 3701 1497 3763">
    <p class='ocr_par' dir='ltr' id='par_1_40' title="bbox 937 3701 1497 3763">
     <span class='ocr_line' id='line_1_42' title="bbox 937 3701 1497 3763; baseline 0.009 -6"><span class='ocrx_word' id='word_1_238' title='bbox 937 3701 1168 3759; x_wconf 82' lang='lat' dir='ltr'><strong>CAPUT</strong></span> <span class='ocrx_word' id='word_1_239' title='bbox 1202 3703 1497 3763; x_wconf 68' lang='lat' dir='ltr'><strong>PRIMUM.</strong></span> 
     </span>
    </p>
   </div>
   <div class='ocr_carea' id='block_1_41' title="bbox 432 3843 2010 3909">
    <p class='ocr_par' dir='ltr' id='par_1_41' title="bbox 432 3843 2010 3909">
     <span class='ocr_line' id='line_1_43' title="bbox 432 3843 2010 3909; baseline 0.016 -24"><span class='ocrx_word' id='word_1_240' title='bbox 432 3843 638 3886; x_wconf 73' lang='grc' dir='ltr'><strong>θτΑτυε</strong></span> <span class='ocrx_word' id='word_1_241' title='bbox 687 3849 1020 3898; x_wconf 65' lang='grc' dir='ltr'><strong>ΟΠΑΕΞΤΙΟΝΙΞ</strong></span> <span class='ocrx_word' id='word_1_242' title='bbox 1052 3856 1121 3894; x_wconf 81' lang='grc' dir='ltr'><strong>ΕΤ</strong></span> <span class='ocrx_word' id='word_1_243' title='bbox 1151 3857 1493 3900; x_wconf 65' lang='grc' dir='ltr'><strong>ῦεκιιικλιιυκ</strong></span> <span class='ocrx_word' id='word_1_244' title='bbox 1544 3863 1748 3905; x_wconf 76' lang='lat' dir='ltr'><strong>IGNATII</strong></span> <span class='ocrx_word' id='word_1_245' title='bbox 1792 3869 2010 3909; x_wconf 59' lang='grc' dir='ltr'><strong>1⁵21³18Το-</strong></span> 
     </span>
    </p>
   </div>
   <div class='ocr_carea' id='block_1_42' title="bbox 788 3923 1652 3975">
    <p class='ocr_par' dir='ltr' id='par_1_42' title="bbox 788 3923 1652 3975">
     <span class='ocr_line' id='line_1_44' title="bbox 788 3923 1652 3975; baseline 0.017 -16"><span class='ocrx_word' id='word_1_246' title='bbox 788 3923 968 3962; x_wconf 70' lang='grc' dir='ltr'><strong>ιΑΒιιΜ</strong></span> <span class='ocrx_word' id='word_1_247' title='bbox 1002 3926 1252 3968; x_wconf 66' lang='grc' dir='ltr'><strong>ΑΝΑιγειε</strong></span> <span class='ocrx_word' id='word_1_248' title='bbox 1294 3931 1652 3975; x_wconf 75' lang='lat' dir='ltr'><strong>PROPONITUR.</strong></span> 
     </span>
    </p>
   </div>
   <div class='ocr_carea' id='block_1_43' title="bbox 705 4041 1726 4124">
    <p class='ocr_par' dir='ltr' id='par_1_43' title="bbox 705 4041 1726 4124">
     <span class='ocr_line' id='line_1_45' title="bbox 705 4041 1726 4124; baseline 0.017 -31"><span class='ocrx_word' id='word_1_249' title='bbox 705 4041 732 4111; x_wconf 83' lang='lat'>§</span> <span class='ocrx_word' id='word_1_250' title='bbox 765 4041 805 4096; x_wconf 86' lang='grc'><strong>1.</strong></span> <span class='ocrx_word' id='word_1_251' title='bbox 837 4042 1023 4099; x_wconf 82' lang='lat' dir='ltr'><strong>Status</strong></span> <span class='ocrx_word' id='word_1_252' title='bbox 1055 4051 1361 4116; x_wconf 73' lang='lat' dir='ltr'><strong>qumstionis</strong></span> <span class='ocrx_word' id='word_1_253' title='bbox 1393 4057 1726 4124; x_wconf 81' lang='lat' dir='ltr'><strong>proponitur.</strong></span> 
     </span>
    </p>
   </div>
   <div class='ocr_carea' id='block_1_44' title="bbox 499 4154 2006 4241">
    <p class='ocr_par' dir='ltr' id='par_1_44' title="bbox 499 4154 2006 4241">
     <span class='ocr_line' id='line_1_46' title="bbox 499 4154 2006 4241; baseline 0.015 -36"><span class='ocrx_word' id='word_1_254' title='bbox 499 4154 750 4220; x_wconf 85' lang='lat' dir='ltr'><strong>Quatuor</strong></span> <span class='ocrx_word' id='word_1_255' title='bbox 769 4168 897 4212; x_wconf 93' lang='lat' dir='ltr'><strong>sunt</strong></span> <span class='ocrx_word' id='word_1_256' title='bbox 923 4160 1278 4229; x_wconf 90' lang='lat' dir='ltr'><strong>epistolarum</strong></span> <span class='ocrx_word' id='word_1_257' title='bbox 1303 4164 1497 4236; x_wconf 88' lang='lat' dir='ltr'><strong>Ignatii</strong></span> <span class='ocrx_word' id='word_1_258' title='bbox 1520 4168 1747 4237; x_wconf 87' lang='lat' dir='ltr'><strong>classes,</strong></span> <span class='ocrx_word' id='word_1_259' title='bbox 1773 4187 2006 4241; x_wconf 90' lang='lat' dir='ltr'><strong>quarum</strong></span> 
     </span>
    </p>
   </div>
   <div class='ocr_carea' id='block_1_45' title="bbox 429 4247 2005 4321">
    <p class='ocr_par' dir='ltr' id='par_1_45' title="bbox 429 4247 2005 4321">
     <span class='ocr_line' id='line_1_47' title="bbox 429 4247 2005 4321; baseline 0.012 -22"><span class='ocrx_word' id='word_1_260' title='bbox 429 4247 606 4314; x_wconf 89' lang='lat' dir='ltr'><strong>prima</strong></span> <span class='ocrx_word' id='word_1_261' title='bbox 638 4263 827 4303; x_wconf 86' lang='lat' dir='ltr'><strong>carum</strong></span> <span class='ocrx_word' id='word_1_262' title='bbox 853 4260 956 4316; x_wconf 91' lang='lat' dir='ltr'><strong>est,</strong></span> <span class='ocrx_word' id='word_1_263' title='bbox 988 4268 1127 4321; x_wconf 91' lang='lat' dir='ltr'><strong>quas</strong></span> <span class='ocrx_word' id='word_1_264' title='bbox 1162 4253 1382 4312; x_wconf 91' lang='lat' dir='ltr'><strong>lsaacus</strong></span> <span class='ocrx_word' id='word_1_265' title='bbox 1419 4257 1648 4317; x_wconf 87' lang='lat' dir='ltr'><strong>Vossius</strong></span> <span class='ocrx_word' id='word_1_266' title='bbox 1689 4277 1758 4316; x_wconf 80' lang='lat' dir='ltr'><strong>ex</strong></span> <span class='ocrx_word' id='word_1_267' title='bbox 1806 4279 2005 4318; x_wconf 89' lang='lat' dir='ltr'><strong>mann-</strong></span> 
     </span>
    </p>
   </div>
   <div class='ocr_carea' id='block_1_46' title="bbox 427 4334 2006 4412">
    <p class='ocr_par' dir='ltr' id='par_1_46' title="bbox 427 4334 2006 4412">
     <span class='ocr_line' id='line_1_48' title="bbox 427 4334 2006 4412; baseline 0.012 -18"><span class='ocrx_word' id='word_1_268' title='bbox 427 4341 632 4410; x_wconf 89' lang='lat' dir='ltr'><strong>scripto</strong></span> <span class='ocrx_word' id='word_1_269' title='bbox 657 4340 844 4399; x_wconf 87' lang='lat' dir='ltr'><strong>Graco</strong></span> <span class='ocrx_word' id='word_1_270' title='bbox 870 4334 1220 4404; x_wconf 74' lang='lat' dir='ltr'><strong>Bibliotheca</strong></span> <span class='ocrx_word' id='word_1_271' title='bbox 1265 4349 1596 4409; x_wconf 88' lang='lat' dir='ltr'><strong>Florentina</strong></span> <span class='ocrx_word' id='word_1_272' title='bbox 1637 4356 1826 4411; x_wconf 89' lang='lat' dir='ltr'><strong>codice</strong></span> <span class='ocrx_word' id='word_1_273' title='bbox 1857 4355 2006 4412; x_wconf 87' lang='lat' dir='ltr'><strong>Gra—</strong></span> 
     </span>
    </p>
   </div>
   <div class='ocr_carea' id='block_1_47' title="bbox 424 4435 2002 4511">
    <p class='ocr_par' dir='ltr' id='par_1_47' title="bbox 424 4435 2002 4511">
     <span class='ocr_line' id='line_1_49' title="bbox 424 4435 2002 4511; baseline 0.009 -23"><span class='ocrx_word' id='word_1_274' title='bbox 424 4449 487 4488; x_wconf 86' lang='lat' dir='ltr'><strong>ce</strong></span> <span class='ocrx_word' id='word_1_275' title='bbox 513 4435 716 4503; x_wconf 82' lang='lat' dir='ltr'><strong>edidit;</strong></span> <span class='ocrx_word' id='word_1_276' title='bbox 745 4453 1090 4508; x_wconf 85' lang='lat' dir='ltr'><strong>quarumque</strong></span> <span class='ocrx_word' id='word_1_277' title='bbox 1120 4441 1404 4511; x_wconf 87' lang='lat' dir='ltr'><strong>antiquam</strong></span> <span class='ocrx_word' id='word_1_278' title='bbox 1420 4445 1725 4501; x_wconf 88' lang='lat' dir='ltr'><strong>versionem</strong></span> <span class='ocrx_word' id='word_1_279' title='bbox 1752 4445 2002 4502; x_wconf 90' lang='lat' dir='ltr'><strong>Latinam</strong></span> 
     </span>
    </p>
   </div>
   <div class='ocr_carea' id='block_1_48' title="bbox 429 4525 2001 4602">
    <p class='ocr_par' dir='ltr' id='par_1_48' title="bbox 429 4525 2001 4602">
     <span class='ocr_line' id='line_1_50' title="bbox 429 4525 2001 4602; baseline 0.009 -20"><span class='ocrx_word' id='word_1_280' title='bbox 429 4525 686 4584; x_wconf 85' lang='lat' dir='ltr'><strong>Usserius</strong></span> <span class='ocrx_word' id='word_1_281' title='bbox 738 4531 1187 4602; x_wconf 88' lang='lat' dir='ltr'><strong>archiepiscopus</strong></span> <span class='ocrx_word' id='word_1_282' title='bbox 1243 4537 1626 4594; x_wconf 85' lang='lat' dir='ltr'><strong>Armachanus</strong></span> <span class='ocrx_word' id='word_1_283' title='bbox 1662 4553 1730 4594; x_wconf 87' lang='lat' dir='ltr'><strong>ex</strong></span> <span class='ocrx_word' id='word_1_284' title='bbox 1785 4540 2001 4597; x_wconf 89' lang='lat' dir='ltr'><strong>duobus</strong></span> 
     </span>
    </p>
   </div>
   <div class='ocr_carea' id='block_1_49' title="bbox 423 4619 2002 4691">
    <p class='ocr_par' dir='ltr' id='par_1_49' title="bbox 423 4619 2002 4691">
     <span class='ocr_line' id='line_1_51' title="bbox 423 4619 2002 4691; baseline 0.011 -20"><span class='ocrx_word' id='word_1_285' title='bbox 423 4619 705 4675; x_wconf 86' lang='lat' dir='ltr'><strong>codicibus</strong></span> <span class='ocrx_word' id='word_1_286' title='bbox 731 4637 894 4676; x_wconf 91' lang='lat' dir='ltr'><strong>manu</strong></span> <span class='ocrx_word' id='word_1_287' title='bbox 923 4625 1183 4691; x_wconf 82' lang='lat' dir='ltr'><strong>exaratis,</strong></span> <span class='ocrx_word' id='word_1_288' title='bbox 1205 4625 1379 4681; x_wconf 89' lang='lat' dir='ltr'><strong>altero</strong></span> <span class='ocrx_word' id='word_1_289' title='bbox 1402 4625 1752 4685; x_wconf 86' lang='lat' dir='ltr'><strong>Bibliotheca</strong></span> <span class='ocrx_word' id='word_1_290' title='bbox 1775 4630 2002 4687; x_wconf 82' lang='lat' dir='ltr'><strong>Richar-</strong></span> 
     </span>
    </p>
   </div>
   <div class='ocr_carea' id='block_1_50' title="bbox 420 4709 2005 4797">
    <p class='ocr_par' dir='ltr' id='par_1_50' title="bbox 420 4709 2005 4797">
     <span class='ocr_line' id='line_1_52' title="bbox 420 4709 2005 4797; baseline 0.011 -32"><span class='ocrx_word' id='word_1_291' title='bbox 420 4711 474 4765; x_wconf 89' lang='lat' dir='ltr'><strong>di</strong></span> <span class='ocrx_word' id='word_1_292' title='bbox 504 4709 849 4779; x_wconf 83' lang='lat' dir='ltr'><strong>Montacutii,</strong></span> <span class='ocrx_word' id='word_1_293' title='bbox 887 4715 1059 4771; x_wconf 90' lang='lat' dir='ltr'><strong>altero</strong></span> <span class='ocrx_word' id='word_1_294' title='bbox 1087 4717 1536 4790; x_wconf 80' lang='lat' dir='ltr'><strong>Cantabrigensis</strong></span> <span class='ocrx_word' id='word_1_295' title='bbox 1562 4730 1722 4776; x_wconf 89' lang='lat' dir='ltr'><strong>antea</strong></span> <span class='ocrx_word' id='word_1_296' title='bbox 1755 4723 2005 4797; x_wconf 73' lang='lat' dir='ltr'><strong>divulga-</strong></span> 
     </span>
    </p>
   </div>
   <div class='ocr_carea' id='block_1_51' title="bbox 422 4813 594 4856">
    <p class='ocr_par' dir='ltr' id='par_1_51' title="bbox 422 4813 594 4856">
     <span class='ocr_line' id='line_1_53' title="bbox 422 4813 594 4856; baseline 0.023 -4"><span class='ocrx_word' id='word_1_297' title='bbox 422 4813 594 4856; x_wconf 85' lang='lat' dir='ltr'><strong>verat.</strong></span> 
     </span>
    </p>
   </div>
   <div class='ocr_carea' id='block_1_52' title="bbox 493 4893 1998 4973">
    <p class='ocr_par' dir='ltr' id='par_1_52' title="bbox 493 4893 1998 4973">
     <span class='ocr_line' id='line_1_54' title="bbox 493 4893 1998 4973; baseline 0.01 -26"><span class='ocrx_word' id='word_1_298' title='bbox 493 4893 748 4951; x_wconf 90' lang='lat' dir='ltr'><strong>Secunda</strong></span> <span class='ocrx_word' id='word_1_299' title='bbox 775 4897 969 4953; x_wconf 92' lang='lat' dir='ltr'><strong>classis</strong></span> <span class='ocrx_word' id='word_1_300' title='bbox 1018 4901 1237 4955; x_wconf 87' lang='lat' dir='ltr'><strong>easdem</strong></span> <span class='ocrx_word' id='word_1_301' title='bbox 1268 4903 1671 4973; x_wconf 89' lang='lat' dir='ltr'><strong>complectitur,</strong></span> <span class='ocrx_word' id='word_1_302' title='bbox 1703 4907 1796 4962; x_wconf 92' lang='lat' dir='ltr'><strong>sed</strong></span> <span class='ocrx_word' id='word_1_303' title='bbox 1826 4907 1998 4964; x_wconf 92' lang='lat' dir='ltr'><strong>inter-</strong></span> 
     </span>
    </p>
   </div>
   <div class='ocr_carea' id='block_1_53' title="bbox 418 4988 1999 5058">
    <p class='ocr_par' dir='ltr' id='par_1_53' title="bbox 418 4988 1999 5058">
     <span class='ocr_line' id='line_1_55' title="bbox 418 4988 1999 5058; baseline 0.01 -17"><span class='ocrx_word' id='word_1_304' title='bbox 418 4988 652 5054; x_wconf 70' lang='lat' dir='ltr'><strong>polatas,</strong></span> <span class='ocrx_word' id='word_1_305' title='bbox 677 5005 741 5044; x_wconf 91' lang='lat' dir='ltr'><strong>ac</strong></span> <span class='ocrx_word' id='word_1_306' title='bbox 772 5006 896 5045; x_wconf 91' lang='lat' dir='ltr'><strong>cum</strong></span> <span class='ocrx_word' id='word_1_307' title='bbox 929 4993 1044 5048; x_wconf 90' lang='lat' dir='ltr'><strong>suis</strong></span> <span class='ocrx_word' id='word_1_308' title='bbox 1068 4995 1442 5051; x_wconf 90' lang='lat' dir='ltr'><strong>additionibus</strong></span> <span class='ocrx_word' id='word_1_309' title='bbox 1476 4996 1664 5054; x_wconf 90' lang='lat' dir='ltr'><strong>Grace</strong></span> <span class='ocrx_word' id='word_1_310' title='bbox 1713 5009 1769 5054; x_wconf 92' lang='lat' dir='ltr'><strong>et</strong></span> <span class='ocrx_word' id='word_1_311' title='bbox 1805 4999 1999 5058; x_wconf 86' lang='lat' dir='ltr'><strong>Latine</strong></span> 
     </span>
    </p>
   </div>
   <div class='ocr_carea' id='block_1_54' title="bbox 417 5080 611 5135">
    <p class='ocr_par' dir='ltr' id='par_1_54' title="bbox 417 5080 611 5135">
     <span class='ocr_line' id='line_1_56' title="bbox 417 5080 611 5135; baseline 0.015 -3"><span class='ocrx_word' id='word_1_312' title='bbox 417 5080 611 5135; x_wconf 88' lang='lat' dir='ltr'><strong>editas.</strong></span> 
     </span>
    </p>
   </div>
   <div class='ocr_carea' id='block_1_55' title="bbox 486 5171 1994 5247">
    <p class='ocr_par' dir='ltr' id='par_1_55' title="bbox 486 5171 1994 5247">
     <span class='ocr_line' id='line_1_57' title="bbox 486 5171 1994 5247; baseline 0.009 -21"><span class='ocrx_word' id='word_1_313' title='bbox 486 5171 668 5228; x_wconf 91' lang='lat' dir='ltr'><strong>Tertia</strong></span> <span class='ocrx_word' id='word_1_314' title='bbox 695 5175 889 5230; x_wconf 90' lang='lat' dir='ltr'><strong>classis</strong></span> <span class='ocrx_word' id='word_1_315' title='bbox 921 5177 1164 5247; x_wconf 86' lang='lat' dir='ltr'><strong>quinque</strong></span> <span class='ocrx_word' id='word_1_316' title='bbox 1194 5177 1331 5233; x_wconf 89' lang='lat' dir='ltr'><strong>alias</strong></span> <span class='ocrx_word' id='word_1_317' title='bbox 1359 5177 1624 5246; x_wconf 89' lang='lat' dir='ltr'><strong>continet,</strong></span> <span class='ocrx_word' id='word_1_318' title='bbox 1650 5180 1836 5237; x_wconf 88' lang='lat' dir='ltr'><strong>Graece</strong></span> <span class='ocrx_word' id='word_1_319' title='bbox 1863 5183 1994 5240; x_wconf 90' lang='lat' dir='ltr'><strong>item</strong></span> 
     </span>
    </p>
   </div>
   <div class='ocr_carea' id='block_1_56' title="bbox 415 5263 1995 5345">
    <p class='ocr_par' dir='ltr' id='par_1_56' title="bbox 415 5263 1995 5345">
     <span class='ocr_line' id='line_1_58' title="bbox 415 5263 1995 5345; baseline 0.008 -28"><span class='ocrx_word' id='word_1_320' title='bbox 415 5277 466 5319; x_wconf 82' lang='lat' dir='ltr'><strong>ct</strong></span> <span class='ocrx_word' id='word_1_321' title='bbox 499 5263 694 5322; x_wconf 82' lang='lat' dir='ltr'><strong>Latine</strong></span> <span class='ocrx_word' id='word_1_322' title='bbox 718 5267 1048 5336; x_wconf 87' lang='lat' dir='ltr'><strong>publicatas,</strong></span> <span class='ocrx_word' id='word_1_323' title='bbox 1071 5285 1192 5339; x_wconf 89' lang='lat' dir='ltr'><strong>qua</strong></span> <span class='ocrx_word' id='word_1_324' title='bbox 1214 5270 1270 5324; x_wconf 91' lang='lat' dir='ltr'><strong>in</strong></span> <span class='ocrx_word' id='word_1_325' title='bbox 1298 5268 1590 5326; x_wconf 89' lang='lat' dir='ltr'><strong>Usseriana</strong></span> <span class='ocrx_word' id='word_1_326' title='bbox 1614 5270 1995 5345; x_wconf 86' lang='lat' dir='ltr'><strong>Vossianaque</strong></span> 
     </span>
    </p>
   </div>
   <div class='ocr_carea' id='block_1_57' title="bbox 414 5359 1848 5435">
    <p class='ocr_par' dir='ltr' id='par_1_57' title="bbox 414 5359 1848 5435">
     <span class='ocr_line' id='line_1_59' title="bbox 414 5359 1848 5435; baseline 0.006 -23"><span class='ocrx_word' id='word_1_327' title='bbox 414 5359 673 5427; x_wconf 76' lang='lat' dir='ltr'><strong>editione,</strong></span> <span class='ocrx_word' id='word_1_328' title='bbox 705 5361 827 5416; x_wconf 88' lang='lat' dir='ltr'><strong>aliis</strong></span> <span class='ocrx_word' id='word_1_329' title='bbox 859 5378 1025 5432; x_wconf 86' lang='lat' dir='ltr'><strong>supra</strong></span> <span class='ocrx_word' id='word_1_330' title='bbox 1050 5365 1390 5428; x_wconf 87' lang='lat' dir='ltr'><strong>memoratis,</strong></span> <span class='ocrx_word' id='word_1_331' title='bbox 1423 5365 1848 5435; x_wconf 88' lang='lat' dir='ltr'><strong>subjunguntnr.</strong></span> 
     </span>
    </p>
   </div>
   <div class='ocr_carea' id='block_1_58' title="bbox 483 5450 1990 5526">
    <p class='ocr_par' dir='ltr' id='par_1_58' title="bbox 483 5450 1990 5526">
     <span class='ocr_line' id='line_1_60' title="bbox 483 5450 1990 5526; baseline 0.004 -21"><span class='ocrx_word' id='word_1_332' title='bbox 483 5450 690 5516; x_wconf 84' lang='lat' dir='ltr'><strong>Quarta</strong></span> <span class='ocrx_word' id='word_1_333' title='bbox 716 5452 954 5523; x_wconf 88' lang='lat' dir='ltr'><strong>denique</strong></span> <span class='ocrx_word' id='word_1_334' title='bbox 985 5455 1040 5508; x_wconf 92' lang='lat' dir='ltr'><strong>in</strong></span> <span class='ocrx_word' id='word_1_335' title='bbox 1088 5456 1264 5511; x_wconf 85' lang='lat' dir='ltr'><strong>classe</strong></span> <span class='ocrx_word' id='word_1_336' title='bbox 1295 5457 1636 5511; x_wconf 89' lang='lat' dir='ltr'><strong>collocantur</strong></span> <span class='ocrx_word' id='word_1_337' title='bbox 1663 5457 1768 5511; x_wconf 88' lang='lat' dir='ltr'><strong>tria</strong></span> <span class='ocrx_word' id='word_1_338' title='bbox 1799 5457 1990 5526; x_wconf 89' lang='lat' dir='ltr'><strong>lgnatii</strong></span> 
     </span>
    </p>
   </div>
   <div class='ocr_carea' id='block_1_59' title="bbox 413 5544 1992 5620">
    <p class='ocr_par' dir='ltr' id='par_1_59' title="bbox 413 5544 1992 5620">
     <span class='ocr_line' id='line_1_61' title="bbox 413 5544 1992 5620; baseline 0.004 -23"><span class='ocrx_word' id='word_1_339' title='bbox 413 5544 688 5613; x_wconf 88' lang='lat' dir='ltr'><strong>epistolia,</strong></span> <span class='ocrx_word' id='word_1_340' title='bbox 741 5545 851 5600; x_wconf 93' lang='lat' dir='ltr'><strong>duo</strong></span> <span class='ocrx_word' id='word_1_341' title='bbox 894 5546 960 5600; x_wconf 90' lang='lat' dir='ltr'><strong>ad</strong></span> <span class='ocrx_word' id='word_1_342' title='bbox 991 5545 1257 5602; x_wconf 84' lang='lat' dir='ltr'><strong>Joannem</strong></span> <span class='ocrx_word' id='word_1_343' title='bbox 1289 5549 1718 5620; x_wconf 87' lang='lat' dir='ltr'><strong>evangelistam,</strong></span> <span class='ocrx_word' id='word_1_344' title='bbox 1770 5559 1824 5604; x_wconf 91' lang='lat' dir='ltr'><strong>et</strong></span> <span class='ocrx_word' id='word_1_345' title='bbox 1882 5559 1992 5604; x_wconf 70' lang='lat' dir='ltr'><strong>ter~</strong></span> 
     </span>
    </p>
   </div>
   <div class='ocr_carea' id='block_1_60' title="bbox 413 5638 1988 5710">
    <p class='ocr_par' dir='ltr' id='par_1_60' title="bbox 413 5638 1988 5710">
     <span class='ocr_line' id='line_1_62' title="bbox 413 5638 1988 5710; baseline 0.004 -18"><span class='ocrx_word' id='word_1_346' title='bbox 413 5638 548 5692; x_wconf 58' lang='lat' dir='ltr'><strong>tium</strong></span> <span class='ocrx_word' id='word_1_347' title='bbox 568 5641 636 5693; x_wconf 73' lang='lat' dir='ltr'><strong>ad</strong></span> <span class='ocrx_word' id='word_1_348' title='bbox 665 5654 877 5694; x_wconf 88' lang='lat' dir='ltr'><strong>sacram</strong></span> <span class='ocrx_word' id='word_1_349' title='bbox 908 5640 1172 5710; x_wconf 90' lang='lat' dir='ltr'><strong>virginem</strong></span> <span class='ocrx_word' id='word_1_350' title='bbox 1198 5641 1446 5710; x_wconf 87' lang='lat' dir='ltr'><strong>Mariam,</strong></span> <span class='ocrx_word' id='word_1_351' title='bbox 1497 5642 1703 5698; x_wconf 90' lang='lat' dir='ltr'><strong>Christi</strong></span> <span class='ocrx_word' id='word_1_352' title='bbox 1737 5655 1988 5710; x_wconf 89' lang='lat' dir='ltr'><strong>matrem,</strong></span> 
     </span>
    </p>
   </div>
   <div class='ocr_carea' id='block_1_61' title="bbox 411 5728 1991 5804">
    <p class='ocr_par' dir='ltr' id='par_1_61' title="bbox 411 5728 1991 5804">
     <span class='ocr_line' id='line_1_63' title="bbox 411 5728 1991 5804; baseline 0.004 -22"><span class='ocrx_word' id='word_1_353' title='bbox 411 5728 498 5782; x_wconf 86' lang='lat' dir='ltr'><strong>cui</strong></span> <span class='ocrx_word' id='word_1_354' title='bbox 535 5729 779 5798; x_wconf 89' lang='lat' dir='ltr'><strong>ejusdem</strong></span> <span class='ocrx_word' id='word_1_355' title='bbox 813 5729 994 5786; x_wconf 80' lang='lat' dir='ltr'><strong>Maria</strong></span> <span class='ocrx_word' id='word_1_356' title='bbox 1043 5732 1108 5786; x_wconf 88' lang='lat' dir='ltr'><strong>ad</strong></span> <span class='ocrx_word' id='word_1_357' title='bbox 1137 5731 1406 5803; x_wconf 85' lang='lat' dir='ltr'><strong>lgnatium</strong></span> <span class='ocrx_word' id='word_1_358' title='bbox 1449 5733 1733 5804; x_wconf 74' lang='lat' dir='ltr'><strong>responsio</strong></span> <span class='ocrx_word' id='word_1_359' title='bbox 1791 5736 1991 5794; x_wconf 84' lang='lat' dir='ltr'><strong>subne—</strong></span> 
     </span>
    </p>
   </div>
   <div class='ocr_carea' id='block_1_62' title="bbox 416 5829 574 5872">
    <p class='ocr_par' dir='ltr' id='par_1_62' title="bbox 416 5829 574 5872">
     <span class='ocr_line' id='line_1_64' title="bbox 416 5829 574 5872; baseline -0.006 0"><span class='ocrx_word' id='word_1_360' title='bbox 416 5829 574 5872; x_wconf 75' lang='lat' dir='ltr'><strong>citur.</strong></span> 
     </span>
    </p>
   </div>
   <div class='ocr_carea' id='block_1_63' title="bbox 2037 3717 3704 3788">
    <p class='ocr_par' dir='ltr' id='par_1_63' title="bbox 2037 3717 3704 3788">
     <span class='ocr_line' id='line_1_65' title="bbox 2037 3717 3704 3788; baseline 0 -14"><span class='ocrx_word' id='word_1_361' title='bbox 2037 3726 2084 3784; x_wconf 86' lang='grc' dir='ltr'><strong>Β</strong></span> <span class='ocrx_word' id='word_1_362' title='bbox 2183 3719 2441 3774; x_wconf 89' lang='lat' dir='ltr'><strong>Omnium</strong></span> <span class='ocrx_word' id='word_1_363' title='bbox 2468 3727 2648 3774; x_wconf 91' lang='lat' dir='ltr'><strong>autem</strong></span> <span class='ocrx_word' id='word_1_364' title='bbox 2681 3719 2944 3774; x_wconf 88' lang='lat' dir='ltr'><strong>harumce</strong></span> <span class='ocrx_word' id='word_1_365' title='bbox 2967 3717 3328 3788; x_wconf 89' lang='lat' dir='ltr'><strong>epistolarum</strong></span> <span class='ocrx_word' id='word_1_366' title='bbox 3362 3733 3596 3772; x_wconf 87' lang='lat' dir='ltr'><strong>examen</strong></span> <span class='ocrx_word' id='word_1_367' title='bbox 3629 3719 3704 3774; x_wconf 77' lang='lat' dir='ltr'><strong>ab</strong></span> 
     </span>
    </p>
   </div>
   <div class='ocr_carea' id='block_1_64' title="bbox 2114 3812 3702 3882">
    <p class='ocr_par' dir='ltr' id='par_1_64' title="bbox 2114 3812 3702 3882">
     <span class='ocr_line' id='line_1_66' title="bbox 2114 3812 3702 3882; baseline 0 -15"><span class='ocrx_word' id='word_1_368' title='bbox 2114 3813 2183 3867; x_wconf 90' lang='lat' dir='ltr'><strong>iis</strong></span> <span class='ocrx_word' id='word_1_369' title='bbox 2223 3813 2492 3879; x_wconf 93' lang='lat' dir='ltr'><strong>ordimur,</strong></span> <span class='ocrx_word' id='word_1_370' title='bbox 2525 3827 2646 3882; x_wconf 88' lang='lat' dir='ltr'><strong>qua</strong></span> <span class='ocrx_word' id='word_1_371' title='bbox 2671 3812 2864 3882; x_wconf 83' lang='lat' dir='ltr'><strong>prima</strong></span> <span class='ocrx_word' id='word_1_372' title='bbox 2909 3822 3038 3868; x_wconf 92' lang='lat' dir='ltr'><strong>sunt</strong></span> <span class='ocrx_word' id='word_1_373' title='bbox 3083 3813 3299 3878; x_wconf 88' lang='lat' dir='ltr'><strong>classis,</strong></span> <span class='ocrx_word' id='word_1_374' title='bbox 3321 3823 3375 3868; x_wconf 92' lang='lat' dir='ltr'><strong>et</strong></span> <span class='ocrx_word' id='word_1_375' title='bbox 3402 3813 3470 3867; x_wconf 91' lang='lat' dir='ltr'><strong>de</strong></span> <span class='ocrx_word' id='word_1_376' title='bbox 3491 3813 3702 3882; x_wconf 81' lang='lat' dir='ltr'><strong>quibus</strong></span> 
     </span>
    </p>
   </div>
   <div class='ocr_carea' id='block_1_65' title="bbox 2112 3904 3704 3975">
    <p class='ocr_par' dir='ltr' id='par_1_65' title="bbox 2112 3904 3704 3975">
     <span class='ocr_line' id='line_1_67' title="bbox 2112 3904 3704 3975; baseline 0 -17"><span class='ocrx_word' id='word_1_377' title='bbox 2112 3904 2387 3974; x_wconf 90' lang='lat' dir='ltr'><strong>pracipna</strong></span> <span class='ocrx_word' id='word_1_378' title='bbox 2441 3920 2588 3960; x_wconf 91' lang='lat' dir='ltr'><strong>nunc</strong></span> <span class='ocrx_word' id='word_1_379' title='bbox 2643 3919 2707 3960; x_wconf 90' lang='lat' dir='ltr'><strong>ac</strong></span> <span class='ocrx_word' id='word_1_380' title='bbox 2753 3920 2891 3975; x_wconf 91' lang='lat' dir='ltr'><strong>pene</strong></span> <span class='ocrx_word' id='word_1_381' title='bbox 2914 3906 3095 3960; x_wconf 93' lang='lat' dir='ltr'><strong>omnis</strong></span> <span class='ocrx_word' id='word_1_382' title='bbox 3129 3905 3269 3960; x_wconf 86' lang='lat' dir='ltr'><strong>inter</strong></span> <span class='ocrx_word' id='word_1_383' title='bbox 3311 3905 3558 3959; x_wconf 92' lang='lat' dir='ltr'><strong>eruditos</strong></span> <span class='ocrx_word' id='word_1_384' title='bbox 3610 3914 3704 3960; x_wconf 88' lang='lat' dir='ltr'><strong>est</strong></span> 
     </span>
    </p>
   </div>
   <div class='ocr_carea' id='block_1_66' title="bbox 2115 3995 3700 4067">
    <p class='ocr_par' dir='ltr' id='par_1_66' title="bbox 2115 3995 3700 4067">
     <span class='ocr_line' id='line_1_68' title="bbox 2115 3995 3700 4067; baseline -0.001 -16"><span class='ocrx_word' id='word_1_385' title='bbox 2115 3996 2506 4051; x_wconf 83' lang='lat' dir='ltr'><strong>controversia.</strong></span> <span class='ocrx_word' id='word_1_386' title='bbox 2534 3995 2752 4067; x_wconf 86' lang='lat' dir='ltr'><strong>Septem</strong></span> <span class='ocrx_word' id='word_1_387' title='bbox 2778 4011 2943 4066; x_wconf 91' lang='lat' dir='ltr'><strong>porro</strong></span> <span class='ocrx_word' id='word_1_388' title='bbox 2959 4005 3087 4051; x_wconf 91' lang='lat' dir='ltr'><strong>sunt</strong></span> <span class='ocrx_word' id='word_1_389' title='bbox 3115 3995 3452 4066; x_wconf 86' lang='lat' dir='ltr'><strong>cjuscemodi</strong></span> <span class='ocrx_word' id='word_1_390' title='bbox 3484 3997 3700 4066; x_wconf 86' lang='lat' dir='ltr'><strong>episto-</strong></span> 
     </span>
    </p>
   </div>
   <div class='ocr_carea' id='block_1_67' title="bbox 2112 4083 3698 4153">
    <p class='ocr_par' dir='ltr' id='par_1_67' title="bbox 2112 4083 3698 4153">
     <span class='ocr_line' id='line_1_69' title="bbox 2112 4083 3698 4153; baseline 0.003 -18"><span class='ocrx_word' id='word_1_391' title='bbox 2112 4083 2194 4148; x_wconf 88' lang='lat' dir='ltr'><strong>la,</strong></span> <span class='ocrx_word' id='word_1_392' title='bbox 2232 4098 2467 4152; x_wconf 87' lang='lat' dir='ltr'><strong>quarum</strong></span> <span class='ocrx_word' id='word_1_393' title='bbox 2511 4092 2572 4137; x_wconf 92' lang='lat' dir='ltr'><strong>ut</strong></span> <span class='ocrx_word' id='word_1_394' title='bbox 2625 4084 2803 4153; x_wconf 88' lang='lat' dir='ltr'><strong>major</strong></span> <span class='ocrx_word' id='word_1_395' title='bbox 2833 4084 3101 4138; x_wconf 88' lang='lat' dir='ltr'><strong>habeatur</strong></span> <span class='ocrx_word' id='word_1_396' title='bbox 3130 4085 3344 4151; x_wconf 81' lang='lat' dir='ltr'><strong>notitia,</strong></span> <span class='ocrx_word' id='word_1_397' title='bbox 3405 4101 3470 4139; x_wconf 88' lang='lat' dir='ltr'><strong>ac</strong></span> <span class='ocrx_word' id='word_1_398' title='bbox 3521 4086 3590 4139; x_wconf 89' lang='lat' dir='ltr'><strong>de</strong></span> <span class='ocrx_word' id='word_1_399' title='bbox 3625 4086 3698 4141; x_wconf 88' lang='lat' dir='ltr'><strong>iis</strong></span> 
     </span>
    </p>
   </div>
   <div class='ocr_carea' id='block_1_68' title="bbox 2111 4173 3696 4247">
    <p class='ocr_par' dir='ltr' id='par_1_68' title="bbox 2111 4173 3696 4247">
     <span class='ocr_line' id='line_1_70' title="bbox 2111 4173 3696 4247; baseline 0.004 -19"><span class='ocrx_word' id='word_1_400' title='bbox 2111 4173 2314 4228; x_wconf 90' lang='lat' dir='ltr'><strong>certius</strong></span> <span class='ocrx_word' id='word_1_401' title='bbox 2367 4174 2438 4228; x_wconf 93' lang='lat' dir='ltr'><strong>ab</strong></span> <span class='ocrx_word' id='word_1_402' title='bbox 2468 4174 2727 4230; x_wconf 88' lang='lat' dir='ltr'><strong>omnibus</strong></span> <span class='ocrx_word' id='word_1_403' title='bbox 2765 4176 3032 4245; x_wconf 92' lang='lat' dir='ltr'><strong>judicium</strong></span> <span class='ocrx_word' id='word_1_404' title='bbox 3075 4176 3202 4231; x_wconf 89' lang='lat' dir='ltr'><strong>ferri</strong></span> <span class='ocrx_word' id='word_1_405' title='bbox 3241 4179 3432 4247; x_wconf 89' lang='lat' dir='ltr'><strong>possit,</strong></span> <span class='ocrx_word' id='word_1_406' title='bbox 3465 4179 3696 4234; x_wconf 78' lang='lat' dir='ltr'><strong>brevem</strong></span> 
     </span>
    </p>
   </div>
   <div class='ocr_carea' id='block_1_69' title="bbox 2109 4265 3698 4344">
    <p class='ocr_par' dir='ltr' id='par_1_69' title="bbox 2109 4265 3698 4344">
     <span class='ocr_line' id='line_1_71' title="bbox 2109 4265 3698 4344; baseline 0.006 -26"><span class='ocrx_word' id='word_1_407' title='bbox 2109 4279 2321 4330; x_wconf 91' lang='lat' dir='ltr'><strong>earnm,</strong></span> <span class='ocrx_word' id='word_1_408' title='bbox 2349 4265 2441 4321; x_wconf 78' lang='lat' dir='ltr'><strong>sed</strong></span> <span class='ocrx_word' id='word_1_409' title='bbox 2465 4266 2670 4321; x_wconf 90' lang='lat' dir='ltr'><strong>claram</strong></span> <span class='ocrx_word' id='word_1_410' title='bbox 2727 4277 3156 4339; x_wconf 88' lang='lat' dir='ltr'><strong>accuratamque</strong></span> <span class='ocrx_word' id='word_1_411' title='bbox 3188 4285 3287 4339; x_wconf 89' lang='lat' dir='ltr'><strong>pro</strong></span> <span class='ocrx_word' id='word_1_412' title='bbox 3319 4271 3462 4325; x_wconf 90' lang='lat' dir='ltr'><strong>virili</strong></span> <span class='ocrx_word' id='word_1_413' title='bbox 3492 4273 3698 4344; x_wconf 77' lang='lat' dir='ltr'><strong>analy-</strong></span> 
     </span>
    </p>
   </div>
   <div class='ocr_carea' id='block_1_70' title="bbox 2111 4355 2664 4424">
    <p class='ocr_par' dir='ltr' id='par_1_70' title="bbox 2111 4355 2664 4424">
     <span class='ocr_line' id='line_1_72' title="bbox 2111 4355 2664 4424; baseline 0.002 -15"><span class='ocrx_word' id='word_1_414' title='bbox 2111 4355 2212 4409; x_wconf 89' lang='lat' dir='ltr'><strong>sim</strong></span> <span class='ocrx_word' id='word_1_415' title='bbox 2247 4355 2664 4424; x_wconf 88' lang='lat' dir='ltr'><strong>pramittemus.</strong></span> 
     </span>
    </p>
   </div>
   <div class='ocr_carea' id='block_1_71' title="bbox 2251 4555 3516 4634">
    <p class='ocr_par' dir='ltr' id='par_1_71' title="bbox 2251 4555 3516 4634">
     <span class='ocr_line' id='line_1_73' title="bbox 2251 4555 3516 4634; baseline 0.007 -25"><span class='ocrx_word' id='word_1_416' title='bbox 2251 4555 2283 4629; x_wconf 80' lang='lat'><strong>§</strong></span> <span class='ocrx_word' id='word_1_417' title='bbox 2313 4555 2376 4611; x_wconf 92' lang='lat' dir='ltr'><strong>ll.</strong></span> <span class='ocrx_word' id='word_1_418' title='bbox 2418 4556 2670 4628; x_wconf 78' lang='lat' dir='ltr'><strong>Analysis</strong></span> <span class='ocrx_word' id='word_1_419' title='bbox 2697 4569 2891 4630; x_wconf 82' lang='lat' dir='ltr'><strong>septem</strong></span> <span class='ocrx_word' id='word_1_420' title='bbox 2921 4559 3264 4632; x_wconf 76' lang='lat' dir='ltr'><strong>epistolarum</strong></span> <span class='ocrx_word' id='word_1_421' title='bbox 3295 4561 3516 4634; x_wconf 82' lang='lat' dir='ltr'><strong>Ignatii.</strong></span> 
     </span>
    </p>
   </div>
   <div class='ocr_carea' id='block_1_72' title="bbox 2173 4710 3689 4783">
    <p class='ocr_par' dir='ltr' id='par_1_72' title="bbox 2173 4710 3689 4783">
     <span class='ocr_line' id='line_1_74' title="bbox 2173 4710 3689 4783; baseline 0.003 -15"><span class='ocrx_word' id='word_1_422' title='bbox 2173 4712 2311 4768; x_wconf 88' lang='lat' dir='ltr'><strong>Cum</strong></span> <span class='ocrx_word' id='word_1_423' title='bbox 2339 4710 2580 4783; x_wconf 88' lang='lat' dir='ltr'><strong>lgnatius</strong></span> <span class='ocrx_word' id='word_1_424' title='bbox 2623 4712 2928 4769; x_wconf 82' lang='lat' dir='ltr'><strong>Antiochia</strong></span> <span class='ocrx_word' id='word_1_425' title='bbox 2965 4713 3260 4769; x_wconf 89' lang='lat' dir='ltr'><strong>damnatus</strong></span> <span class='ocrx_word' id='word_1_426' title='bbox 3291 4725 3438 4770; x_wconf 85' lang='lat' dir='ltr'><strong>esset</strong></span> <span class='ocrx_word' id='word_1_427' title='bbox 3465 4715 3534 4770; x_wconf 86' lang='lat' dir='ltr'><strong>ad</strong></span> <span class='ocrx_word' id='word_1_428' title='bbox 3587 4716 3689 4772; x_wconf 88' lang='lat' dir='ltr'><strong>hc-</strong></span> 
     </span>
    </p>
   </div>
   <div class='ocr_carea' id='block_1_73' title="bbox 2106 4805 3695 4876">
    <p class='ocr_par' dir='ltr' id='par_1_73' title="bbox 2106 4805 3695 4876">
     <span class='ocr_line' id='line_1_75' title="bbox 2106 4805 3695 4876; baseline 0.002 -14"><span class='ocrx_word' id='word_1_429' title='bbox 2106 4807 2260 4871; x_wconf 90' lang='lat' dir='ltr'><strong>stias,</strong></span> <span class='ocrx_word' id='word_1_430' title='bbox 2290 4805 2649 4876; x_wconf 83' lang='lat' dir='ltr'><strong>Romamque,</strong></span> <span class='ocrx_word' id='word_1_431' title='bbox 2676 4815 2735 4860; x_wconf 92' lang='lat' dir='ltr'><strong>ut</strong></span> <span class='ocrx_word' id='word_1_432' title='bbox 2785 4806 2853 4860; x_wconf 93' lang='lat' dir='ltr'><strong>iis</strong></span> <span class='ocrx_word' id='word_1_433' title='bbox 2881 4807 3232 4875; x_wconf 88' lang='lat' dir='ltr'><strong>objiceretur,</strong></span> <span class='ocrx_word' id='word_1_434' title='bbox 3271 4809 3491 4863; x_wconf 90' lang='lat' dir='ltr'><strong>vinctus</strong></span> <span class='ocrx_word' id='word_1_435' title='bbox 3517 4810 3695 4865; x_wconf 84' lang='lat' dir='ltr'><strong>duce-</strong></span> 
     </span>
    </p>
   </div>
   <div class='ocr_carea' id='block_1_74' title="bbox 2103 4901 3692 4974">
    <p class='ocr_par' dir='ltr' id='par_1_74' title="bbox 2103 4901 3692 4974">
     <span class='ocr_line' id='line_1_76' title="bbox 2103 4901 3692 4974; baseline 0.003 -19"><span class='ocrx_word' id='word_1_436' title='bbox 2103 4912 2273 4968; x_wconf 89' lang='lat' dir='ltr'><strong>retur,</strong></span> <span class='ocrx_word' id='word_1_437' title='bbox 2303 4909 2356 4956; x_wconf 92' lang='lat' dir='ltr'><strong>et</strong></span> <span class='ocrx_word' id='word_1_438' title='bbox 2393 4901 2684 4972; x_wconf 90' lang='lat' dir='ltr'><strong>Smyrnam</strong></span> <span class='ocrx_word' id='word_1_439' title='bbox 2718 4901 3054 4970; x_wconf 91' lang='lat' dir='ltr'><strong>appulisset;</strong></span> <span class='ocrx_word' id='word_1_440' title='bbox 3101 4902 3227 4957; x_wconf 91' lang='lat' dir='ltr'><strong>inde</strong></span> <span class='ocrx_word' id='word_1_441' title='bbox 3259 4911 3499 4972; x_wconf 88' lang='lat' dir='ltr'><strong>quatuor</strong></span> <span class='ocrx_word' id='word_1_442' title='bbox 3530 4907 3692 4974; x_wconf 90' lang='lat' dir='ltr'><strong>prio-</strong></span> 
     </span>
    </p>
   </div>
   <div class='ocr_carea' id='block_1_75' title="bbox 2101 4991 3690 5064">
    <p class='ocr_par' dir='ltr' id='par_1_75' title="bbox 2101 4991 3690 5064">
     <span class='ocr_line' id='line_1_77' title="bbox 2101 4991 3690 5064; baseline 0.003 -17"><span class='ocrx_word' id='word_1_443' title='bbox 2101 5009 2213 5059; x_wconf 86' lang='lat' dir='ltr'><strong>res,</strong></span> <span class='ocrx_word' id='word_1_444' title='bbox 2258 4993 2325 5048; x_wconf 88' lang='lat' dir='ltr'><strong>de</strong></span> <span class='ocrx_word' id='word_1_445' title='bbox 2353 4991 2553 5063; x_wconf 86' lang='lat' dir='ltr'><strong>quibus</strong></span> <span class='ocrx_word' id='word_1_446' title='bbox 2580 4993 2694 5061; x_wconf 93' lang='lat' dir='ltr'><strong>jam</strong></span> <span class='ocrx_word' id='word_1_447' title='bbox 2723 4993 2925 5060; x_wconf 88' lang='lat' dir='ltr'><strong>agitur,</strong></span> <span class='ocrx_word' id='word_1_448' title='bbox 2975 4993 3125 5048; x_wconf 87' lang='lat' dir='ltr'><strong>dedit</strong></span> <span class='ocrx_word' id='word_1_449' title='bbox 3161 4994 3440 5064; x_wconf 90' lang='lat' dir='ltr'><strong>epistolas.</strong></span> <span class='ocrx_word' id='word_1_450' title='bbox 3474 4994 3690 5051; x_wconf 84' lang='lat' dir='ltr'><strong>Harum</strong></span> 
     </span>
    </p>
   </div>
   <div class='ocr_carea' id='block_1_76' title="bbox 2026 5081 3690 5157">
    <p class='ocr_par' dir='ltr' id='par_1_76' title="bbox 2026 5081 3690 5157">
     <span class='ocr_line' id='line_1_78' title="bbox 2026 5081 3690 5157; baseline 0.002 -19"><span class='ocrx_word' id='word_1_451' title='bbox 2026 5101 2068 5157; x_wconf 73' lang='grc' dir='ltr'><strong><em>ε</em></strong></span> <span class='ocrx_word' id='word_1_452' title='bbox 2105 5086 2282 5154; x_wconf 87' lang='lat' dir='ltr'><strong>prima</strong></span> <span class='ocrx_word' id='word_1_453' title='bbox 2307 5083 2565 5139; x_wconf 86' lang='lat' dir='ltr'><strong>Ecclesia</strong></span> <span class='ocrx_word' id='word_1_454' title='bbox 2595 5081 2907 5152; x_wconf 83' lang='lat' dir='ltr'><strong>Ephesina,</strong></span> <span class='ocrx_word' id='word_1_455' title='bbox 2944 5099 3068 5154; x_wconf 89' lang='lat' dir='ltr'><strong>qua</strong></span> <span class='ocrx_word' id='word_1_456' title='bbox 3091 5085 3157 5139; x_wconf 89' lang='lat' dir='ltr'><strong>ad</strong></span> <span class='ocrx_word' id='word_1_457' title='bbox 3209 5099 3333 5139; x_wconf 88' lang='lat' dir='ltr'><strong>eum</strong></span> <span class='ocrx_word' id='word_1_458' title='bbox 3366 5102 3431 5140; x_wconf 88' lang='lat' dir='ltr'><strong>ex</strong></span> <span class='ocrx_word' id='word_1_459' title='bbox 3469 5087 3690 5141; x_wconf 75' lang='lat' dir='ltr'><strong>difﬁcil-</strong></span> 
     </span>
    </p>
   </div>
   <div class='ocr_carea' id='block_1_77' title="bbox 2105 5175 3688 5245">
    <p class='ocr_par' dir='ltr' id='par_1_77' title="bbox 2105 5175 3688 5245">
     <span class='ocr_line' id='line_1_79' title="bbox 2105 5175 3688 5245; baseline 0.002 -15"><span class='ocrx_word' id='word_1_460' title='bbox 2105 5177 2221 5231; x_wconf 91' lang='lat' dir='ltr'><strong>limi</strong></span> <span class='ocrx_word' id='word_1_461' title='bbox 2255 5176 2468 5231; x_wconf 87' lang='lat' dir='ltr'><strong>itineris</strong></span> <span class='ocrx_word' id='word_1_462' title='bbox 2491 5175 2882 5245; x_wconf 82' lang='lat' dir='ltr'><strong>defatigatione</strong></span> <span class='ocrx_word' id='word_1_463' title='bbox 2907 5177 3266 5231; x_wconf 87' lang='lat' dir='ltr'><strong>recreandum</strong></span> <span class='ocrx_word' id='word_1_464' title='bbox 3297 5179 3688 5239; x_wconf 46' lang='lat' dir='ltr'><strong>reficiendum:</strong></span> 
     </span>
    </p>
   </div>
   <div class='ocr_carea' id='block_1_78' title="bbox 2105 5268 3684 5340">
    <p class='ocr_par' dir='ltr' id='par_1_78' title="bbox 2105 5268 3684 5340">
     <span class='ocr_line' id='line_1_80' title="bbox 2105 5268 3684 5340; baseline 0.004 -18"><span class='ocrx_word' id='word_1_465' title='bbox 2105 5285 2230 5340; x_wconf 85' lang='lat' dir='ltr'><strong>que,</strong></span> <span class='ocrx_word' id='word_1_466' title='bbox 2266 5278 2426 5324; x_wconf 91' lang='lat' dir='ltr'><strong>antea</strong></span> <span class='ocrx_word' id='word_1_467' title='bbox 2473 5268 2793 5324; x_wconf 87' lang='lat' dir='ltr'><strong>Onesimum</strong></span> <span class='ocrx_word' id='word_1_468' title='bbox 2839 5270 3156 5339; x_wconf 88' lang='lat' dir='ltr'><strong>episcopum</strong></span> <span class='ocrx_word' id='word_1_469' title='bbox 3191 5287 3352 5325; x_wconf 92' lang='lat' dir='ltr'><strong>suum</strong></span> <span class='ocrx_word' id='word_1_470' title='bbox 3399 5288 3506 5326; x_wconf 91' lang='lat' dir='ltr'><strong>una</strong></span> <span class='ocrx_word' id='word_1_471' title='bbox 3552 5290 3684 5329; x_wconf 89' lang='lat' dir='ltr'><strong>cum</strong></span> 
     </span>
    </p>
   </div>
   <div class='ocr_carea' id='block_1_79' title="bbox 2103 5361 3680 5434">
    <p class='ocr_par' dir='ltr' id='par_1_79' title="bbox 2103 5361 3680 5434">
     <span class='ocr_line' id='line_1_81' title="bbox 2103 5361 3680 5434; baseline 0.004 -19"><span class='ocrx_word' id='word_1_472' title='bbox 2103 5363 2292 5434; x_wconf 81' lang='lat' dir='ltr'><strong>Byrro,</strong></span> <span class='ocrx_word' id='word_1_473' title='bbox 2325 5361 2496 5432; x_wconf 89' lang='lat' dir='ltr'><strong>Euplo</strong></span> <span class='ocrx_word' id='word_1_474' title='bbox 2543 5371 2595 5416; x_wconf 90' lang='lat' dir='ltr'><strong>et</strong></span> <span class='ocrx_word' id='word_1_475' title='bbox 2643 5361 2921 5416; x_wconf 81' lang='lat' dir='ltr'><strong>Frontone</strong></span> <span class='ocrx_word' id='word_1_476' title='bbox 2967 5363 3212 5428; x_wconf 88' lang='lat' dir='ltr'><strong>miserat,</strong></span> <span class='ocrx_word' id='word_1_477' title='bbox 3251 5364 3520 5418; x_wconf 87' lang='lat' dir='ltr'><strong>destinata</strong></span> <span class='ocrx_word' id='word_1_478' title='bbox 3572 5377 3680 5422; x_wconf 90' lang='lat' dir='ltr'><strong>est.</strong></span> 
     </span>
    </p>
   </div>
   <div class='ocr_carea' id='block_1_80' title="bbox 2102 5455 3683 5520">
    <p class='ocr_par' dir='ltr' id='par_1_80' title="bbox 2102 5455 3683 5520">
     <span class='ocr_line' id='line_1_82' title="bbox 2102 5455 3683 5520; baseline 0.001 -9"><span class='ocrx_word' id='word_1_479' title='bbox 2102 5456 2252 5512; x_wconf 72' lang='lat' dir='ltr'><strong>lianc</strong></span> <span class='ocrx_word' id='word_1_480' title='bbox 2275 5467 2456 5512; x_wconf 88' lang='lat' dir='ltr'><strong>autem</strong></span> <span class='ocrx_word' id='word_1_481' title='bbox 2486 5456 2808 5520; x_wconf 88' lang='lat' dir='ltr'><strong>Eeclesiam,</strong></span> <span class='ocrx_word' id='word_1_482' title='bbox 2837 5455 2908 5509; x_wconf 92' lang='lat' dir='ltr'><strong>ob</strong></span> <span class='ocrx_word' id='word_1_483' title='bbox 2929 5455 3186 5509; x_wconf 83' lang='lat' dir='ltr'><strong>eximiam</strong></span> <span class='ocrx_word' id='word_1_484' title='bbox 3231 5456 3286 5508; x_wconf 92' lang='lat' dir='ltr'><strong>in</strong></span> <span class='ocrx_word' id='word_1_485' title='bbox 3339 5473 3399 5512; x_wconf 89' lang='lat' dir='ltr'><strong>se</strong></span> <span class='ocrx_word' id='word_1_486' title='bbox 3436 5457 3683 5512; x_wconf 81' lang='lat' dir='ltr'><strong>charita-</strong></span> 
     </span>
    </p>
   </div>
   <div class='ocr_carea' id='block_1_81' title="bbox 2102 5549 3679 5621">
    <p class='ocr_par' dir='ltr' id='par_1_81' title="bbox 2102 5549 3679 5621">
     <span class='ocr_line' id='line_1_83' title="bbox 2102 5549 3679 5621; baseline 0 -16"><span class='ocrx_word' id='word_1_487' title='bbox 2102 5559 2210 5605; x_wconf 91' lang='lat' dir='ltr'><strong>tem</strong></span> <span class='ocrx_word' id='word_1_488' title='bbox 2246 5551 2484 5619; x_wconf 91' lang='lat' dir='ltr'><strong>primum</strong></span> <span class='ocrx_word' id='word_1_489' title='bbox 2517 5549 2720 5611; x_wconf 89' lang='lat' dir='ltr'><strong>laudat,</strong></span> <span class='ocrx_word' id='word_1_490' title='bbox 2754 5551 3067 5621; x_wconf 85' lang='lat' dir='ltr'><strong>gratiasque</strong></span> <span class='ocrx_word' id='word_1_491' title='bbox 3096 5551 3365 5604; x_wconf 83' lang='lat' dir='ltr'><strong>maximas</strong></span> <span class='ocrx_word' id='word_1_492' title='bbox 3395 5551 3443 5604; x_wconf 85' lang='lat' dir='ltr'><strong>ci</strong></span> <span class='ocrx_word' id='word_1_493' title='bbox 3477 5567 3679 5620; x_wconf 83' lang='lat' dir='ltr'><strong>repen-</strong></span> 
     </span>
    </p>
   </div>
   <div class='ocr_carea' id='block_1_82' title="bbox 2096 5636 3680 5710">
    <p class='ocr_par' dir='ltr' id='par_1_82' title="bbox 2096 5636 3680 5710">
     <span class='ocr_line' id='line_1_84' title="bbox 2096 5636 3680 5710; baseline 0.001 -18"><span class='ocrx_word' id='word_1_494' title='bbox 2096 5639 2195 5692; x_wconf 80' lang='lat' dir='ltr'><strong>dit.</strong></span> <span class='ocrx_word' id='word_1_495' title='bbox 2227 5636 2366 5690; x_wconf 89' lang='lat' dir='ltr'><strong>Tum</strong></span> <span class='ocrx_word' id='word_1_496' title='bbox 2399 5637 2742 5692; x_wconf 79' lang='lat' dir='ltr'><strong>Christianos</strong></span> <span class='ocrx_word' id='word_1_497' title='bbox 2799 5654 3013 5705; x_wconf 90' lang='lat' dir='ltr'><strong>omnes,</strong></span> <span class='ocrx_word' id='word_1_498' title='bbox 3069 5655 3305 5710; x_wconf 83' lang='lat' dir='ltr'><strong>quorum</strong></span> <span class='ocrx_word' id='word_1_499' title='bbox 3343 5655 3401 5694; x_wconf 92' lang='lat' dir='ltr'><strong>sc</strong></span> <span class='ocrx_word' id='word_1_500' title='bbox 3431 5639 3680 5710; x_wconf 86' lang='lat' dir='ltr'><strong>discipn-</strong></span> 
     </span>
    </p>
   </div>
   <div class='ocr_carea' id='block_1_83' title="bbox 2096 5731 3676 5800">
    <p class='ocr_par' dir='ltr' id='par_1_83' title="bbox 2096 5731 3676 5800">
     <span class='ocr_line' id='line_1_85' title="bbox 2096 5731 3676 5800; baseline 0.003 -15"><span class='ocrx_word' id='word_1_501' title='bbox 2096 5733 2208 5786; x_wconf 91' lang='lat' dir='ltr'><strong>lum</strong></span> <span class='ocrx_word' id='word_1_502' title='bbox 2239 5747 2360 5787; x_wconf 88' lang='lat' dir='ltr'><strong>esse</strong></span> <span class='ocrx_word' id='word_1_503' title='bbox 2409 5732 2508 5786; x_wconf 82' lang='lat' dir='ltr'><strong>etsi</strong></span> <span class='ocrx_word' id='word_1_504' title='bbox 2557 5733 2748 5787; x_wconf 89' lang='lat' dir='ltr'><strong>lubens</strong></span> <span class='ocrx_word' id='word_1_505' title='bbox 2805 5731 3061 5800; x_wconf 79' lang='lat' dir='ltr'><strong>fateatur,</strong></span> <span class='ocrx_word' id='word_1_506' title='bbox 3097 5749 3312 5789; x_wconf 88' lang='lat' dir='ltr'><strong>summo</strong></span> <span class='ocrx_word' id='word_1_507' title='bbox 3341 5742 3523 5788; x_wconf 86' lang='lat' dir='ltr'><strong>tamen</strong></span> <span class='ocrx_word' id='word_1_508' title='bbox 3576 5751 3676 5790; x_wconf 91' lang='lat' dir='ltr'><strong>suo</strong></span> 
     </span>
    </p>
   </div>
   <div class='ocr_carea' id='block_1_84' title="bbox 2095 5822 3672 5895">
    <p class='ocr_par' dir='ltr' id='par_1_84' title="bbox 2095 5822 3672 5895">
     <span class='ocr_line' id='line_1_86' title="bbox 2095 5822 3672 5895; baseline 0.001 -17"><span class='ocrx_word' id='word_1_509' title='bbox 2095 5840 2219 5895; x_wconf 85' lang='lat' dir='ltr'><strong>erga</strong></span> <span class='ocrx_word' id='word_1_510' title='bbox 2253 5840 2348 5878; x_wconf 87' lang='lat' dir='ltr'><strong>eos</strong></span> <span class='ocrx_word' id='word_1_511' title='bbox 2368 5837 2552 5878; x_wconf 85' lang='lat' dir='ltr'><strong>amore</strong></span> <span class='ocrx_word' id='word_1_512' title='bbox 2583 5832 2632 5878; x_wconf 88' lang='lat' dir='ltr'><strong>ct</strong></span> <span class='ocrx_word' id='word_1_513' title='bbox 2661 5822 2839 5880; x_wconf 89' lang='lat' dir='ltr'><strong>studio</strong></span> <span class='ocrx_word' id='word_1_514' title='bbox 2872 5823 3066 5892; x_wconf 81' lang='lat' dir='ltr'><strong>victus,</strong></span> <span class='ocrx_word' id='word_1_515' title='bbox 3103 5833 3291 5880; x_wconf 84' lang='lat' dir='ltr'><strong>monct</strong></span> <span class='ocrx_word' id='word_1_516' title='bbox 3314 5835 3367 5881; x_wconf 85' lang='lat' dir='ltr'><strong>ut</strong></span> <span class='ocrx_word' id='word_1_517' title='bbox 3402 5825 3454 5879; x_wconf 93' lang='lat' dir='ltr'><strong>in</strong></span> <span class='ocrx_word' id='word_1_518' title='bbox 3481 5827 3672 5881; x_wconf 83' lang='lat' dir='ltr'><strong>eadem</strong></span> 
     </span>
    </p>
   </div>
  </div>
