  <div class='ocr_page' id='page_1' title='image "/cluster/home/n/w/nwhite01/storage/ocr_20150623/5/nnc1.0046978607/244.png"; bbox 0 0 3852 6206; ppageno 0'>
   <div class='ocr_carea' id='block_1_1' title="bbox 199 371 2444 430">
    <p class='ocr_par' dir='ltr' id='par_1_1' title="bbox 199 371 2444 430">
     <span class='ocr_line' id='line_1_1' title="bbox 199 371 2444 430; baseline -0.001 0"><span class='ocrx_word' id='word_1_1' title='bbox 199 375 290 430; x_wconf 60' lang='grc' dir='ltr'>6Ὶῦ</span> <span class='ocrx_word' id='word_1_2' title='bbox 1124 372 1186 426; x_wconf 88' lang='lat' dir='ltr'><strong>D.</strong></span> <span class='ocrx_word' id='word_1_3' title='bbox 1228 371 1518 430; x_wconf 77' lang='lat' dir='ltr'><strong>NOURRII</strong></span> <span class='ocrx_word' id='word_1_4' title='bbox 1557 371 2040 429; x_wconf 78' lang='lat' dir='ltr'><strong>DlSSERTATlO.</strong></span> <span class='ocrx_word' id='word_1_5' title='bbox 2080 406 2148 414; x_wconf 97' lang='lat'><strong>—</strong></span> <span class='ocrx_word' id='word_1_6' title='bbox 2185 373 2366 430; x_wconf 80' lang='lat' dir='ltr'><strong>PARS</strong></span> <span class='ocrx_word' id='word_1_7' title='bbox 2402 373 2444 427; x_wconf 94' lang='lat' dir='ltr'><strong>l.</strong></span> 
     </span>
    </p>
   </div>
   <div class='ocr_carea' id='block_1_2' title="bbox 3307 367 3413 423">
    <p class='ocr_par' dir='ltr' id='par_1_2' title="bbox 3307 367 3413 423">
     <span class='ocr_line' id='line_1_2' title="bbox 3307 367 3413 423; baseline -0.009 0"><span class='ocrx_word' id='word_1_8' title='bbox 3307 367 3413 423; x_wconf 63' lang='grc'><strong>474</strong></span> 
     </span>
    </p>
   </div>
   <div class='ocr_carea' id='block_1_3' title="bbox 203 491 3411 566">
    <p class='ocr_par' dir='ltr' id='par_1_3' title="bbox 203 491 3411 566">
     <span class='ocr_line' id='line_1_3' title="bbox 203 491 3411 566; baseline -0.001 -18"><span class='ocrx_word' id='word_1_9' title='bbox 203 509 387 563; x_wconf 87' lang='lat' dir='ltr'><strong>semper</strong></span> <span class='ocrx_word' id='word_1_10' title='bbox 406 508 524 548; x_wconf 92' lang='lat' dir='ltr'><strong>cum</strong></span> <span class='ocrx_word' id='word_1_11' title='bbox 549 491 806 549; x_wconf 87' lang='lat' dir='ltr'><strong>Onesimo</strong></span> <span class='ocrx_word' id='word_1_12' title='bbox 831 502 886 549; x_wconf 93' lang='lat' dir='ltr'><strong>et</strong></span> <span class='ocrx_word' id='word_1_13' title='bbox 906 495 1311 550; x_wconf 89' lang='lat' dir='ltr'><strong>necessitudine</strong></span> <span class='ocrx_word' id='word_1_14' title='bbox 1337 505 1392 550; x_wconf 91' lang='lat' dir='ltr'><strong>et</strong></span> <span class='ocrx_word' id='word_1_15' title='bbox 1419 495 1728 551; x_wconf 91' lang='lat' dir='ltr'><strong>obedientia</strong></span> <span class='ocrx_word' id='word_1_16' title='bbox 1758 501 1803 556; x_wconf 85' lang='lat' dir='ltr'><strong>A</strong></span> <span class='ocrx_word' id='word_1_17' title='bbox 1832 497 2085 566; x_wconf 88' lang='lat' dir='ltr'><strong>quamvis</strong></span> <span class='ocrx_word' id='word_1_18' title='bbox 2113 497 2249 552; x_wconf 90' lang='lat' dir='ltr'><strong>nihil</strong></span> <span class='ocrx_word' id='word_1_19' title='bbox 2276 495 2563 552; x_wconf 83' lang='lat' dir='ltr'><strong>molestius</strong></span> <span class='ocrx_word' id='word_1_20' title='bbox 2595 510 2837 566; x_wconf 88' lang='lat' dir='ltr'><strong>unquam</strong></span> <span class='ocrx_word' id='word_1_21' title='bbox 2891 494 3097 560; x_wconf 77' lang='lat' dir='ltr'><strong>tulerit,</strong></span> <span class='ocrx_word' id='word_1_22' title='bbox 3132 507 3299 563; x_wconf 89' lang='lat' dir='ltr'><strong>quam</strong></span> <span class='ocrx_word' id='word_1_23' title='bbox 3327 491 3411 546; x_wconf 90' lang='lat' dir='ltr'><strong>ni-</strong></span> 
     </span>
    </p>
   </div>
   <div class='ocr_carea' id='block_1_4' title="bbox 202 587 1731 658">
    <p class='ocr_par' dir='ltr' id='par_1_4' title="bbox 202 587 1731 658">
     <span class='ocr_line' id='line_1_4' title="bbox 202 587 1731 658; baseline 0.001 -20"><span class='ocrx_word' id='word_1_24' title='bbox 202 596 534 656; x_wconf 73' lang='lat' dir='ltr'><strong>perseverent;</strong></span> <span class='ocrx_word' id='word_1_25' title='bbox 602 595 915 656; x_wconf 90' lang='lat' dir='ltr'><strong>quantaque</strong></span> <span class='ocrx_word' id='word_1_26' title='bbox 979 587 1106 642; x_wconf 90' lang='lat' dir='ltr'><strong>inde</strong></span> <span class='ocrx_word' id='word_1_27' title='bbox 1135 587 1366 658; x_wconf 74' lang='lat' dir='ltr'><strong>singulis</strong></span> <span class='ocrx_word' id='word_1_28' title='bbox 1419 587 1731 656; x_wconf 88' lang='lat' dir='ltr'><strong>quibusque</strong></span> 
     </span>
    </p>
   </div>
   <div class='ocr_carea' id='block_1_5' title="bbox 201 679 1728 750">
    <p class='ocr_par' dir='ltr' id='par_1_5' title="bbox 201 679 1728 750">
     <span class='ocr_line' id='line_1_5' title="bbox 201 679 1728 750; baseline -0.001 -15"><span class='ocrx_word' id='word_1_29' title='bbox 201 683 318 736; x_wconf 84' lang='lat' dir='ltr'><strong>bona</strong></span> <span class='ocrx_word' id='word_1_30' title='bbox 363 689 516 750; x_wconf 83' lang='lat' dir='ltr'><strong>atque</strong></span> <span class='ocrx_word' id='word_1_31' title='bbox 565 681 823 736; x_wconf 84' lang='lat' dir='ltr'><strong>utilitates</strong></span> <span class='ocrx_word' id='word_1_32' title='bbox 865 682 1139 747; x_wconf 85' lang='lat' dir='ltr'><strong>oriantur,</strong></span> <span class='ocrx_word' id='word_1_33' title='bbox 1189 683 1398 736; x_wconf 87' lang='lat' dir='ltr'><strong>eisdem</strong></span> <span class='ocrx_word' id='word_1_34' title='bbox 1445 682 1638 750; x_wconf 84' lang='lat' dir='ltr'><strong>aperit.</strong></span> <span class='ocrx_word' id='word_1_35' title='bbox 1672 679 1728 734; x_wconf 91' lang='lat' dir='ltr'><strong>ln</strong></span> 
     </span>
    </p>
   </div>
   <div class='ocr_carea' id='block_1_6' title="bbox 203 775 1731 846">
    <p class='ocr_par' dir='ltr' id='par_1_6' title="bbox 203 775 1731 846">
     <span class='ocr_line' id='line_1_6' title="bbox 203 775 1731 846; baseline 0 -18"><span class='ocrx_word' id='word_1_36' title='bbox 203 776 288 828; x_wconf 86' lang='lat' dir='ltr'><strong>hoc</strong></span> <span class='ocrx_word' id='word_1_37' title='bbox 313 784 478 828; x_wconf 78' lang='lat' dir='ltr'><strong>autem</strong></span> <span class='ocrx_word' id='word_1_38' title='bbox 509 775 649 844; x_wconf 89' lang='lat' dir='ltr'><strong>quod</strong></span> <span class='ocrx_word' id='word_1_39' title='bbox 691 776 961 846; x_wconf 90' lang='lat' dir='ltr'><strong>quosdam</strong></span> <span class='ocrx_word' id='word_1_40' title='bbox 1017 776 1326 842; x_wconf 61' lang='lat' dir='ltr'><strong>haereticos,</strong></span> <span class='ocrx_word' id='word_1_41' title='bbox 1379 777 1472 845; x_wconf 93' lang='lat' dir='ltr'><strong>qui</strong></span> <span class='ocrx_word' id='word_1_42' title='bbox 1525 775 1731 831; x_wconf 84' lang='lat' dir='ltr'><strong>Christi</strong></span> 
     </span>
    </p>
   </div>
   <div class='ocr_carea' id='block_1_7' title="bbox 198 867 1735 923">
    <p class='ocr_par' dir='ltr' id='par_1_7' title="bbox 198 867 1735 923">
     <span class='ocr_line' id='line_1_7' title="bbox 198 867 1735 923; baseline -0.001 -3"><span class='ocrx_word' id='word_1_43' title='bbox 198 877 394 920; x_wconf 84' lang='lat' dir='ltr'><strong>mortem</strong></span> <span class='ocrx_word' id='word_1_44' title='bbox 425 877 476 921; x_wconf 89' lang='lat' dir='ltr'><strong>et</strong></span> <span class='ocrx_word' id='word_1_45' title='bbox 499 869 950 923; x_wconf 85' lang='lat' dir='ltr'><strong>resurrectionem</strong></span> <span class='ocrx_word' id='word_1_46' title='bbox 979 867 1158 922; x_wconf 81' lang='lat' dir='ltr'><strong>[ictam</strong></span> <span class='ocrx_word' id='word_1_47' title='bbox 1195 875 1250 922; x_wconf 91' lang='lat' dir='ltr'><strong>et</strong></span> <span class='ocrx_word' id='word_1_48' title='bbox 1275 867 1586 922; x_wconf 81' lang='lat' dir='ltr'><strong>simulatam</strong></span> <span class='ocrx_word' id='word_1_49' title='bbox 1610 880 1735 920; x_wconf 90' lang='lat' dir='ltr'><strong>esse</strong></span> 
     </span>
    </p>
   </div>
   <div class='ocr_carea' id='block_1_8' title="bbox 195 961 1732 1029">
    <p class='ocr_par' dir='ltr' id='par_1_8' title="bbox 195 961 1732 1029">
     <span class='ocr_line' id='line_1_8' title="bbox 195 961 1732 1029; baseline -0.001 -13"><span class='ocrx_word' id='word_1_50' title='bbox 195 963 435 1029; x_wconf 85' lang='lat' dir='ltr'><strong>dicebant,</strong></span> <span class='ocrx_word' id='word_1_51' title='bbox 460 965 735 1019; x_wconf 90' lang='lat' dir='ltr'><strong>noluerint</strong></span> <span class='ocrx_word' id='word_1_52' title='bbox 763 964 975 1028; x_wconf 90' lang='lat' dir='ltr'><strong>audire,</strong></span> <span class='ocrx_word' id='word_1_53' title='bbox 1007 964 1101 1019; x_wconf 90' lang='lat' dir='ltr'><strong>sed</strong></span> <span class='ocrx_word' id='word_1_54' title='bbox 1134 963 1430 1018; x_wconf 89' lang='lat' dir='ltr'><strong>continuas</strong></span> <span class='ocrx_word' id='word_1_55' title='bbox 1469 964 1537 1017; x_wconf 91' lang='lat' dir='ltr'><strong>ad</strong></span> <span class='ocrx_word' id='word_1_56' title='bbox 1562 961 1732 1015; x_wconf 91' lang='lat' dir='ltr'><strong>Deum</strong></span> 
     </span>
    </p>
   </div>
   <div class='ocr_carea' id='block_1_9' title="bbox 196 1053 1734 1126">
    <p class='ocr_par' dir='ltr' id='par_1_9' title="bbox 196 1053 1734 1126">
     <span class='ocr_line' id='line_1_9' title="bbox 196 1053 1734 1126; baseline 0 -18"><span class='ocrx_word' id='word_1_57' title='bbox 196 1071 279 1124; x_wconf 93' lang='lat' dir='ltr'><strong>pro</strong></span> <span class='ocrx_word' id='word_1_58' title='bbox 309 1056 510 1109; x_wconf 90' lang='lat' dir='ltr'><strong>illorum</strong></span> <span class='ocrx_word' id='word_1_59' title='bbox 543 1057 903 1112; x_wconf 81' lang='lat' dir='ltr'><strong>conversione</strong></span> <span class='ocrx_word' id='word_1_60' title='bbox 926 1071 1115 1126; x_wconf 87' lang='lat' dir='ltr'><strong>preces</strong></span> <span class='ocrx_word' id='word_1_61' title='bbox 1141 1055 1400 1122; x_wconf 76' lang='lat' dir='ltr'><strong>fuderint,</strong></span> <span class='ocrx_word' id='word_1_62' title='bbox 1424 1054 1586 1109; x_wconf 81' lang='lat' dir='ltr'><strong>fidem</strong></span> <span class='ocrx_word' id='word_1_63' title='bbox 1613 1053 1734 1108; x_wconf 91' lang='lat' dir='ltr'><strong>illo-</strong></span> 
     </span>
    </p>
   </div>
   <div class='ocr_carea' id='block_1_10' title="bbox 195 1146 1732 1215">
    <p class='ocr_par' dir='ltr' id='par_1_10' title="bbox 195 1146 1732 1215">
     <span class='ocr_line' id='line_1_10' title="bbox 195 1146 1732 1215; baseline 0.001 -17"><span class='ocrx_word' id='word_1_64' title='bbox 195 1162 294 1199; x_wconf 92' lang='lat' dir='ltr'><strong>rum</strong></span> <span class='ocrx_word' id='word_1_65' title='bbox 328 1148 590 1215; x_wconf 70' lang='lat' dir='ltr'><strong>praedicat.</strong></span> <span class='ocrx_word' id='word_1_66' title='bbox 647 1149 762 1204; x_wconf 88' lang='lat' dir='ltr'><strong>Sub</strong></span> <span class='ocrx_word' id='word_1_67' title='bbox 795 1149 909 1204; x_wconf 76' lang='lat' dir='ltr'><strong>haec</strong></span> <span class='ocrx_word' id='word_1_68' title='bbox 961 1149 1222 1203; x_wconf 88' lang='lat' dir='ltr'><strong>nonnulla</strong></span> <span class='ocrx_word' id='word_1_69' title='bbox 1269 1149 1349 1202; x_wconf 92' lang='lat' dir='ltr'><strong>eis</strong></span> <span class='ocrx_word' id='word_1_70' title='bbox 1383 1146 1550 1202; x_wconf 84' lang='lat' dir='ltr'><strong>tradit</strong></span> <span class='ocrx_word' id='word_1_71' title='bbox 1608 1146 1732 1200; x_wconf 68' lang='lat' dir='ltr'><strong>vitae</strong></span> 
     </span>
    </p>
   </div>
   <div class='ocr_carea' id='block_1_11' title="bbox 193 1242 1734 1313">
    <p class='ocr_par' dir='ltr' id='par_1_11' title="bbox 193 1242 1734 1313">
     <span class='ocr_line' id='line_1_11' title="bbox 193 1242 1734 1313; baseline 0.003 -22"><span class='ocrx_word' id='word_1_72' title='bbox 193 1255 481 1308; x_wconf 86' lang='lat' dir='ltr'><strong>morumque</strong></span> <span class='ocrx_word' id='word_1_73' title='bbox 510 1250 803 1310; x_wconf 72' lang='lat' dir='ltr'><strong>praecepta,</strong></span> <span class='ocrx_word' id='word_1_74' title='bbox 831 1243 1016 1313; x_wconf 85' lang='lat' dir='ltr'><strong>ibique</strong></span> <span class='ocrx_word' id='word_1_75' title='bbox 1044 1243 1210 1297; x_wconf 76' lang='lat' dir='ltr'><strong>de&#39;se</strong></span> <span class='ocrx_word' id='word_1_76' title='bbox 1251 1250 1406 1296; x_wconf 90' lang='lat' dir='ltr'><strong>tanto</strong></span> <span class='ocrx_word' id='word_1_77' title='bbox 1437 1242 1602 1296; x_wconf 88' lang='lat' dir='ltr'><strong>sentit</strong></span> <span class='ocrx_word' id='word_1_78' title='bbox 1631 1243 1734 1296; x_wconf 82' lang='lat' dir='ltr'><strong>hu-</strong></span> 
     </span>
    </p>
   </div>
   <div class='ocr_carea' id='block_1_12' title="bbox 191 1328 1728 1398">
    <p class='ocr_par' dir='ltr' id='par_1_12' title="bbox 191 1328 1728 1398">
     <span class='ocr_line' id='line_1_12' title="bbox 191 1328 1728 1398; baseline 0.001 -17"><span class='ocrx_word' id='word_1_79' title='bbox 191 1331 365 1394; x_wconf 90' lang='lat' dir='ltr'><strong>milius,</strong></span> <span class='ocrx_word' id='word_1_80' title='bbox 386 1341 588 1398; x_wconf 89' lang='lat' dir='ltr'><strong>quanto</strong></span> <span class='ocrx_word' id='word_1_81' title='bbox 617 1333 850 1387; x_wconf 83' lang='lat' dir='ltr'><strong>virtutes</strong></span> <span class='ocrx_word' id='word_1_82' title='bbox 900 1333 1120 1388; x_wconf 90' lang='lat' dir='ltr'><strong>illorum</strong></span> <span class='ocrx_word' id='word_1_83' title='bbox 1159 1331 1323 1386; x_wconf 88' lang='lat' dir='ltr'><strong>altius</strong></span> <span class='ocrx_word' id='word_1_84' title='bbox 1374 1331 1608 1385; x_wconf 73' lang='lat' dir='ltr'><strong>extollit.</strong></span> <span class='ocrx_word' id='word_1_85' title='bbox 1670 1328 1728 1382; x_wconf 90' lang='lat' dir='ltr'><strong>ln</strong></span> 
     </span>
    </p>
   </div>
   <div class='ocr_carea' id='block_1_13' title="bbox 188 1419 1732 1491">
    <p class='ocr_par' dir='ltr' id='par_1_13' title="bbox 188 1419 1732 1491">
     <span class='ocr_line' id='line_1_13' title="bbox 188 1419 1732 1491; baseline 0.002 -20"><span class='ocrx_word' id='word_1_86' title='bbox 188 1419 350 1488; x_wconf 89' lang='lat' dir='ltr'><strong>primis</strong></span> <span class='ocrx_word' id='word_1_87' title='bbox 372 1435 496 1475; x_wconf 89' lang='lat' dir='ltr'><strong>vero</strong></span> <span class='ocrx_word' id='word_1_88' title='bbox 511 1436 607 1476; x_wconf 89' lang='lat' dir='ltr'><strong>eos</strong></span> <span class='ocrx_word' id='word_1_89' title='bbox 623 1422 874 1476; x_wconf 88' lang='lat' dir='ltr'><strong>hortatur</strong></span> <span class='ocrx_word' id='word_1_90' title='bbox 897 1422 1056 1478; x_wconf 79' lang='lat' dir='ltr'><strong>fidem</strong></span> <span class='ocrx_word' id='word_1_91' title='bbox 1081 1423 1348 1491; x_wconf 76' lang='lat' dir='ltr'><strong>integram</strong></span> <span class='ocrx_word' id='word_1_92' title='bbox 1387 1430 1634 1484; x_wconf 90' lang='lat' dir='ltr'><strong>servent,</strong></span> <span class='ocrx_word' id='word_1_93' title='bbox 1668 1435 1732 1474; x_wconf 86' lang='lat' dir='ltr'><strong>ac</strong></span> 
     </span>
    </p>
   </div>
   <div class='ocr_carea' id='block_1_14' title="bbox 189 1511 1731 1585">
    <p class='ocr_par' dir='ltr' id='par_1_14' title="bbox 189 1511 1731 1585">
     <span class='ocr_line' id='line_1_14' title="bbox 189 1511 1731 1585; baseline 0 -18"><span class='ocrx_word' id='word_1_94' title='bbox 189 1529 373 1583; x_wconf 83' lang='lat' dir='ltr'><strong>semper</strong></span> <span class='ocrx_word' id='word_1_95' title='bbox 420 1516 645 1570; x_wconf 85' lang='lat' dir='ltr'><strong>credant</strong></span> <span class='ocrx_word' id='word_1_96' title='bbox 684 1516 963 1572; x_wconf 86' lang='lat' dir='ltr'><strong>Christum</strong></span> <span class='ocrx_word' id='word_1_97' title='bbox 1013 1530 1143 1570; x_wconf 88' lang='lat' dir='ltr'><strong>vere</strong></span> <span class='ocrx_word' id='word_1_98' title='bbox 1167 1516 1390 1585; x_wconf 88' lang='lat' dir='ltr'><strong>quidem</strong></span> <span class='ocrx_word' id='word_1_99' title='bbox 1446 1530 1514 1569; x_wconf 82' lang='lat' dir='ltr'><strong>ex</strong></span> <span class='ocrx_word' id='word_1_100' title='bbox 1559 1511 1731 1567; x_wconf 84' lang='lat' dir='ltr'><strong>Maria</strong></span> 
     </span>
    </p>
   </div>
   <div class='ocr_carea' id='block_1_15' title="bbox 189 1607 1730 1679">
    <p class='ocr_par' dir='ltr' id='par_1_15' title="bbox 189 1607 1730 1679">
     <span class='ocr_line' id='line_1_15' title="bbox 189 1607 1730 1679; baseline -0.001 -20"><span class='ocrx_word' id='word_1_101' title='bbox 189 1607 370 1676; x_wconf 85' lang='lat' dir='ltr'><strong>virgine</strong></span> <span class='ocrx_word' id='word_1_102' title='bbox 399 1619 605 1674; x_wconf 89' lang='lat' dir='ltr'><strong>natum,</strong></span> <span class='ocrx_word' id='word_1_103' title='bbox 638 1609 733 1664; x_wconf 90' lang='lat' dir='ltr'><strong>sed</strong></span> <span class='ocrx_word' id='word_1_104' title='bbox 791 1611 982 1665; x_wconf 90' lang='lat' dir='ltr'><strong>matris</strong></span> <span class='ocrx_word' id='word_1_105' title='bbox 1004 1609 1371 1679; x_wconf 74' lang='lat' dir='ltr'><strong>virginitatem</strong></span> <span class='ocrx_word' id='word_1_106' title='bbox 1419 1615 1474 1662; x_wconf 92' lang='lat' dir='ltr'><strong>et</strong></span> <span class='ocrx_word' id='word_1_107' title='bbox 1499 1613 1730 1660; x_wconf 90' lang='lat' dir='ltr'><strong>mortem</strong></span> 
     </span>
    </p>
   </div>
   <div class='ocr_carea' id='block_1_16' title="bbox 187 1695 1731 1770">
    <p class='ocr_par' dir='ltr' id='par_1_16' title="bbox 187 1695 1731 1770">
     <span class='ocr_line' id='line_1_16' title="bbox 187 1695 1731 1770; baseline 0.001 -21"><span class='ocrx_word' id='word_1_108' title='bbox 187 1695 309 1760; x_wconf 81' lang='lat' dir='ltr'><strong>Filii,</strong></span> <span class='ocrx_word' id='word_1_109' title='bbox 347 1699 499 1766; x_wconf 89' lang='lat' dir='ltr'><strong>cujus</strong></span> <span class='ocrx_word' id='word_1_110' title='bbox 527 1699 794 1755; x_wconf 80' lang='lat' dir='ltr'><strong>divinitas</strong></span> <span class='ocrx_word' id='word_1_111' title='bbox 821 1715 890 1756; x_wconf 91' lang='lat' dir='ltr'><strong>eo</strong></span> <span class='ocrx_word' id='word_1_112' title='bbox 935 1701 1138 1766; x_wconf 86' lang='lat' dir='ltr'><strong>sidere,</strong></span> <span class='ocrx_word' id='word_1_113' title='bbox 1170 1699 1317 1770; x_wconf 89' lang='lat' dir='ltr'><strong>quod</strong></span> <span class='ocrx_word' id='word_1_114' title='bbox 1367 1713 1533 1768; x_wconf 87' lang='lat' dir='ltr'><strong>supra</strong></span> <span class='ocrx_word' id='word_1_115' title='bbox 1583 1705 1731 1752; x_wconf 87' lang='lat' dir='ltr'><strong>astra</strong></span> 
     </span>
    </p>
   </div>
   <div class='ocr_carea' id='block_1_17' title="bbox 187 1789 1730 1859">
    <p class='ocr_par' dir='ltr' id='par_1_17' title="bbox 187 1789 1730 1859">
     <span class='ocr_line' id='line_1_17' title="bbox 187 1789 1730 1859; baseline 0.001 -20"><span class='ocrx_word' id='word_1_116' title='bbox 187 1789 342 1842; x_wconf 82' lang='lat' dir='ltr'><strong>mania</strong></span> <span class='ocrx_word' id='word_1_117' title='bbox 369 1790 726 1858; x_wconf 84' lang='lat' dir='ltr'><strong>resplenduit.</strong></span> <span class='ocrx_word' id='word_1_118' title='bbox 761 1790 1105 1845; x_wconf 82' lang='lat' dir='ltr'><strong>manifestata</strong></span> <span class='ocrx_word' id='word_1_119' title='bbox 1134 1800 1236 1853; x_wconf 90' lang='lat' dir='ltr'><strong>est,</strong></span> <span class='ocrx_word' id='word_1_120' title='bbox 1255 1791 1475 1844; x_wconf 89' lang='lat' dir='ltr'><strong>diabolo</strong></span> <span class='ocrx_word' id='word_1_121' title='bbox 1504 1803 1730 1859; x_wconf 90' lang='lat' dir='ltr'><strong>prorsus</strong></span> 
     </span>
    </p>
   </div>
   <div class='ocr_carea' id='block_1_18' title="bbox 186 1880 1725 1952">
    <p class='ocr_par' dir='ltr' id='par_1_18' title="bbox 186 1880 1725 1952">
     <span class='ocr_line' id='line_1_18' title="bbox 186 1880 1725 1952; baseline -0.001 -18"><span class='ocrx_word' id='word_1_122' title='bbox 186 1880 328 1936; x_wconf 84' lang='lat' dir='ltr'><strong>fuisse</strong></span> <span class='ocrx_word' id='word_1_123' title='bbox 358 1884 685 1952; x_wconf 84' lang='lat' dir='ltr'><strong>incognitas.</strong></span> <span class='ocrx_word' id='word_1_124' title='bbox 713 1883 1008 1938; x_wconf 91' lang='lat' dir='ltr'><strong>Pollicetur</strong></span> <span class='ocrx_word' id='word_1_125' title='bbox 1030 1885 1224 1938; x_wconf 91' lang='lat' dir='ltr'><strong>deinde</strong></span> <span class='ocrx_word' id='word_1_126' title='bbox 1249 1899 1305 1937; x_wconf 91' lang='lat' dir='ltr'><strong>se</strong></span> <span class='ocrx_word' id='word_1_127' title='bbox 1331 1884 1492 1936; x_wconf 88' lang='lat' dir='ltr'><strong>aliam</strong></span> <span class='ocrx_word' id='word_1_128' title='bbox 1509 1881 1574 1935; x_wconf 92' lang='lat' dir='ltr'><strong>ad</strong></span> <span class='ocrx_word' id='word_1_129' title='bbox 1606 1895 1725 1946; x_wconf 92' lang='lat' dir='ltr'><strong>eos,</strong></span> 
     </span>
    </p>
   </div>
   <div class='ocr_carea' id='block_1_19' title="bbox 185 1970 1726 2043">
    <p class='ocr_par' dir='ltr' id='par_1_19' title="bbox 185 1970 1726 2043">
     <span class='ocr_line' id='line_1_19' title="bbox 185 1970 1726 2043; baseline -0.002 -18"><span class='ocrx_word' id='word_1_130' title='bbox 185 1971 220 2025; x_wconf 84' lang='lat' dir='ltr'><strong>si</strong></span> <span class='ocrx_word' id='word_1_131' title='bbox 246 1987 326 2040; x_wconf 89' lang='lat' dir='ltr'><strong>per</strong></span> <span class='ocrx_word' id='word_1_132' title='bbox 357 1971 521 2026; x_wconf 92' lang='lat' dir='ltr'><strong>Deum</strong></span> <span class='ocrx_word' id='word_1_133' title='bbox 557 1973 742 2038; x_wconf 89' lang='lat' dir='ltr'><strong>liceat,</strong></span> <span class='ocrx_word' id='word_1_134' title='bbox 774 1974 1032 2028; x_wconf 77' lang='lat' dir='ltr'><strong>daturum</strong></span> <span class='ocrx_word' id='word_1_135' title='bbox 1062 1973 1382 2043; x_wconf 87' lang='lat' dir='ltr'><strong>epistolam;</strong></span> <span class='ocrx_word' id='word_1_136' title='bbox 1417 1987 1482 2026; x_wconf 89' lang='lat' dir='ltr'><strong>ac</strong></span> <span class='ocrx_word' id='word_1_137' title='bbox 1507 1970 1726 2024; x_wconf 85' lang='lat' dir='ltr'><strong>tandem</strong></span> 
     </span>
    </p>
   </div>
   <div class='ocr_carea' id='block_1_20' title="bbox 184 2065 1729 2133">
    <p class='ocr_par' dir='ltr' id='par_1_20' title="bbox 184 2065 1729 2133">
     <span class='ocr_line' id='line_1_20' title="bbox 184 2065 1729 2133; baseline 0.001 -19"><span class='ocrx_word' id='word_1_138' title='bbox 184 2073 434 2133; x_wconf 76' lang='lat' dir='ltr'><strong>postquam</strong></span> <span class='ocrx_word' id='word_1_139' title='bbox 471 2081 667 2120; x_wconf 90' lang='lat' dir='ltr'><strong>eorum</strong></span> <span class='ocrx_word' id='word_1_140' title='bbox 720 2066 1064 2121; x_wconf 88' lang='lat' dir='ltr'><strong>orationibus</strong></span> <span class='ocrx_word' id='word_1_141' title='bbox 1123 2065 1522 2120; x_wconf 83' lang='lat' dir='ltr'><strong>Antiochenam</strong></span> <span class='ocrx_word' id='word_1_142' title='bbox 1577 2078 1729 2118; x_wconf 91' lang='lat' dir='ltr'><strong>com-</strong></span> 
     </span>
    </p>
   </div>
   <div class='ocr_carea' id='block_1_21' title="bbox 183 2154 1725 2226">
    <p class='ocr_par' dir='ltr' id='par_1_21' title="bbox 183 2154 1725 2226">
     <span class='ocr_line' id='line_1_21' title="bbox 183 2154 1725 2226; baseline 0.004 -24"><span class='ocrx_word' id='word_1_143' title='bbox 183 2154 424 2208; x_wconf 85' lang='lat' dir='ltr'><strong>mendavit</strong></span> <span class='ocrx_word' id='word_1_144' title='bbox 482 2154 790 2211; x_wconf 84' lang='lat' dir='ltr'><strong>Ecclesiam</strong></span> <span class='ocrx_word' id='word_1_145' title='bbox 823 2198 838 2222; x_wconf 94' lang='lat'><strong>,</strong></span> <span class='ocrx_word' id='word_1_146' title='bbox 887 2157 1076 2226; x_wconf 78' lang='lat' dir='ltr'><strong>primae</strong></span> <span class='ocrx_word' id='word_1_147' title='bbox 1110 2157 1238 2212; x_wconf 89' lang='lat' dir='ltr'><strong>huic</strong></span> <span class='ocrx_word' id='word_1_148' title='bbox 1281 2157 1528 2226; x_wconf 67' lang='lat' dir='ltr'><strong>epistolae</strong></span> <span class='ocrx_word' id='word_1_149' title='bbox 1561 2156 1725 2210; x_wconf 80' lang='lat' dir='ltr'><strong>linem</strong></span> 
     </span>
    </p>
   </div>
   <div class='ocr_carea' id='block_1_22' title="bbox 181 2246 394 2315">
    <p class='ocr_par' dir='ltr' id='par_1_22' title="bbox 181 2246 394 2315">
     <span class='ocr_line' id='line_1_22' title="bbox 181 2246 394 2315; baseline 0.009 -15"><span class='ocrx_word' id='word_1_150' title='bbox 181 2246 394 2315; x_wconf 84' lang='lat' dir='ltr'><strong>imponit.</strong></span> 
     </span>
    </p>
   </div>
   <div class='ocr_carea' id='block_1_23' title="bbox 235 2339 1728 2412">
    <p class='ocr_par' dir='ltr' id='par_1_23' title="bbox 235 2339 1728 2412">
     <span class='ocr_line' id='line_1_23' title="bbox 235 2339 1728 2412; baseline 0.002 -20"><span class='ocrx_word' id='word_1_151' title='bbox 235 2339 462 2395; x_wconf 74' lang='lat' dir='ltr'><strong>Secunda</strong></span> <span class='ocrx_word' id='word_1_152' title='bbox 507 2343 711 2412; x_wconf 91' lang='lat' dir='ltr'><strong>scripta</strong></span> <span class='ocrx_word' id='word_1_153' title='bbox 749 2351 833 2396; x_wconf 91' lang='lat' dir='ltr'><strong>est</strong></span> <span class='ocrx_word' id='word_1_154' title='bbox 887 2341 1144 2396; x_wconf 68' lang='lat' dir='ltr'><strong>Ecclesiae</strong></span> <span class='ocrx_word' id='word_1_155' title='bbox 1191 2340 1571 2411; x_wconf 72' lang='lat' dir='ltr'><strong>Magnesianm,</strong></span> <span class='ocrx_word' id='word_1_156' title='bbox 1605 2355 1728 2410; x_wconf 71' lang='lat' dir='ltr'><strong>qua:</strong></span> 
     </span>
    </p>
   </div>
   <div class='ocr_carea' id='block_1_24' title="bbox 179 2431 1727 2504">
    <p class='ocr_par' dir='ltr' id='par_1_24' title="bbox 179 2431 1727 2504">
     <span class='ocr_line' id='line_1_24' title="bbox 179 2431 1727 2504; baseline 0.001 -21"><span class='ocrx_word' id='word_1_157' title='bbox 179 2431 371 2486; x_wconf 83' lang='lat' dir='ltr'><strong>Damam</strong></span> <span class='ocrx_word' id='word_1_158' title='bbox 401 2435 723 2504; x_wconf 90' lang='lat' dir='ltr'><strong>episcopum</strong></span> <span class='ocrx_word' id='word_1_159' title='bbox 753 2449 939 2496; x_wconf 91' lang='lat' dir='ltr'><strong>suum,</strong></span> <span class='ocrx_word' id='word_1_160' title='bbox 969 2442 1024 2488; x_wconf 91' lang='lat' dir='ltr'><strong>et</strong></span> <span class='ocrx_word' id='word_1_161' title='bbox 1072 2431 1328 2498; x_wconf 90' lang='lat' dir='ltr'><strong>Bassum,</strong></span> <span class='ocrx_word' id='word_1_162' title='bbox 1362 2440 1529 2502; x_wconf 90' lang='lat' dir='ltr'><strong>atque</strong></span> <span class='ocrx_word' id='word_1_163' title='bbox 1559 2432 1727 2501; x_wconf 89' lang='lat' dir='ltr'><strong>Apol-</strong></span> 
     </span>
    </p>
   </div>
   <div class='ocr_carea' id='block_1_25' title="bbox 179 2525 1722 2598">
    <p class='ocr_par' dir='ltr' id='par_1_25' title="bbox 179 2525 1722 2598">
     <span class='ocr_line' id='line_1_25' title="bbox 179 2525 1722 2598; baseline 0.001 -22"><span class='ocrx_word' id='word_1_164' title='bbox 179 2525 352 2579; x_wconf 86' lang='lat' dir='ltr'><strong>ionium</strong></span> <span class='ocrx_word' id='word_1_165' title='bbox 389 2529 762 2598; x_wconf 79' lang='lat' dir='ltr'><strong>presbyteros,</strong></span> <span class='ocrx_word' id='word_1_166' title='bbox 790 2543 854 2582; x_wconf 90' lang='lat' dir='ltr'><strong>ac</strong></span> <span class='ocrx_word' id='word_1_167' title='bbox 885 2526 1143 2581; x_wconf 90' lang='lat' dir='ltr'><strong>Solonem</strong></span> <span class='ocrx_word' id='word_1_168' title='bbox 1175 2525 1469 2580; x_wconf 89' lang='lat' dir='ltr'><strong>diaconum</strong></span> <span class='ocrx_word' id='word_1_169' title='bbox 1502 2525 1568 2579; x_wconf 91' lang='lat' dir='ltr'><strong>ad</strong></span> <span class='ocrx_word' id='word_1_170' title='bbox 1597 2541 1722 2578; x_wconf 91' lang='lat' dir='ltr'><strong>cum</strong></span> 
     </span>
    </p>
   </div>
   <div class='ocr_carea' id='block_1_26' title="bbox 177 2618 1720 2691">
    <p class='ocr_par' dir='ltr' id='par_1_26' title="bbox 177 2618 1720 2691">
     <span class='ocr_line' id='line_1_26' title="bbox 177 2618 1720 2691; baseline 0.001 -20"><span class='ocrx_word' id='word_1_171' title='bbox 177 2621 433 2675; x_wconf 79' lang='lat' dir='ltr'><strong>direxerat.</strong></span> <span class='ocrx_word' id='word_1_172' title='bbox 462 2620 525 2675; x_wconf 79' lang='lat' dir='ltr'><strong>lli</strong></span> <span class='ocrx_word' id='word_1_173' title='bbox 563 2633 852 2691; x_wconf 84' lang='lat' dir='ltr'><strong>postquam</strong></span> <span class='ocrx_word' id='word_1_174' title='bbox 887 2619 1156 2691; x_wconf 87' lang='lat' dir='ltr'><strong>lgnatium</strong></span> <span class='ocrx_word' id='word_1_175' title='bbox 1206 2618 1274 2674; x_wconf 91' lang='lat' dir='ltr'><strong>de</strong></span> <span class='ocrx_word' id='word_1_176' title='bbox 1299 2618 1442 2673; x_wconf 88' lang='lat' dir='ltr'><strong>felici</strong></span> <span class='ocrx_word' id='word_1_177' title='bbox 1476 2618 1720 2688; x_wconf 89' lang='lat' dir='ltr'><strong>ejusdem</strong></span> 
     </span>
    </p>
   </div>
   <div class='ocr_carea' id='block_1_27' title="bbox 178 2706 1724 2777">
    <p class='ocr_par' dir='ltr' id='par_1_27' title="bbox 178 2706 1724 2777">
     <span class='ocr_line' id='line_1_27' title="bbox 178 2706 1724 2777; baseline -0.001 -13"><span class='ocrx_word' id='word_1_178' title='bbox 178 2709 402 2766; x_wconf 76' lang='lat' dir='ltr'><strong>Ecclesiae</strong></span> <span class='ocrx_word' id='word_1_179' title='bbox 437 2721 582 2766; x_wconf 84' lang='lat' dir='ltr'><strong>statu</strong></span> <span class='ocrx_word' id='word_1_180' title='bbox 629 2711 918 2766; x_wconf 90' lang='lat' dir='ltr'><strong>certiorem</strong></span> <span class='ocrx_word' id='word_1_181' title='bbox 959 2709 1240 2777; x_wconf 80' lang='lat' dir='ltr'><strong>fecissent,</strong></span> <span class='ocrx_word' id='word_1_182' title='bbox 1266 2710 1333 2765; x_wconf 88' lang='lat' dir='ltr'><strong>ad</strong></span> <span class='ocrx_word' id='word_1_183' title='bbox 1356 2725 1476 2764; x_wconf 90' lang='lat' dir='ltr'><strong>eam</strong></span> <span class='ocrx_word' id='word_1_184' title='bbox 1536 2706 1724 2764; x_wconf 89' lang='lat' dir='ltr'><strong>confe-</strong></span> 
     </span>
    </p>
   </div>
   <div class='ocr_carea' id='block_1_28' title="bbox 177 2797 1723 2873">
    <p class='ocr_par' dir='ltr' id='par_1_28' title="bbox 177 2797 1723 2873">
     <span class='ocr_line' id='line_1_28' title="bbox 177 2797 1723 2873; baseline 0.004 -24"><span class='ocrx_word' id='word_1_185' title='bbox 177 2800 275 2852; x_wconf 67' lang='lat' dir='ltr'><strong>stim</strong></span> <span class='ocrx_word' id='word_1_186' title='bbox 290 2797 527 2857; x_wconf 89' lang='lat' dir='ltr'><strong>hancille</strong></span> <span class='ocrx_word' id='word_1_187' title='bbox 556 2802 806 2858; x_wconf 79' lang='lat' dir='ltr'><strong>exaravit</strong></span> <span class='ocrx_word' id='word_1_188' title='bbox 832 2802 1146 2873; x_wconf 87' lang='lat' dir='ltr'><strong>epistolam,</strong></span> <span class='ocrx_word' id='word_1_189' title='bbox 1181 2803 1234 2856; x_wconf 92' lang='lat' dir='ltr'><strong>in</strong></span> <span class='ocrx_word' id='word_1_190' title='bbox 1261 2818 1368 2872; x_wconf 90' lang='lat' dir='ltr'><strong>qua</strong></span> <span class='ocrx_word' id='word_1_191' title='bbox 1395 2801 1461 2856; x_wconf 93' lang='lat' dir='ltr'><strong>de</strong></span> <span class='ocrx_word' id='word_1_192' title='bbox 1484 2817 1543 2856; x_wconf 89' lang='lat' dir='ltr'><strong>se</strong></span> <span class='ocrx_word' id='word_1_193' title='bbox 1571 2817 1723 2856; x_wconf 90' lang='lat' dir='ltr'><strong>sum-</strong></span> 
     </span>
    </p>
   </div>
   <div class='ocr_carea' id='block_1_29' title="bbox 174 2892 1724 2965">
    <p class='ocr_par' dir='ltr' id='par_1_29' title="bbox 174 2892 1724 2965">
     <span class='ocr_line' id='line_1_29' title="bbox 174 2892 1724 2965; baseline 0 -21"><span class='ocrx_word' id='word_1_194' title='bbox 174 2907 244 2945; x_wconf 90' lang='lat' dir='ltr'><strong>ma</strong></span> <span class='ocrx_word' id='word_1_195' title='bbox 264 2907 377 2946; x_wconf 91' lang='lat' dir='ltr'><strong>cum</strong></span> <span class='ocrx_word' id='word_1_196' title='bbox 406 2894 744 2950; x_wconf 90' lang='lat' dir='ltr'><strong>demissione</strong></span> <span class='ocrx_word' id='word_1_197' title='bbox 771 2895 1009 2959; x_wconf 90' lang='lat' dir='ltr'><strong>locutus,</strong></span> <span class='ocrx_word' id='word_1_198' title='bbox 1034 2893 1512 2965; x_wconf 86' lang='lat' dir='ltr'><strong>Magnesianorum</strong></span> <span class='ocrx_word' id='word_1_199' title='bbox 1539 2892 1724 2946; x_wconf 89' lang='lat' dir='ltr'><strong>chari—</strong></span> 
     </span>
    </p>
   </div>
   <div class='ocr_carea' id='block_1_30' title="bbox 175 2982 1722 3055">
    <p class='ocr_par' dir='ltr' id='par_1_30' title="bbox 175 2982 1722 3055">
     <span class='ocr_line' id='line_1_30' title="bbox 175 2982 1722 3055; baseline 0.001 -19"><span class='ocrx_word' id='word_1_200' title='bbox 175 2994 331 3049; x_wconf 83' lang='lat' dir='ltr'><strong>tatem,</strong></span> <span class='ocrx_word' id='word_1_201' title='bbox 361 2986 714 3042; x_wconf 90' lang='lat' dir='ltr'><strong>concordiam</strong></span> <span class='ocrx_word' id='word_1_202' title='bbox 751 2995 1085 3055; x_wconf 68' lang='lat' dir='ltr'><strong>cmterasque</strong></span> <span class='ocrx_word' id='word_1_203' title='bbox 1120 2984 1351 3039; x_wconf 83' lang='lat' dir='ltr'><strong>virtutes</strong></span> <span class='ocrx_word' id='word_1_204' title='bbox 1375 2982 1722 3038; x_wconf 90' lang='lat' dir='ltr'><strong>Christianas</strong></span> 
     </span>
    </p>
   </div>
   <div class='ocr_carea' id='block_1_31' title="bbox 175 3076 1720 3148">
    <p class='ocr_par' dir='ltr' id='par_1_31' title="bbox 175 3076 1720 3148">
     <span class='ocr_line' id='line_1_31' title="bbox 175 3076 1720 3148; baseline 0.003 -22"><span class='ocrx_word' id='word_1_205' title='bbox 175 3091 356 3131; x_wconf 79' lang='lat' dir='ltr'><strong>summe</strong></span> <span class='ocrx_word' id='word_1_206' title='bbox 378 3077 755 3132; x_wconf 86' lang='lat' dir='ltr'><strong>commendat.</strong></span> <span class='ocrx_word' id='word_1_207' title='bbox 789 3077 922 3132; x_wconf 87' lang='lat' dir='ltr'><strong>Eam</strong></span> <span class='ocrx_word' id='word_1_208' title='bbox 971 3091 1193 3148; x_wconf 87' lang='lat' dir='ltr'><strong>quoque</strong></span> <span class='ocrx_word' id='word_1_209' title='bbox 1222 3076 1293 3130; x_wconf 94' lang='lat' dir='ltr'><strong>ob</strong></span> <span class='ocrx_word' id='word_1_210' title='bbox 1317 3091 1561 3141; x_wconf 85' lang='lat' dir='ltr'><strong>causam,</strong></span> <span class='ocrx_word' id='word_1_211' title='bbox 1594 3076 1720 3130; x_wconf 83' lang='lat' dir='ltr'><strong>bre-</strong></span> 
     </span>
    </p>
   </div>
   <div class='ocr_carea' id='block_1_32' title="bbox 174 3169 1718 3240">
    <p class='ocr_par' dir='ltr' id='par_1_32' title="bbox 174 3169 1718 3240">
     <span class='ocr_line' id='line_1_32' title="bbox 174 3169 1718 3240; baseline 0 -18"><span class='ocrx_word' id='word_1_212' title='bbox 174 3170 346 3224; x_wconf 76' lang='lat' dir='ltr'><strong>viorem</strong></span> <span class='ocrx_word' id='word_1_213' title='bbox 376 3187 433 3226; x_wconf 90' lang='lat' dir='ltr'><strong>se</strong></span> <span class='ocrx_word' id='word_1_214' title='bbox 455 3170 658 3226; x_wconf 80' lang='lat' dir='ltr'><strong>fecisse</strong></span> <span class='ocrx_word' id='word_1_215' title='bbox 687 3171 975 3240; x_wconf 91' lang='lat' dir='ltr'><strong>epistolam</strong></span> <span class='ocrx_word' id='word_1_216' title='bbox 1005 3177 1265 3236; x_wconf 89' lang='lat' dir='ltr'><strong>testatur;</strong></span> <span class='ocrx_word' id='word_1_217' title='bbox 1291 3170 1435 3240; x_wconf 92' lang='lat' dir='ltr'><strong>quod</strong></span> <span class='ocrx_word' id='word_1_218' title='bbox 1476 3169 1718 3224; x_wconf 86' lang='lat' dir='ltr'><strong>homini-</strong></span> 
     </span>
    </p>
   </div>
   <div class='ocr_carea' id='block_1_33' title="bbox 173 3260 1724 3334">
    <p class='ocr_par' dir='ltr' id='par_1_33' title="bbox 173 3260 1724 3334">
     <span class='ocr_line' id='line_1_33' title="bbox 173 3260 1724 3334; baseline 0.004 -23"><span class='ocrx_word' id='word_1_219' title='bbox 173 3260 274 3327; x_wconf 86' lang='lat' dir='ltr'><strong>bus,</strong></span> <span class='ocrx_word' id='word_1_220' title='bbox 296 3270 369 3316; x_wconf 89' lang='lat' dir='ltr'><strong>tot</strong></span> <span class='ocrx_word' id='word_1_221' title='bbox 389 3263 669 3334; x_wconf 87' lang='lat' dir='ltr'><strong>tantisque</strong></span> <span class='ocrx_word' id='word_1_222' title='bbox 715 3262 1012 3316; x_wconf 85' lang='lat' dir='ltr'><strong>virtutibus</strong></span> <span class='ocrx_word' id='word_1_223' title='bbox 1042 3271 1097 3316; x_wconf 93' lang='lat' dir='ltr'><strong>et</strong></span> <span class='ocrx_word' id='word_1_224' title='bbox 1123 3261 1488 3316; x_wconf 89' lang='lat' dir='ltr'><strong>sanctimonia</strong></span> <span class='ocrx_word' id='word_1_225' title='bbox 1527 3262 1724 3331; x_wconf 67' lang='lat' dir='ltr'><strong>praedi-</strong></span> 
     </span>
    </p>
   </div>
   <div class='ocr_carea' id='block_1_34' title="bbox 175 3351 1722 3426">
    <p class='ocr_par' dir='ltr' id='par_1_34' title="bbox 175 3351 1722 3426">
     <span class='ocr_line' id='line_1_34' title="bbox 175 3351 1722 3426; baseline 0.005 -22"><span class='ocrx_word' id='word_1_226' title='bbox 175 3351 243 3412; x_wconf 80' lang='lat' dir='ltr'><strong>tis.</strong></span> <span class='ocrx_word' id='word_1_227' title='bbox 271 3354 621 3421; x_wconf 80' lang='lat' dir='ltr'><strong>prolixiorem</strong></span> <span class='ocrx_word' id='word_1_228' title='bbox 655 3355 897 3411; x_wconf 89' lang='lat' dir='ltr'><strong>scribere</strong></span> <span class='ocrx_word' id='word_1_229' title='bbox 918 3371 1056 3426; x_wconf 92' lang='lat' dir='ltr'><strong>opus</strong></span> <span class='ocrx_word' id='word_1_230' title='bbox 1093 3371 1200 3410; x_wconf 91' lang='lat' dir='ltr'><strong>non</strong></span> <span class='ocrx_word' id='word_1_231' title='bbox 1220 3365 1358 3410; x_wconf 91' lang='lat' dir='ltr'><strong>erat.</strong></span> <span class='ocrx_word' id='word_1_232' title='bbox 1396 3355 1506 3411; x_wconf 90' lang='lat' dir='ltr'><strong>Illis</strong></span> <span class='ocrx_word' id='word_1_233' title='bbox 1538 3356 1722 3426; x_wconf 90' lang='lat' dir='ltr'><strong>itaque</strong></span> 
     </span>
    </p>
   </div>
   <div class='ocr_carea' id='block_1_35' title="bbox 172 3442 1720 3520">
    <p class='ocr_par' dir='ltr' id='par_1_35' title="bbox 172 3442 1720 3520">
     <span class='ocr_line' id='line_1_35' title="bbox 172 3442 1720 3520; baseline 0.006 -26"><span class='ocrx_word' id='word_1_234' title='bbox 172 3442 419 3514; x_wconf 75' lang='lat' dir='ltr'><strong>duntaxat,</strong></span> <span class='ocrx_word' id='word_1_235' title='bbox 464 3458 524 3502; x_wconf 93' lang='lat' dir='ltr'><strong>ut</strong></span> <span class='ocrx_word' id='word_1_236' title='bbox 555 3448 1002 3520; x_wconf 81' lang='lat' dir='ltr'><strong>presbyterorum</strong></span> <span class='ocrx_word' id='word_1_237' title='bbox 1065 3450 1259 3516; x_wconf 88' lang='lat' dir='ltr'><strong>instar,</strong></span> <span class='ocrx_word' id='word_1_238' title='bbox 1302 3450 1354 3502; x_wconf 93' lang='lat' dir='ltr'><strong>in</strong></span> <span class='ocrx_word' id='word_1_239' title='bbox 1388 3449 1568 3509; x_wconf 84' lang='lat' dir='ltr'><strong>debita</strong></span> <span class='ocrx_word' id='word_1_240' title='bbox 1597 3465 1720 3510; x_wconf 90' lang='lat' dir='ltr'><strong>suo.</strong></span> 
     </span>
    </p>
   </div>
   <div class='ocr_carea' id='block_1_36' title="bbox 174 3531 1723 3606">
    <p class='ocr_par' dir='ltr' id='par_1_36' title="bbox 174 3531 1723 3606">
     <span class='ocr_line' id='line_1_36' title="bbox 174 3531 1723 3606; baseline 0.005 -21"><span class='ocrx_word' id='word_1_241' title='bbox 174 3531 489 3605; x_wconf 89' lang='lat' dir='ltr'><strong>licetjuniori</strong></span> <span class='ocrx_word' id='word_1_242' title='bbox 519 3579 534 3601; x_wconf 91' lang='lat'><strong>,</strong></span> <span class='ocrx_word' id='word_1_243' title='bbox 582 3537 843 3606; x_wconf 89' lang='lat' dir='ltr'><strong>episcopo</strong></span> <span class='ocrx_word' id='word_1_244' title='bbox 895 3538 1234 3605; x_wconf 90' lang='lat' dir='ltr'><strong>obedientia,</strong></span> <span class='ocrx_word' id='word_1_245' title='bbox 1292 3540 1596 3593; x_wconf 87' lang='lat' dir='ltr'><strong>reverentia</strong></span> <span class='ocrx_word' id='word_1_246' title='bbox 1628 3539 1723 3592; x_wconf 89' lang='lat' dir='ltr'><strong>ad-</strong></span> 
     </span>
    </p>
   </div>
   <div class='ocr_carea' id='block_1_37' title="bbox 174 3629 1722 3700">
    <p class='ocr_par' dir='ltr' id='par_1_37' title="bbox 174 3629 1722 3700">
     <span class='ocr_line' id='line_1_37' title="bbox 174 3629 1722 3700; baseline 0.006 -23"><span class='ocrx_word' id='word_1_247' title='bbox 174 3640 330 3682; x_wconf 74' lang='lat' dir='ltr'><strong>versus</strong></span> <span class='ocrx_word' id='word_1_248' title='bbox 359 3629 710 3700; x_wconf 78' lang='lat' dir='ltr'><strong>presbyteros</strong></span> <span class='ocrx_word' id='word_1_249' title='bbox 743 3638 796 3683; x_wconf 93' lang='lat' dir='ltr'><strong>et</strong></span> <span class='ocrx_word' id='word_1_250' title='bbox 821 3629 1084 3685; x_wconf 89' lang='lat' dir='ltr'><strong>diaconos</strong></span> <span class='ocrx_word' id='word_1_251' title='bbox 1114 3631 1419 3685; x_wconf 78' lang='lat' dir='ltr'><strong>exhibenda</strong></span> <span class='ocrx_word' id='word_1_252' title='bbox 1443 3677 1457 3698; x_wconf 90' lang='lat'><strong>,</strong></span> <span class='ocrx_word' id='word_1_253' title='bbox 1504 3642 1722 3686; x_wconf 91' lang='lat' dir='ltr'><strong>mutua-</strong></span> 
     </span>
    </p>
   </div>
   <div class='ocr_carea' id='block_1_38' title="bbox 172 3719 1722 3794">
    <p class='ocr_par' dir='ltr' id='par_1_38' title="bbox 172 3719 1722 3794">
     <span class='ocr_line' id='line_1_38' title="bbox 172 3719 1722 3794; baseline 0.005 -22"><span class='ocrx_word' id='word_1_254' title='bbox 172 3732 256 3786; x_wconf 84' lang='lat' dir='ltr'><strong>que</strong></span> <span class='ocrx_word' id='word_1_255' title='bbox 283 3719 416 3775; x_wconf 87' lang='lat' dir='ltr'><strong>inter</strong></span> <span class='ocrx_word' id='word_1_256' title='bbox 466 3737 525 3776; x_wconf 92' lang='lat' dir='ltr'><strong>se</strong></span> <span class='ocrx_word' id='word_1_257' title='bbox 560 3737 697 3792; x_wconf 89' lang='lat' dir='ltr'><strong>pace</strong></span> <span class='ocrx_word' id='word_1_258' title='bbox 740 3730 796 3776; x_wconf 92' lang='lat' dir='ltr'><strong>et</strong></span> <span class='ocrx_word' id='word_1_259' title='bbox 845 3723 1140 3778; x_wconf 89' lang='lat' dir='ltr'><strong>concordia</strong></span> <span class='ocrx_word' id='word_1_260' title='bbox 1186 3725 1454 3780; x_wconf 88' lang='lat' dir='ltr'><strong>servanda</strong></span> <span class='ocrx_word' id='word_1_261' title='bbox 1509 3741 1722 3794; x_wconf 92' lang='lat' dir='ltr'><strong>semper</strong></span> 
     </span>
    </p>
   </div>
   <div class='ocr_carea' id='block_1_39' title="bbox 172 3813 1721 3889">
    <p class='ocr_par' dir='ltr' id='par_1_39' title="bbox 172 3813 1721 3889">
     <span class='ocr_line' id='line_1_39' title="bbox 172 3813 1721 3889; baseline 0.006 -25"><span class='ocrx_word' id='word_1_262' title='bbox 172 3823 501 3880; x_wconf 85' lang='lat' dir='ltr'><strong>perseverent,</strong></span> <span class='ocrx_word' id='word_1_263' title='bbox 523 3815 874 3870; x_wconf 86' lang='lat' dir='ltr'><strong>adhortatur.</strong></span> <span class='ocrx_word' id='word_1_264' title='bbox 892 3813 1059 3870; x_wconf 89' lang='lat' dir='ltr'><strong>Docet</strong></span> <span class='ocrx_word' id='word_1_265' title='bbox 1083 3817 1280 3873; x_wconf 90' lang='lat' dir='ltr'><strong>deinde</strong></span> <span class='ocrx_word' id='word_1_266' title='bbox 1296 3833 1488 3872; x_wconf 87' lang='lat' dir='ltr'><strong>omnes</strong></span> <span class='ocrx_word' id='word_1_267' title='bbox 1516 3817 1721 3889; x_wconf 80' lang='lat' dir='ltr'><strong>Moysis</strong></span> 
     </span>
    </p>
   </div>
   <div class='ocr_carea' id='block_1_40' title="bbox 175 3902 1718 3980">
    <p class='ocr_par' dir='ltr' id='par_1_40' title="bbox 175 3902 1718 3980">
     <span class='ocr_line' id='line_1_40' title="bbox 175 3902 1718 3980; baseline 0.006 -25"><span class='ocrx_word' id='word_1_268' title='bbox 175 3902 265 3972; x_wconf 73' lang='lat' dir='ltr'><strong>iege</strong></span> <span class='ocrx_word' id='word_1_269' title='bbox 290 3906 512 3972; x_wconf 88' lang='lat' dir='ltr'><strong>solutos,</strong></span> <span class='ocrx_word' id='word_1_270' title='bbox 569 3908 689 3964; x_wconf 88' lang='lat' dir='ltr'><strong>sola</strong></span> <span class='ocrx_word' id='word_1_271' title='bbox 716 3907 921 3964; x_wconf 88' lang='lat' dir='ltr'><strong>Christi</strong></span> <span class='ocrx_word' id='word_1_272' title='bbox 979 3907 1289 3966; x_wconf 88' lang='lat' dir='ltr'><strong>Servatoris</strong></span> <span class='ocrx_word' id='word_1_273' title='bbox 1341 3911 1457 3980; x_wconf 88' lang='lat' dir='ltr'><strong>lege</strong></span> <span class='ocrx_word' id='word_1_274' title='bbox 1511 3911 1718 3978; x_wconf 89' lang='lat' dir='ltr'><strong>teneri;</strong></span> 
     </span>
    </p>
   </div>
   <div class='ocr_carea' id='block_1_41' title="bbox 172 4001 1720 4066">
    <p class='ocr_par' dir='ltr' id='par_1_41' title="bbox 172 4001 1720 4066">
     <span class='ocr_line' id='line_1_41' title="bbox 172 4001 1720 4066; baseline 0.008 -18"><span class='ocrx_word' id='word_1_275' title='bbox 172 4012 304 4062; x_wconf 81' lang='lat' dir='ltr'><strong>quem</strong></span> <span class='ocrx_word' id='word_1_276' title='bbox 324 4015 444 4054; x_wconf 84' lang='lat' dir='ltr'><strong>vere</strong></span> <span class='ocrx_word' id='word_1_277' title='bbox 474 4008 760 4055; x_wconf 90' lang='lat' dir='ltr'><strong>mortuum</strong></span> <span class='ocrx_word' id='word_1_278' title='bbox 784 4041 798 4066; x_wconf 93' lang='lat'><strong>,</strong></span> <span class='ocrx_word' id='word_1_279' title='bbox 823 4010 877 4054; x_wconf 92' lang='lat' dir='ltr'><strong>et</strong></span> <span class='ocrx_word' id='word_1_280' title='bbox 917 4017 946 4054; x_wconf 90' lang='lat' dir='ltr'><strong>a</strong></span> <span class='ocrx_word' id='word_1_281' title='bbox 974 4001 1208 4057; x_wconf 90' lang='lat' dir='ltr'><strong>mortuis</strong></span> <span class='ocrx_word' id='word_1_282' title='bbox 1239 4003 1564 4057; x_wconf 84' lang='lat' dir='ltr'><strong>suscitatam</strong></span> <span class='ocrx_word' id='word_1_283' title='bbox 1598 4019 1720 4060; x_wconf 88' lang='lat' dir='ltr'><strong>esse</strong></span> 
     </span>
    </p>
   </div>
   <div class='ocr_carea' id='block_1_42' title="bbox 172 4082 1720 4164">
    <p class='ocr_par' dir='ltr' id='par_1_42' title="bbox 172 4082 1720 4164">
     <span class='ocr_line' id='line_1_42' title="bbox 172 4082 1720 4164; baseline 0.008 -27"><span class='ocrx_word' id='word_1_284' title='bbox 172 4082 488 4142; x_wconf 80' lang='lat' dir='ltr'><strong>demonstrat.</strong></span> <span class='ocrx_word' id='word_1_285' title='bbox 554 4087 716 4154; x_wconf 87' lang='lat' dir='ltr'><strong>Quod</strong></span> <span class='ocrx_word' id='word_1_286' title='bbox 761 4090 980 4159; x_wconf 86' lang='lat' dir='ltr'><strong>quidem</strong></span> <span class='ocrx_word' id='word_1_287' title='bbox 1042 4107 1149 4146; x_wconf 91' lang='lat' dir='ltr'><strong>non</strong></span> <span class='ocrx_word' id='word_1_288' title='bbox 1204 4093 1326 4147; x_wconf 89' lang='lat' dir='ltr'><strong>ideo</strong></span> <span class='ocrx_word' id='word_1_289' title='bbox 1382 4095 1720 4164; x_wconf 81' lang='lat' dir='ltr'><strong>argumentis</strong></span> 
     </span>
    </p>
   </div>
   <div class='ocr_carea' id='block_1_43' title="bbox 173 4176 1718 4256">
    <p class='ocr_par' dir='ltr' id='par_1_43' title="bbox 173 4176 1718 4256">
     <span class='ocr_line' id='line_1_43' title="bbox 173 4176 1718 4256; baseline 0.008 -27"><span class='ocrx_word' id='word_1_290' title='bbox 173 4176 472 4241; x_wconf 68' lang='lat' dir='ltr'><strong>probandum</strong></span> <span class='ocrx_word' id='word_1_291' title='bbox 502 4196 565 4236; x_wconf 91' lang='lat' dir='ltr'><strong>se</strong></span> <span class='ocrx_word' id='word_1_292' title='bbox 612 4183 919 4252; x_wconf 88' lang='lat' dir='ltr'><strong>suscepisse</strong></span> <span class='ocrx_word' id='word_1_293' title='bbox 949 4184 1102 4249; x_wconf 88' lang='lat' dir='ltr'><strong>dicit,</strong></span> <span class='ocrx_word' id='word_1_294' title='bbox 1144 4185 1289 4254; x_wconf 88' lang='lat' dir='ltr'><strong>quod</strong></span> <span class='ocrx_word' id='word_1_295' title='bbox 1330 4202 1520 4241; x_wconf 91' lang='lat' dir='ltr'><strong>eorum</strong></span> <span class='ocrx_word' id='word_1_296' title='bbox 1549 4187 1718 4256; x_wconf 91' lang='lat' dir='ltr'><strong>aliqui</strong></span> 
     </span>
    </p>
   </div>
   <div class='ocr_carea' id='block_1_44' title="bbox 176 4265 1719 4340">
    <p class='ocr_par' dir='ltr' id='par_1_44' title="bbox 176 4265 1719 4340">
     <span class='ocr_line' id='line_1_44' title="bbox 176 4265 1719 4340; baseline 0.014 -26"><span class='ocrx_word' id='word_1_297' title='bbox 176 4265 280 4320; x_wconf 87' lang='lat' dir='ltr'><strong>illud</strong></span> <span class='ocrx_word' id='word_1_298' title='bbox 319 4286 419 4324; x_wconf 86' lang='lat' dir='ltr'><strong>non</strong></span> <span class='ocrx_word' id='word_1_299' title='bbox 467 4273 795 4340; x_wconf 86' lang='lat' dir='ltr'><strong>crederent;</strong></span> <span class='ocrx_word' id='word_1_300' title='bbox 855 4275 948 4329; x_wconf 91' lang='lat' dir='ltr'><strong>sed</strong></span> <span class='ocrx_word' id='word_1_301' title='bbox 986 4286 1045 4330; x_wconf 90' lang='lat' dir='ltr'><strong>ut</strong></span> <span class='ocrx_word' id='word_1_302' title='bbox 1079 4291 1175 4331; x_wconf 91' lang='lat' dir='ltr'><strong>eos</strong></span> <span class='ocrx_word' id='word_1_303' title='bbox 1214 4291 1404 4332; x_wconf 90' lang='lat' dir='ltr'><strong>omnes</strong></span> <span class='ocrx_word' id='word_1_304' title='bbox 1453 4279 1719 4336; x_wconf 87' lang='lat' dir='ltr'><strong>adversus</strong></span> 
     </span>
    </p>
   </div>
   <div class='ocr_carea' id='block_1_45' title="bbox 176 4364 1718 4441">
    <p class='ocr_par' dir='ltr' id='par_1_45' title="bbox 176 4364 1718 4441">
     <span class='ocr_line' id='line_1_45' title="bbox 176 4364 1718 4441; baseline 0.011 -32"><span class='ocrx_word' id='word_1_305' title='bbox 176 4364 494 4424; x_wconf 87' lang='lat' dir='ltr'><strong>quorumdam</strong></span> <span class='ocrx_word' id='word_1_306' title='bbox 543 4381 785 4432; x_wconf 87' lang='lat' dir='ltr'><strong>errores,</strong></span> <span class='ocrx_word' id='word_1_307' title='bbox 812 4367 905 4436; x_wconf 88' lang='lat' dir='ltr'><strong>qui</strong></span> <span class='ocrx_word' id='word_1_308' title='bbox 943 4368 994 4422; x_wconf 92' lang='lat' dir='ltr'><strong>id</strong></span> <span class='ocrx_word' id='word_1_309' title='bbox 1033 4368 1199 4438; x_wconf 91' lang='lat' dir='ltr'><strong>impie</strong></span> <span class='ocrx_word' id='word_1_310' title='bbox 1247 4371 1537 4439; x_wconf 86' lang='lat' dir='ltr'><strong>negabant,</strong></span> <span class='ocrx_word' id='word_1_311' title='bbox 1581 4387 1718 4441; x_wconf 67' lang='lat' dir='ltr'><strong>pree-</strong></span> 
     </span>
    </p>
   </div>
   <div class='ocr_carea' id='block_1_46' title="bbox 177 4451 1716 4529">
    <p class='ocr_par' dir='ltr' id='par_1_46' title="bbox 177 4451 1716 4529">
     <span class='ocr_line' id='line_1_46' title="bbox 177 4451 1716 4529; baseline 0.012 -31"><span class='ocrx_word' id='word_1_312' title='bbox 177 4451 375 4507; x_wconf 87' lang='lat' dir='ltr'><strong>muniret</strong></span> <span class='ocrx_word' id='word_1_313' title='bbox 399 4470 461 4509; x_wconf 88' lang='lat' dir='ltr'><strong>ac</strong></span> <span class='ocrx_word' id='word_1_314' title='bbox 491 4465 763 4513; x_wconf 88' lang='lat' dir='ltr'><strong>tueretur.</strong></span> <span class='ocrx_word' id='word_1_315' title='bbox 801 4457 876 4512; x_wconf 86' lang='lat' dir='ltr'><strong>Ea</strong></span> <span class='ocrx_word' id='word_1_316' title='bbox 925 4471 1150 4529; x_wconf 89' lang='lat' dir='ltr'><strong>propter</strong></span> <span class='ocrx_word' id='word_1_317' title='bbox 1182 4460 1302 4514; x_wconf 90' lang='lat' dir='ltr'><strong>illos</strong></span> <span class='ocrx_word' id='word_1_318' title='bbox 1335 4473 1392 4514; x_wconf 87' lang='lat' dir='ltr'><strong>ut</strong></span> <span class='ocrx_word' id='word_1_319' title='bbox 1418 4463 1471 4516; x_wconf 92' lang='lat' dir='ltr'><strong>in</strong></span> <span class='ocrx_word' id='word_1_320' title='bbox 1501 4461 1716 4518; x_wconf 89' lang='lat' dir='ltr'><strong>Domini</strong></span> 
     </span>
    </p>
   </div>
   <div class='ocr_carea' id='block_1_47' title="bbox 1835 590 3412 660">
    <p class='ocr_par' dir='ltr' id='par_1_47' title="bbox 1835 590 3412 660">
     <span class='ocr_line' id='line_1_47' title="bbox 1835 590 3412 660; baseline -0.004 -15"><span class='ocrx_word' id='word_1_321' title='bbox 1835 593 1974 646; x_wconf 88' lang='lat' dir='ltr'><strong>mias</strong></span> <span class='ocrx_word' id='word_1_322' title='bbox 2009 590 2374 660; x_wconf 90' lang='lat' dir='ltr'><strong>quorumdam</strong></span> <span class='ocrx_word' id='word_1_323' title='bbox 2410 590 2629 654; x_wconf 89' lang='lat' dir='ltr'><strong>laudes;</strong></span> <span class='ocrx_word' id='word_1_324' title='bbox 2679 604 2878 659; x_wconf 84' lang='lat' dir='ltr'><strong>negare</strong></span> <span class='ocrx_word' id='word_1_325' title='bbox 2898 597 3077 642; x_wconf 90' lang='lat' dir='ltr'><strong>tamen</strong></span> <span class='ocrx_word' id='word_1_326' title='bbox 3112 602 3218 640; x_wconf 94' lang='lat' dir='ltr'><strong>non</strong></span> <span class='ocrx_word' id='word_1_327' title='bbox 3251 600 3412 651; x_wconf 87' lang='lat' dir='ltr'><strong>posse</strong></span> 
     </span>
    </p>
   </div>
   <div class='ocr_carea' id='block_1_48' title="bbox 1835 678 3407 754">
    <p class='ocr_par' dir='ltr' id='par_1_48' title="bbox 1835 678 3407 754">
     <span class='ocr_line' id='line_1_48' title="bbox 1835 678 3407 754; baseline -0.006 -15"><span class='ocrx_word' id='word_1_328' title='bbox 1835 684 2200 754; x_wconf 80' lang='lat' dir='ltr'><strong>cognitionem</strong></span> <span class='ocrx_word' id='word_1_329' title='bbox 2230 683 2625 754; x_wconf 89' lang='lat' dir='ltr'><strong>scientiamque</strong></span> <span class='ocrx_word' id='word_1_330' title='bbox 2647 697 2755 736; x_wconf 90' lang='lat' dir='ltr'><strong>non</strong></span> <span class='ocrx_word' id='word_1_331' title='bbox 2782 682 3059 750; x_wconf 87' lang='lat' dir='ltr'><strong>vulgarem</strong></span> <span class='ocrx_word' id='word_1_332' title='bbox 3085 678 3407 742; x_wconf 86' lang='lat' dir='ltr'><strong>divinitatis,</strong></span> 
     </span>
    </p>
   </div>
   <div class='ocr_carea' id='block_1_49' title="bbox 1835 769 3408 845">
    <p class='ocr_par' dir='ltr' id='par_1_49' title="bbox 1835 769 3408 845">
     <span class='ocr_line' id='line_1_49' title="bbox 1835 769 3408 845; baseline -0.005 -15"><span class='ocrx_word' id='word_1_333' title='bbox 1835 776 2150 845; x_wconf 87' lang='lat' dir='ltr'><strong>angelorum</strong></span> <span class='ocrx_word' id='word_1_334' title='bbox 2188 789 2481 844; x_wconf 86' lang='lat' dir='ltr'><strong>rerumque</strong></span> <span class='ocrx_word' id='word_1_335' title='bbox 2531 773 2858 837; x_wconf 70' lang='lat' dir='ltr'><strong>cmlestium,</strong></span> <span class='ocrx_word' id='word_1_336' title='bbox 2892 787 3057 841; x_wconf 88' lang='lat' dir='ltr'><strong>quam</strong></span> <span class='ocrx_word' id='word_1_337' title='bbox 3089 786 3210 824; x_wconf 91' lang='lat' dir='ltr'><strong>cum</strong></span> <span class='ocrx_word' id='word_1_338' title='bbox 3244 769 3408 837; x_wconf 88' lang='lat' dir='ltr'><strong>ipsis,</strong></span> 
     </span>
    </p>
   </div>
   <div class='ocr_carea' id='block_1_50' title="bbox 1835 861 3408 930">
    <p class='ocr_par' dir='ltr' id='par_1_50' title="bbox 1835 861 3408 930">
     <span class='ocr_line' id='line_1_50' title="bbox 1835 861 3408 930; baseline -0.006 -8"><span class='ocrx_word' id='word_1_339' title='bbox 1835 869 1940 922; x_wconf 89' lang='lat' dir='ltr'><strong>nisi</strong></span> <span class='ocrx_word' id='word_1_340' title='bbox 1963 869 2142 923; x_wconf 91' lang='lat' dir='ltr'><strong>adhuc</strong></span> <span class='ocrx_word' id='word_1_341' title='bbox 2174 876 2359 922; x_wconf 86' lang='lat' dir='ltr'><strong>essent</strong></span> <span class='ocrx_word' id='word_1_342' title='bbox 2407 867 2761 930; x_wconf 72' lang='lat' dir='ltr'><strong>inllrmiores,</strong></span> <span class='ocrx_word' id='word_1_343' title='bbox 2786 866 2932 919; x_wconf 89' lang='lat' dir='ltr'><strong>ultro</strong></span> <span class='ocrx_word' id='word_1_344' title='bbox 2955 861 3408 925; x_wconf 82' lang='lat' dir='ltr'><strong>communicaret,</strong></span> 
     </span>
    </p>
   </div>
   <div class='ocr_carea' id='block_1_51' title="bbox 1835 955 3411 1025">
    <p class='ocr_par' dir='ltr' id='par_1_51' title="bbox 1835 955 3411 1025">
     <span class='ocr_line' id='line_1_51' title="bbox 1835 955 3411 1025; baseline -0.005 -10"><span class='ocrx_word' id='word_1_345' title='bbox 1835 961 1937 1016; x_wconf 90' lang='lat' dir='ltr'><strong>sibi</strong></span> <span class='ocrx_word' id='word_1_346' title='bbox 1963 961 2223 1015; x_wconf 89' lang='lat' dir='ltr'><strong>divinitus</strong></span> <span class='ocrx_word' id='word_1_347' title='bbox 2246 957 2416 1014; x_wconf 87' lang='lat' dir='ltr'><strong>fuisse</strong></span> <span class='ocrx_word' id='word_1_348' title='bbox 2446 955 3188 1011; x_wconf 85' lang='lat' dir='ltr'><strong>concessam.Verumtamen</strong></span> <span class='ocrx_word' id='word_1_349' title='bbox 3217 965 3411 1025; x_wconf 85' lang='lat' dir='ltr'><strong>praeter</strong></span> 
     </span>
    </p>
   </div>
   <div class='ocr_carea' id='block_1_52' title="bbox 1835 1047 3410 1123">
    <p class='ocr_par' dir='ltr' id='par_1_52' title="bbox 1835 1047 3410 1123">
     <span class='ocr_line' id='line_1_52' title="bbox 1835 1047 3410 1123; baseline -0.003 -17"><span class='ocrx_word' id='word_1_350' title='bbox 1835 1052 1935 1107; x_wconf 91' lang='lat' dir='ltr'><strong>has</strong></span> <span class='ocrx_word' id='word_1_351' title='bbox 1979 1051 2340 1123; x_wconf 81' lang='lat' dir='ltr'><strong>cognitiones,</strong></span> <span class='ocrx_word' id='word_1_352' title='bbox 2375 1051 2729 1120; x_wconf 80' lang='lat' dir='ltr'><strong>quantumvis</strong></span> <span class='ocrx_word' id='word_1_353' title='bbox 2774 1049 3058 1111; x_wconf 90' lang='lat' dir='ltr'><strong>sublimes,</strong></span> <span class='ocrx_word' id='word_1_354' title='bbox 3107 1049 3210 1103; x_wconf 92' lang='lat' dir='ltr'><strong>sibi</strong></span> <span class='ocrx_word' id='word_1_355' title='bbox 3274 1047 3410 1101; x_wconf 90' lang='lat' dir='ltr'><strong>alias</strong></span> 
     </span>
    </p>
   </div>
   <div class='ocr_carea' id='block_1_53' title="bbox 1835 1140 3410 1213">
    <p class='ocr_par' dir='ltr' id='par_1_53' title="bbox 1835 1140 3410 1213">
     <span class='ocr_line' id='line_1_53' title="bbox 1835 1140 3410 1213; baseline -0.003 -15"><span class='ocrx_word' id='word_1_356' title='bbox 1835 1143 2006 1198; x_wconf 92' lang='lat' dir='ltr'><strong>multo</strong></span> <span class='ocrx_word' id='word_1_357' title='bbox 2056 1144 2290 1213; x_wconf 85' lang='lat' dir='ltr'><strong>majores</strong></span> <span class='ocrx_word' id='word_1_358' title='bbox 2339 1143 2531 1198; x_wconf 90' lang='lat' dir='ltr'><strong>deesse</strong></span> <span class='ocrx_word' id='word_1_359' title='bbox 2563 1184 2577 1204; x_wconf 83' lang='lat'><strong>,</strong></span> <span class='ocrx_word' id='word_1_360' title='bbox 2640 1158 2739 1196; x_wconf 91' lang='lat' dir='ltr'><strong>nec</strong></span> <span class='ocrx_word' id='word_1_361' title='bbox 2792 1158 2851 1198; x_wconf 90' lang='lat' dir='ltr'><strong>se</strong></span> <span class='ocrx_word' id='word_1_362' title='bbox 2900 1141 3092 1210; x_wconf 86' lang='lat' dir='ltr'><strong>primis</strong></span> <span class='ocrx_word' id='word_1_363' title='bbox 3126 1140 3410 1209; x_wconf 84' lang='lat' dir='ltr'><strong>discipulis</strong></span> 
     </span>
    </p>
   </div>
   <div class='ocr_carea' id='block_1_54' title="bbox 1831 1231 3407 1307">
    <p class='ocr_par' dir='ltr' id='par_1_54' title="bbox 1831 1231 3407 1307">
     <span class='ocr_line' id='line_1_54' title="bbox 1831 1231 3407 1307; baseline -0.003 -17"><span class='ocrx_word' id='word_1_364' title='bbox 1831 1238 2144 1307; x_wconf 83' lang='lat' dir='ltr'><strong>proximum</strong></span> <span class='ocrx_word' id='word_1_365' title='bbox 2170 1236 2472 1300; x_wconf 90' lang='lat' dir='ltr'><strong>numerari,</strong></span> <span class='ocrx_word' id='word_1_366' title='bbox 2508 1236 2650 1289; x_wconf 92' lang='lat' dir='ltr'><strong>ultro</strong></span> <span class='ocrx_word' id='word_1_367' title='bbox 2677 1234 2897 1290; x_wconf 88' lang='lat' dir='ltr'><strong>fatetur.</strong></span> <span class='ocrx_word' id='word_1_368' title='bbox 2930 1233 3060 1288; x_wconf 87' lang='lat' dir='ltr'><strong>Post</strong></span> <span class='ocrx_word' id='word_1_369' title='bbox 3103 1234 3216 1288; x_wconf 72' lang='lat' dir='ltr'><strong>lucc</strong></span> <span class='ocrx_word' id='word_1_370' title='bbox 3249 1231 3407 1286; x_wconf 86' lang='lat' dir='ltr'><strong>Tral-</strong></span> 
     </span>
    </p>
   </div>
   <div class='ocr_carea' id='block_1_55' title="bbox 1832 1325 3406 1396">
    <p class='ocr_par' dir='ltr' id='par_1_55' title="bbox 1832 1325 3406 1396">
     <span class='ocr_line' id='line_1_55' title="bbox 1832 1325 3406 1396; baseline -0.004 -13"><span class='ocrx_word' id='word_1_371' title='bbox 1832 1329 2012 1383; x_wconf 88' lang='lat' dir='ltr'><strong>lenses</strong></span> <span class='ocrx_word' id='word_1_372' title='bbox 2057 1327 2500 1393; x_wconf 89' lang='lat' dir='ltr'><strong>commonefacit,</strong></span> <span class='ocrx_word' id='word_1_373' title='bbox 2535 1328 2603 1381; x_wconf 91' lang='lat' dir='ltr'><strong>ab</strong></span> <span class='ocrx_word' id='word_1_374' title='bbox 2649 1327 2716 1382; x_wconf 87' lang='lat' dir='ltr'><strong>iis</strong></span> <span class='ocrx_word' id='word_1_375' title='bbox 2773 1327 2865 1396; x_wconf 89' lang='lat' dir='ltr'><strong>qui</strong></span> <span class='ocrx_word' id='word_1_376' title='bbox 2896 1326 3175 1380; x_wconf 87' lang='lat' dir='ltr'><strong>Christum</strong></span> <span class='ocrx_word' id='word_1_377' title='bbox 3221 1325 3406 1379; x_wconf 78' lang='lat' dir='ltr'><strong>fictum</strong></span> 
     </span>
    </p>
   </div>
   <div class='ocr_carea' id='block_1_56' title="bbox 1832 1421 3407 1488">
    <p class='ocr_par' dir='ltr' id='par_1_56' title="bbox 1832 1421 3407 1488">
     <span class='ocr_line' id='line_1_56' title="bbox 1832 1421 3407 1488; baseline -0.001 -13"><span class='ocrx_word' id='word_1_378' title='bbox 1832 1421 2134 1488; x_wconf 83' lang='lat' dir='ltr'><strong>hominem,</strong></span> <span class='ocrx_word' id='word_1_379' title='bbox 2170 1421 2426 1477; x_wconf 81' lang='lat' dir='ltr'><strong>simuiate</strong></span> <span class='ocrx_word' id='word_1_380' title='bbox 2453 1432 2730 1476; x_wconf 89' lang='lat' dir='ltr'><strong>mortuum</strong></span> <span class='ocrx_word' id='word_1_381' title='bbox 2769 1430 2823 1475; x_wconf 93' lang='lat' dir='ltr'><strong>et</strong></span> <span class='ocrx_word' id='word_1_382' title='bbox 2861 1421 3256 1474; x_wconf 81' lang='lat' dir='ltr'><strong>exsuscitatum</strong></span> <span class='ocrx_word' id='word_1_383' title='bbox 3309 1436 3407 1474; x_wconf 91' lang='lat' dir='ltr'><strong>au-</strong></span> 
     </span>
    </p>
   </div>
   <div class='ocr_carea' id='block_1_57' title="bbox 1830 1514 3406 1584">
    <p class='ocr_par' dir='ltr' id='par_1_57' title="bbox 1830 1514 3406 1584">
     <span class='ocr_line' id='line_1_57' title="bbox 1830 1514 3406 1584; baseline 0 -15"><span class='ocrx_word' id='word_1_384' title='bbox 1830 1514 2018 1569; x_wconf 90' lang='lat' dir='ltr'><strong>dacter</strong></span> <span class='ocrx_word' id='word_1_385' title='bbox 2051 1514 2390 1580; x_wconf 84' lang='lat' dir='ltr'><strong>asserebant,</strong></span> <span class='ocrx_word' id='word_1_386' title='bbox 2417 1515 2470 1568; x_wconf 95' lang='lat' dir='ltr'><strong>in</strong></span> <span class='ocrx_word' id='word_1_387' title='bbox 2502 1514 2692 1584; x_wconf 88' lang='lat' dir='ltr'><strong>primis</strong></span> <span class='ocrx_word' id='word_1_388' title='bbox 2726 1524 2985 1580; x_wconf 88' lang='lat' dir='ltr'><strong>caveant;</strong></span> <span class='ocrx_word' id='word_1_389' title='bbox 3033 1530 3132 1568; x_wconf 92' lang='lat' dir='ltr'><strong>nec</strong></span> <span class='ocrx_word' id='word_1_390' title='bbox 3183 1515 3406 1584; x_wconf 87' lang='lat' dir='ltr'><strong>laqueos</strong></span> 
     </span>
    </p>
   </div>
   <div class='ocr_carea' id='block_1_58' title="bbox 1830 1604 3406 1678">
    <p class='ocr_par' dir='ltr' id='par_1_58' title="bbox 1830 1604 3406 1678">
     <span class='ocr_line' id='line_1_58' title="bbox 1830 1604 3406 1678; baseline 0 -17"><span class='ocrx_word' id='word_1_391' title='bbox 1830 1621 2019 1661; x_wconf 89' lang='lat' dir='ltr'><strong>eorum</strong></span> <span class='ocrx_word' id='word_1_392' title='bbox 2047 1604 2259 1661; x_wconf 75' lang='lat' dir='ltr'><strong>facilius</strong></span> <span class='ocrx_word' id='word_1_393' title='bbox 2313 1621 2478 1675; x_wconf 90' lang='lat' dir='ltr'><strong>quam</strong></span> <span class='ocrx_word' id='word_1_394' title='bbox 2510 1621 2612 1661; x_wconf 90' lang='lat' dir='ltr'><strong>sua</strong></span> <span class='ocrx_word' id='word_1_395' title='bbox 2639 1606 2696 1660; x_wconf 91' lang='lat' dir='ltr'><strong>in</strong></span> <span class='ocrx_word' id='word_1_396' title='bbox 2718 1607 3035 1675; x_wconf 91' lang='lat' dir='ltr'><strong>episcopum</strong></span> <span class='ocrx_word' id='word_1_397' title='bbox 3061 1649 3073 1671; x_wconf 90' lang='lat'><strong>,</strong></span> <span class='ocrx_word' id='word_1_398' title='bbox 3109 1622 3406 1678; x_wconf 84' lang='lat' dir='ltr'><strong>sacrosque</strong></span> 
     </span>
    </p>
   </div>
   <div class='ocr_carea' id='block_1_59' title="bbox 1831 1687 3400 1767">
    <p class='ocr_par' dir='ltr' id='par_1_59' title="bbox 1831 1687 3400 1767">
     <span class='ocr_line' id='line_1_59' title="bbox 1831 1687 3400 1767; baseline 0.001 -15"><span class='ocrx_word' id='word_1_399' title='bbox 1831 1699 2116 1753; x_wconf 85' lang='lat' dir='ltr'><strong>ministros</strong></span> <span class='ocrx_word' id='word_1_400' title='bbox 2165 1687 2472 1752; x_wconf 86' lang='lat' dir='ltr'><strong>obedientia</strong></span> <span class='ocrx_word' id='word_1_401' title='bbox 2518 1713 2680 1767; x_wconf 89' lang='lat' dir='ltr'><strong>posse</strong></span> <span class='ocrx_word' id='word_1_402' title='bbox 2709 1698 2994 1752; x_wconf 90' lang='lat' dir='ltr'><strong>declinari.</strong></span> <span class='ocrx_word' id='word_1_403' title='bbox 3030 1697 3232 1751; x_wconf 90' lang='lat' dir='ltr'><strong>Deinde</strong></span> <span class='ocrx_word' id='word_1_404' title='bbox 3259 1698 3400 1764; x_wconf 85' lang='lat' dir='ltr'><strong>illos,</strong></span> 
     </span>
    </p>
   </div>
   <div class='ocr_carea' id='block_1_60' title="bbox 1829 1788 3406 1860">
    <p class='ocr_par' dir='ltr' id='par_1_60' title="bbox 1829 1788 3406 1860">
     <span class='ocr_line' id='line_1_60' title="bbox 1829 1788 3406 1860; baseline -0.002 -15"><span class='ocrx_word' id='word_1_405' title='bbox 1829 1801 1884 1845; x_wconf 90' lang='lat' dir='ltr'><strong>et</strong></span> <span class='ocrx_word' id='word_1_406' title='bbox 1925 1806 2044 1855; x_wconf 88' lang='lat' dir='ltr'><strong>suo,</strong></span> <span class='ocrx_word' id='word_1_407' title='bbox 2079 1799 2133 1844; x_wconf 93' lang='lat' dir='ltr'><strong>et</strong></span> <span class='ocrx_word' id='word_1_408' title='bbox 2176 1789 2546 1860; x_wconf 90' lang='lat' dir='ltr'><strong>Smyrnensis,</strong></span> <span class='ocrx_word' id='word_1_409' title='bbox 2605 1805 2670 1844; x_wconf 94' lang='lat' dir='ltr'><strong>ac</strong></span> <span class='ocrx_word' id='word_1_410' title='bbox 2727 1788 3014 1859; x_wconf 70' lang='lat' dir='ltr'><strong>Ephesinze</strong></span> <span class='ocrx_word' id='word_1_411' title='bbox 3065 1789 3406 1860; x_wconf 90' lang='lat' dir='ltr'><strong>aliarumque</strong></span> 
     </span>
    </p>
   </div>
   <div class='ocr_carea' id='block_1_61' title="bbox 1832 1882 3409 1952">
    <p class='ocr_par' dir='ltr' id='par_1_61' title="bbox 1832 1882 3409 1952">
     <span class='ocr_line' id='line_1_61' title="bbox 1832 1882 3409 1952; baseline -0.002 -16"><span class='ocrx_word' id='word_1_412' title='bbox 1832 1883 2200 1938; x_wconf 88' lang='lat' dir='ltr'><strong>Eeclesiarum</strong></span> <span class='ocrx_word' id='word_1_413' title='bbox 2250 1885 2471 1937; x_wconf 87' lang='lat' dir='ltr'><strong>nomine</strong></span> <span class='ocrx_word' id='word_1_414' title='bbox 2505 1882 2724 1946; x_wconf 87' lang='lat' dir='ltr'><strong>salutat,</strong></span> <span class='ocrx_word' id='word_1_415' title='bbox 2765 1883 3024 1952; x_wconf 82' lang='lat' dir='ltr'><strong>atquead</strong></span> <span class='ocrx_word' id='word_1_416' title='bbox 3052 1892 3295 1936; x_wconf 91' lang='lat' dir='ltr'><strong>mutuam</strong></span> <span class='ocrx_word' id='word_1_417' title='bbox 3323 1882 3409 1934; x_wconf 92' lang='lat' dir='ltr'><strong>in-</strong></span> 
     </span>
    </p>
   </div>
   <div class='ocr_carea' id='block_1_62' title="bbox 1830 1971 3407 2042">
    <p class='ocr_par' dir='ltr' id='par_1_62' title="bbox 1830 1971 3407 2042">
     <span class='ocr_line' id='line_1_62' title="bbox 1830 1971 3407 2042; baseline 0.001 -16"><span class='ocrx_word' id='word_1_418' title='bbox 1830 1979 1912 2026; x_wconf 88' lang='lat' dir='ltr'><strong>ter</strong></span> <span class='ocrx_word' id='word_1_419' title='bbox 1945 1987 2004 2026; x_wconf 91' lang='lat' dir='ltr'><strong>se</strong></span> <span class='ocrx_word' id='word_1_420' title='bbox 2029 1987 2240 2041; x_wconf 82' lang='lat' dir='ltr'><strong>pacem,</strong></span> <span class='ocrx_word' id='word_1_421' title='bbox 2272 1982 2326 2026; x_wconf 89' lang='lat' dir='ltr'><strong>et</strong></span> <span class='ocrx_word' id='word_1_422' title='bbox 2363 1971 2416 2024; x_wconf 89' lang='lat' dir='ltr'><strong>in</strong></span> <span class='ocrx_word' id='word_1_423' title='bbox 2447 1972 2761 2042; x_wconf 90' lang='lat' dir='ltr'><strong>episcopum</strong></span> <span class='ocrx_word' id='word_1_424' title='bbox 2787 1972 3244 2042; x_wconf 87' lang='lat' dir='ltr'><strong>presbyterosquc</strong></span> <span class='ocrx_word' id='word_1_425' title='bbox 3276 1987 3407 2028; x_wconf 91' lang='lat' dir='ltr'><strong>suos</strong></span> 
     </span>
    </p>
   </div>
   <div class='ocr_carea' id='block_1_63' title="bbox 1830 2062 3406 2134">
    <p class='ocr_par' dir='ltr' id='par_1_63' title="bbox 1830 2062 3406 2134">
     <span class='ocr_line' id='line_1_63' title="bbox 1830 2062 3406 2134; baseline 0.001 -17"><span class='ocrx_word' id='word_1_426' title='bbox 1830 2063 2231 2118; x_wconf 82' lang='lat' dir='ltr'><strong>observantiam</strong></span> <span class='ocrx_word' id='word_1_427' title='bbox 2259 2078 2450 2118; x_wconf 91' lang='lat' dir='ltr'><strong>rursus</strong></span> <span class='ocrx_word' id='word_1_428' title='bbox 2471 2064 2690 2117; x_wconf 84' lang='lat' dir='ltr'><strong>excitat.</strong></span> <span class='ocrx_word' id='word_1_429' title='bbox 2717 2062 2902 2118; x_wconf 91' lang='lat' dir='ltr'><strong>Poscit</strong></span> <span class='ocrx_word' id='word_1_430' title='bbox 2926 2064 3160 2134; x_wconf 91' lang='lat' dir='ltr'><strong>denique</strong></span> <span class='ocrx_word' id='word_1_431' title='bbox 3184 2075 3243 2118; x_wconf 88' lang='lat' dir='ltr'><strong>ut</strong></span> <span class='ocrx_word' id='word_1_432' title='bbox 3268 2062 3406 2118; x_wconf 82' lang='lat' dir='ltr'><strong>fusis</strong></span> 
     </span>
    </p>
   </div>
   <div class='ocr_carea' id='block_1_64' title="bbox 1829 2154 3407 2226">
    <p class='ocr_par' dir='ltr' id='par_1_64' title="bbox 1829 2154 3407 2226">
     <span class='ocr_line' id='line_1_64' title="bbox 1829 2154 3407 2226; baseline 0 -18"><span class='ocrx_word' id='word_1_433' title='bbox 1829 2155 1896 2208; x_wconf 92' lang='lat' dir='ltr'><strong>ad</strong></span> <span class='ocrx_word' id='word_1_434' title='bbox 1928 2154 2096 2209; x_wconf 90' lang='lat' dir='ltr'><strong>Deum</strong></span> <span class='ocrx_word' id='word_1_435' title='bbox 2125 2155 2401 2224; x_wconf 90' lang='lat' dir='ltr'><strong>precibus,</strong></span> <span class='ocrx_word' id='word_1_436' title='bbox 2434 2171 2576 2217; x_wconf 88' lang='lat' dir='ltr'><strong>eam,</strong></span> <span class='ocrx_word' id='word_1_437' title='bbox 2597 2171 2702 2225; x_wconf 90' lang='lat' dir='ltr'><strong>qua</strong></span> <span class='ocrx_word' id='word_1_438' title='bbox 2734 2156 3058 2226; x_wconf 77' lang='lat' dir='ltr'><strong>martyrium</strong></span> <span class='ocrx_word' id='word_1_439' title='bbox 3097 2172 3254 2210; x_wconf 90' lang='lat' dir='ltr'><strong>suum</strong></span> <span class='ocrx_word' id='word_1_440' title='bbox 3281 2171 3407 2210; x_wconf 88' lang='lat' dir='ltr'><strong>con-</strong></span> 
     </span>
    </p>
   </div>
   <div class='ocr_carea' id='block_1_65' title="bbox 1829 2247 2863 2315">
    <p class='ocr_par' dir='ltr' id='par_1_65' title="bbox 1829 2247 2863 2315">
     <span class='ocr_line' id='line_1_65' title="bbox 1829 2247 2863 2315; baseline -0.002 -13"><span class='ocrx_word' id='word_1_441' title='bbox 1829 2260 2108 2302; x_wconf 89' lang='lat' dir='ltr'><strong>summare</strong></span> <span class='ocrx_word' id='word_1_442' title='bbox 2137 2247 2333 2315; x_wconf 90' lang='lat' dir='ltr'><strong>possit,</strong></span> <span class='ocrx_word' id='word_1_443' title='bbox 2363 2247 2593 2315; x_wconf 87' lang='lat' dir='ltr'><strong>gratiam</strong></span> <span class='ocrx_word' id='word_1_444' title='bbox 2617 2256 2863 2300; x_wconf 79' lang='lat' dir='ltr'><strong>exorent.</strong></span> 
     </span>
    </p>
   </div>
   <div class='ocr_carea' id='block_1_66' title="bbox 1897 2333 3406 2408">
    <p class='ocr_par' dir='ltr' id='par_1_66' title="bbox 1897 2333 3406 2408">
     <span class='ocr_line' id='line_1_66' title="bbox 1897 2333 3406 2408; baseline 0.002 -21"><span class='ocrx_word' id='word_1_445' title='bbox 1897 2333 2100 2401; x_wconf 85' lang='lat' dir='ltr'><strong>Quarta</strong></span> <span class='ocrx_word' id='word_1_446' title='bbox 2135 2335 2436 2406; x_wconf 89' lang='lat' dir='ltr'><strong>ultimaque</strong></span> <span class='ocrx_word' id='word_1_447' title='bbox 2464 2337 2712 2406; x_wconf 74' lang='lat' dir='ltr'><strong>epistola,</strong></span> <span class='ocrx_word' id='word_1_448' title='bbox 2740 2335 3142 2408; x_wconf 65' lang='lat' dir='ltr'><strong>Smyrnaedata,</strong></span> <span class='ocrx_word' id='word_1_449' title='bbox 3163 2336 3232 2391; x_wconf 91' lang='lat' dir='ltr'><strong>ad</strong></span> <span class='ocrx_word' id='word_1_450' title='bbox 3247 2336 3406 2391; x_wconf 89' lang='lat' dir='ltr'><strong>Chri-</strong></span> 
     </span>
    </p>
   </div>
   <div class='ocr_carea' id='block_1_67' title="bbox 1829 2425 3404 2498">
    <p class='ocr_par' dir='ltr' id='par_1_67' title="bbox 1829 2425 3404 2498">
     <span class='ocr_line' id='line_1_67' title="bbox 1829 2425 3404 2498; baseline 0.001 -18"><span class='ocrx_word' id='word_1_451' title='bbox 1829 2426 2039 2482; x_wconf 89' lang='lat' dir='ltr'><strong>stianos</strong></span> <span class='ocrx_word' id='word_1_452' title='bbox 2066 2425 2254 2481; x_wconf 57' lang='lat' dir='ltr'><strong>Romae</strong></span> <span class='ocrx_word' id='word_1_453' title='bbox 2297 2427 2555 2496; x_wconf 86' lang='lat' dir='ltr'><strong>degentes</strong></span> <span class='ocrx_word' id='word_1_454' title='bbox 2576 2427 2781 2482; x_wconf 89' lang='lat' dir='ltr'><strong>directa</strong></span> <span class='ocrx_word' id='word_1_455' title='bbox 2808 2439 2911 2494; x_wconf 90' lang='lat' dir='ltr'><strong>est,</strong></span> <span class='ocrx_word' id='word_1_456' title='bbox 2941 2428 3138 2498; x_wconf 83' lang='lat' dir='ltr'><strong>illaque</strong></span> <span class='ocrx_word' id='word_1_457' title='bbox 3159 2428 3404 2498; x_wconf 86' lang='lat' dir='ltr'><strong>Ignatius</strong></span> 
     </span>
    </p>
   </div>
   <div class='ocr_carea' id='block_1_68' title="bbox 1823 2517 3402 2590">
    <p class='ocr_par' dir='ltr' id='par_1_68' title="bbox 1823 2517 3402 2590">
     <span class='ocr_line' id='line_1_68' title="bbox 1823 2517 3402 2590; baseline 0 -18"><span class='ocrx_word' id='word_1_458' title='bbox 1823 2531 1918 2572; x_wconf 88' lang='lat' dir='ltr'><strong>eos</strong></span> <span class='ocrx_word' id='word_1_459' title='bbox 1941 2519 2007 2572; x_wconf 89' lang='lat' dir='ltr'><strong>de</strong></span> <span class='ocrx_word' id='word_1_460' title='bbox 2025 2517 2288 2589; x_wconf 87' lang='lat' dir='ltr'><strong>martyrio</strong></span> <span class='ocrx_word' id='word_1_461' title='bbox 2313 2533 2436 2586; x_wconf 90' lang='lat' dir='ltr'><strong>suo,</strong></span> <span class='ocrx_word' id='word_1_462' title='bbox 2453 2519 2506 2572; x_wconf 93' lang='lat' dir='ltr'><strong>in</strong></span> <span class='ocrx_word' id='word_1_463' title='bbox 2537 2535 2730 2574; x_wconf 91' lang='lat' dir='ltr'><strong>eorum</strong></span> <span class='ocrx_word' id='word_1_464' title='bbox 2751 2521 2884 2575; x_wconf 88' lang='lat' dir='ltr'><strong>urbe</strong></span> <span class='ocrx_word' id='word_1_465' title='bbox 2904 2519 3258 2590; x_wconf 82' lang='lat' dir='ltr'><strong>perficiendo,</strong></span> <span class='ocrx_word' id='word_1_466' title='bbox 3280 2535 3402 2574; x_wconf 88' lang='lat' dir='ltr'><strong>cer—</strong></span> 
     </span>
    </p>
   </div>
   <div class='ocr_carea' id='block_1_69' title="bbox 1827 2609 3403 2682">
    <p class='ocr_par' dir='ltr' id='par_1_69' title="bbox 1827 2609 3403 2682">
     <span class='ocr_line' id='line_1_69' title="bbox 1827 2609 3403 2682; baseline 0.002 -18"><span class='ocrx_word' id='word_1_467' title='bbox 1827 2609 1992 2664; x_wconf 90' lang='lat' dir='ltr'><strong>tiores</strong></span> <span class='ocrx_word' id='word_1_468' title='bbox 2019 2609 2168 2666; x_wconf 89' lang='lat' dir='ltr'><strong>facit.</strong></span> <span class='ocrx_word' id='word_1_469' title='bbox 2200 2610 2322 2666; x_wconf 91' lang='lat' dir='ltr'><strong>lllos</strong></span> <span class='ocrx_word' id='word_1_470' title='bbox 2355 2626 2487 2666; x_wconf 90' lang='lat' dir='ltr'><strong>vero</strong></span> <span class='ocrx_word' id='word_1_471' title='bbox 2509 2611 2766 2667; x_wconf 91' lang='lat' dir='ltr'><strong>omnibus</strong></span> <span class='ocrx_word' id='word_1_472' title='bbox 2790 2628 2926 2682; x_wconf 91' lang='lat' dir='ltr'><strong>quas</strong></span> <span class='ocrx_word' id='word_1_473' title='bbox 2957 2612 3403 2667; x_wconf 87' lang='lat' dir='ltr'><strong>ardentissimum</strong></span> 
     </span>
    </p>
   </div>
   <div class='ocr_carea' id='block_1_70' title="bbox 1825 2699 3402 2773">
    <p class='ocr_par' dir='ltr' id='par_1_70' title="bbox 1825 2699 3402 2773">
     <span class='ocr_line' id='line_1_70' title="bbox 1825 2699 3402 2773; baseline 0.004 -22"><span class='ocrx_word' id='word_1_474' title='bbox 1825 2712 1891 2752; x_wconf 90' lang='lat' dir='ltr'><strong>ac</strong></span> <span class='ocrx_word' id='word_1_475' title='bbox 1945 2713 2082 2767; x_wconf 92' lang='lat' dir='ltr'><strong>pene</strong></span> <span class='ocrx_word' id='word_1_476' title='bbox 2131 2699 2452 2755; x_wconf 89' lang='lat' dir='ltr'><strong>incredibile</strong></span> <span class='ocrx_word' id='word_1_477' title='bbox 2517 2701 2786 2756; x_wconf 89' lang='lat' dir='ltr'><strong>subeundi</strong></span> <span class='ocrx_word' id='word_1_478' title='bbox 2853 2702 3100 2773; x_wconf 89' lang='lat' dir='ltr'><strong>martyrii</strong></span> <span class='ocrx_word' id='word_1_479' title='bbox 3164 2703 3402 2756; x_wconf 86' lang='lat' dir='ltr'><strong>studium</strong></span> 
     </span>
    </p>
   </div>
   <div class='ocr_carea' id='block_1_71' title="bbox 1825 2795 3403 2864">
    <p class='ocr_par' dir='ltr' id='par_1_71' title="bbox 1825 2795 3403 2864">
     <span class='ocr_line' id='line_1_71' title="bbox 1825 2795 3403 2864; baseline 0.002 -19"><span class='ocrx_word' id='word_1_480' title='bbox 1825 2805 2116 2861; x_wconf 87' lang='lat' dir='ltr'><strong>suggerere</strong></span> <span class='ocrx_word' id='word_1_481' title='bbox 2142 2801 2378 2861; x_wconf 91' lang='lat' dir='ltr'><strong>poterat,</strong></span> <span class='ocrx_word' id='word_1_482' title='bbox 2439 2795 2744 2848; x_wconf 88' lang='lat' dir='ltr'><strong>rationibus</strong></span> <span class='ocrx_word' id='word_1_483' title='bbox 2779 2795 2993 2864; x_wconf 87' lang='lat' dir='ltr'><strong>pulsat;</strong></span> <span class='ocrx_word' id='word_1_484' title='bbox 3059 2809 3126 2849; x_wconf 92' lang='lat' dir='ltr'><strong>ne</strong></span> <span class='ocrx_word' id='word_1_485' title='bbox 3177 2807 3403 2850; x_wconf 86' lang='lat' dir='ltr'><strong>mortem</strong></span> 
     </span>
    </p>
   </div>
   <div class='ocr_carea' id='block_1_72' title="bbox 1825 2886 3402 2958">
    <p class='ocr_par' dir='ltr' id='par_1_72' title="bbox 1825 2886 3402 2958">
     <span class='ocr_line' id='line_1_72' title="bbox 1825 2886 3402 2958; baseline 0.003 -20"><span class='ocrx_word' id='word_1_486' title='bbox 1825 2899 2003 2950; x_wconf 90' lang='lat' dir='ltr'><strong>suam,</strong></span> <span class='ocrx_word' id='word_1_487' title='bbox 2053 2886 2199 2955; x_wconf 92' lang='lat' dir='ltr'><strong>quod</strong></span> <span class='ocrx_word' id='word_1_488' title='bbox 2259 2902 2428 2940; x_wconf 92' lang='lat' dir='ltr'><strong>unum</strong></span> <span class='ocrx_word' id='word_1_489' title='bbox 2477 2887 2722 2951; x_wconf 89' lang='lat' dir='ltr'><strong>timebat,</strong></span> <span class='ocrx_word' id='word_1_490' title='bbox 2759 2889 3048 2958; x_wconf 84' lang='lat' dir='ltr'><strong>prohibere</strong></span> <span class='ocrx_word' id='word_1_491' title='bbox 3111 2896 3402 2944; x_wconf 86' lang='lat' dir='ltr'><strong>tentarent.</strong></span> 
     </span>
    </p>
   </div>
   <div class='ocr_carea' id='block_1_73' title="bbox 1828 2976 3406 3052">
    <p class='ocr_par' dir='ltr' id='par_1_73' title="bbox 1828 2976 3406 3052">
     <span class='ocr_line' id='line_1_73' title="bbox 1828 2976 3406 3052; baseline 0.001 -19"><span class='ocrx_word' id='word_1_492' title='bbox 1828 2976 2124 3050; x_wconf 88' lang='lat' dir='ltr'><strong>Subjungit</strong></span> <span class='ocrx_word' id='word_1_493' title='bbox 2153 2995 2212 3034; x_wconf 90' lang='lat' dir='ltr'><strong>se</strong></span> <span class='ocrx_word' id='word_1_494' title='bbox 2237 2979 2638 3036; x_wconf 89' lang='lat' dir='ltr'><strong>crudelissimis</strong></span> <span class='ocrx_word' id='word_1_495' title='bbox 2675 2982 2994 3046; x_wconf 89' lang='lat' dir='ltr'><strong>satellitum,</strong></span> <span class='ocrx_word' id='word_1_496' title='bbox 3021 2999 3050 3036; x_wconf 94' lang='lat' dir='ltr'><strong>a</strong></span> <span class='ocrx_word' id='word_1_497' title='bbox 3079 2983 3280 3052; x_wconf 87' lang='lat' dir='ltr'><strong>quibus</strong></span> <span class='ocrx_word' id='word_1_498' title='bbox 3303 2983 3406 3036; x_wconf 86' lang='lat' dir='ltr'><strong>du-</strong></span> 
     </span>
    </p>
   </div>
   <div class='ocr_carea' id='block_1_74' title="bbox 1825 3075 3402 3147">
    <p class='ocr_par' dir='ltr' id='par_1_74' title="bbox 1825 3075 3402 3147">
     <span class='ocr_line' id='line_1_74' title="bbox 1825 3075 3402 3147; baseline 0.002 -20"><span class='ocrx_word' id='word_1_499' title='bbox 1825 3075 2074 3139; x_wconf 91' lang='lat' dir='ltr'><strong>cebatur,</strong></span> <span class='ocrx_word' id='word_1_500' title='bbox 2136 3075 2517 3130; x_wconf 82' lang='lat' dir='ltr'><strong>vexationibus</strong></span> <span class='ocrx_word' id='word_1_501' title='bbox 2563 3077 2630 3130; x_wconf 92' lang='lat' dir='ltr'><strong>ad</strong></span> <span class='ocrx_word' id='word_1_502' title='bbox 2689 3078 3089 3146; x_wconf 88' lang='lat' dir='ltr'><strong>assequendam</strong></span> <span class='ocrx_word' id='word_1_503' title='bbox 3155 3077 3402 3147; x_wconf 76' lang='lat' dir='ltr'><strong>martyrii</strong></span> 
     </span>
    </p>
   </div>
   <div class='ocr_carea' id='block_1_75' title="bbox 1827 3169 3405 3240">
    <p class='ocr_par' dir='ltr' id='par_1_75' title="bbox 1827 3169 3405 3240">
     <span class='ocr_line' id='line_1_75' title="bbox 1827 3169 3405 3240; baseline 0.001 -18"><span class='ocrx_word' id='word_1_504' title='bbox 1827 3169 2059 3236; x_wconf 86' lang='lat' dir='ltr'><strong>palmam</strong></span> <span class='ocrx_word' id='word_1_505' title='bbox 2082 3170 2400 3238; x_wconf 68' lang='lat' dir='ltr'><strong>praeparari.</strong></span> <span class='ocrx_word' id='word_1_506' title='bbox 2447 3177 2612 3240; x_wconf 90' lang='lat' dir='ltr'><strong>atque</strong></span> <span class='ocrx_word' id='word_1_507' title='bbox 2635 3170 2844 3224; x_wconf 89' lang='lat' dir='ltr'><strong>ideirco</strong></span> <span class='ocrx_word' id='word_1_508' title='bbox 2869 3169 3134 3224; x_wconf 83' lang='lat' dir='ltr'><strong>Romanis</strong></span> <span class='ocrx_word' id='word_1_509' title='bbox 3168 3185 3226 3226; x_wconf 89' lang='lat' dir='ltr'><strong>se</strong></span> <span class='ocrx_word' id='word_1_510' title='bbox 3279 3171 3405 3239; x_wconf 88' lang='lat' dir='ltr'><strong>qui-</strong></span> 
     </span>
    </p>
   </div>
   <div class='ocr_carea' id='block_1_76' title="bbox 1825 3260 3402 3330">
    <p class='ocr_par' dir='ltr' id='par_1_76' title="bbox 1825 3260 3402 3330">
     <span class='ocr_line' id='line_1_76' title="bbox 1825 3260 3402 3330; baseline 0.001 -16"><span class='ocrx_word' id='word_1_511' title='bbox 1825 3260 1946 3314; x_wconf 91' lang='lat' dir='ltr'><strong>dem</strong></span> <span class='ocrx_word' id='word_1_512' title='bbox 1979 3275 2086 3314; x_wconf 92' lang='lat' dir='ltr'><strong>non</strong></span> <span class='ocrx_word' id='word_1_513' title='bbox 2123 3261 2436 3330; x_wconf 60' lang='lat' dir='ltr'><strong>praecipere,</strong></span> <span class='ocrx_word' id='word_1_514' title='bbox 2468 3261 2574 3315; x_wconf 46' lang='lat' dir='ltr'><strong>sed;</strong></span> <span class='ocrx_word' id='word_1_515' title='bbox 2609 3276 2706 3316; x_wconf 89' lang='lat' dir='ltr'><strong>eos</strong></span> <span class='ocrx_word' id='word_1_516' title='bbox 2752 3261 3036 3328; x_wconf 89' lang='lat' dir='ltr'><strong>obtestari,</strong></span> <span class='ocrx_word' id='word_1_517' title='bbox 3080 3271 3140 3315; x_wconf 93' lang='lat' dir='ltr'><strong>ut</strong></span> <span class='ocrx_word' id='word_1_518' title='bbox 3202 3277 3232 3316; x_wconf 90' lang='lat' dir='ltr'><strong>a</strong></span> <span class='ocrx_word' id='word_1_519' title='bbox 3294 3263 3402 3316; x_wconf 88' lang='lat' dir='ltr'><strong>Deo</strong></span> 
     </span>
    </p>
   </div>
   <div class='ocr_carea' id='block_1_77' title="bbox 1826 3353 3403 3423">
    <p class='ocr_par' dir='ltr' id='par_1_77' title="bbox 1826 3353 3403 3423">
     <span class='ocr_line' id='line_1_77' title="bbox 1826 3353 3403 3423; baseline 0.003 -19"><span class='ocrx_word' id='word_1_520' title='bbox 1826 3353 2118 3419; x_wconf 90' lang='lat' dir='ltr'><strong>impetrent</strong></span> <span class='ocrx_word' id='word_1_521' title='bbox 2146 3367 2348 3422; x_wconf 92' lang='lat' dir='ltr'><strong>corpus</strong></span> <span class='ocrx_word' id='word_1_522' title='bbox 2378 3369 2564 3420; x_wconf 90' lang='lat' dir='ltr'><strong>suum,</strong></span> <span class='ocrx_word' id='word_1_523' title='bbox 2591 3363 2852 3423; x_wconf 87' lang='lat' dir='ltr'><strong>tanquam</strong></span> <span class='ocrx_word' id='word_1_524' title='bbox 2879 3353 3213 3408; x_wconf 88' lang='lat' dir='ltr'><strong>frumentum</strong></span> <span class='ocrx_word' id='word_1_525' title='bbox 3247 3355 3403 3409; x_wconf 89' lang='lat' dir='ltr'><strong>Chri-</strong></span> 
     </span>
    </p>
   </div>
   <div class='ocr_carea' id='block_1_78' title="bbox 1826 3446 3405 3513">
    <p class='ocr_par' dir='ltr' id='par_1_78' title="bbox 1826 3446 3405 3513">
     <span class='ocr_line' id='line_1_78' title="bbox 1826 3446 3405 3513; baseline 0.001 -11"><span class='ocrx_word' id='word_1_526' title='bbox 1826 3447 1917 3513; x_wconf 87' lang='lat' dir='ltr'><strong>sti,</strong></span> <span class='ocrx_word' id='word_1_527' title='bbox 1946 3446 2202 3503; x_wconf 89' lang='lat' dir='ltr'><strong>deutibus</strong></span> <span class='ocrx_word' id='word_1_528' title='bbox 2235 3448 2532 3504; x_wconf 89' lang='lat' dir='ltr'><strong>bestiarum</strong></span> <span class='ocrx_word' id='word_1_529' title='bbox 2588 3449 2662 3502; x_wconf 88' lang='lat' dir='ltr'><strong>ita</strong></span> <span class='ocrx_word' id='word_1_530' title='bbox 2684 3449 2848 3511; x_wconf 92' lang='lat' dir='ltr'><strong>moli,</strong></span> <span class='ocrx_word' id='word_1_531' title='bbox 2882 3457 2942 3502; x_wconf 92' lang='lat' dir='ltr'><strong>ut</strong></span> <span class='ocrx_word' id='word_1_532' title='bbox 2995 3449 3133 3501; x_wconf 89' lang='lat' dir='ltr'><strong>nihil</strong></span> <span class='ocrx_word' id='word_1_533' title='bbox 3175 3451 3405 3504; x_wconf 91' lang='lat' dir='ltr'><strong>omnino</strong></span> 
     </span>
    </p>
   </div>
   <div class='ocr_carea' id='block_1_79' title="bbox 1825 3539 3403 3610">
    <p class='ocr_par' dir='ltr' id='par_1_79' title="bbox 1825 3539 3403 3610">
     <span class='ocr_line' id='line_1_79' title="bbox 1825 3539 3403 3610; baseline 0.002 -17"><span class='ocrx_word' id='word_1_534' title='bbox 1825 3539 1896 3594; x_wconf 90' lang='lat' dir='ltr'><strong>sit</strong></span> <span class='ocrx_word' id='word_1_535' title='bbox 1917 3540 2220 3609; x_wconf 88' lang='lat' dir='ltr'><strong>reliquum;</strong></span> <span class='ocrx_word' id='word_1_536' title='bbox 2249 3541 2583 3610; x_wconf 88' lang='lat' dir='ltr'><strong>tandemque</strong></span> <span class='ocrx_word' id='word_1_537' title='bbox 2609 3549 2799 3610; x_wconf 90' lang='lat' dir='ltr'><strong>optare</strong></span> <span class='ocrx_word' id='word_1_538' title='bbox 2821 3558 2879 3596; x_wconf 91' lang='lat' dir='ltr'><strong>se</strong></span> <span class='ocrx_word' id='word_1_539' title='bbox 2905 3542 2973 3595; x_wconf 93' lang='lat' dir='ltr'><strong>ab</strong></span> <span class='ocrx_word' id='word_1_540' title='bbox 2992 3541 3183 3596; x_wconf 91' lang='lat' dir='ltr'><strong>iisdem</strong></span> <span class='ocrx_word' id='word_1_541' title='bbox 3212 3541 3403 3596; x_wconf 91' lang='lat' dir='ltr'><strong>bestiis</strong></span> 
     </span>
    </p>
   </div>
   <div class='ocr_carea' id='block_1_80' title="bbox 1824 3632 3403 3701">
    <p class='ocr_par' dir='ltr' id='par_1_80' title="bbox 1824 3632 3403 3701">
     <span class='ocr_line' id='line_1_80' title="bbox 1824 3632 3403 3701; baseline 0.001 -15"><span class='ocrx_word' id='word_1_542' title='bbox 1824 3632 2229 3701; x_wconf 90' lang='lat' dir='ltr'><strong>quamprimum</strong></span> <span class='ocrx_word' id='word_1_543' title='bbox 2261 3632 2542 3698; x_wconf 90' lang='lat' dir='ltr'><strong>devorari;</strong></span> <span class='ocrx_word' id='word_1_544' title='bbox 2580 3644 2746 3701; x_wconf 90' lang='lat' dir='ltr'><strong>atque</strong></span> <span class='ocrx_word' id='word_1_545' title='bbox 2769 3633 2814 3688; x_wconf 91' lang='lat' dir='ltr'><strong>si</strong></span> <span class='ocrx_word' id='word_1_546' title='bbox 2851 3633 2934 3686; x_wconf 89' lang='lat' dir='ltr'><strong>vel</strong></span> <span class='ocrx_word' id='word_1_547' title='bbox 2961 3633 3248 3686; x_wconf 89' lang='lat' dir='ltr'><strong>minimum</strong></span> <span class='ocrx_word' id='word_1_548' title='bbox 3285 3649 3403 3688; x_wconf 92' lang='lat' dir='ltr'><strong>mo—</strong></span> 
     </span>
    </p>
   </div>
   <div class='ocr_carea' id='block_1_81' title="bbox 1823 3722 3400 3793">
    <p class='ocr_par' dir='ltr' id='par_1_81' title="bbox 1823 3722 3400 3793">
     <span class='ocr_line' id='line_1_81' title="bbox 1823 3722 3400 3793; baseline 0.002 -17"><span class='ocrx_word' id='word_1_549' title='bbox 1823 3732 2034 3790; x_wconf 91' lang='lat' dir='ltr'><strong>rentur,</strong></span> <span class='ocrx_word' id='word_1_550' title='bbox 2063 3724 2206 3790; x_wconf 89' lang='lat' dir='ltr'><strong>illas,</strong></span> <span class='ocrx_word' id='word_1_551' title='bbox 2237 3733 2296 3778; x_wconf 92' lang='lat' dir='ltr'><strong>ut</strong></span> <span class='ocrx_word' id='word_1_552' title='bbox 2322 3722 2562 3787; x_wconf 88' lang='lat' dir='ltr'><strong>Christo,</strong></span> <span class='ocrx_word' id='word_1_553' title='bbox 2589 3739 2700 3793; x_wconf 90' lang='lat' dir='ltr'><strong>quo</strong></span> <span class='ocrx_word' id='word_1_554' title='bbox 2725 3724 2862 3778; x_wconf 89' lang='lat' dir='ltr'><strong>nihil</strong></span> <span class='ocrx_word' id='word_1_555' title='bbox 2891 3725 2993 3778; x_wconf 92' lang='lat' dir='ltr'><strong>sibi</strong></span> <span class='ocrx_word' id='word_1_556' title='bbox 3024 3725 3247 3779; x_wconf 87' lang='lat' dir='ltr'><strong>eharius</strong></span> <span class='ocrx_word' id='word_1_557' title='bbox 3262 3734 3400 3790; x_wconf 90' lang='lat' dir='ltr'><strong>erat,</strong></span> 
     </span>
    </p>
   </div>
   <div class='ocr_carea' id='block_1_82' title="bbox 1823 3816 3402 3887">
    <p class='ocr_par' dir='ltr' id='par_1_82' title="bbox 1823 3816 3402 3887">
     <span class='ocr_line' id='line_1_82' title="bbox 1823 3816 3402 3887; baseline 0.001 -17"><span class='ocrx_word' id='word_1_558' title='bbox 1823 3817 1986 3871; x_wconf 92' lang='lat' dir='ltr'><strong>citius</strong></span> <span class='ocrx_word' id='word_1_559' title='bbox 2017 3816 2311 3881; x_wconf 85' lang='lat' dir='ltr'><strong>frueretur,</strong></span> <span class='ocrx_word' id='word_1_560' title='bbox 2338 3817 2630 3886; x_wconf 88' lang='lat' dir='ltr'><strong>derepente</strong></span> <span class='ocrx_word' id='word_1_561' title='bbox 2656 3832 3070 3887; x_wconf 85' lang='lat' dir='ltr'><strong>aggressurum.</strong></span> <span class='ocrx_word' id='word_1_562' title='bbox 3103 3817 3185 3871; x_wconf 91' lang='lat' dir='ltr'><strong>Ob</strong></span> <span class='ocrx_word' id='word_1_563' title='bbox 3209 3819 3402 3872; x_wconf 90' lang='lat' dir='ltr'><strong>oculos</strong></span> 
     </span>
    </p>
   </div>
   <div class='ocr_carea' id='block_1_83' title="bbox 1822 3909 3399 3978">
    <p class='ocr_par' dir='ltr' id='par_1_83' title="bbox 1822 3909 3399 3978">
     <span class='ocr_line' id='line_1_83' title="bbox 1822 3909 3399 3978; baseline 0 -16"><span class='ocrx_word' id='word_1_564' title='bbox 1822 3909 2016 3963; x_wconf 91' lang='lat' dir='ltr'><strong>deinde</strong></span> <span class='ocrx_word' id='word_1_565' title='bbox 2069 3909 2150 3963; x_wconf 85' lang='lat' dir='ltr'><strong>eis</strong></span> <span class='ocrx_word' id='word_1_566' title='bbox 2191 3909 2347 3978; x_wconf 90' lang='lat' dir='ltr'><strong>ponit</strong></span> <span class='ocrx_word' id='word_1_567' title='bbox 2390 3918 2598 3978; x_wconf 92' lang='lat' dir='ltr'><strong>quanto</strong></span> <span class='ocrx_word' id='word_1_568' title='bbox 2657 3916 2854 3963; x_wconf 89' lang='lat' dir='ltr'><strong>conatu</strong></span> <span class='ocrx_word' id='word_1_569' title='bbox 2913 3910 3166 3978; x_wconf 87' lang='lat' dir='ltr'><strong>princeps</strong></span> <span class='ocrx_word' id='word_1_570' title='bbox 3216 3911 3399 3964; x_wconf 68' lang='lat' dir='ltr'><strong>saeculi</strong></span> 
     </span>
    </p>
   </div>
   <div class='ocr_carea' id='block_1_84' title="bbox 1823 3999 3398 4070">
    <p class='ocr_par' dir='ltr' id='par_1_84' title="bbox 1823 3999 3398 4070">
     <span class='ocr_line' id='line_1_84' title="bbox 1823 3999 3398 4070; baseline 0.001 -18"><span class='ocrx_word' id='word_1_571' title='bbox 1823 3999 2086 4070; x_wconf 84' lang='lat' dir='ltr'><strong>martyrio</strong></span> <span class='ocrx_word' id='word_1_572' title='bbox 2109 4015 2210 4054; x_wconf 92' lang='lat' dir='ltr'><strong>suo</strong></span> <span class='ocrx_word' id='word_1_573' title='bbox 2241 4000 2509 4055; x_wconf 87' lang='lat' dir='ltr'><strong>obsistere</strong></span> <span class='ocrx_word' id='word_1_574' title='bbox 2534 4001 2818 4054; x_wconf 90' lang='lat' dir='ltr'><strong>niteretur.</strong></span> <span class='ocrx_word' id='word_1_575' title='bbox 2851 3999 2990 4055; x_wconf 88' lang='lat' dir='ltr'><strong>Hinc</strong></span> <span class='ocrx_word' id='word_1_576' title='bbox 3022 4001 3149 4064; x_wconf 89' lang='lat' dir='ltr'><strong>illis,</strong></span> <span class='ocrx_word' id='word_1_577' title='bbox 3180 4016 3247 4054; x_wconf 90' lang='lat' dir='ltr'><strong>ne</strong></span> <span class='ocrx_word' id='word_1_578' title='bbox 3273 4017 3398 4056; x_wconf 90' lang='lat' dir='ltr'><strong>cum</strong></span> 
     </span>
    </p>
   </div>
   <div class='ocr_carea' id='block_1_85' title="bbox 1821 4090 3404 4160">
    <p class='ocr_par' dir='ltr' id='par_1_85' title="bbox 1821 4090 3404 4160">
     <span class='ocr_line' id='line_1_85' title="bbox 1821 4090 3404 4160; baseline 0.003 -17"><span class='ocrx_word' id='word_1_579' title='bbox 1821 4090 2102 4145; x_wconf 91' lang='lat' dir='ltr'><strong>dirissimo</strong></span> <span class='ocrx_word' id='word_1_580' title='bbox 2126 4090 2440 4144; x_wconf 91' lang='lat' dir='ltr'><strong>mortalium</strong></span> <span class='ocrx_word' id='word_1_581' title='bbox 2476 4091 2632 4145; x_wconf 88' lang='lat' dir='ltr'><strong>hoste</strong></span> <span class='ocrx_word' id='word_1_582' title='bbox 2655 4092 2997 4160; x_wconf 91' lang='lat' dir='ltr'><strong>conspirent,</strong></span> <span class='ocrx_word' id='word_1_583' title='bbox 3041 4092 3138 4146; x_wconf 90' lang='lat' dir='ltr'><strong>sed</strong></span> <span class='ocrx_word' id='word_1_584' title='bbox 3184 4092 3310 4156; x_wconf 90' lang='lat' dir='ltr'><strong>sibi,</strong></span> <span class='ocrx_word' id='word_1_585' title='bbox 3343 4101 3404 4147; x_wconf 92' lang='lat' dir='ltr'><strong>ut</strong></span> 
     </span>
    </p>
   </div>
   <div class='ocr_carea' id='block_1_86' title="bbox 1821 4182 3397 4252">
    <p class='ocr_par' dir='ltr' id='par_1_86' title="bbox 1821 4182 3397 4252">
     <span class='ocr_line' id='line_1_86' title="bbox 1821 4182 3397 4252; baseline 0.001 -15"><span class='ocrx_word' id='word_1_586' title='bbox 1821 4184 1978 4238; x_wconf 86' lang='lat' dir='ltr'><strong>ocius</strong></span> <span class='ocrx_word' id='word_1_587' title='bbox 2032 4193 2265 4238; x_wconf 89' lang='lat' dir='ltr'><strong>mortem</strong></span> <span class='ocrx_word' id='word_1_588' title='bbox 2292 4192 2530 4252; x_wconf 87' lang='lat' dir='ltr'><strong>optatam</strong></span> <span class='ocrx_word' id='word_1_589' title='bbox 2563 4184 2761 4246; x_wconf 84' lang='lat' dir='ltr'><strong>obiret,</strong></span> <span class='ocrx_word' id='word_1_590' title='bbox 2791 4199 2948 4252; x_wconf 92' lang='lat' dir='ltr'><strong>opem</strong></span> <span class='ocrx_word' id='word_1_591' title='bbox 2994 4184 3176 4252; x_wconf 90' lang='lat' dir='ltr'><strong>potius</strong></span> <span class='ocrx_word' id='word_1_592' title='bbox 3199 4182 3397 4249; x_wconf 90' lang='lat' dir='ltr'><strong>ferant,</strong></span> 
     </span>
    </p>
   </div>
   <div class='ocr_carea' id='block_1_87' title="bbox 1821 4274 3398 4346">
    <p class='ocr_par' dir='ltr' id='par_1_87' title="bbox 1821 4274 3398 4346">
     <span class='ocr_line' id='line_1_87' title="bbox 1821 4274 3398 4346; baseline 0.001 -16"><span class='ocrx_word' id='word_1_593' title='bbox 1821 4287 2013 4330; x_wconf 88' lang='lat' dir='ltr'><strong>auctor</strong></span> <span class='ocrx_word' id='word_1_594' title='bbox 2042 4285 2126 4330; x_wconf 90' lang='lat' dir='ltr'><strong>est</strong></span> <span class='ocrx_word' id='word_1_595' title='bbox 2172 4285 2226 4330; x_wconf 89' lang='lat' dir='ltr'><strong>et</strong></span> <span class='ocrx_word' id='word_1_596' title='bbox 2249 4291 2465 4331; x_wconf 85' lang='lat' dir='ltr'><strong>suasor.</strong></span> <span class='ocrx_word' id='word_1_597' title='bbox 2517 4274 2684 4329; x_wconf 86' lang='lat' dir='ltr'><strong>Suam</strong></span> <span class='ocrx_word' id='word_1_598' title='bbox 2736 4285 2922 4346; x_wconf 90' lang='lat' dir='ltr'><strong>postea</strong></span> <span class='ocrx_word' id='word_1_599' title='bbox 2979 4275 3312 4343; x_wconf 85' lang='lat' dir='ltr'><strong>Ecclesiam,</strong></span> <span class='ocrx_word' id='word_1_600' title='bbox 3347 4279 3398 4332; x_wconf 93' lang='lat' dir='ltr'><strong>in</strong></span> 
     </span>
    </p>
   </div>
   <div class='ocr_carea' id='block_1_88' title="bbox 1820 4365 3398 4437">
    <p class='ocr_par' dir='ltr' id='par_1_88' title="bbox 1820 4365 3398 4437">
     <span class='ocr_line' id='line_1_88' title="bbox 1820 4365 3398 4437; baseline -0.001 -17"><span class='ocrx_word' id='word_1_601' title='bbox 1820 4384 1926 4437; x_wconf 90' lang='lat' dir='ltr'><strong>qua</strong></span> <span class='ocrx_word' id='word_1_602' title='bbox 1979 4382 2047 4422; x_wconf 91' lang='lat' dir='ltr'><strong>ne</strong></span> <span class='ocrx_word' id='word_1_603' title='bbox 2096 4367 2290 4421; x_wconf 90' lang='lat' dir='ltr'><strong>ultimo</strong></span> <span class='ocrx_word' id='word_1_604' title='bbox 2343 4365 2565 4436; x_wconf 82' lang='lat' dir='ltr'><strong>quidem</strong></span> <span class='ocrx_word' id='word_1_605' title='bbox 2647 4366 2740 4434; x_wconf 91' lang='lat' dir='ltr'><strong>qui</strong></span> <span class='ocrx_word' id='word_1_606' title='bbox 2795 4367 3165 4419; x_wconf 88' lang='lat' dir='ltr'><strong>ascriberetur</strong></span> <span class='ocrx_word' id='word_1_607' title='bbox 3230 4367 3350 4419; x_wconf 90' lang='lat' dir='ltr'><strong>loco</strong></span> <span class='ocrx_word' id='word_1_608' title='bbox 3383 4407 3398 4430; x_wconf 94' lang='lat'><strong>,</strong></span> 
     </span>
    </p>
   </div>
   <div class='ocr_carea' id='block_1_89' title="bbox 1821 4459 3401 4531">
    <p class='ocr_par' dir='ltr' id='par_1_89' title="bbox 1821 4459 3401 4531">
     <span class='ocr_line' id='line_1_89' title="bbox 1821 4459 3401 4531; baseline -0.002 -16"><span class='ocrx_word' id='word_1_609' title='bbox 1821 4460 2018 4531; x_wconf 84' lang='lat' dir='ltr'><strong>dignus</strong></span> <span class='ocrx_word' id='word_1_610' title='bbox 2046 4470 2183 4524; x_wconf 89' lang='lat' dir='ltr'><strong>erat,</strong></span> <span class='ocrx_word' id='word_1_611' title='bbox 2214 4459 2507 4529; x_wconf 92' lang='lat' dir='ltr'><strong>plurimum</strong></span> <span class='ocrx_word' id='word_1_612' title='bbox 2538 4459 2646 4513; x_wconf 88' lang='lat' dir='ltr'><strong>illis</strong></span> <span class='ocrx_word' id='word_1_613' title='bbox 2685 4461 3067 4525; x_wconf 89' lang='lat' dir='ltr'><strong>commendat;</strong></span> <span class='ocrx_word' id='word_1_614' title='bbox 3111 4459 3320 4528; x_wconf 87' lang='lat' dir='ltr'><strong>eisque,</strong></span> <span class='ocrx_word' id='word_1_615' title='bbox 3347 4470 3401 4513; x_wconf 90' lang='lat' dir='ltr'><strong>et</strong></span> 
     </span>
    </p>
   </div>
   <div class='ocr_carea' id='block_1_90' title="bbox 177 4548 3398 4622">
    <p class='ocr_par' dir='ltr' id='par_1_90' title="bbox 177 4548 3398 4622">
     <span class='ocr_line' id='line_1_90' title="bbox 177 4548 3398 4622; baseline 0.002 -26"><span class='ocrx_word' id='word_1_616' title='bbox 177 4551 216 4594; x_wconf 75' lang='lat' dir='ltr'><strong>et</strong></span> <span class='ocrx_word' id='word_1_617' title='bbox 255 4548 612 4614; x_wconf 89' lang='lat' dir='ltr'><strong>apostolorum</strong></span> <span class='ocrx_word' id='word_1_618' title='bbox 661 4550 907 4604; x_wconf 91' lang='lat' dir='ltr'><strong>doctrina</strong></span> <span class='ocrx_word' id='word_1_619' title='bbox 982 4551 1294 4607; x_wconf 84' lang='lat' dir='ltr'><strong>firmissime</strong></span> <span class='ocrx_word' id='word_1_620' title='bbox 1340 4555 1712 4622; x_wconf 86' lang='lat' dir='ltr'><strong>stabiliantur,</strong></span> <span class='ocrx_word' id='word_1_621' title='bbox 1748 4555 1793 4613; x_wconf 93' lang='lat' dir='ltr'><strong>D</strong></span> <span class='ocrx_word' id='word_1_622' title='bbox 1821 4554 1958 4619; x_wconf 90' lang='lat' dir='ltr'><strong>suis,</strong></span> <span class='ocrx_word' id='word_1_623' title='bbox 1987 4561 2042 4606; x_wconf 94' lang='lat' dir='ltr'><strong>et</strong></span> <span class='ocrx_word' id='word_1_624' title='bbox 2071 4552 2342 4615; x_wconf 92' lang='lat' dir='ltr'><strong>omnium,</strong></span> <span class='ocrx_word' id='word_1_625' title='bbox 2381 4567 2501 4621; x_wconf 69' lang='lat' dir='ltr'><strong>quae</strong></span> <span class='ocrx_word' id='word_1_626' title='bbox 2533 4553 2615 4605; x_wconf 91' lang='lat' dir='ltr'><strong>vel</strong></span> <span class='ocrx_word' id='word_1_627' title='bbox 2644 4567 2767 4606; x_wconf 91' lang='lat' dir='ltr'><strong>eum</strong></span> <span class='ocrx_word' id='word_1_628' title='bbox 2799 4562 3149 4620; x_wconf 83' lang='lat' dir='ltr'><strong>exceperant,</strong></span> <span class='ocrx_word' id='word_1_629' title='bbox 3201 4553 3285 4605; x_wconf 93' lang='lat' dir='ltr'><strong>vel</strong></span> <span class='ocrx_word' id='word_1_630' title='bbox 3330 4553 3398 4605; x_wconf 88' lang='lat' dir='ltr'><strong>ad</strong></span> 
     </span>
    </p>
   </div>
   <div class='ocr_carea' id='block_1_91' title="bbox 176 4633 1719 4714">
    <p class='ocr_par' dir='ltr' id='par_1_91' title="bbox 176 4633 1719 4714">
     <span class='ocr_line' id='line_1_91' title="bbox 176 4633 1719 4714; baseline 0.012 -29"><span class='ocrx_word' id='word_1_631' title='bbox 176 4633 494 4709; x_wconf 77' lang='lat' dir='ltr'><strong>episeopoque</strong></span> <span class='ocrx_word' id='word_1_632' title='bbox 543 4655 650 4696; x_wconf 89' lang='lat' dir='ltr'><strong>suo</strong></span> <span class='ocrx_word' id='word_1_633' title='bbox 681 4657 886 4696; x_wconf 87' lang='lat' dir='ltr'><strong>morem</strong></span> <span class='ocrx_word' id='word_1_634' title='bbox 943 4658 1157 4713; x_wconf 90' lang='lat' dir='ltr'><strong>semper</strong></span> <span class='ocrx_word' id='word_1_635' title='bbox 1198 4657 1412 4714; x_wconf 85' lang='lat' dir='ltr'><strong>gerant,</strong></span> <span class='ocrx_word' id='word_1_636' title='bbox 1466 4647 1719 4703; x_wconf 85' lang='lat' dir='ltr'><strong>obsecrat</strong></span> 
     </span>
    </p>
   </div>
   <div class='ocr_carea' id='block_1_92' title="bbox 177 4724 1716 4804">
    <p class='ocr_par' dir='ltr' id='par_1_92' title="bbox 177 4724 1716 4804">
     <span class='ocr_line' id='line_1_92' title="bbox 177 4724 1716 4804; baseline 0.016 -34"><span class='ocrx_word' id='word_1_637' title='bbox 177 4724 569 4801; x_wconf 84' lang='lat' dir='ltr'><strong>obtestaturque.</strong></span> <span class='ocrx_word' id='word_1_638' title='bbox 605 4731 850 4803; x_wconf 89' lang='lat' dir='ltr'><strong>Denique</strong></span> <span class='ocrx_word' id='word_1_639' title='bbox 884 4735 968 4789; x_wconf 90' lang='lat' dir='ltr'><strong>sui</strong></span> <span class='ocrx_word' id='word_1_640' title='bbox 1002 4735 1196 4804; x_wconf 80' lang='lat' dir='ltr'><strong>ipsius,</strong></span> <span class='ocrx_word' id='word_1_641' title='bbox 1229 4745 1284 4791; x_wconf 91' lang='lat' dir='ltr'><strong>et</strong></span> <span class='ocrx_word' id='word_1_642' title='bbox 1322 4737 1577 4794; x_wconf 70' lang='lat' dir='ltr'><strong>Ecclesia:</strong></span> <span class='ocrx_word' id='word_1_643' title='bbox 1603 4756 1716 4795; x_wconf 74' lang='lat' dir='ltr'><strong>sua:</strong></span> 
     </span>
    </p>
   </div>
   <div class='ocr_carea' id='block_1_93' title="bbox 180 4814 1715 4900">
    <p class='ocr_par' dir='ltr' id='par_1_93' title="bbox 180 4814 1715 4900">
     <span class='ocr_line' id='line_1_93' title="bbox 180 4814 1715 4900; baseline 0.014 -34"><span class='ocrx_word' id='word_1_644' title='bbox 180 4814 484 4878; x_wconf 67' lang='lat' dir='ltr'><strong>Antiochense</strong></span> <span class='ocrx_word' id='word_1_645' title='bbox 529 4824 683 4879; x_wconf 85' lang='lat' dir='ltr'><strong>brevi</strong></span> <span class='ocrx_word' id='word_1_646' title='bbox 741 4826 1216 4883; x_wconf 88' lang='lat' dir='ltr'><strong>commendatione</strong></span> <span class='ocrx_word' id='word_1_647' title='bbox 1267 4829 1468 4884; x_wconf 89' lang='lat' dir='ltr'><strong>claudit</strong></span> <span class='ocrx_word' id='word_1_648' title='bbox 1509 4832 1715 4900; x_wconf 90' lang='lat' dir='ltr'><strong>episto-</strong></span> 
     </span>
    </p>
   </div>
   <div class='ocr_carea' id='block_1_94' title="bbox 179 4902 278 4962">
    <p class='ocr_par' dir='ltr' id='par_1_94' title="bbox 179 4902 278 4962">
     <span class='ocr_line' id='line_1_94' title="bbox 179 4902 278 4962; baseline 0.04 -4"><span class='ocrx_word' id='word_1_649' title='bbox 179 4902 278 4962; x_wconf 74' lang='lat' dir='ltr'><strong>lam.</strong></span> 
     </span>
    </p>
   </div>
   <div class='ocr_carea' id='block_1_95' title="bbox 225 4993 1711 5077">
    <p class='ocr_par' dir='ltr' id='par_1_95' title="bbox 225 4993 1711 5077">
     <span class='ocr_line' id='line_1_95' title="bbox 225 4993 1711 5077; baseline 0.011 -28"><span class='ocrx_word' id='word_1_650' title='bbox 225 4993 384 5055; x_wconf 83' lang='lat' dir='ltr'><strong>Tertia</strong></span> <span class='ocrx_word' id='word_1_651' title='bbox 437 5004 505 5058; x_wconf 93' lang='lat' dir='ltr'><strong>ad</strong></span> <span class='ocrx_word' id='word_1_652' title='bbox 538 5003 840 5060; x_wconf 86' lang='lat' dir='ltr'><strong>Ecclesiam</strong></span> <span class='ocrx_word' id='word_1_653' title='bbox 871 5006 1205 5062; x_wconf 89' lang='lat' dir='ltr'><strong>Trallcnsem</strong></span> <span class='ocrx_word' id='word_1_654' title='bbox 1240 5010 1308 5064; x_wconf 87' lang='lat' dir='ltr'><strong>ab</strong></span> <span class='ocrx_word' id='word_1_655' title='bbox 1335 5025 1401 5065; x_wconf 91' lang='lat' dir='ltr'><strong>eo</strong></span> <span class='ocrx_word' id='word_1_656' title='bbox 1431 5012 1558 5066; x_wconf 88' lang='lat' dir='ltr'><strong>data</strong></span> <span class='ocrx_word' id='word_1_657' title='bbox 1607 5020 1711 5077; x_wconf 92' lang='lat' dir='ltr'><strong>est,</strong></span> 
     </span>
    </p>
   </div>
   <div class='ocr_carea' id='block_1_96' title="bbox 179 5097 1713 5173">
    <p class='ocr_par' dir='ltr' id='par_1_96' title="bbox 179 5097 1713 5173">
     <span class='ocr_line' id='line_1_96' title="bbox 179 5097 1713 5173; baseline 0.001 -19"><span class='ocrx_word' id='word_1_658' title='bbox 179 5099 419 5161; x_wconf 73' lang='lat' dir='ltr'><strong>Postquam</strong></span> <span class='ocrx_word' id='word_1_659' title='bbox 446 5113 546 5167; x_wconf 90' lang='lat' dir='ltr'><strong>per</strong></span> <span class='ocrx_word' id='word_1_660' title='bbox 572 5097 860 5169; x_wconf 84' lang='lat' dir='ltr'><strong>Polybium</strong></span> <span class='ocrx_word' id='word_1_661' title='bbox 896 5100 1144 5168; x_wconf 89' lang='lat' dir='ltr'><strong>ejusdem</strong></span> <span class='ocrx_word' id='word_1_662' title='bbox 1199 5101 1458 5157; x_wconf 74' lang='lat' dir='ltr'><strong>Ecclesiae</strong></span> <span class='ocrx_word' id='word_1_663' title='bbox 1503 5105 1713 5173; x_wconf 85' lang='lat' dir='ltr'><strong>episco-</strong></span> 
     </span>
    </p>
   </div>
   <div class='ocr_carea' id='block_1_97' title="bbox 181 5181 1712 5261">
    <p class='ocr_par' dir='ltr' id='par_1_97' title="bbox 181 5181 1712 5261">
     <span class='ocr_line' id='line_1_97' title="bbox 181 5181 1712 5261; baseline 0.01 -27"><span class='ocrx_word' id='word_1_664' title='bbox 181 5188 298 5243; x_wconf 73' lang='lat' dir='ltr'><strong>pum,</strong></span> <span class='ocrx_word' id='word_1_665' title='bbox 322 5181 384 5234; x_wconf 78' lang='lat' dir='ltr'><strong>ad</strong></span> <span class='ocrx_word' id='word_1_666' title='bbox 416 5200 473 5238; x_wconf 91' lang='lat' dir='ltr'><strong>se</strong></span> <span class='ocrx_word' id='word_1_667' title='bbox 500 5186 572 5239; x_wconf 90' lang='lat' dir='ltr'><strong>ab</strong></span> <span class='ocrx_word' id='word_1_668' title='bbox 622 5201 685 5240; x_wconf 88' lang='lat' dir='ltr'><strong>ea</strong></span> <span class='ocrx_word' id='word_1_669' title='bbox 741 5187 992 5252; x_wconf 91' lang='lat' dir='ltr'><strong>missum,</strong></span> <span class='ocrx_word' id='word_1_670' title='bbox 1041 5201 1191 5244; x_wconf 90' lang='lat' dir='ltr'><strong>certo</strong></span> <span class='ocrx_word' id='word_1_671' title='bbox 1219 5194 1518 5261; x_wconf 87' lang='lat' dir='ltr'><strong>accepisset</strong></span> <span class='ocrx_word' id='word_1_672' title='bbox 1553 5193 1712 5248; x_wconf 87' lang='lat' dir='ltr'><strong>Tral-</strong></span> 
     </span>
    </p>
   </div>
   <div class='ocr_carea' id='block_1_98' title="bbox 179 5263 1715 5351">
    <p class='ocr_par' dir='ltr' id='par_1_98' title="bbox 179 5263 1715 5351">
     <span class='ocr_line' id='line_1_98' title="bbox 179 5263 1715 5351; baseline 0.012 -27"><span class='ocrx_word' id='word_1_673' title='bbox 179 5263 321 5326; x_wconf 68' lang='lat' dir='ltr'><strong>lt‘nses</strong></span> <span class='ocrx_word' id='word_1_674' title='bbox 345 5272 686 5331; x_wconf 88' lang='lat' dir='ltr'><strong>Christianos</strong></span> <span class='ocrx_word' id='word_1_675' title='bbox 729 5278 1060 5349; x_wconf 89' lang='lat' dir='ltr'><strong>inculpatam</strong></span> <span class='ocrx_word' id='word_1_676' title='bbox 1114 5292 1352 5338; x_wconf 89' lang='lat' dir='ltr'><strong>mentem</strong></span> <span class='ocrx_word' id='word_1_677' title='bbox 1409 5285 1630 5351; x_wconf 87' lang='lat' dir='ltr'><strong>habere,</strong></span> <span class='ocrx_word' id='word_1_678' title='bbox 1662 5299 1715 5344; x_wconf 92' lang='lat' dir='ltr'><strong>et</strong></span> 
     </span>
    </p>
   </div>
   <div class='ocr_carea' id='block_1_99' title="bbox 181 5358 1712 5443">
    <p class='ocr_par' dir='ltr' id='par_1_99' title="bbox 181 5358 1712 5443">
     <span class='ocr_line' id='line_1_99' title="bbox 181 5358 1712 5443; baseline 0.012 -29"><span class='ocrx_word' id='word_1_679' title='bbox 181 5358 564 5432; x_wconf 88' lang='lat' dir='ltr'><strong>insuperabilem</strong></span> <span class='ocrx_word' id='word_1_680' title='bbox 618 5371 672 5424; x_wconf 93' lang='lat' dir='ltr'><strong>in</strong></span> <span class='ocrx_word' id='word_1_681' title='bbox 703 5373 986 5440; x_wconf 87' lang='lat' dir='ltr'><strong>patientia,</strong></span> <span class='ocrx_word' id='word_1_682' title='bbox 1028 5389 1236 5443; x_wconf 88' lang='lat' dir='ltr'><strong>eosque</strong></span> <span class='ocrx_word' id='word_1_683' title='bbox 1291 5392 1418 5430; x_wconf 89' lang='lat' dir='ltr'><strong>vere</strong></span> <span class='ocrx_word' id='word_1_684' title='bbox 1466 5392 1590 5432; x_wconf 89' lang='lat' dir='ltr'><strong>esse</strong></span> <span class='ocrx_word' id='word_1_685' title='bbox 1618 5378 1712 5432; x_wconf 91' lang='lat' dir='ltr'><strong>Dei</strong></span> 
     </span>
    </p>
   </div>
   <div class='ocr_carea' id='block_1_100' title="bbox 180 5449 1708 5538">
    <p class='ocr_par' dir='ltr' id='par_1_100' title="bbox 180 5449 1708 5538">
     <span class='ocr_line' id='line_1_100' title="bbox 180 5449 1708 5538; baseline 0.016 -36"><span class='ocrx_word' id='word_1_686' title='bbox 180 5449 456 5514; x_wconf 89' lang='lat' dir='ltr'><strong>imitatores.</strong></span> <span class='ocrx_word' id='word_1_687' title='bbox 491 5460 586 5515; x_wconf 90' lang='lat' dir='ltr'><strong>llle</strong></span> <span class='ocrx_word' id='word_1_688' title='bbox 628 5465 772 5516; x_wconf 89' lang='lat' dir='ltr'><strong>enim</strong></span> <span class='ocrx_word' id='word_1_689' title='bbox 819 5465 906 5519; x_wconf 89' lang='lat' dir='ltr'><strong>his</strong></span> <span class='ocrx_word' id='word_1_690' title='bbox 935 5467 1143 5520; x_wconf 89' lang='lat' dir='ltr'><strong>nuntiis</strong></span> <span class='ocrx_word' id='word_1_691' title='bbox 1182 5468 1382 5537; x_wconf 87' lang='lat' dir='ltr'><strong>gaudio</strong></span> <span class='ocrx_word' id='word_1_692' title='bbox 1434 5469 1708 5538; x_wconf 88' lang='lat' dir='ltr'><strong>perfusus,</strong></span> 
     </span>
    </p>
   </div>
   <div class='ocr_carea' id='block_1_101' title="bbox 181 5542 1715 5626">
    <p class='ocr_par' dir='ltr' id='par_1_101' title="bbox 181 5542 1715 5626">
     <span class='ocr_line' id='line_1_101' title="bbox 181 5542 1715 5626; baseline 0.014 -31"><span class='ocrx_word' id='word_1_693' title='bbox 181 5542 291 5602; x_wconf 81' lang='lat' dir='ltr'><strong>hanc</strong></span> <span class='ocrx_word' id='word_1_694' title='bbox 318 5553 530 5621; x_wconf 90' lang='lat' dir='ltr'><strong>scripsit</strong></span> <span class='ocrx_word' id='word_1_695' title='bbox 560 5555 845 5624; x_wconf 86' lang='lat' dir='ltr'><strong>epistolam</strong></span> <span class='ocrx_word' id='word_1_696' title='bbox 867 5598 881 5619; x_wconf 91' lang='lat'><strong>,</strong></span> <span class='ocrx_word' id='word_1_697' title='bbox 909 5573 1018 5626; x_wconf 92' lang='lat' dir='ltr'><strong>qua</strong></span> <span class='ocrx_word' id='word_1_698' title='bbox 1048 5557 1130 5612; x_wconf 88' lang='lat' dir='ltr'><strong>eis</strong></span> <span class='ocrx_word' id='word_1_699' title='bbox 1155 5559 1221 5613; x_wconf 83' lang='lat' dir='ltr'><strong>de</strong></span> <span class='ocrx_word' id='word_1_700' title='bbox 1256 5567 1333 5614; x_wconf 93' lang='lat' dir='ltr'><strong>tot</strong></span> <span class='ocrx_word' id='word_1_701' title='bbox 1363 5563 1579 5616; x_wconf 84' lang='lat' dir='ltr'><strong>eximiis</strong></span> <span class='ocrx_word' id='word_1_702' title='bbox 1603 5563 1715 5616; x_wconf 87' lang='lat' dir='ltr'><strong>vir-</strong></span> 
     </span>
    </p>
   </div>
   <div class='ocr_carea' id='block_1_102' title="bbox 179 5637 1710 5723">
    <p class='ocr_par' dir='ltr' id='par_1_102' title="bbox 179 5637 1710 5723">
     <span class='ocr_line' id='line_1_102' title="bbox 179 5637 1710 5723; baseline 0.015 -37"><span class='ocrx_word' id='word_1_703' title='bbox 179 5637 348 5696; x_wconf 79' lang='lat' dir='ltr'><strong>tutibus</strong></span> <span class='ocrx_word' id='word_1_704' title='bbox 375 5645 669 5712; x_wconf 90' lang='lat' dir='ltr'><strong>plurimum</strong></span> <span class='ocrx_word' id='word_1_705' title='bbox 703 5649 1028 5718; x_wconf 87' lang='lat' dir='ltr'><strong>gratulatus,</strong></span> <span class='ocrx_word' id='word_1_706' title='bbox 1057 5651 1276 5705; x_wconf 90' lang='lat' dir='ltr'><strong>eosdem</strong></span> <span class='ocrx_word' id='word_1_707' title='bbox 1304 5663 1362 5705; x_wconf 92' lang='lat' dir='ltr'><strong>ut</strong></span> <span class='ocrx_word' id='word_1_708' title='bbox 1390 5653 1710 5723; x_wconf 88' lang='lat' dir='ltr'><strong>episcopum</strong></span> 
     </span>
    </p>
   </div>
   <div class='ocr_carea' id='block_1_103' title="bbox 180 5728 1712 5809">
    <p class='ocr_par' dir='ltr' id='par_1_103' title="bbox 180 5728 1712 5809">
     <span class='ocr_line' id='line_1_103' title="bbox 180 5728 1712 5809; baseline 0.017 -34"><span class='ocrx_word' id='word_1_709' title='bbox 180 5728 439 5791; x_wconf 78' lang='lat' dir='ltr'><strong>obedientia</strong></span> <span class='ocrx_word' id='word_1_710' title='bbox 474 5779 488 5803; x_wconf 92' lang='lat'><strong>,</strong></span> <span class='ocrx_word' id='word_1_711' title='bbox 548 5740 894 5809; x_wconf 87' lang='lat' dir='ltr'><strong>presbyteros</strong></span> <span class='ocrx_word' id='word_1_712' title='bbox 947 5743 1294 5797; x_wconf 88' lang='lat' dir='ltr'><strong>veneratione</strong></span> <span class='ocrx_word' id='word_1_713' title='bbox 1317 5785 1330 5808; x_wconf 92' lang='lat'><strong>,</strong></span> <span class='ocrx_word' id='word_1_714' title='bbox 1364 5745 1712 5801; x_wconf 77' lang='lat' dir='ltr'><strong>observantia</strong></span> 
     </span>
    </p>
   </div>
   <div class='ocr_carea' id='block_1_104' title="bbox 178 5814 1712 5900">
    <p class='ocr_par' dir='ltr' id='par_1_104' title="bbox 178 5814 1712 5900">
     <span class='ocr_line' id='line_1_104' title="bbox 178 5814 1712 5900; baseline 0.015 -31"><span class='ocrx_word' id='word_1_715' title='bbox 178 5814 399 5882; x_wconf 76' lang='lat' dir='ltr'><strong>diaconos</strong></span> <span class='ocrx_word' id='word_1_716' title='bbox 451 5839 876 5900; x_wconf 89' lang='lat' dir='ltr'><strong>prosequantur,</strong></span> <span class='ocrx_word' id='word_1_717' title='bbox 931 5833 1104 5887; x_wconf 79' lang='lat' dir='ltr'><strong>amice</strong></span> <span class='ocrx_word' id='word_1_718' title='bbox 1156 5843 1357 5889; x_wconf 87' lang='lat' dir='ltr'><strong>monet.</strong></span> <span class='ocrx_word' id='word_1_719' title='bbox 1411 5835 1605 5891; x_wconf 89' lang='lat' dir='ltr'><strong>Subdit</strong></span> <span class='ocrx_word' id='word_1_720' title='bbox 1655 5853 1712 5892; x_wconf 89' lang='lat' dir='ltr'><strong>se</strong></span> 
     </span>
    </p>
   </div>
   <div class='ocr_carea' id='block_1_105' title="bbox 1820 4641 3395 4712">
    <p class='ocr_par' dir='ltr' id='par_1_105' title="bbox 1820 4641 3395 4712">
     <span class='ocr_line' id='line_1_105' title="bbox 1820 4641 3395 4712; baseline -0.002 -14"><span class='ocrx_word' id='word_1_721' title='bbox 1820 4660 1946 4698; x_wconf 90' lang='lat' dir='ltr'><strong>eum</strong></span> <span class='ocrx_word' id='word_1_722' title='bbox 2002 4643 2349 4698; x_wconf 91' lang='lat' dir='ltr'><strong>invisendum</strong></span> <span class='ocrx_word' id='word_1_723' title='bbox 2403 4644 2620 4712; x_wconf 86' lang='lat' dir='ltr'><strong>aliquos</strong></span> <span class='ocrx_word' id='word_1_724' title='bbox 2673 4641 2958 4708; x_wconf 88' lang='lat' dir='ltr'><strong>miserant,</strong></span> <span class='ocrx_word' id='word_1_725' title='bbox 3023 4641 3395 4697; x_wconf 83' lang='lat' dir='ltr'><strong>Ecclesiarum</strong></span> 
     </span>
    </p>
   </div>
   <div class='ocr_carea' id='block_1_106' title="bbox 1819 4735 3396 4807">
    <p class='ocr_par' dir='ltr' id='par_1_106' title="bbox 1819 4735 3396 4807">
     <span class='ocr_line' id='line_1_106' title="bbox 1819 4735 3396 4807; baseline -0.001 -17"><span class='ocrx_word' id='word_1_726' title='bbox 1819 4737 2002 4792; x_wconf 89' lang='lat' dir='ltr'><strong>verbis</strong></span> <span class='ocrx_word' id='word_1_727' title='bbox 2027 4737 2320 4807; x_wconf 90' lang='lat' dir='ltr'><strong>plurimam</strong></span> <span class='ocrx_word' id='word_1_728' title='bbox 2366 4736 2599 4790; x_wconf 90' lang='lat' dir='ltr'><strong>salutem</strong></span> <span class='ocrx_word' id='word_1_729' title='bbox 2640 4735 2828 4789; x_wconf 91' lang='lat' dir='ltr'><strong>mittit.</strong></span> <span class='ocrx_word' id='word_1_730' title='bbox 2862 4735 3106 4805; x_wconf 87' lang='lat' dir='ltr'><strong>Denique</strong></span> <span class='ocrx_word' id='word_1_731' title='bbox 3134 4736 3396 4790; x_wconf 80' lang='lat' dir='ltr'><strong>charissi-</strong></span> 
     </span>
    </p>
   </div>
   <div class='ocr_carea' id='block_1_107' title="bbox 1819 4828 3398 4898">
    <p class='ocr_par' dir='ltr' id='par_1_107' title="bbox 1819 4828 3398 4898">
     <span class='ocr_line' id='line_1_107' title="bbox 1819 4828 3398 4898; baseline -0.001 -15"><span class='ocrx_word' id='word_1_732' title='bbox 1819 4845 1969 4883; x_wconf 93' lang='lat' dir='ltr'><strong>mum</strong></span> <span class='ocrx_word' id='word_1_733' title='bbox 1999 4845 2158 4885; x_wconf 90' lang='lat' dir='ltr'><strong>suum</strong></span> <span class='ocrx_word' id='word_1_734' title='bbox 2188 4828 2424 4883; x_wconf 91' lang='lat' dir='ltr'><strong>Crocum</strong></span> <span class='ocrx_word' id='word_1_735' title='bbox 2457 4828 2522 4882; x_wconf 84' lang='lat' dir='ltr'><strong>ad</strong></span> <span class='ocrx_word' id='word_1_736' title='bbox 2557 4843 2615 4883; x_wconf 92' lang='lat' dir='ltr'><strong>se</strong></span> <span class='ocrx_word' id='word_1_737' title='bbox 2634 4829 2947 4898; x_wconf 88' lang='lat' dir='ltr'><strong>pervenisse</strong></span> <span class='ocrx_word' id='word_1_738' title='bbox 2971 4829 3206 4893; x_wconf 85' lang='lat' dir='ltr'><strong>nuntiat,</strong></span> <span class='ocrx_word' id='word_1_739' title='bbox 3235 4837 3398 4898; x_wconf 88' lang='lat' dir='ltr'><strong>atque</strong></span> 
     </span>
    </p>
   </div>
   <div class='ocr_carea' id='block_1_108' title="bbox 1818 4919 3396 4992">
    <p class='ocr_par' dir='ltr' id='par_1_108' title="bbox 1818 4919 3396 4992">
     <span class='ocr_line' id='line_1_108' title="bbox 1818 4919 3396 4992; baseline -0.002 -17"><span class='ocrx_word' id='word_1_740' title='bbox 1818 4930 1879 4975; x_wconf 89' lang='lat' dir='ltr'><strong>ut</strong></span> <span class='ocrx_word' id='word_1_741' title='bbox 1901 4921 2075 4990; x_wconf 88' lang='lat' dir='ltr'><strong>iisqui</strong></span> <span class='ocrx_word' id='word_1_742' title='bbox 2117 4937 2182 4974; x_wconf 82' lang='lat' dir='ltr'><strong>ex</strong></span> <span class='ocrx_word' id='word_1_743' title='bbox 2214 4919 2369 4992; x_wconf 84' lang='lat' dir='ltr'><strong>Syria</strong></span> <span class='ocrx_word' id='word_1_744' title='bbox 2416 4920 2646 4975; x_wconf 82' lang='lat' dir='ltr'><strong>Romam</strong></span> <span class='ocrx_word' id='word_1_745' title='bbox 2674 4929 2956 4983; x_wconf 90' lang='lat' dir='ltr'><strong>venerant,</strong></span> <span class='ocrx_word' id='word_1_746' title='bbox 2979 4921 3231 4974; x_wconf 89' lang='lat' dir='ltr'><strong>eumdem</strong></span> <span class='ocrx_word' id='word_1_747' title='bbox 3265 4919 3396 4974; x_wconf 90' lang='lat' dir='ltr'><strong>Cro-</strong></span> 
     </span>
    </p>
   </div>
   <div class='ocr_carea' id='block_1_109' title="bbox 1817 5013 3396 5083">
    <p class='ocr_par' dir='ltr' id='par_1_109' title="bbox 1817 5013 3396 5083">
     <span class='ocr_line' id='line_1_109' title="bbox 1817 5013 3396 5083; baseline -0.001 -15"><span class='ocrx_word' id='word_1_748' title='bbox 1817 5014 1865 5068; x_wconf 90' lang='lat' dir='ltr'><strong>ci</strong></span> <span class='ocrx_word' id='word_1_749' title='bbox 1896 5013 2210 5079; x_wconf 90' lang='lat' dir='ltr'><strong>adventum,</strong></span> <span class='ocrx_word' id='word_1_750' title='bbox 2242 5030 2409 5082; x_wconf 89' lang='lat' dir='ltr'><strong>seque</strong></span> <span class='ocrx_word' id='word_1_751' title='bbox 2446 5030 2542 5072; x_wconf 89' lang='lat' dir='ltr'><strong>eos</strong></span> <span class='ocrx_word' id='word_1_752' title='bbox 2569 5015 2722 5070; x_wconf 89' lang='lat' dir='ltr'><strong>brevi</strong></span> <span class='ocrx_word' id='word_1_753' title='bbox 2750 5023 3147 5068; x_wconf 85' lang='lat' dir='ltr'><strong>conventurum</strong></span> <span class='ocrx_word' id='word_1_754' title='bbox 3183 5013 3396 5083; x_wconf 78' lang='lat' dir='ltr'><strong>signifi-</strong></span> 
     </span>
    </p>
   </div>
   <div class='ocr_carea' id='block_1_110' title="bbox 1817 5103 2903 5173">
    <p class='ocr_par' dir='ltr' id='par_1_110' title="bbox 1817 5103 2903 5173">
     <span class='ocr_line' id='line_1_110' title="bbox 1817 5103 2903 5173; baseline 0 -17"><span class='ocrx_word' id='word_1_755' title='bbox 1817 5111 2024 5167; x_wconf 89' lang='lat' dir='ltr'><strong>carent,</strong></span> <span class='ocrx_word' id='word_1_756' title='bbox 2061 5103 2223 5156; x_wconf 90' lang='lat' dir='ltr'><strong>etiam</strong></span> <span class='ocrx_word' id='word_1_757' title='bbox 2252 5112 2417 5172; x_wconf 90' lang='lat' dir='ltr'><strong>atque</strong></span> <span class='ocrx_word' id='word_1_758' title='bbox 2441 5104 2602 5157; x_wconf 89' lang='lat' dir='ltr'><strong>etiam</strong></span> <span class='ocrx_word' id='word_1_759' title='bbox 2629 5111 2903 5173; x_wconf 90' lang='lat' dir='ltr'><strong>precatur.</strong></span> 
     </span>
    </p>
   </div>
   <div class='ocr_carea' id='block_1_111' title="bbox 1888 5193 3390 5266">
    <p class='ocr_par' dir='ltr' id='par_1_111' title="bbox 1888 5193 3390 5266">
     <span class='ocr_line' id='line_1_111' title="bbox 1888 5193 3390 5266; baseline -0.001 -19"><span class='ocrx_word' id='word_1_760' title='bbox 1888 5195 2127 5266; x_wconf 86' lang='lat' dir='ltr'><strong>lgnatius</strong></span> <span class='ocrx_word' id='word_1_761' title='bbox 2160 5196 2246 5249; x_wconf 89' lang='lat' dir='ltr'><strong>his</strong></span> <span class='ocrx_word' id='word_1_762' title='bbox 2264 5205 2500 5265; x_wconf 89' lang='lat' dir='ltr'><strong>quatuor</strong></span> <span class='ocrx_word' id='word_1_763' title='bbox 2527 5195 2722 5249; x_wconf 90' lang='lat' dir='ltr'><strong>litteris</strong></span> <span class='ocrx_word' id='word_1_764' title='bbox 2748 5193 2996 5264; x_wconf 66' lang='lat' dir='ltr'><strong>Smyrnae</strong></span> <span class='ocrx_word' id='word_1_765' title='bbox 3047 5193 3390 5261; x_wconf 84' lang='lat' dir='ltr'><strong>obsignatis,</strong></span> 
     </span>
    </p>
   </div>
   <div class='ocr_carea' id='block_1_112' title="bbox 1817 5285 3394 5357">
    <p class='ocr_par' dir='ltr' id='par_1_112' title="bbox 1817 5285 3394 5357">
     <span class='ocr_line' id='line_1_112' title="bbox 1817 5285 3394 5357; baseline 0 -16"><span class='ocrx_word' id='word_1_766' title='bbox 1817 5289 1942 5342; x_wconf 91' lang='lat' dir='ltr'><strong>inde</strong></span> <span class='ocrx_word' id='word_1_767' title='bbox 1969 5288 2209 5353; x_wconf 90' lang='lat' dir='ltr'><strong>solvens,</strong></span> <span class='ocrx_word' id='word_1_768' title='bbox 2241 5289 2449 5357; x_wconf 89' lang='lat' dir='ltr'><strong>appulit</strong></span> <span class='ocrx_word' id='word_1_769' title='bbox 2477 5286 2771 5352; x_wconf 86' lang='lat' dir='ltr'><strong>Troadem,</strong></span> <span class='ocrx_word' id='word_1_770' title='bbox 2809 5287 2899 5341; x_wconf 91' lang='lat' dir='ltr'><strong>ubi</strong></span> <span class='ocrx_word' id='word_1_771' title='bbox 2935 5297 3046 5341; x_wconf 76' lang='lat' dir='ltr'><strong>tres</strong></span> <span class='ocrx_word' id='word_1_772' title='bbox 3070 5285 3228 5350; x_wconf 90' lang='lat' dir='ltr'><strong>alias,</strong></span> <span class='ocrx_word' id='word_1_773' title='bbox 3256 5302 3394 5354; x_wconf 87' lang='lat' dir='ltr'><strong>qua-</strong></span> 
     </span>
    </p>
   </div>
   <div class='ocr_carea' id='block_1_113' title="bbox 1817 5378 3389 5448">
    <p class='ocr_par' dir='ltr' id='par_1_113' title="bbox 1817 5378 3389 5448">
     <span class='ocr_line' id='line_1_113' title="bbox 1817 5378 3389 5448; baseline -0.001 -16"><span class='ocrx_word' id='word_1_774' title='bbox 1817 5395 1938 5433; x_wconf 92' lang='lat' dir='ltr'><strong>rum</strong></span> <span class='ocrx_word' id='word_1_775' title='bbox 1965 5379 2136 5448; x_wconf 90' lang='lat' dir='ltr'><strong>prima</strong></span> <span class='ocrx_word' id='word_1_776' title='bbox 2162 5379 2228 5432; x_wconf 87' lang='lat' dir='ltr'><strong>ad</strong></span> <span class='ocrx_word' id='word_1_777' title='bbox 2264 5378 2767 5448; x_wconf 86' lang='lat' dir='ltr'><strong>Philadelphienses</strong></span> <span class='ocrx_word' id='word_1_778' title='bbox 2797 5379 2998 5446; x_wconf 84' lang='lat' dir='ltr'><strong>scripta</strong></span> <span class='ocrx_word' id='word_1_779' title='bbox 3057 5388 3160 5442; x_wconf 87' lang='lat' dir='ltr'><strong>est,</strong></span> <span class='ocrx_word' id='word_1_780' title='bbox 3201 5392 3389 5430; x_wconf 84' lang='lat' dir='ltr'><strong>exara-</strong></span> 
     </span>
    </p>
   </div>
   <div class='ocr_carea' id='block_1_114' title="bbox 1817 5468 3376 5536">
    <p class='ocr_par' dir='ltr' id='par_1_114' title="bbox 1817 5468 3376 5536">
     <span class='ocr_line' id='line_1_114' title="bbox 1817 5468 3376 5536; baseline -0.004 -11"><span class='ocrx_word' id='word_1_781' title='bbox 1817 5473 1912 5526; x_wconf 84' lang='lat' dir='ltr'><strong>vit.</strong></span> <span class='ocrx_word' id='word_1_782' title='bbox 1948 5470 2098 5525; x_wconf 81' lang='lat' dir='ltr'><strong>lianc</strong></span> <span class='ocrx_word' id='word_1_783' title='bbox 2121 5471 2338 5525; x_wconf 83' lang='lat' dir='ltr'><strong>inchoat</strong></span> <span class='ocrx_word' id='word_1_784' title='bbox 2370 5486 2398 5524; x_wconf 88' lang='lat' dir='ltr'><strong>a</strong></span> <span class='ocrx_word' id='word_1_785' title='bbox 2431 5470 2686 5524; x_wconf 88' lang='lat' dir='ltr'><strong>laudibus</strong></span> <span class='ocrx_word' id='word_1_786' title='bbox 2713 5470 2888 5524; x_wconf 89' lang='lat' dir='ltr'><strong>sancti</strong></span> <span class='ocrx_word' id='word_1_787' title='bbox 2932 5471 3248 5524; x_wconf 77' lang='lat' dir='ltr'><strong>eorunnlem</strong></span> <span class='ocrx_word' id='word_1_788' title='bbox 3274 5468 3376 5536; x_wconf 89' lang='lat' dir='ltr'><strong>epi-</strong></span> 
     </span>
    </p>
   </div>
   <div class='ocr_carea' id='block_1_115' title="bbox 1817 5560 3383 5631">
    <p class='ocr_par' dir='ltr' id='par_1_115' title="bbox 1817 5560 3383 5631">
     <span class='ocr_line' id='line_1_115' title="bbox 1817 5560 3383 5631; baseline -0.003 -15"><span class='ocrx_word' id='word_1_789' title='bbox 1817 5562 1990 5631; x_wconf 87' lang='lat' dir='ltr'><strong>scopi,</strong></span> <span class='ocrx_word' id='word_1_790' title='bbox 2027 5561 2185 5630; x_wconf 87' lang='lat' dir='ltr'><strong>cujus</strong></span> <span class='ocrx_word' id='word_1_791' title='bbox 2209 5561 2448 5615; x_wconf 89' lang='lat' dir='ltr'><strong>divinam</strong></span> <span class='ocrx_word' id='word_1_792' title='bbox 2492 5561 2558 5615; x_wconf 89' lang='lat' dir='ltr'><strong>ad</strong></span> <span class='ocrx_word' id='word_1_793' title='bbox 2592 5561 2967 5630; x_wconf 89' lang='lat' dir='ltr'><strong>episcopatum</strong></span> <span class='ocrx_word' id='word_1_794' title='bbox 3022 5560 3383 5622; x_wconf 60' lang='lat' dir='ltr'><strong>vocationem,</strong></span> 
     </span>
    </p>
   </div>
   <div class='ocr_carea' id='block_1_116' title="bbox 1817 5648 3386 5721">
    <p class='ocr_par' dir='ltr' id='par_1_116' title="bbox 1817 5648 3386 5721">
     <span class='ocr_line' id='line_1_116' title="bbox 1817 5648 3386 5721; baseline -0.004 -15"><span class='ocrx_word' id='word_1_795' title='bbox 1817 5652 2180 5716; x_wconf 83' lang='lat' dir='ltr'><strong>modestiam,</strong></span> <span class='ocrx_word' id='word_1_796' title='bbox 2235 5652 2481 5721; x_wconf 89' lang='lat' dir='ltr'><strong>aliasque</strong></span> <span class='ocrx_word' id='word_1_797' title='bbox 2539 5651 2766 5706; x_wconf 88' lang='lat' dir='ltr'><strong>virtutes</strong></span> <span class='ocrx_word' id='word_1_798' title='bbox 2811 5649 2916 5706; x_wconf 90' lang='lat' dir='ltr'><strong>sibi</strong></span> <span class='ocrx_word' id='word_1_799' title='bbox 2968 5648 3386 5702; x_wconf 83' lang='lat' dir='ltr'><strong>admirationem</strong></span> 
     </span>
    </p>
   </div>
   <div class='ocr_carea' id='block_1_117' title="bbox 1819 5744 3391 5813">
    <p class='ocr_par' dir='ltr' id='par_1_117' title="bbox 1819 5744 3391 5813">
     <span class='ocr_line' id='line_1_117' title="bbox 1819 5744 3391 5813; baseline -0.001 -15"><span class='ocrx_word' id='word_1_800' title='bbox 1819 5746 2057 5800; x_wconf 89' lang='lat' dir='ltr'><strong>movisse</strong></span> <span class='ocrx_word' id='word_1_801' title='bbox 2096 5754 2346 5810; x_wconf 90' lang='lat' dir='ltr'><strong>testatus,</strong></span> <span class='ocrx_word' id='word_1_802' title='bbox 2389 5745 2512 5798; x_wconf 92' lang='lat' dir='ltr'><strong>illos</strong></span> <span class='ocrx_word' id='word_1_803' title='bbox 2539 5745 2605 5798; x_wconf 90' lang='lat' dir='ltr'><strong>ad</strong></span> <span class='ocrx_word' id='word_1_804' title='bbox 2629 5745 2702 5810; x_wconf 90' lang='lat' dir='ltr'><strong>ei,</strong></span> <span class='ocrx_word' id='word_1_805' title='bbox 2733 5747 2874 5800; x_wconf 88' lang='lat' dir='ltr'><strong>sicut</strong></span> <span class='ocrx_word' id='word_1_806' title='bbox 2897 5759 3026 5797; x_wconf 89' lang='lat' dir='ltr'><strong>oves</strong></span> <span class='ocrx_word' id='word_1_807' title='bbox 3055 5744 3283 5813; x_wconf 85' lang='lat' dir='ltr'><strong>pastori,</strong></span> <span class='ocrx_word' id='word_1_808' title='bbox 3333 5751 3391 5796; x_wconf 88' lang='lat' dir='ltr'><strong>ut</strong></span> 
     </span>
    </p>
   </div>
   <div class='ocr_carea' id='block_1_118' title="bbox 1820 5835 3362 5902">
    <p class='ocr_par' dir='ltr' id='par_1_118' title="bbox 1820 5835 3362 5902">
     <span class='ocr_line' id='line_1_118' title="bbox 1820 5835 3362 5902; baseline -0.004 -8"><span class='ocrx_word' id='word_1_809' title='bbox 1820 5837 2129 5896; x_wconf 87' lang='lat' dir='ltr'><strong>mortiferas</strong></span> <span class='ocrx_word' id='word_1_810' title='bbox 2159 5837 2421 5894; x_wconf 79' lang='lat' dir='ltr'><strong>doctrina:</strong></span> <span class='ocrx_word' id='word_1_811' title='bbox 2454 5852 2697 5894; x_wconf 75' lang='lat' dir='ltr'><strong>erronem</strong></span> <span class='ocrx_word' id='word_1_812' title='bbox 2727 5837 2923 5892; x_wconf 84' lang='lat' dir='ltr'><strong>herbas</strong></span> <span class='ocrx_word' id='word_1_813' title='bbox 2952 5835 3209 5902; x_wconf 76' lang='lat' dir='ltr'><strong>devitent,</strong></span> <span class='ocrx_word' id='word_1_814' title='bbox 3231 5835 3362 5891; x_wconf 83' lang='lat' dir='ltr'><strong>obse</strong></span> 
     </span>
    </p>
   </div>
  </div>
