3852 6206
393 334 494 390 173

1456 333 1516 394 8.
1559 338 1906 398 ICNATIISS.
1943 372 2012 383 —
2050 340 2582 399 PROLEGOMENA.

3532 345 3638 403 4⁵26

389 456 667 525 quendum
695 499 710 526 ,
745 459 934 516 sedulo
963 461 1232 515 hortatur.
1259 459 1398 514 Tum
1450 462 1713 516 continuo
1737 463 1965 534 subjun-
1993 471 2039 529 Α
2069 465 2179 520 sias
2206 464 2273 519 ad
2324 465 2474 519 illam
2514 463 2705 519 eadem
2736 462 2804 518 de
2847 477 3015 519 causa
3046 462 3417 521 'scribendnnt
3450 465 3639 519 horte-

390 550 469 618 git
499 567 660 606 nosse
691 568 750 606 se
780 568 874 608 eos
911 553 964 607 in
1007 555 1107 608 hac
1138 569 1353 623 semper
1393 552 1566 608 fuisse
1598 555 1910 611 obedientia
1943 576 1960 624 ;

389 641 486 696 sed
511 657 579 696 ne
601 643 670 697 ab
700 643 828 708 illis,
856 647 948 715 qui
980 645 1151 715 legem
1178 643 1381 716 Moysis
1411 661 1520 700 non
1553 655 1734 700 autem
1757 647 1966 706 Christi

2067 566 2175 624 tur,
2206 572 2300 626 per
2327 571 2495 627 quam
2525 563 2774 611 amanter
2793 556 3067 612 obsecrat.
3098 555 3342 628 Denique
3369 556 3640 612 Christia-

2067 651 2154 705 nis
2195 651 2455 705 omnibus
2488 649 2818 720 generatim,
2851 650 3180 720 quibusdam
3211 665 3340 706 vero
3379 651 3639 706 nomina-

391 734 716 789 servandam
738 751 860 791 esse
886 738 1155 792 docebant
1178 779 1194 804 ,
1233 749 1681 808 corrumpantur,
1713 755 1967 809 perseve-
2059 741 2164 797 tim
2193 741 2469 809 salutatis,
2499 741 2756 812 obsignat
2780 740 3086 810 epistolam.

392 825 626 880 rantiam
656 825 932 898 efﬂagitat.
968 827 1236 882 Memorat
1271 836 1454 884 autem
1507 844 1566 883 se
1595 845 1719 884 cum
1771 830 1839 885 ad
1869 845 1964 887 eos

391 914 722 982 divertisset,
783 919 1238 988 c0gnovissetque
1266 919 1410 988 apud
1451 919 1600 990 ipsos
1645 935 1769 975 esse
1797 937 1962 990 quos-

390 1003 540 1070 dam,
565 1007 658 1075 qui
691 1015 919 1063 eatenus
959 1007 1277 1080 Evangelio,
1329 1022 1603 1080 quatenus
1641 1012 1838 1082 priscis
1872 1027 1965 1067 eo-

391 1112 513 1150 rum
580 1101 899 1155 auctoribus
952 1113 1378 1157 consentanequ
1415 1113 1578 1170 esset,
1634 1105 1964 1160 credendum

391 1204 512 1245 esse
533 1195 942 1259 contenderent,
971 1202 1103 1248 tunc
1127 1195 1374 1249 eamdem
1431 1196 1538 1251 illis
1564 1197 1806 1252 suasisse
1837 1199 1970 1254 obe-

391 1281 676 1338 dientiam.
707 1283 826 1338 Jam
851 1300 982 1339 vero
1005 1300 1062 1339 se
1088 1301 1368 1356 nunquam
1394 1287 1481 1341 his
1513 1287 1847 1354 hominibus,
1872 1287 1969 1345 sed

391 1373 564 1440 cruci,
602 1377 794 1442 morti,
841 1378 1231 1432 resurrectioni
1273 1378 1502 1444 Christi,
1534 1390 1699 1450 atque
1726 1379 1972 1451 Evange-

392 1463 467 1518 lio
496 1481 525 1519 a
555 1466 834 1536 prophetis
886 1469 1272 1537 prauuntiato,
1319 1479 1580 1540 tanquam
1625 1475 1852 1527 omnino
1885 1472 1972 1526 in-

392 1567 666 1626 corrupta
691 1559 903 1612 veritati
932 1559 1092 1614 [idem
1142 1560 1458 1614 habiturum
1500 1561 1804 1631 proﬁtetur.
1845 1561 1972 1618 Illos

393 1647 589 1702 deinde
618 1660 824 1716 monet,
860 1660 920 1706 ut
950 1652 1015 1704 ad
1033 1649 1329 1707 Eeclesiam
1363 1652 1763 1708 Antiochenam
1787 1653 1975 1710 diaco-

394 1753 524 1793 num
559 1741 876 1810 quemdam,
932 1745 1015 1798 vel
1055 1745 1201 1800 sicut
1232 1746 1425 1801 vicina
1454 1748 1720 1814 ecclesia,
1761 1749 1974 1820 episco-

2681 902 2914 959 CAPUT
2965 903 3029 960 11.

2068 1028 2244 1067 ὙΛΒΙΕ
2301 1028 2638 1068 εειιιρτοκυι
2698 1029 2766 1069 DE
2816 1030 2904 1068 1118
2955 1029 3230 1071 ειηετοιιε
3286 1031 3638 1083 δεκτεκτιις

2141 1099 2369 1145 QU£DAI
2402 1099 2741 1137 OBSERVANDA
2781 1101 3238 1148 PRAEIITTUNTUR,
3283 1102 3352 1139 ΕΤ
3396 1103 3495 1150 ουΔ
3543 1103 3645 1140 ιε-

2142 1167 2318 1207 τηουο
2349 1169 2485 1207 νειιΑ
2516 1168 2811 1208 SENTENTIA
2844 1170 3302 1210 PBOPUGNABITUR.

2143 1265 2169 1335 ς
2196 1263 2237 1320 1.
2276 1263 2452 1319 Varia:
2483 1266 2798 1334 scriptorum
2826 1265 2888 1319 de
2918 1267 2982 1319 iis
3013 1267 3248 1335 epistolis
3277 1269 3568 1323 sententia.

2142 1375 2215 1432 De
2250 1377 2334 1432 his
2375 1390 2581 1446 septem
2614 1376 2862 1445 epistolis
2893 1387 3002 1430 tres
3051 1385 3180 1431 sunt
3225 1377 3456 1432 diversa
3502 1377 3646 1432 scri-

2070 1478 2289 1540 ptorum
2322 1469 2554 1538 hujusce
2587 1469 2764 1523 atatis
2790 1469 3095 1539 Opiniones.
3133 1467 3318 1523 Prima
3356 1479 3442 1524 est
3476 1468 3647 1523 Blon-

2071 1559 2231 1622 delli,
2283 1557 2469 1613 Dallai
2518 1558 2861 1628 aliorumque
2922 1557 3161 1628 plurium
3215 1556 3648 1630 Presbyteriana

2073 1649 2514 1718 Calvinianaque
2565 1657 2725 1704 secta
2755 1649 3063 1712 hominum,
3093 1649 3188 1718 qui
3224 1649 3344 1704 illas
3378 1658 3646 1719 tanquam

2075 1739 2299 1793 omnino
2332 1738 2690 1804 adulterinas,
2741 1737 2899 1792 ﬁctas
2941 1744 3108 1806 atque
3153 1735 3363 1807 lgnatio
3395 1736 3651 1806 supposi-

393 1847 546 1900 pum,
583 1848 645 1886 ac
677 1834 1044 1906 presbyteros,
1083 1837 1176 1906 qui
1201 1837 1268 1892 de
1300 1837 1510 1892 reddita
1543 1839 1591 1893 ei
1620 1855 1751 1908 pace
1781 1849 1966 1910 gratu-
1997 1837 2039 1894 Β
2067 1840 2151 1884 las
2182 1829 2490 1898 rePUdiamo
2533 1827 2604 1882 De
2641 1844 2704 1884 ea
2741 1841 2870 1882 νθτο
2900 1835 3057 1882 ἔειπε
3096 1841 3204 1895 qua
3232 1841 3327 1882 €33
3371 1827 3428 1880 ίη
3467 1827 3649 1880 lucem

393 1923 594 1988 lentur,
621 1925 877 1996 dirigant.
914 1926 1028 1982 Sub
1055 1929 1169 1984 hac
1217 1930 1289 1984 ob
1317 1927 1606 1984 Philonem
1654 1931 1970 1996 diaconum,

395 2013 568 2068 [leum
647 2025 702 2070 et
755 2017 1160 2088 Agathopodem
1214 2019 1606 2089 benignissime
1663 2020 1732 2074 ab
1766 2021 1848 2076 eis
1877 2037 1974 2076 ex-

393 2116 582 2176 cieptos
613 2109 814 2177 gratias
847 2110 975 2180 agit.
1013 2110 1256 2181 Denique
1282 2128 1378 2167 eos
1412 2111 1812 2167 Troadensium
1847 2129 1972 2168 ver-

342 2256 346 2262 ,
395 2198 478 2254 bis
509 2201 730 2264 salutat,
771 2213 1030 2273 optatque
1062 2213 1120 2257 ut
1149 2203 1394 2260 Burrhus
1427 2214 1481 2260 et
1518 2203 1783 2274 Ephesini
1811 2217 1975 2276 atque

395 2288 666 2361 Smyrual
695 2309 723 2345 a
747 2291 990 2359 Christo,
1018 2293 1071 2348 in
1102 2311 1212 2364 quo
1237 2311 1387 2364 spem
1422 2311 1642 2352 omnem
1673 2298 1975 2353 collocave-

394 2388 539 2443 rant,
571 2381 748 2451 dignis
781 2383 1084 2439 honoribus
1113 2384 1436 2442 adiciantur.

467 2468 633 2527 Sexta
663 2475 889 2542 epistola
925 2477 993 2530 ah
1016 2476 1222 2547 lgnatio
1261 2479 1326 2533 ad
1355 2479 1743 2552 Smyrnensem
1784 2482 1971 2540 Eccle-

395 2563 533 2620 siam
559 2581 655 2634 per
688 2565 985 2631 Burrhum,
1034 2585 1196 2638 quem
1221 2570 1432 2626 itineris
1466 2573 1552 2627 sui
1587 2577 1842 2630 comitem
1875 2577 1975 2630 hac

394 2657 612 2724 buerat,
646 2659 815 2714 missa
854 2670 957 2716 est.
991 2660 1296 2733 Pracipuo,
1331 2665 1476 2734 quod
1511 2666 1564 2719 in
1595 2681 1657 2721 ea
1685 2676 1972 2733 tractatur,

396 2760 719 2818 argumequ
749 2749 993 2821 lgnatius
1037 2753 1384 2811 Christianos
1419 2757 1684 2814 adversus
1705 2759 1972 2829 quosdam

397 2841 706 2908 hareticos,
774 2843 868 2912 qui
915 2843 1196 2901 Christum
1251 2848 1432 2903 ﬁctam
1473 2857 1684 2904 tantum
1735 2851 1974 2908 hominis

396 2949 640 3000 carnem,
677 2951 783 3004 qua
831 2945 1060 2991 mortem
1097 2947 1152 2993 et
1183 2941 1645 2996 resurrectionem
1681 2942 1975 2998 simulave-

399 3031 504 3087 rat,
538 3029 904 3097 assumpsisse
935 3030 1209 3098 dicebant,
1241 3035 1419 3089 munit
1466 3049 1532 3090 ac
1585 3045 1786 3091 tuetur.
1827 3033 1972 3104 Qua-

400 3126 619 3184 propter
647 3119 928 3175 veritatem
969 3124 1175 3189 carnis,
1205 3127 1498 3194 passionis,
1553 3129 1747 3183 tnortis
1787 3139 1842 3183 et
1887 3146 1973 3183 re—

2073 1921 2340 1991 prodiisse
2383 1930 2633 1987 censent,
2680 1928 2816 1990 quot
2841 1936 3044 2000 eorum
3075 1921 3277 1991 capita,
3311 1929 3392 1974 tot
3428 1934 3650 1976 sensus.

2072 2013 2390 2068 Albertinus
2421 2015 2569 2069 enim
2597 2029 2691 2068 eas
2719 2014 2868 2068 circa
2896 2013 3136 2067 medium
3164 2013 3422 2068 saculum
3449 2028 3651 2067 secun-

2071 2105 2202 2159 dum
2224 2146 2239 2168 ,
2289 2102 2594 2160 Salmasius
2621 2105 2726 2160 sub
2757 2105 2991 2175 imperio
3020 2104 3315 2171 Antonini,
3351 2105 3434 2158 vel
3480 2102 3651 2158 Marci

2073 2194 2300 2258 Aurelii,
2335 2193 2646 2249 Blondellus
2675 2203 2800 2262 post
2830 2204 3059 2249 tnortem
3080 2193 3379 2248 Clementis
3412 2194 3655 2248 Alexan-

2072 2284 2235 2351 drini,
2269 2284 2523 2351 Dallaus,
2545 2293 2776 2340 exeunte
2805 2286 3007 2341 saeulo
3035 2286 3219 2352 tertio,
3265 2287 3499 2355 scriptas
3529 2300 3656 2340 esse

2073 2363 2467 2445 pronuntiant:
2500 2377 2612 2430 imo
2638 2392 2768 2432 vero
2794 2377 3098 2434 Bochartus
3126 2377 3413 2448 epistolam
3441 2376 3507 2431 ad
3540 2375 3655 2429 Ro-

2075 2483 2270 2523 manos
2300 2482 2409 2521 non
2437 2477 2562 2523 ante
2590 2468 2940 2524 Constantini
2978 2468 3157 2542 Magni
3197 2469 3487 2540 imperium
3514 2483 3652 2522 exa-

2075 2571 2250 2616 ratam
2282 2577 2405 2617 esse
2432 2563 2752 2618 arbitratur.

2147 2655 2398 2713 Secunda
2430 2659 2616 2728 opinio
2646 2669 2731 2716 est
2768 2657 2977 2716 Usserii
3019 2659 3354 2715 Armachani
3379 2659 3655 2728 archiepi-

2075 2749 2247 2818 sc0pi,
2294 2749 2388 2819 qui
2439 2766 2534 2804 sex
2584 2751 2798 2820 priores
2844 2751 3106 2822 epistolas
3162 2750 3369 2821 lgnatio
3423 2751 3656 2814 asserit,

2075 2841 2360 2911 septimam
2391 2857 2542 2909 vero,
2580 2858 2702 2912 qua
2726 2845 2793 2898 ad
2822 2842 3184 2916 Polycarputn
3215 2844 3341 2899 data
3370 2852 3478 2910 est,
3519 2843 3655 2912 reji-

2075 2933 2148 2988 cit
2176 2933 2528 3003 ﬁctitiamque
2556 2950 2676 2990 esse
2703 2934 2956 2990 aﬂirmat.

2149 3025 2332 3080 Tertia
2387 3027 2618 3080 aliorum
2671 3028 2922 3083 omnium
2975 3029 3247 3084 sententia
3293 3027 3393 3082 has
3445 3035 3658 3096 septem

2074 3117 2335 3186 epistolas
2358 3133 2546 3172 verum
2579 3133 2646 3172 ac
2665 3118 2960 3188 genuinum
2989 3117 3183 3185 lgnatii
3207 3135 3348 3189 opus
3375 3134 3497 3174 esse
3521 3133 3660 3172 con-

399 3209 759 3266 surrectionis
819 3211 1025 3269 Christi
1084 3193 1305 3272 invictis
1355 3222 1694 3290 argumentis
1743 3221 1975 3277 demon-

2090 3207 2285 3272 tendit;
2309 3224 2482 3278 eaque
2505 3225 2611 3264 non
2629 3209 2700 3264 ab
2724 3209 3042 3264 orthodoxis
3067 3220 3302 3275 tantum,
3333 3212 3425 3264 sed
3439 3210 3508 3264 ab
3531 3225 3663 3264 eru-

401 3308 574 3364 strat,
607 3305 958 3375 pracipitquc
1009 3305 1328 3379 Smyrnais,
1372 3321 1432 3366 ut
1480 3313 1859 3369 hareticorum
1891 3313 1978 3368 fu-

401 3391 552 3459 giant
581 3393 854 3465 colloquia
873 3438 887 3462 ,
907 3413 971 3453 ac
1003 3400 1120 3454 suis
1145 3403 1398 3471 precibus
1441 3420 1630 3458 eorum
1664 3407 1980 3462 conversio-

403 3500 528 3539 nem
585 3503 614 3541 a
669 3487 777 3543 Deo
823 3501 1146 3561 exposcant.
1206 3494 1312 3552 Eos
1339 3496 1535 3553 deinde
1589 3507 1648 3554 ut
1697 3499 1978 3570 episcopo,

402 3577 731 3648 presbyteris
776 3593 830 3637 et
865 3584 1188 3643 diaconibus
1237 3588 1630 3658 obsequantur,
1691 3591 1746 3645 in
1787 3593 1981 3662 primis

405 3679 585 3723 autem
620 3672 876 3744 episcopo
911 3691 1128 3733 summa
1176 3679 1229 3732 in
1276 3681 1533 3736 omnibus
1575 3682 1884 3737 obedientia
1927 3692 1981 3738 et

406 3762 756 3818 veneratione
801 3769 1134 3837 auscultent,
1179 3768 1414 3826 sollicite
1465 3771 1742 3826 admonet.
1771 3769 1982 3826 Dehinc

409 3853 677 3909 maximas
707 3855 788 3912 eis
819 3857 1024 3914 idcirco
1071 3862 1319 3931 rependit
1356 3863 1581 3932 gratias,
1631 3863 1776 3932 quod
1808 3879 1866 3918 se
1893 3879 1982 3918 so-

409 3945 637 4014 ciosque
689 3964 820 4004 suos
872 3950 1178 4009 incredibili
1222 3954 1597 4010 benevolentia
1648 3956 1981 4025 exceperint,

408 4042 576 4103 atque
600 4035 726 4091 inde
751 4053 845 4093 eos
873 4039 1090 4110 dignam
1135 4059 1166 4097 a
1191 4041 1302 4098 Deo
1329 4045 1632 4100 mercedem
1661 4056 1982 4114 accepturos

409 4142 534 4184 esse
559 4129 866 4198 pollicetur.
891 4131 1084 4189 Postea
1126 4151 1312 4205 pacem
1336 4136 1592 4193 Ecclesia
1631 4137 1984 4192 Antiochena

411 4221 678 4277 redditam
707 4225 949 4293 nuntiat,
993 4237 1222 4298 oratque
1265 4239 1325 4284 ut
1350 4231 1612 4301 aliquem,
1641 4229 1735 4300 qui
1776 4229 1878 4284 hac
1917 4229 1985 4284 de

410 4327 471 4368 re
496 4313 570 4366 illi
599 4315 921 4385 gratuletur,
975 4334 1039 4372 ac
1077 4317 1186 4373 Deo
1235 4321 1422 4376 laudes
1454 4322 1770 4391 gratiasque
1819 4320 1984 4375 simul

412 4423 537 4462 cum
614 4425 677 4463 ea
731 4409 951 4474 referat,
1005 4417 1410 4482 quamprimum
1466 4416 1682 4469 mittere
1745 4414 1981 4469 festinet.

2080 3301 2371 3356 ditissimis
2410 3299 2622 3354 Calvini
2669 3316 2734 3355 ac
2781 3301 3202 3370 protestantium
3256 3301 3658 3365 sectatoribus,

2083 3389 2283 3447 Vossio
2313 3392 2547 3456 scilicet,
2582 3390 2889 3459 Hamondo,
2930 3391 3143 3456 Riveto,
3177 3391 3443 3458 Sculteto,
3487 3391 3660 3446 Pear-

2082 3500 2250 3551 sone,
2304 3484 2480 3551 Bullo,
2527 3483 2746 3556 Moynio
2799 3485 3030 3554 aliisque
3068 3493 3464 3554 propugnatur.
3520 3482 3665 3539 Hch

2083 3576 2368 3631 sententia
2409 3576 2658 3630 lubentes
2689 3575 3112 3642 subscribimus,
3152 3575 3410 3646 illamque
3436 3578 3668 3632 verissi-

2085 3682 2230 3721 mam
2258 3683 2381 3723 esse
2412 3668 2650 3734 invictis,
2687 3678 2746 3722 ut
2773 3679 3050 3738 putamus,
3093 3669 3370 3724 rationum
3411 3685 3666 3725 momen-

2084 3759 2156 3815 tis
2185 3759 2562 3815 demonstrare
2589 3761 2934 3817 conabimur.

2263 3895 2294 3969 ι
2328 3896 2392 3952 ll.
2429 3895 2688 3964 Quadam
2715 3897 3036 3953 observanda
3065 3900 3481 3968 praemittuntur.

2160 4033 2358 4091 Verum
2392 4045 2682 4106 antequam
2711 4035 2776 4090 ad
2808 4036 2950 4090 hanc
2977 4035 3289 4105 opinionem
3326 4035 3666 4105 probandam

2087 4125 2491 4196 aggrediamur,
2533 4125 2793 4179 nonnulla
2821 4141 2946 4195 qua
2976 4125 3043 4179 ad
3096 4125 3418 4195 quastiouis
3465 4133 3671 4179 nostra

2087 4214 2530 4284 explanationem
2559 4230 2666 4267 non
2698 4228 2890 4282 parum
2919 4211 3256 4277 conducunt,
3283 4211 3442 4280 juvat
3473 4211 3671 4264 obser-

2089 4323 2236 4361 vare.
2269 4305 2453 4360 Primo
2478 4313 2695 4360 constat
2723 4292 2863 4358 inter
2902 4317 3093 4357 omnes
3123 4301 3414 4371 cujuslibet
3441 4301 3660 4370 opinio-

2091 4400 2179 4454 nis
2233 4408 2487 4454 auctores
2533 4397 2799 4466 quasdam
2844 4395 2914 4449 ab
2950 4393 3156 4464 lgnatio
3182 4404 3369 4448 nostro
3430 4393 3672 4463 scriptas

417 4502 658 4570 Denique
687 4503 944 4557 omnibus
971 4520 1096 4559 cum
1121 4504 1538 4570 Troadensium,
1577 4515 1692 4560 tum
1735 4521 1837 4561 suo
1885 4522 1977 4560 no-

2091 4493 2264 4550 l‘uisse
2308 4493 2573 4564 epistolas
2609 4511 2623 4546 :
2666 4511 2684 4543 ι
2715 4489 2850 4557 Quis
2897 4491 3068 4555 enim,
3114 4489 3293 4558 inquit
3340 4487 3574 4542 Dallaus
3597 4486 3666 4549 ⁸⁵,

415 4601 561 4653 tuine
586 4603 860 4666 salutatis,
887 4599 1132 4670 epistola
1157 4599 1472 4653 coronidem
1501 4599 1751 4668 imponit.

484 4691 782 4762 Septimam
836 4692 1098 4762 lgnatius,
1148 4687 1362 4744 Troade
1413 4686 1695 4758 Neapolim
1757 4698 1988 4742 conten-

415 4785 571 4848 dens,
621 4793 786 4854 atque
836 4783 891 4836 in
941 4784 1121 4836 navim
1148 4782 1376 4852 jamjam
1426 4795 1868 4843 conscensurus,
1920 4780 1988 4833 ad

412 4875 772 4946 Polycarpum
800 4917 816 4940 ,
875 4875 1264 4929 charissimum
1323 4873 1652 4943 discipulum
1693 4887 1854 4926 suum
1876 4911 1894 4938 ,
1924 4886 1989 4926 ac

414 4967 804 5039 Smyrnensem
846 4967 1187 5037 episcopum,
1220 4965 1513 5019 destinavit
1562 4963 1872 5033 epistolam.
1910 4959 1989 5014 lbi

414 5064 609 5117 miram
645 5060 764 5131 ejus
793 5061 848 5114 in
879 5060 982 5115 (ide
1009 5059 1376 5116 constantiam
1423 5057 1802 5122 commendat,
1849 5069 1987 5126 gau-

412 5156 675 5223 diumque
697 5169 857 5207 suum
885 5153 1030 5222 quod
1062 5152 1314 5222 Smyrna
1344 5151 1462 5219 ipso
1487 5148 1688 5203 fruitus
1715 5147 1806 5213 sit,
1839 5145 1986 5200 testin

418 5248 629 5301 iicatur.
659 5244 906 5300 Posthac
947 5259 1058 5314 quo
1086 5252 1140 5298 et
1179 5244 1296 5312 ipsc
1333 5242 1386 5296 in
1421 5242 1621 5296 virtute
1677 5239 1986 5310 proﬁceret,

415 5349 471 5393 et
510 5336 862 5392 commissam
899 5334 1004 5389 sibi
1050 5333 1350 5390 Ecclesiam
1389 5333 1702 5389 Christiane
1746 5338 1987 5401 regeret,

417 5429 584 5483 variis
616 5427 768 5482 illum
799 5425 1086 5497 praceptis
1137 5423 1353 5478 imbuit.
1404 5420 1648 5477 Subinde
1689 5435 1818 5475 vero
1863 5433 1987 5473 eum

419 5524 540 5570 orat
583 5516 996 5586 obtestaturque
1041 5523 1102 5568 ut
1145 5515 1210 5568 ad
1242 5513 1541 5568 Ecclesiam
1591 5510 1989 5565 Antiochenam

419 5604 487 5659 de
513 5607 718 5659 reddita
751 5622 884 5675 pace
915 5607 963 5660 ei
1008 5606 1383 5676 gratulaturus
1413 5605 1642 5665 litteras,
1696 5601 1765 5654 ab
1807 5599 1990 5669 aliquo

422 5693 764 5760 deferendas,
799 5698 1039 5762 scribat;
1089 5708 1250 5767 atque
1276 5706 1334 5750 ut.
1367 5697 1504 5751 alias
1551 5710 1771 5766 quoque
1805 5692 1991 5748 Eccle-

497 5807 542 5838 "
572 5807 687 5864 Lib.
733 5808 806 5864 De
834 5813 1016 5879 script.
1053 5809 1254 5880 Iguat.,
1287 5826 1337 5879 p.
1369 5809 1491 5862 150.

2090 4596 2198 4641 tam
2232 4585 2414 4640 fatuus
2437 4593 2521 4638 est
2542 4624 2556 4648 ,
2590 4592 2650 4638 ut
2675 4598 2801 4638 eum
2836 4581 3126 4652 scripsisse
3170 4579 3387 4649 aliquas
3418 4579 3618 4648 neget?
3648 4599 3666 4629 ι

2087 4677 2316 4732 Constat
2339 4677 2504 4730 etiam
2554 4675 2698 4728 inter
2729 4674 2951 4729 eosdem
2989 4672 3136 4736 illas,
3167 4685 3290 4739 qua
3317 4670 3386 4724 ab
3417 4669 3672 4723 Athana~

2090 4768 2209 4833 sio,
2266 4765 2505 4822 Eusebio
2553 4765 2786 4834 aliisque
2835 4763 2979 4819 infra
3027 4762 3264 4819 citandis
3304 4760 3672 4830 scriptoribus

2089 4859 2280 4928 Ignatii
2330 4859 2555 4913 nomine
2589 4859 2920 4920 laudantur,
2962 4869 3071 4909 non
3107 4854 3243 4909 alias
3289 4867 3413 4907 esse
3453 4853 3525 4906 ab
3557 4851 3668 4916 iis,

2091 4967 2232 5020 quas
2263 4949 2522 5006 Usserius
2556 4959 2612 5006 et
2641 4949 2873 5006 Vossius
2909 4949 3151 5004 sinceras
3181 4953 3236 5001 et
3269 4945 3478 5014 absque
3505 4945 3675 4998 inter-

2091 5041 2461 5112 polatiouibus
2493 5042 2805 5106 ediderunt,
2837 5055 3087 5109 quasque
3127 5039 3362 5108 primam
3403 5036 3671 5106 epistola-

2091 5150 2212 5188 rum
2245 5131 2440 5203 lgnatii
2485 5134 2720 5188 classem
2757 5131 3096 5187 constituere
3127 5128 3392 5182 diximus.
3423 5126 3674 5182 Conten-

2090 5225 2228 5280 dunt
2257 5241 2387 5280 vero
2415 5223 2607 5294 prima
2639 5222 2924 5279 sententia
2948 5219 3165 5292 patroni
3198 5219 3299 5275 has
3331 5235 3364 5274 a
3397 5218 3672 5273 nebulone

2091 5319 2276 5388 aliquo
2295 5325 2572 5382 exaratas,
2601 5324 2655 5371 et
2677 5314 2821 5371 veris
2847 5311 3043 5384 lgnatii
3070 5311 3316 5382 epistolis
3344 5308 3519 5365 fuisse
3539 5325 3673 5379 sup.

2090 5411 2314 5481 positas.

2161 5500 2576 5558 Observandum
2611 5513 2831 5570 quoque
2864 5508 2950 5554 est
2980 5497 3201 5552 easdem
3232 5494 3424 5567 lgnatii
3463 5495 3674 5564 episto-

2092 5597 2174 5650 las
2199 5610 2304 5650 non
2339 5610 2368 5648 a
2401 5591 2704 5657 catholicis,
2744 5590 2839 5644 sed
2865 5589 2934 5643 ab
2965 5586 3190 5643 Usserio
3212 5593 3265 5640 et
3289 5584 3511 5650 Vossio,
3539 5586 3678 5642 viris

2094 5692 2234 5746 inter
2280 5695 2648 5750 protestantes
2693 5682 3062 5740 celeberrimis
3148 5697 3215 5735 ex
3262 5679 3483 5753 Optima
3527 5689 3681 5738 nota
