3852 6206
208 374 293 429 4⁸1⁸1

1133 370 1196 425 D.
1235 365 1530 427 NOURRII
1568 364 2048 424 DISSERTATIO.
2087 395 2154 404 ——
2187 361 2370 418 PARS
2406 361 2448 417 l.

3322 351 3428 407 478

209 492 555 564 anuscrlptis
599 504 722 550 cum
773 489 987 548 Latinis
1021 499 1136 548 tum
1170 491 1377 549 Graecis
1421 491 1738 559 codicibus,
1770 496 1816 554 Α
1845 505 2127 562 urgemus,
2173 486 2320 558 quod
2370 486 2407 540 ii
2445 499 2637 540 omnes
2668 483 2999 545 concedunt,
3044 497 3145 539 nec
3177 481 3324 538 ullus
3365 497 3430 536 ex

209 584 413 655 primum
464 582 660 653 publici
719 583 897 638 factas
937 581 1112 639 fuisse
1157 583 1301 654 juris
1335 599 1401 639 ea
1451 597 1586 639 sane
1613 583 1739 650 ﬁde,

205 692 294 748 qua
317 675 563 746 majorem
594 675 778 730 nullus
803 675 1101 731 desiderat.

260 767 786 822 Animadvertendum
843 766 1085 838 denique
1140 782 1239 824 eos
1291 768 1482 835 etiam,
1515 767 1624 839 'qul
1671 769 1741 823 ad

204 858 614 931 propugnandam
643 863 907 914 harumce
926 859 1286 930 epistularum
1310 860 1593 916 veritatem
1615 874 1742 930 pro-

203 951 393 1005 lixiores
411 949 821 1006 dissertationes
837 950 1078 1016 edidere,
1093 953 1398 1008 catholicos
1416 968 1526 1007 non
1545 951 1738 1016 fuisse,

201 1043 280 1099 sed
321 1043 658 1113 protestantis
718 1040 1166 1114 Calvinianaeque
1232 1053 1396 1100 secta:
1465 1043 1736 1099 homines.

201 1133 458 1188 Enimvero
482 1131 734 1188 Vedelius
761 1131 1061 1188 Calvinista
1103 1149 1170 1188 ac
1210 1133 1546 1190 Cenevensis
1579 1135 1741 1189 mini-

199 1237 310 1292 ster,
332 1224 574 1281 Usserius
601 1234 658 1280 et
676 1225 907 1280 Vossius
941 1227 999 1281 in
1033 1228 1226 1281 barum
1250 1225 1608 1296 epistularum
1621 1226 1739 1281 edi-

199 1322 405 1376 tionibus
458 1336 614 1376 suam
663 1322 900 1393 quisque
939 1321 1259 1377 earumdem
1299 1319 1605 1391 apologiam
1643 1320 1741 1374 ad-

195 1409 369 1479 junxit.
402 1407 647 1470 Cumque
675 1408 984 1466 Salmasius
1027 1419 1084 1466 et
1114 1410 1388 1481 praecipue
1425 1410 1740 1466 Blondcllus

199 1501 447 1557 Usserium
476 1518 543 1558 ac
587 1501 845 1560 Vossium
894 1505 1214 1575 impugnare
1241 1512 1566 1568 tentassent,
1615 1503 1741 1558 illos

195 1603 410 1665 uterque,
439 1603 491 1650 et
513 1592 776 1651 Usserius
797 1595 1020 1667 quidem
1047 1597 1101 1650 in
1125 1612 1224 1652 sua
1247 1596 1547 1666 Appendice
1569 1593 1739 1666 lgna-

193 1691 335 1751 tiana,
365 1687 589 1744 Vossius
631 1706 764 1746 vero
793 1691 848 1745 in
884 1690 1002 1746 suis
1037 1690 1237 1744 litteris
1286 1699 1508 1745 strenue
1539 1688 1737 1744 confu-

190 1787 429 1834 taverunt.
462 1777 573 1834 llos
597 1779 813 1850 excepit
848 1777 1118 1834 Henricus
1147 1776 1472 1832 Hamondus
1501 1777 1732 1848 presby-

187 1880 256 1927 ter
277 1871 622 1943 Anglicanus,
657 1871 753 1942 qui
787 1871 1053 1942 prolixam
1076 1871 1344 1926 adversus
1393 1867 1736 1924 Blondcllum

186 1962 440 2016 adornavit
466 1962 919 2033 disputationem,
945 1977 1082 2034 —qua
1121 1977 1232 2018 non
1269 1961 1448 2016 solum
1480 1961 1738 2016 omnibus

185 2055 415 2111 Blondclli
442 2055 790 2128 argumentis
815 2056 1122 2127 respondit,
1145 2054 1241 2111 sed
1270 2055 1428 2112 novis
1457 2053 1741 2125 firmisque

184 2146 427 2202 rationum
471 2148 775 2203 momentis
821 2147 990 2202 hasce
1033 2145 1298 2216 epistolas
1331 2145 1544 2216 lgnatio
1589 2160 1739 2201 asse-

182 2249 288 2294 ruit.
316 2238 511 2296 Contra
536 2241 688 2297 hunc
717 2239 954 2296 Dallaeus
989 2237 1456 2294 Charentonensis
1487 2237 1739 2294 minister

181 2340 360 2401 pugnat
413 2333 813 2389 dissertatione
860 2333 1021 2403 longe
1087 2331 1410 2410 prolixiori;
1452 2329 1548 2385 sed
1605 2329 1734 2395 fide,

180 2427 412 2497 quidquid
451 2429 571 2499 ipse
595 2429 821 2493 dixerit,
847 2443 960 2483 non
994 2429 1222 2482 omnino
1254 2427 1485 2499 integra.
1533 2425 1736 2483 Omnes

179 2518 299 2572 enim
327 2519 584 2590 epistolas
607 2521 815 2592 lgnatio
847 2521 1140 2591 aseriptas,
1177 2520 1294 2576 sive
1326 2535 1421 2576 eas
1454 2534 1598 2592 quas
1622 2518 1734 2575 Ha-

179 2611 386 2667 mundus
410 2622 576 2682 atque
621 2613 717 2669 alii
763 2613 972 2683 lgnatio
1004 2613 1273 2676 tribuunt,
1312 2611 1432 2667 sive
1465 2625 1562 2667 eas
1595 2626 1736 2681 quas

179 2703 262 2772 ipsi
287 2705 620 2774 abjudicant,
657 2706 748 2760 ille
784 2704 1036 2772 confuse,
1065 2705 1366 2778 generatim
1401 2711 1456 2760 et
1483 2705 1538 2758 in
1573 2705 1735 2776 globo

176 2797 486 2867 aggreditur;
517 2807 687 2868 atque
713 2808 772 2853 ut
804 2799 907 2855 hac
935 2796 1264 2855 confusione
1295 2807 1349 2852 et
1399 2797 1607 2869 ingenti
1643 2813 1735 2851 ar-

177 2898 530 2957 gumentorum
583 2890 815 2947 cohorte
856 2889 1046 2947 fucum
1092 2888 1318 2954 faceret,
1366 2898 1562 2944 contra
1609 2889 1734 2945 illas

175 2995 340 3039 omnes
369 2982 605 3048 litteras,
638 2983 882 3053 quinque
915 2997 1088 3053 supra
1116 2982 1426 3054 sexaginta,
1471 2997 1595 3052 quae
1641 2997 1733 3038 ac-

175 3083 336 3129 curate
363 3082 642 3142 numerat,
675 3075 881 3146 promit
910 3075 1186 3132 rationum
1218 3073 1586 3130 ﬁrrnamenta.
1624 3072 1732 3130 Ve-

174 3180 274 3220 rum
312 3165 654 3225 Pearsonius
696 3168 979 3240 presbyter
1015 3167 1356 3238 Anglicanus
1398 3167 1577 3223 doctis
1613 3167 1731 3224 suis
1758 3193 1802 3252 α

174 3258 458 3314 earumdem
492 3259 857 3330 epistularum
887 3257 1158 3316 Vindieiis
1197 3275 1391 3316 omnes
1411 3260 1534 3331 ejus
1560 3275 1732 3315 cona-

174 3356 245 3404 tus
270 3363 451 3408 cassos
479 3361 537 3408 et
567 3352 762 3408 irritos
795 3352 1048 3409 reddidit.
1079 3337 1256 3409 Tanta
1282 3353 1433 3409 enim
1476 3352 1732 3409 claritate

172 3448 215 3493 et
249 3441 555 3500 sinceritate
601 3444 819 3501 illarum
863 3446 1145 3502 veritatem
1201 3447 1480 3514 astruxit,
1527 3457 1732 3517 quanta

173 3531 468 3592 confusione
500 3536 744 3593 Dallazus
791 3538 976 3594 omnia
1010 3539 1237 3596 turbare
1265 3550 1591 3598 tentaverat.
1623 3541 1733 3597 Co-

173 3635 307 3681 natus
331 3637 412 3683 est
442 3629 671 3700 quidem
695 3629 835 3686 alius
857 3629 1291 3688 Calvinistarum
1311 3635 1565 3690 minister
1592 3651 1732 3691 ano—

171 3728 341 3785 nymus
365 3718 675 3790 desperata:
722 3720 909 3778 Dallaai
957 3738 1141 3779 causa:
1171 3737 1316 3778 nova
1358 3725 1732 3795 disputatione

172 3811 429 3882 opitulari;
462 3815 561 3871 sed
595 3830 762 3886 quam
797 3818 940 3872 male
970 3817 1115 3874 votis
1144 3817 1267 3888 ejus
1300 3832 1392 3873 res
1422 3819 1670 3886 cesserit,
1697 3835 1730 3875 a

173 3903 305 3960 nobis
324 3905 435 3976 jam
465 3907 968 3963 demonstrandum
1002 3917 1105 3965 est.

202 3993 324 4065 illi.
359 3999 478 4064 Qua
509 3999 761 4054 methoda
790 4017 913 4055 uera
942 4003 1205 4057 sententia
1245 4003 1688 4075 propugnabitsr.

225 4084 552 4162 Quapropter
573 4100 783 4161 septem
811 4091 1004 4164 lgnatii
1025 4096 1311 4165 epistulas,
1327 4112 1450 4166 qua:
1467 4097 1726 4167 primam,

174 4179 235 4231 uti
251 4180 444 4238 dictum
474 4193 587 4251 est,
617 4185 850 4240 classem
883 4196 1245 4256 componunt,
1279 4203 1345 4243 ea
1378 4188 1637 4244 methodo
1657 4187 1731 4244 ab

171 4265 347 4339 lgnatio
367 4275 649 4345 profectas
676 4291 801 4332 esse
825 4278 1180 4334 ostendemus
1199 4318 1217 4344 ,
1246 4288 1308 4335 ut
1339 4279 1526 4335 omnia
1557 4296 1727 4350 argu-

173 4373 344 4432 menta,
359 4369 563 4437 quibus
590 4368 685 4423 alii
707 4369 861 4438 prius
884 4385 979 4426 eas
1001 4370 1105 4440 ipsi
1128 4372 1481 4427 vindicarunt
1505 4387 1726 4427 rursum

173 4454 228 4508 ad
251 4458 490 4516 incudem
521 4471 804 4530 revocata,
836 4465 961 4520 aliis
991 4465 1170 4532 novis,
1217 4474 1272 4520 et
1299 4481 1331 4520 a
1368 4467 1530 4521 nobis
1553 4481 1724 4522 exco-

1844 584 1925 639 eis
1959 595 2160 652 negare
2188 593 2435 649 unquam
2466 577 2666 648 potuit,
2708 575 2972 630 nimirum
3005 576 3104 629 bas
3131 573 3393 644 epistolas
3413 612 3430 636 ,

1843 686 2136 749 postquam
2168 673 2423 744 genuinae
2456 673 2536 726 uti
2570 671 2806 740 ﬁngunt,
2857 667 3054 736 lgnatii
3102 669 3296 722 litterae
3339 682 3433 736 pe-

1846 769 2094 831 riissent,
2114 768 2257 822 intra
2288 781 2491 820 annum
2518 762 2644 827 106,
2664 777 2775 833 quo
2803 763 2894 816 ille
2916 769 3122 833 martyr
3149 758 3431 824 occubuit,

1843 870 1898 917 et
1925 875 2130 916 annum
2168 869 2264 914 aut
2296 857 2422 924 3‘26,
2452 866 2543 913 aut
2572 857 2641 912 ad
2677 871 2956 911 summum
2984 853 3111 920 330,
3143 869 3254 925 quo
3272 869 3428 909 suam

1847 951 2452 1024 Eusebiusjllisturiam
2482 950 2802 1018 divulgavit,
2835 949 3111 1020 publicam
3158 946 3431 1017 prodiisse

1844 1047 1900 1102 in
1957 1047 2157 1102 lucem.
2207 1043 2266 1099 ld
2321 1045 2604 1100 enimvero
2652 1042 2856 1097 falsum
2920 1039 3200 1112 gratisque
3241 1039 3427 1095 fictum

1847 1160 1974 1199 esse
2017 1143 2146 1196 inde
2191 1141 2483 1206 evincitur,
2532 1137 2677 1209 quod
2725 1138 2794 1194 iis
2832 1151 3053 1207 Quoque
3096 1134 3428 1203 fatentibus,

1842 1235 2089 1305 lgnatius
2133 1232 2400 1304 quasdam
2441 1230 2666 1300 scripsit
2715 1228 3000 1299 epistolas,
3033 1226 3238 1297 quibus
3289 1233 3429 1280 teste

1845 1325 2261 1384 Dallaeothost
2293 1324 2464 1379 divini
2510 1321 2736 1378 fmderis
2778 1321 2949 1376 libros
2994 1319 3133 1374 nihil
3164 1333 3288 1373 esse
3328 1318 3427 1372 de-

1841 1420 1965 1475 buit
2011 1419 2064 1472 in
2113 1425 2228 1472 tota
2271 1415 2511 1471 Ecclesia
2558 1413 2802 1468 nobilius
2865 1426 2929 1466 ac
2976 1409 3271 1475 celebrius,
3319 1409 3426 1464 nisi

1840 1509 1984 1566 forte
2009 1508 2308 1564 Clementis
2341 1507 2629 1578 epistolam
2661 1504 2960 1575 exceperis.
2998 1522 3019 1556 ι

1917 1603 2059 1659 Hine
2085 1603 2288 1673 quippe
2315 1599 2449 1656 illud
2480 1599 2793 1663 conﬁcitur,
2820 1596 2970 1668 quod
2997 1604 3144 1652 certe
3173 1609 3278 1650 nec
3299 1591 3428 1648 Dal-

1843 1696 2003 1762 lzeus,
2035 1710 2140 1751 nec
2167 1695 2317 1749 ullus
2356 1709 2505 1749 sanae
2534 1693 2736 1748 mentis
2775 1689 3074 1762 negaverit,
3107 1688 3206 1743 bas
3242 1687 3426 1743 since-

1846 1804 1940 1843 ras
1966 1786 2255 1857 scriptoris
2282 1785 2458 1840 nostri
2501 1784 2765 1855 epistolas
2807 1783 2877 1837 ab
2904 1782 2972 1837 iis
3005 1781 3198 1836 saltem
3238 1778 3428 1835 Eccle-

1843 1878 1973 1945 siis,
2009 1877 2078 1932 ad
2109 1891 2250 1948 quas
2282 1876 2572 1932 destinatae
2609 1885 2789 1942 erant,
2819 1891 2882 1930 ea
2921 1891 3044 1945 qua:
3085 1882 3242 1929 tanto
3280 1889 3427 1928 mar-

1841 1970 1948 2040 tyri
1997 1967 2339 2034 debebatur,
2391 1967 2743 2023 veneratione
2796 1976 3072 2037 acceptas,
3125 1980 3250 2021 cum
3303 1965 3428 2021 aliis

1840 2061 2006 2116 etiam
2059 2059 2502 2115 communicatae
2536 2057 2818 2123 ecclesiis,
2862 2057 2916 2110 in
2967 2071 3158 2111 earum
3208 2057 3428 2113 scriniis

1840 2157 2174 2213 asservatas,
2201 2163 2267 2203 ac
2294 2148 2348 2202 in
2371 2147 2818 2203 Christianorum
2849 2146 3109 2214 coetibus,
3134 2161 3242 2201 non
3267 2162 3428 2202 secus

1840 2257 1905 2297 ac
1940 2241 2239 2296 Clementis
2267 2240 2576 2310 epistolam,
2611 2240 2830 2310 aliaque
2860 2239 3001 2294 tanti
3029 2239 3189 2308 pretii
3222 2253 3423 2293 monu-

1839 2344 2046 2400 menta,
2086 2333 2302 2403 publice
2330 2333 2521 2390 lectas.
2557 2333 2630 2387 At
2655 2337 2780 2404 quis
2814 2333 2869 2387 in
2919 2332 3167 2388 animum
3199 2332 3305 2388 sibi
3340 2332 3426 2386 in-

1837 2432 2004 2487 ducat
2030 2429 2280 2500 pluribus
2317 2429 2478 2484 annis
2521 2439 2648 2483 ante
2677 2426 3002 2482 Eusebianse
3027 2425 3281 2482 Historia:
3309 2425 3428 2481 edi-

1839 2527 2042 2581 tionem
2064 2523 2250 2578 omnia
2267 2521 2495 2577 omnino
2517 2521 2781 2576 harumce
2798 2519 3156 2590 epistularum
3182 2527 3288 2572 tam
3310 2532 3430 2587 pre.

1836 2613 1977 2668 tiosa
2007 2610 2342 2680 exemplaria
2384 2609 2459 2665 ita
2500 2610 2764 2681 periisse,
2801 2617 2862 2664 ut
2898 2624 2968 2664 ne
3000 2608 3168 2664 unius
3198 2607 3423 2679 quidem

1835 2704 2128 2774 vestigium
2175 2718 2354 2773 neque
2395 2703 2451 2758 in
2500 2702 2748 2759 Ecclesia
2801 2702 3187 2767 Antiochena,
3245 2717 3424 2772 neque

1838 2795 2189 2868 Smyrnensi,
2252 2811 2431 2865 neque
2497 2793 2788 2859 Romana,
2847 2809 2948 2849 nec
2997 2794 3111 2849 ulla
3165 2793 3271 2848 alia
3337 2793 3428 2848 de-

1835 2891 2101 2964 prehendi
2128 2889 2400 2960 potuerit?
2430 2886 2689 2958 Nunquid
2727 2900 2920 2941 omnes
2958 2895 3013 2940 et
3045 2883 3339 2949 Ecclesiae,
3372 2896 3426 2939 et

1836 2983 2137 3038 Christiani
2166 2983 2334 3037 etiam
2358 2979 2690 3035 Antiocheni
2719 2977 2886 3033 tantis
2911 2977 3132 3044 animis,
3165 2987 3427 3046 tantaque

1837 3082 1953 3129 arte
1972 3074 2024 3128 in
2050 3073 2264 3128 illarum
2295 3070 2592 3143 perniciem
2637 3067 3174 3134 exstinctionemque
3198 3065 3423 3136 conspi-

1835 3176 2058 3230 rarunt,
2092 3172 2152 3219 ut
2178 3179 2306 3220 cum
2338 3177 2437 3228 eae,
2466 3175 2605 3231 quas
2629 3158 3012 3230 supposititias
3050 3172 3173 3212 esse
3193 3157 3420 3222 dicunt,

1837 3263 2012 3318 altero
2036 3269 2162 3332 post
2184 3261 2380 3332 Ignatii
2411 3268 2644 3316 mortem
2681 3257 2886 3314 saeculo
2913 3255 3100 3310 lumen
3131 3266 3419 3324 aspexere,

1833 3361 1951 3408 tum
1978 3351 2164 3407 nullus
2188 3351 2315 3406 licet
2335 3350 2790 3422 diligentissimus
2814 3356 3060 3402 veterum
3089 3345 3420 3414 scriptorum

1834 3443 2150 3512 indagator,
2189 3441 2318 3498 licet
2362 3439 2555 3513 lgnatii
2589 3438 2930 3509 temporibus
2973 3445 3029 3491 et
3065 3434 3423 3489 Antiochense

1830 3534 2092 3590 Ecclesiae
2121 3534 2432 3604 proximus,
2457 3533 2526 3588 de
2559 3533 2648 3597 iis,
2687 3545 2828 3603 quas
2854 3545 3014 3586 veras
3039 3527 3423 3600 genuinasque

1831 3625 2004 3682 fuisse
2045 3627 2406 3690 contendunt,
2439 3624 2580 3679 nihil
2626 3624 2857 3680 omnino
2886 3637 3128 3692 unquam
3170 3621 3422 3690 suspica-

1833 3728 1920 3775 tus
1952 3720 2061 3775 sit?
2089 3717 2148 3774 Si
2174 3719 2320 3775 enim
2354 3727 2484 3774 tunc
2507 3717 2730 3788 aliquod
2757 3717 2952 3772 barum
2986 3717 3124 3770 tanti
3152 3714 3417 3786 martyris

1829 3813 2191 3882 epistularum
2225 3811 2506 3880 exemplar
2534 3819 2816 3880 superstes
2859 3807 3065 3864 alicubi
3112 3806 3417 3872 exstiterit;

1829 3902 1878 3957 si
1907 3902 2108 3972 aliquis
2132 3900 2373 3957 Eusebio
2399 3901 2699 3972 antiquior,
2725 3901 2809 3954 vel
2834 3899 3045 3971 lgnatio
3076 3915 3301 3970 suppar,
3325 3909 3421 3955 aut

1829 4010 2081 4061 coaevus,
2106 3995 2172 4049 de
2208 3994 2404 4050 iisdem
2435 3993 2685 4064 epistolis
2705 3993 2915 4064 aliquid
2945 3991 3202 4056 audierit,
3237 3992 3382 4048 illico
3401 4034 3418 4058 ,

1828 4089 1913 4142 vel
1948 4089 2112 4143 unius
2141 4088 2358 4142 illarum
2403 4087 2732 4156 exemplaris
2775 4087 2888 4158 sola
2927 4086 3302 4150 exhibitione,
3337 4085 3421 4139 vel

1829 4182 2066 4252 alicujus
2104 4179 2305 4236 veteris
2336 4180 2624 4250 scriptoris
2671 4179 3130 4244 contradictione,
3171 4193 3250 4233 ea:
3278 4177 3422 4232 ficti-

1830 4274 1920 4330 tiae
1955 4274 2148 4328 littera:
2177 4273 2248 4328 ab
2292 4273 2484 4336 illo,et
2525 4272 2782 4327 omnibus
2814 4271 2938 4326 aliis
2997 4271 3234 4340 explosa:
3281 4269 3420 4326 fuis-

1829 4375 1970 4422 sent.

1903 4479 2015 4535 Nec
2044 4479 2179 4534 illud
2220 4479 2749 4550 praetermittendum
2785 4484 2890 4542 est,
2923 4477 3070 4548 quod
3114 4477 3416 4532 adversarii

173 4548 324 4643 gitatis
350 4555 631 4611 rationum
668 4559 963 4614 momentis
988 4559 1405 4615 confirmentur.
1456 4559 1596 4615 Tum
1627 4561 1730 4616 ob-
1761 4580 1802 4634 ι)
1836 4575 1891 4628 in
1930 4573 2105 4640 hisce,
2145 4548 2285 4643 quas
2317 4571 2530 4642 lgnatio
2570 4571 2888 4642 suppositas
2928 4570 3142 4634 dicunt,
3170 4569 3418 4639 epistolis

172 4638 396 4707 iectiones
424 4649 897 4717 adversariorum,
929 4652 1186 4722 expensis
1225 4652 1461 4708 aliorum
1495 4668 1727 4724 respon-

173 4733 404 4804 sionibus,
439 4741 524 4795 vel
549 4741 760 4798 nostris
792 4757 892 4812 pro
923 4743 1074 4798 virili
1096 4756 1252 4813 parte
1283 4745 1595 4815 subiunctis
1629 4745 1725 4800 de-

175 4832 349 4882 struere
375 4831 737 4900 conabimur;
772 4849 838 4890 ac
869 4835 1086 4890 tandem
1115 4835 1183 4889 ad
1215 4852 1281 4891 ea
1309 4838 1493 4891 omnia
1521 4852 1645 4908 qua:
1668 4838 1726 4892 in

176 4912 496 4979 Pearsonium
527 4925 601 4980 ab
647 4941 924 4998 anonymo
960 4927 1284 4998 deprompta
1322 4931 1508 4986 nullus
1542 4931 1730 4986 hacte-

176 5023 259 5065 nus
291 5016 481 5085 attigit,
516 5020 670 5074 clare
696 5032 753 5076 et
777 5019 1036 5086 dilucide,
1068 5035 1235 5094 atque
1260 5024 1342 5078 uti
1381 5039 1676 5095 speramus
1698 5064 1718 5090 ,

175 5098 385 5164 funditus
411 5112 710 5169 evertenda
733 5115 958 5184 propius
985 5116 1334 5172 accedemus.

742 5223 976 5280 CAPUT
1008 5224 1101 5283 lll.

175 5343 472 5392 Ριοροισιτῠῐι
501 5353 710 5393 1⁷811111
739 5354 1123 5406 ARGUIENTU‘M,
1163 5356 1232 5395 Εἰ
1265 5357 1338 5397 "8
1364 5356 1485 5405 (ὶυῶ
1520 5357 1726 5396 ADVER-

477 5424 623 5464 SAIII
665 5426 895 5466 FINGUNT
939 5427 1319 5467 νερκοιιιτυι.

228 5489 458 5552 Primum
497 5499 723 5568 quidem
760 5511 1100 5556 momentum
1129 5503 1234 5557 etsi
1267 5502 1395 5560 inde
1426 5505 1550 5560 erui
1597 5518 1727 5573 pos—

173 5588 256 5643 ιει.
286 5589 426 5654 quod
479 5590 930 5646 adversariorum
980 5593 1038 5647 in
1089 5594 1469 5649 eommentitia
1523 5595 1723 5649 barum

171 5675 492 5742 epistularum
508 5675 667 5738 aetate
692 5683 1042 5756 assignanda,
1070 5695 1180 5740 tam
1193 5687 1361 5743 varia
1375 5687 1487 5743 sint
1513 5687 1728 5758 opinio-

174 5777 279 5828 nes,
303 5781 359 5826 ut
388 5775 575 5830 nullus
607 5778 832 5833 omnino
865 5777 1008 5833 inter
1039 5795 1136 5836 eos
1155 5779 1222 5835 de
1253 5796 1314 5836 re
1336 5796 1445 5835 non
1479 5782 1552 5836 ita
1589 5781 1728 5834 ditli-

173 5859 244 5913 cili
282 5881 580 5924 consensus
617 5885 736 5930 esse
771 5879 963 5940 queat;
1000 5871 1133 5929 illud
1166 5882 1346 5930 tamen
1380 5872 1727 5941 potissimum

1829 4666 2138 4722 doctrinam
2207 4665 2457 4735 ejusdem
2507 4663 2704 4735 lgnatii
2741 4662 3224 4732 Ecclesiarumque
3268 4662 3416 4716 illius

1829 4758 2092 4829 temporis
2115 4758 2354 4814 decretis
2375 4758 2685 4828 oppositam
2712 4771 2832 4811 sese
2853 4753 3307 4809 animadvertisse
3327 4769 3416 4807 ar—

1829 4851 2135 4917 bitrantur;
2167 4859 2331 4919 atque
2372 4849 2690 4904 earumdem
2732 4857 3010 4904 auctorem
3042 4849 3412 4918 ingeniosum,

1830 4943 2191 5010 industrium,
2227 4942 2510 5007 callidum,
2555 4948 2874 5008 versutum;
2911 4941 2996 4996 vel
3018 4949 3184 5011 prout
3216 4957 3413 4996 eorum

1828 5039 2079 5102 interest,
2123 5035 2362 5102 tardum,
2406 5035 2764 5105 plumbeum,
2804 5035 3088 5104 supinum,
3130 5036 3412 5090 indoctum

1837 5128 2042 5198 passim
2090 5128 2415 5198 praedicant.
2445 5125 2558 5180 Cur
2598 5142 2732 5196 ergo
2776 5127 2896 5182 hate
2933 5127 3120 5182 omnia
3163 5127 3413 5184 doctissi-

1829 5237 1951 5277 mos
1975 5221 2119 5276 tertii
2140 5221 2432 5291 quartique
2461 5220 2646 5275 surculi
2681 5220 3000 5290 scriptores,
3029 5228 3196 5290 atque
3235 5219 3409 5275 Eusc-

1829 5313 1983 5369 bium
2013 5313 2218 5383 ipsum,
2245 5312 2341 5382 qui
2371 5321 2576 5367 tantam
2615 5311 2670 5366 in
2705 5311 3024 5367 evolvendis
3067 5321 3125 5366 et
3151 5313 3410 5369 eruendis

1827 5415 2076 5462 veterum
2125 5404 2351 5460 Patrum
2404 5406 2783 5460 monumentis
2833 5419 3056 5474 operam
3114 5413 3406 5474 posuerat,

1830 5500 1996 5569 plane
2037 5500 2366 5568 penitusque
2413 5496 2711 5567 fugerunt?
2754 5495 2951 5551 Nullus
3003 5495 3278 5565 profectu,
3329 5497 3408 5552 uti

1831 5593 2144 5662 opinamur,
2171 5591 2281 5647 erit
2308 5591 2561 5646 sincerus
2589 5589 2862 5659 aequitatis
2891 5598 2946 5644 et
2974 5588 3222 5646 veritatis
3248 5605 3407 5644 ama-

1830 5698 1937 5750 tor,
1964 5686 2059 5756 qui
2095 5701 2201 5740 non
2244 5685 2514 5755 intelligat
2550 5691 2815 5752 quantum
2854 5682 2937 5736 ba:
2974 5683 3267 5751 opiniones
3305 5696 3403 5752 pa-

1814 5801 1935 5841 run
1972 5800 2099 5838 vero
2126 5783 2410 5837 videantur
2442 5781 2674 5848 similes,
2702 5792 3082 5855 quantumque
3109 5785 3214 5841 sibi
3252 5784 3395 5841 ἰηγὶ-

1813 5891 1930 5934 cem
1967 5875 2257 5934 contrariae
2291 5874 2398 5932 sint
2428 5885 2482 5932 et
2511 5874 2770 5932 adversae.
