  <div class='ocr_page' id='page_1' title='image "/cluster/home/n/w/nwhite01/storage/ocr_20150623/5/nnc1.0046978607/247.png"; bbox 0 0 3852 6206; ppageno 0'>
   <div class='ocr_carea' id='block_1_1' title="bbox 410 348 514 397">
    <p class='ocr_par' dir='ltr' id='par_1_1' title="bbox 410 348 514 397">
     <span class='ocr_line' id='line_1_1' title="bbox 410 348 514 397; baseline 0.01 -2"><span class='ocrx_word' id='word_1_1' title='bbox 410 348 514 397; x_wconf 69' lang='grc'><strong>479</strong></span> 
     </span>
    </p>
   </div>
   <div class='ocr_carea' id='block_1_2' title="bbox 1036 470 1394 524">
    <p class='ocr_par' dir='ltr' id='par_1_2' title="bbox 1036 470 1394 524">
     <span class='ocr_line' id='line_1_2' title="bbox 1036 470 1394 524; baseline 0.003 -1"><span class='ocrx_word' id='word_1_2' title='bbox 1036 470 1264 524; x_wconf 78' lang='lat' dir='ltr'><strong>CAPUT</strong></span> <span class='ocrx_word' id='word_1_3' title='bbox 1310 471 1394 524; x_wconf 83' lang='lat' dir='ltr'><strong>IV.</strong></span> 
     </span>
    </p>
   </div>
   <div class='ocr_carea' id='block_1_3' title="bbox 413 574 778 614">
    <p class='ocr_par' dir='ltr' id='par_1_3' title="bbox 413 574 778 614">
     <span class='ocr_line' id='line_1_3' title="bbox 413 574 778 614; baseline 0.011 -4"><span class='ocrx_word' id='word_1_4' title='bbox 413 574 778 614; x_wconf 70' lang='lat' dir='ltr'><strong>ARCUIENTL’I</strong></span> 
     </span>
    </p>
   </div>
   <div class='ocr_carea' id='block_1_4' title="bbox 486 647 779 686">
    <p class='ocr_par' dir='ltr' id='par_1_4' title="bbox 486 647 779 686">
     <span class='ocr_line' id='line_1_4' title="bbox 486 647 779 686; baseline 0.017 -4"><span class='ocrx_word' id='word_1_5' title='bbox 486 647 655 686; x_wconf 77' lang='lat' dir='ltr'><strong>TITUI</strong></span> <span class='ocrx_word' id='word_1_6' title='bbox 712 649 779 686; x_wconf 75' lang='grc' dir='ltr'><strong>ΑΒ</strong></span> 
     </span>
    </p>
   </div>
   <div class='ocr_carea' id='block_1_5' title="bbox 481 719 679 756">
    <p class='ocr_par' dir='ltr' id='par_1_5' title="bbox 481 719 679 756">
     <span class='ocr_line' id='line_1_5' title="bbox 481 719 679 756; baseline -0.01 -2"><span class='ocrx_word' id='word_1_7' title='bbox 481 719 679 756; x_wconf 70' lang='grc' dir='ltr'>ωτυιι.</span> 
     </span>
    </p>
   </div>
   <div class='ocr_carea' id='block_1_6' title="bbox 832 649 1259 690">
    <p class='ocr_par' dir='ltr' id='par_1_6' title="bbox 832 649 1259 690">
     <span class='ocr_line' id='line_1_6' title="bbox 832 649 1259 690; baseline 0.009 -4"><span class='ocrx_word' id='word_1_8' title='bbox 832 649 1259 690; x_wconf 71' lang='lat' dir='ltr'><strong>EXCEPTIUNIBUS</strong></span> 
     </span>
    </p>
   </div>
   <div class='ocr_carea' id='block_1_7' title="bbox 413 792 1993 872">
    <p class='ocr_par' dir='ltr' id='par_1_7' title="bbox 413 792 1993 872">
     <span class='ocr_line' id='line_1_7' title="bbox 413 792 1993 872; baseline 0.008 -26"><span class='ocrx_word' id='word_1_9' title='bbox 413 792 440 861; x_wconf 82' lang='lat'>§</span> <span class='ocrx_word' id='word_1_10' title='bbox 477 793 512 848; x_wconf 94' lang='lat' dir='ltr'><strong>I.</strong></span> <span class='ocrx_word' id='word_1_11' title='bbox 552 794 937 872; x_wconf 59' lang='lat' dir='ltr'><strong>Testimonium</strong></span> <span class='ocrx_word' id='word_1_12' title='bbox 980 797 1264 872; x_wconf 72' lang='lat' dir='ltr'><strong>Polycarpi</strong></span> <span class='ocrx_word' id='word_1_13' title='bbox 1315 802 1668 868; x_wconf 75' lang='lat' dir='ltr'><strong>proponitur,</strong></span> <span class='ocrx_word' id='word_1_14' title='bbox 1726 812 1776 855; x_wconf 85' lang='lat' dir='ltr'><strong>et</strong></span> <span class='ocrx_word' id='word_1_15' title='bbox 1817 805 1993 872; x_wconf 84' lang='lat' dir='ltr'><strong>prima</strong></span> 
     </span>
    </p>
   </div>
   <div class='ocr_carea' id='block_1_8' title="bbox 811 867 1586 939">
    <p class='ocr_par' dir='ltr' id='par_1_8' title="bbox 811 867 1586 939">
     <span class='ocr_line' id='line_1_8' title="bbox 811 867 1586 939; baseline 0.008 -20"><span class='ocrx_word' id='word_1_16' title='bbox 811 867 1004 921; x_wconf 73' lang='lat' dir='ltr'><strong>Dallwi</strong></span> <span class='ocrx_word' id='word_1_17' title='bbox 1035 872 1270 936; x_wconf 66' lang='lat' dir='ltr'><strong>exceptio</strong></span> <span class='ocrx_word' id='word_1_18' title='bbox 1304 867 1586 939; x_wconf 81' lang='lat' dir='ltr'><strong>refellitur.</strong></span> 
     </span>
    </p>
   </div>
   <div class='ocr_carea' id='block_1_9' title="bbox 481 954 1986 1035">
    <p class='ocr_par' dir='ltr' id='par_1_9' title="bbox 481 954 1986 1035">
     <span class='ocr_line' id='line_1_9' title="bbox 481 954 1986 1035; baseline 0.008 -28"><span class='ocrx_word' id='word_1_19' title='bbox 481 954 585 1008; x_wconf 98' lang='lat' dir='ltr'><strong>Sed</strong></span> <span class='ocrx_word' id='word_1_20' title='bbox 623 958 735 1027; x_wconf 89' lang='lat' dir='ltr'><strong>jam</strong></span> <span class='ocrx_word' id='word_1_21' title='bbox 781 959 847 1012; x_wconf 90' lang='lat' dir='ltr'><strong>ad</strong></span> <span class='ocrx_word' id='word_1_22' title='bbox 878 960 984 1014; x_wconf 89' lang='lat' dir='ltr'><strong>alia</strong></span> <span class='ocrx_word' id='word_1_23' title='bbox 1017 973 1362 1029; x_wconf 87' lang='lat' dir='ltr'><strong>argumenta,</strong></span> <span class='ocrx_word' id='word_1_24' title='bbox 1410 965 1615 1033; x_wconf 78' lang='lat' dir='ltr'><strong>quibus</strong></span> <span class='ocrx_word' id='word_1_25' title='bbox 1646 965 1832 1035; x_wconf 91' lang='lat' dir='ltr'><strong>opinio</strong></span> <span class='ocrx_word' id='word_1_26' title='bbox 1876 974 1986 1019; x_wconf 90' lang='lat' dir='ltr'><strong>tam</strong></span> 
     </span>
    </p>
   </div>
   <div class='ocr_carea' id='block_1_10' title="bbox 407 1049 1982 1123">
    <p class='ocr_par' dir='ltr' id='par_1_10' title="bbox 407 1049 1982 1123">
     <span class='ocr_line' id='line_1_10' title="bbox 407 1049 1982 1123; baseline 0.008 -27"><span class='ocrx_word' id='word_1_27' title='bbox 407 1061 598 1114; x_wconf 81' lang='lat' dir='ltr'><strong>parum</strong></span> <span class='ocrx_word' id='word_1_28' title='bbox 630 1049 734 1103; x_wconf 91' lang='lat' dir='ltr'><strong>sibi</strong></span> <span class='ocrx_word' id='word_1_29' title='bbox 758 1059 1023 1105; x_wconf 94' lang='lat' dir='ltr'><strong>constans</strong></span> <span class='ocrx_word' id='word_1_30' title='bbox 1049 1052 1422 1123; x_wconf 84' lang='lat' dir='ltr'><strong>impugnatur,</strong></span> <span class='ocrx_word' id='word_1_31' title='bbox 1455 1056 1858 1123; x_wconf 90' lang='lat' dir='ltr'><strong>properandum</strong></span> <span class='ocrx_word' id='word_1_32' title='bbox 1881 1065 1982 1110; x_wconf 85' lang='lat' dir='ltr'><strong>est.</strong></span> 
     </span>
    </p>
   </div>
   <div class='ocr_carea' id='block_1_11' title="bbox 407 1135 1986 1214">
    <p class='ocr_par' dir='ltr' id='par_1_11' title="bbox 407 1135 1986 1214">
     <span class='ocr_line' id='line_1_11' title="bbox 407 1135 1986 1214; baseline 0.008 -26"><span class='ocrx_word' id='word_1_33' title='bbox 407 1135 479 1189; x_wconf 87' lang='lat' dir='ltr'><strong>Ea</strong></span> <span class='ocrx_word' id='word_1_34' title='bbox 512 1148 691 1192; x_wconf 81' lang='lat' dir='ltr'><strong>autem</strong></span> <span class='ocrx_word' id='word_1_35' title='bbox 723 1141 956 1210; x_wconf 83' lang='lat' dir='ltr'><strong>duplicis</strong></span> <span class='ocrx_word' id='word_1_36' title='bbox 981 1151 1109 1197; x_wconf 89' lang='lat' dir='ltr'><strong>sunt</strong></span> <span class='ocrx_word' id='word_1_37' title='bbox 1130 1145 1377 1214; x_wconf 84' lang='lat' dir='ltr'><strong>generis:</strong></span> <span class='ocrx_word' id='word_1_38' title='bbox 1403 1145 1508 1198; x_wconf 74' lang='lat' dir='ltr'><strong>alia</strong></span> <span class='ocrx_word' id='word_1_39' title='bbox 1537 1146 1738 1214; x_wconf 90' lang='lat' dir='ltr'><strong>quippe</strong></span> <span class='ocrx_word' id='word_1_40' title='bbox 1760 1155 1986 1201; x_wconf 83' lang='lat' dir='ltr'><strong>externa</strong></span> 
     </span>
    </p>
   </div>
   <div class='ocr_carea' id='block_1_12' title="bbox 403 1230 1987 1308">
    <p class='ocr_par' dir='ltr' id='par_1_12' title="bbox 403 1230 1987 1308">
     <span class='ocr_line' id='line_1_12' title="bbox 403 1230 1987 1308; baseline 0.008 -26"><span class='ocrx_word' id='word_1_41' title='bbox 403 1230 510 1283; x_wconf 89' lang='lat' dir='ltr'><strong>dici</strong></span> <span class='ocrx_word' id='word_1_42' title='bbox 539 1241 788 1299; x_wconf 89' lang='lat' dir='ltr'><strong>possunt,</strong></span> <span class='ocrx_word' id='word_1_43' title='bbox 821 1249 942 1304; x_wconf 81' lang='lat' dir='ltr'><strong>qua</strong></span> <span class='ocrx_word' id='word_1_44' title='bbox 984 1250 1051 1289; x_wconf 81' lang='lat' dir='ltr'><strong>ex</strong></span> <span class='ocrx_word' id='word_1_45' title='bbox 1080 1237 1204 1291; x_wconf 91' lang='lat' dir='ltr'><strong>aliis</strong></span> <span class='ocrx_word' id='word_1_46' title='bbox 1248 1238 1539 1308; x_wconf 81' lang='lat' dir='ltr'><strong>inculpata</strong></span> <span class='ocrx_word' id='word_1_47' title='bbox 1575 1249 1629 1292; x_wconf 91' lang='lat' dir='ltr'><strong>et</strong></span> <span class='ocrx_word' id='word_1_48' title='bbox 1661 1239 1987 1294; x_wconf 88' lang='lat' dir='ltr'><strong>certissima</strong></span> 
     </span>
    </p>
   </div>
   <div class='ocr_carea' id='block_1_13' title="bbox 404 1321 1985 1401">
    <p class='ocr_par' dir='ltr' id='par_1_13' title="bbox 404 1321 1985 1401">
     <span class='ocr_line' id='line_1_13' title="bbox 404 1321 1985 1401; baseline 0.007 -27"><span class='ocrx_word' id='word_1_49' title='bbox 404 1321 529 1376; x_wconf 89' lang='lat' dir='ltr'><strong>fidei</strong></span> <span class='ocrx_word' id='word_1_50' title='bbox 558 1332 814 1391; x_wconf 90' lang='lat' dir='ltr'><strong>petuntur</strong></span> <span class='ocrx_word' id='word_1_51' title='bbox 840 1326 1237 1395; x_wconf 75' lang='lat' dir='ltr'><strong>scriptoribus;</strong></span> <span class='ocrx_word' id='word_1_52' title='bbox 1279 1329 1385 1382; x_wconf 85' lang='lat' dir='ltr'><strong>alia</strong></span> <span class='ocrx_word' id='word_1_53' title='bbox 1423 1345 1553 1382; x_wconf 88' lang='lat' dir='ltr'><strong>vero</strong></span> <span class='ocrx_word' id='word_1_54' title='bbox 1593 1331 1828 1396; x_wconf 88' lang='lat' dir='ltr'><strong>interna,</strong></span> <span class='ocrx_word' id='word_1_55' title='bbox 1859 1332 1985 1401; x_wconf 86' lang='lat' dir='ltr'><strong>qui-</strong></span> 
     </span>
    </p>
   </div>
   <div class='ocr_carea' id='block_1_14' title="bbox 403 1416 1979 1493">
    <p class='ocr_par' dir='ltr' id='par_1_14' title="bbox 403 1416 1979 1493">
     <span class='ocr_line' id='line_1_14' title="bbox 403 1416 1979 1493; baseline 0.008 -25"><span class='ocrx_word' id='word_1_56' title='bbox 403 1416 506 1469; x_wconf 85' lang='lat' dir='ltr'><strong>bus</strong></span> <span class='ocrx_word' id='word_1_57' title='bbox 537 1417 780 1471; x_wconf 84' lang='lat' dir='ltr'><strong>auctoris</strong></span> <span class='ocrx_word' id='word_1_58' title='bbox 809 1432 975 1487; x_wconf 84' lang='lat' dir='ltr'><strong>opera</strong></span> <span class='ocrx_word' id='word_1_59' title='bbox 1002 1419 1122 1488; x_wconf 87' lang='lat' dir='ltr'><strong>ejus</strong></span> <span class='ocrx_word' id='word_1_60' title='bbox 1169 1421 1388 1490; x_wconf 84' lang='lat' dir='ltr'><strong>ingenio</strong></span> <span class='ocrx_word' id='word_1_61' title='bbox 1415 1432 1467 1475; x_wconf 91' lang='lat' dir='ltr'><strong>et</strong></span> <span class='ocrx_word' id='word_1_62' title='bbox 1495 1424 1748 1493; x_wconf 77' lang='lat' dir='ltr'><strong>tempori,</strong></span> <span class='ocrx_word' id='word_1_63' title='bbox 1777 1440 1842 1479; x_wconf 85' lang='lat' dir='ltr'><strong>ac</strong></span> <span class='ocrx_word' id='word_1_64' title='bbox 1874 1441 1979 1480; x_wconf 82' lang='lat' dir='ltr'><strong>ca-</strong></span> 
     </span>
    </p>
   </div>
   <div class='ocr_carea' id='block_1_15' title="bbox 401 1508 1978 1585">
    <p class='ocr_par' dir='ltr' id='par_1_15' title="bbox 401 1508 1978 1585">
     <span class='ocr_line' id='line_1_15' title="bbox 401 1508 1978 1585; baseline 0.009 -26"><span class='ocrx_word' id='word_1_65' title='bbox 401 1508 552 1573; x_wconf 90' lang='lat' dir='ltr'><strong>teris,</strong></span> <span class='ocrx_word' id='word_1_66' title='bbox 579 1523 701 1578; x_wconf 87' lang='lat' dir='ltr'><strong>qua</strong></span> <span class='ocrx_word' id='word_1_67' title='bbox 747 1509 1044 1564; x_wconf 88' lang='lat' dir='ltr'><strong>desiderari</strong></span> <span class='ocrx_word' id='word_1_68' title='bbox 1077 1522 1306 1580; x_wconf 92' lang='lat' dir='ltr'><strong>possunt</strong></span> <span class='ocrx_word' id='word_1_69' title='bbox 1335 1514 1628 1583; x_wconf 90' lang='lat' dir='ltr'><strong>adjunctis,</strong></span> <span class='ocrx_word' id='word_1_70' title='bbox 1678 1527 1800 1585; x_wconf 88' lang='lat' dir='ltr'><strong>apte</strong></span> <span class='ocrx_word' id='word_1_71' title='bbox 1841 1533 1978 1572; x_wconf 89' lang='lat' dir='ltr'><strong>con-</strong></span> 
     </span>
    </p>
   </div>
   <div class='ocr_carea' id='block_1_16' title="bbox 401 1603 1979 1679">
    <p class='ocr_par' dir='ltr' id='par_1_16' title="bbox 401 1603 1979 1679">
     <span class='ocr_line' id='line_1_16' title="bbox 401 1603 1979 1679; baseline 0.009 -25"><span class='ocrx_word' id='word_1_72' title='bbox 401 1603 587 1657; x_wconf 88' lang='lat' dir='ltr'><strong>venire</strong></span> <span class='ocrx_word' id='word_1_73' title='bbox 619 1603 1086 1659; x_wconf 86' lang='lat' dir='ltr'><strong>demonstrantur.</strong></span> <span class='ocrx_word' id='word_1_74' title='bbox 1118 1605 1187 1658; x_wconf 85' lang='lat' dir='ltr'><strong>At</strong></span> <span class='ocrx_word' id='word_1_75' title='bbox 1217 1607 1432 1661; x_wconf 83' lang='lat' dir='ltr'><strong>invictis</strong></span> <span class='ocrx_word' id='word_1_76' title='bbox 1458 1609 1746 1678; x_wconf 91' lang='lat' dir='ltr'><strong>utriusque</strong></span> <span class='ocrx_word' id='word_1_77' title='bbox 1765 1612 1979 1679; x_wconf 84' lang='lat' dir='ltr'><strong>generis</strong></span> 
     </span>
    </p>
   </div>
   <div class='ocr_carea' id='block_1_17' title="bbox 400 1694 1975 1773">
    <p class='ocr_par' dir='ltr' id='par_1_17' title="bbox 400 1694 1975 1773">
     <span class='ocr_line' id='line_1_17' title="bbox 400 1694 1975 1773; baseline 0.01 -29"><span class='ocrx_word' id='word_1_78' title='bbox 400 1694 726 1758; x_wconf 89' lang='lat' dir='ltr'><strong>momentis,</strong></span> <span class='ocrx_word' id='word_1_79' title='bbox 770 1704 974 1762; x_wconf 89' lang='lat' dir='ltr'><strong>septem</strong></span> <span class='ocrx_word' id='word_1_80' title='bbox 1029 1697 1217 1764; x_wconf 86' lang='lat' dir='ltr'><strong>prima</strong></span> <span class='ocrx_word' id='word_1_81' title='bbox 1249 1699 1442 1754; x_wconf 87' lang='lat' dir='ltr'><strong>classis</strong></span> <span class='ocrx_word' id='word_1_82' title='bbox 1481 1699 1738 1768; x_wconf 91' lang='lat' dir='ltr'><strong>epistolas</strong></span> <span class='ocrx_word' id='word_1_83' title='bbox 1768 1701 1975 1773; x_wconf 88' lang='lat' dir='ltr'><strong>lgnatio</strong></span> 
     </span>
    </p>
   </div>
   <div class='ocr_carea' id='block_1_18' title="bbox 401 1785 1384 1856">
    <p class='ocr_par' dir='ltr' id='par_1_18' title="bbox 401 1785 1384 1856">
     <span class='ocr_line' id='line_1_18' title="bbox 401 1785 1384 1856; baseline 0.01 -20"><span class='ocrx_word' id='word_1_84' title='bbox 401 1785 570 1838; x_wconf 84' lang='lat' dir='ltr'><strong>asseri</strong></span> <span class='ocrx_word' id='word_1_85' title='bbox 598 1801 759 1855; x_wconf 88' lang='lat' dir='ltr'><strong>posse</strong></span> <span class='ocrx_word' id='word_1_86' title='bbox 788 1788 946 1856; x_wconf 83' lang='lat' dir='ltr'><strong>plane</strong></span> <span class='ocrx_word' id='word_1_87' title='bbox 976 1791 1384 1846; x_wconf 89' lang='lat' dir='ltr'><strong>contendimus.</strong></span> 
     </span>
    </p>
   </div>
   <div class='ocr_carea' id='block_1_19' title="bbox 470 1878 1983 1960">
    <p class='ocr_par' dir='ltr' id='par_1_19' title="bbox 470 1878 1983 1960">
     <span class='ocr_line' id='line_1_19' title="bbox 470 1878 1983 1960; baseline 0.009 -30"><span class='ocrx_word' id='word_1_88' title='bbox 470 1878 646 1947; x_wconf 77' lang='lat' dir='ltr'><strong>Atque</strong></span> <span class='ocrx_word' id='word_1_89' title='bbox 695 1889 753 1934; x_wconf 89' lang='lat' dir='ltr'><strong>ut</strong></span> <span class='ocrx_word' id='word_1_90' title='bbox 801 1895 831 1933; x_wconf 92' lang='lat' dir='ltr'><strong>a</strong></span> <span class='ocrx_word' id='word_1_91' title='bbox 864 1883 1043 1950; x_wconf 92' lang='lat' dir='ltr'><strong>primo</strong></span> <span class='ocrx_word' id='word_1_92' title='bbox 1088 1897 1538 1954; x_wconf 89' lang='lat' dir='ltr'><strong>argumentorum</strong></span> <span class='ocrx_word' id='word_1_93' title='bbox 1583 1905 1784 1960; x_wconf 83' lang='lat' dir='ltr'><strong>genere</strong></span> <span class='ocrx_word' id='word_1_94' title='bbox 1821 1907 1983 1946; x_wconf 82' lang='lat' dir='ltr'><strong>exor-</strong></span> 
     </span>
    </p>
   </div>
   <div class='ocr_carea' id='block_1_20' title="bbox 400 1969 1982 2051">
    <p class='ocr_par' dir='ltr' id='par_1_20' title="bbox 400 1969 1982 2051">
     <span class='ocr_line' id='line_1_20' title="bbox 400 1969 1982 2051; baseline 0.009 -30"><span class='ocrx_word' id='word_1_95' title='bbox 400 1969 549 2022; x_wconf 90' lang='lat' dir='ltr'><strong>dium</strong></span> <span class='ocrx_word' id='word_1_96' title='bbox 600 1985 920 2037; x_wconf 89' lang='lat' dir='ltr'><strong>sumamus,</strong></span> <span class='ocrx_word' id='word_1_97' title='bbox 967 1990 1321 2032; x_wconf 88' lang='lat' dir='ltr'><strong>numerosum</strong></span> <span class='ocrx_word' id='word_1_98' title='bbox 1371 1979 1665 2051; x_wconf 86' lang='lat' dir='ltr'><strong>cujuslibet</strong></span> <span class='ocrx_word' id='word_1_99' title='bbox 1699 1983 1797 2037; x_wconf 83' lang='lat' dir='ltr'><strong>avi</strong></span> <span class='ocrx_word' id='word_1_100' title='bbox 1841 1984 1982 2038; x_wconf 88' lang='lat' dir='ltr'><strong>scri-</strong></span> 
     </span>
    </p>
   </div>
   <div class='ocr_carea' id='block_1_21' title="bbox 400 2065 1978 2144">
    <p class='ocr_par' dir='ltr' id='par_1_21' title="bbox 400 2065 1978 2144">
     <span class='ocr_line' id='line_1_21' title="bbox 400 2065 1978 2144; baseline 0.011 -31"><span class='ocrx_word' id='word_1_101' title='bbox 400 2069 640 2129; x_wconf 81' lang='lat' dir='ltr'><strong>ptorum,</strong></span> <span class='ocrx_word' id='word_1_102' title='bbox 667 2065 759 2132; x_wconf 89' lang='lat' dir='ltr'><strong>qui</strong></span> <span class='ocrx_word' id='word_1_103' title='bbox 788 2065 886 2121; x_wconf 91' lang='lat' dir='ltr'><strong>has</strong></span> <span class='ocrx_word' id='word_1_104' title='bbox 913 2068 1174 2136; x_wconf 90' lang='lat' dir='ltr'><strong>epistolas</strong></span> <span class='ocrx_word' id='word_1_105' title='bbox 1194 2081 1383 2125; x_wconf 91' lang='lat' dir='ltr'><strong>nostro</strong></span> <span class='ocrx_word' id='word_1_106' title='bbox 1411 2075 1636 2144; x_wconf 86' lang='lat' dir='ltr'><strong>martyri</strong></span> <span class='ocrx_word' id='word_1_107' title='bbox 1667 2075 1978 2144; x_wconf 86' lang='lat' dir='ltr'><strong>vindicant,</strong></span> 
     </span>
    </p>
   </div>
   <div class='ocr_carea' id='block_1_22' title="bbox 400 2155 1981 2238">
    <p class='ocr_par' dir='ltr' id='par_1_22' title="bbox 400 2155 1981 2238">
     <span class='ocr_line' id='line_1_22' title="bbox 400 2155 1981 2238; baseline 0.01 -32"><span class='ocrx_word' id='word_1_108' title='bbox 400 2168 592 2222; x_wconf 80' lang='lat' dir='ltr'><strong>agmen</strong></span> <span class='ocrx_word' id='word_1_109' title='bbox 629 2155 791 2211; x_wconf 89' lang='lat' dir='ltr'><strong>ducet</strong></span> <span class='ocrx_word' id='word_1_110' title='bbox 816 2156 1172 2231; x_wconf 84' lang='lat' dir='ltr'><strong>Polycarpus,</strong></span> <span class='ocrx_word' id='word_1_111' title='bbox 1205 2161 1452 2234; x_wconf 85' lang='lat' dir='ltr'><strong>Smyrna</strong></span> <span class='ocrx_word' id='word_1_112' title='bbox 1478 2166 1789 2236; x_wconf 90' lang='lat' dir='ltr'><strong>cpiscopus,</strong></span> <span class='ocrx_word' id='word_1_113' title='bbox 1825 2166 1981 2238; x_wconf 82' lang='lat' dir='ltr'><strong>lgna-</strong></span> 
     </span>
    </p>
   </div>
   <div class='ocr_carea' id='block_1_23' title="bbox 399 2245 1979 2320">
    <p class='ocr_par' dir='ltr' id='par_1_23' title="bbox 399 2245 1979 2320">
     <span class='ocr_line' id='line_1_23' title="bbox 399 2245 1979 2320; baseline 0.013 -22"><span class='ocrx_word' id='word_1_114' title='bbox 399 2245 476 2299; x_wconf 90' lang='lat' dir='ltr'><strong>tio</strong></span> <span class='ocrx_word' id='word_1_115' title='bbox 509 2263 615 2302; x_wconf 91' lang='lat' dir='ltr'><strong>non</strong></span> <span class='ocrx_word' id='word_1_116' title='bbox 638 2250 815 2304; x_wconf 92' lang='lat' dir='ltr'><strong>solum</strong></span> <span class='ocrx_word' id='word_1_117' title='bbox 844 2267 1079 2320; x_wconf 81' lang='lat' dir='ltr'><strong>coavus,</strong></span> <span class='ocrx_word' id='word_1_118' title='bbox 1115 2256 1208 2309; x_wconf 88' lang='lat' dir='ltr'><strong>sed</strong></span> <span class='ocrx_word' id='word_1_119' title='bbox 1235 2257 1474 2311; x_wconf 89' lang='lat' dir='ltr'><strong>amicitia</strong></span> <span class='ocrx_word' id='word_1_120' title='bbox 1502 2268 1553 2313; x_wconf 87' lang='lat' dir='ltr'><strong>et</strong></span> <span class='ocrx_word' id='word_1_121' title='bbox 1580 2261 1979 2318; x_wconf 88' lang='lat' dir='ltr'><strong>consuetudine</strong></span> 
     </span>
    </p>
   </div>
   <div class='ocr_carea' id='block_1_24' title="bbox 397 2341 1976 2420">
    <p class='ocr_par' dir='ltr' id='par_1_24' title="bbox 397 2341 1976 2420">
     <span class='ocr_line' id='line_1_24' title="bbox 397 2341 1976 2420; baseline 0.012 -28"><span class='ocrx_word' id='word_1_122' title='bbox 397 2341 907 2410; x_wconf 87' lang='lat' dir='ltr'><strong>conjunctissimus.</strong></span> <span class='ocrx_word' id='word_1_123' title='bbox 949 2345 1000 2401; x_wconf 87' lang='lat' dir='ltr'><strong>Is</strong></span> <span class='ocrx_word' id='word_1_124' title='bbox 1046 2348 1190 2402; x_wconf 91' lang='lat' dir='ltr'><strong>enim</strong></span> <span class='ocrx_word' id='word_1_125' title='bbox 1239 2351 1330 2420; x_wconf 86' lang='lat' dir='ltr'><strong>qui</strong></span> <span class='ocrx_word' id='word_1_126' title='bbox 1371 2351 1422 2405; x_wconf 93' lang='lat' dir='ltr'><strong>in</strong></span> <span class='ocrx_word' id='word_1_127' title='bbox 1483 2353 1680 2410; x_wconf 88' lang='lat' dir='ltr'><strong>litteris</strong></span> <span class='ocrx_word' id='word_1_128' title='bbox 1729 2356 1827 2409; x_wconf 89' lang='lat' dir='ltr'><strong>viri</strong></span> <span class='ocrx_word' id='word_1_129' title='bbox 1872 2357 1976 2411; x_wconf 88' lang='lat' dir='ltr'><strong>sibi</strong></span> 
     </span>
    </p>
   </div>
   <div class='ocr_carea' id='block_1_25' title="bbox 399 2434 1977 2516">
    <p class='ocr_par' dir='ltr' id='par_1_25' title="bbox 399 2434 1977 2516">
     <span class='ocr_line' id='line_1_25' title="bbox 399 2434 1977 2516; baseline 0.015 -31"><span class='ocrx_word' id='word_1_130' title='bbox 399 2434 720 2491; x_wconf 88' lang='lat' dir='ltr'><strong>amicissimi</strong></span> <span class='ocrx_word' id='word_1_131' title='bbox 771 2439 1158 2508; x_wconf 87' lang='lat' dir='ltr'><strong>dignoscendis</strong></span> <span class='ocrx_word' id='word_1_132' title='bbox 1204 2447 1287 2499; x_wconf 87' lang='lat' dir='ltr'><strong>vel</strong></span> <span class='ocrx_word' id='word_1_133' title='bbox 1338 2447 1669 2516; x_wconf 86' lang='lat' dir='ltr'><strong>indicandis,</strong></span> <span class='ocrx_word' id='word_1_134' title='bbox 1719 2467 1817 2506; x_wconf 90' lang='lat' dir='ltr'><strong>nec</strong></span> <span class='ocrx_word' id='word_1_135' title='bbox 1864 2453 1977 2508; x_wconf 86' lang='lat' dir='ltr'><strong>falli</strong></span> 
     </span>
    </p>
   </div>
   <div class='ocr_carea' id='block_1_26' title="bbox 400 2524 1977 2608">
    <p class='ocr_par' dir='ltr' id='par_1_26' title="bbox 400 2524 1977 2608">
     <span class='ocr_line' id='line_1_26' title="bbox 400 2524 1977 2608; baseline 0.014 -32"><span class='ocrx_word' id='word_1_136' title='bbox 400 2539 500 2579; x_wconf 88' lang='lat' dir='ltr'><strong>nec</strong></span> <span class='ocrx_word' id='word_1_137' title='bbox 526 2524 713 2582; x_wconf 88' lang='lat' dir='ltr'><strong>fallere</strong></span> <span class='ocrx_word' id='word_1_138' title='bbox 744 2539 977 2598; x_wconf 88' lang='lat' dir='ltr'><strong>poterat,</strong></span> <span class='ocrx_word' id='word_1_139' title='bbox 1027 2533 1093 2588; x_wconf 90' lang='lat' dir='ltr'><strong>de</strong></span> <span class='ocrx_word' id='word_1_140' title='bbox 1123 2535 1190 2590; x_wconf 92' lang='lat' dir='ltr'><strong>iis</strong></span> <span class='ocrx_word' id='word_1_141' title='bbox 1221 2537 1288 2591; x_wconf 91' lang='lat' dir='ltr'><strong>ad</strong></span> <span class='ocrx_word' id='word_1_142' title='bbox 1318 2535 1694 2608; x_wconf 83' lang='lat' dir='ltr'><strong>Philippenses</strong></span> <span class='ocrx_word' id='word_1_143' title='bbox 1725 2544 1805 2596; x_wconf 92' lang='lat' dir='ltr'><strong>sic</strong></span> <span class='ocrx_word' id='word_1_144' title='bbox 1842 2544 1977 2597; x_wconf 91' lang='lat' dir='ltr'><strong>scri-</strong></span> 
     </span>
    </p>
   </div>
   <div class='ocr_carea' id='block_1_27' title="bbox 400 2612 1976 2703">
    <p class='ocr_par' dir='ltr' id='par_1_27' title="bbox 400 2612 1976 2703">
     <span class='ocr_line' id='line_1_27' title="bbox 400 2612 1976 2703; baseline 0.015 -39"><span class='ocrx_word' id='word_1_145' title='bbox 400 2612 478 2666; x_wconf 92' lang='lat' dir='ltr'><strong>bit</strong></span> <span class='ocrx_word' id='word_1_146' title='bbox 511 2633 524 2668; x_wconf 93' lang='lat'><strong>:</strong></span> <span class='ocrx_word' id='word_1_147' title='bbox 561 2634 580 2666; x_wconf 68' lang='grc'><strong>(</strong></span> <span class='ocrx_word' id='word_1_148' title='bbox 613 2615 921 2688; x_wconf 88' lang='lat' dir='ltr'><strong>Scripsistis</strong></span> <span class='ocrx_word' id='word_1_149' title='bbox 954 2622 1019 2676; x_wconf 90' lang='lat' dir='ltr'><strong>ad</strong></span> <span class='ocrx_word' id='word_1_150' title='bbox 1045 2639 1130 2677; x_wconf 92' lang='lat' dir='ltr'><strong>me</strong></span> <span class='ocrx_word' id='word_1_151' title='bbox 1154 2635 1209 2678; x_wconf 90' lang='lat' dir='ltr'><strong>et</strong></span> <span class='ocrx_word' id='word_1_152' title='bbox 1243 2642 1342 2683; x_wconf 88' lang='lat' dir='ltr'><strong>vos</strong></span> <span class='ocrx_word' id='word_1_153' title='bbox 1369 2636 1422 2682; x_wconf 92' lang='lat' dir='ltr'><strong>et</strong></span> <span class='ocrx_word' id='word_1_154' title='bbox 1451 2630 1831 2696; x_wconf 79' lang='lat' dir='ltr'><strong>lgnatius......</strong></span> <span class='ocrx_word' id='word_1_155' title='bbox 1863 2634 1976 2703; x_wconf 90' lang='lat' dir='ltr'><strong>epi-</strong></span> 
     </span>
    </p>
   </div>
   <div class='ocr_carea' id='block_1_28' title="bbox 398 2708 1974 2796">
    <p class='ocr_par' dir='ltr' id='par_1_28' title="bbox 398 2708 1974 2796">
     <span class='ocr_line' id='line_1_28' title="bbox 398 2708 1974 2796; baseline 0.013 -35"><span class='ocrx_word' id='word_1_156' title='bbox 398 2708 567 2763; x_wconf 85' lang='lat' dir='ltr'><strong>stolas</strong></span> <span class='ocrx_word' id='word_1_157' title='bbox 597 2725 788 2765; x_wconf 90' lang='lat' dir='ltr'><strong>omnes</strong></span> <span class='ocrx_word' id='word_1_158' title='bbox 824 2711 1038 2783; x_wconf 87' lang='lat' dir='ltr'><strong>lgnatii,</strong></span> <span class='ocrx_word' id='word_1_159' title='bbox 1069 2731 1207 2786; x_wconf 88' lang='lat' dir='ltr'><strong>quas</strong></span> <span class='ocrx_word' id='word_1_160' title='bbox 1236 2718 1302 2772; x_wconf 88' lang='lat' dir='ltr'><strong>ad</strong></span> <span class='ocrx_word' id='word_1_161' title='bbox 1337 2735 1423 2773; x_wconf 92' lang='lat' dir='ltr'><strong>me</strong></span> <span class='ocrx_word' id='word_1_162' title='bbox 1455 2723 1694 2791; x_wconf 88' lang='lat' dir='ltr'><strong>scripsit,</strong></span> <span class='ocrx_word' id='word_1_163' title='bbox 1733 2735 1786 2778; x_wconf 92' lang='lat' dir='ltr'><strong>et</strong></span> <span class='ocrx_word' id='word_1_164' title='bbox 1807 2742 1974 2796; x_wconf 83' lang='lat' dir='ltr'><strong>quas-</strong></span> 
     </span>
    </p>
   </div>
   <div class='ocr_carea' id='block_1_29' title="bbox 397 2803 1973 2886">
    <p class='ocr_par' dir='ltr' id='par_1_29' title="bbox 397 2803 1973 2886">
     <span class='ocr_line' id='line_1_29' title="bbox 397 2803 1973 2886; baseline 0.013 -33"><span class='ocrx_word' id='word_1_165' title='bbox 397 2815 614 2870; x_wconf 91' lang='lat' dir='ltr'><strong>cunque</strong></span> <span class='ocrx_word' id='word_1_166' title='bbox 641 2803 859 2857; x_wconf 91' lang='lat' dir='ltr'><strong>demum</strong></span> <span class='ocrx_word' id='word_1_167' title='bbox 890 2806 1032 2875; x_wconf 91' lang='lat' dir='ltr'><strong>apud</strong></span> <span class='ocrx_word' id='word_1_168' title='bbox 1064 2823 1166 2862; x_wconf 91' lang='lat' dir='ltr'><strong>nos</strong></span> <span class='ocrx_word' id='word_1_169' title='bbox 1190 2811 1429 2879; x_wconf 87' lang='lat' dir='ltr'><strong>reperire</strong></span> <span class='ocrx_word' id='word_1_170' title='bbox 1453 2816 1751 2882; x_wconf 90' lang='lat' dir='ltr'><strong>potuimus,</strong></span> <span class='ocrx_word' id='word_1_171' title='bbox 1784 2833 1973 2886; x_wconf 78' lang='lat' dir='ltr'><strong>quem-</strong></span> 
     </span>
    </p>
   </div>
   <div class='ocr_carea' id='block_1_30' title="bbox 400 2892 1972 2975">
    <p class='ocr_par' dir='ltr' id='par_1_30' title="bbox 400 2892 1972 2975">
     <span class='ocr_line' id='line_1_30' title="bbox 400 2892 1972 2975; baseline 0.014 -32"><span class='ocrx_word' id='word_1_172' title='bbox 400 2892 694 2948; x_wconf 88' lang='lat' dir='ltr'><strong>admodum</strong></span> <span class='ocrx_word' id='word_1_173' title='bbox 715 2895 874 2950; x_wconf 87' lang='lat' dir='ltr'><strong>nobis</strong></span> <span class='ocrx_word' id='word_1_174' title='bbox 904 2899 1226 2963; x_wconf 87' lang='lat' dir='ltr'><strong>mandastis,</strong></span> <span class='ocrx_word' id='word_1_175' title='bbox 1256 2902 1322 2955; x_wconf 91' lang='lat' dir='ltr'><strong>ad</strong></span> <span class='ocrx_word' id='word_1_176' title='bbox 1347 2919 1442 2956; x_wconf 91' lang='lat' dir='ltr'><strong>vos</strong></span> <span class='ocrx_word' id='word_1_177' title='bbox 1467 2905 1739 2962; x_wconf 89' lang='lat' dir='ltr'><strong>misimus.</strong></span> <span class='ocrx_word' id='word_1_178' title='bbox 1773 2927 1791 2960; x_wconf 76' lang='grc' dir='ltr'><strong><em>ι</em></strong></span> <span class='ocrx_word' id='word_1_179' title='bbox 1831 2908 1972 2975; x_wconf 87' lang='lat' dir='ltr'><strong>Quid</strong></span> 
     </span>
    </p>
   </div>
   <div class='ocr_carea' id='block_1_31' title="bbox 401 2986 1971 3068">
    <p class='ocr_par' dir='ltr' id='par_1_31' title="bbox 401 2986 1971 3068">
     <span class='ocr_line' id='line_1_31' title="bbox 401 2986 1971 3068; baseline 0.013 -31"><span class='ocrx_word' id='word_1_180' title='bbox 401 2986 534 3038; x_wconf 83' lang='lat' dir='ltr'><strong>tanti</strong></span> <span class='ocrx_word' id='word_1_181' title='bbox 565 2986 667 3040; x_wconf 91' lang='lat' dir='ltr'><strong>viri</strong></span> <span class='ocrx_word' id='word_1_182' title='bbox 711 2990 1036 3045; x_wconf 90' lang='lat' dir='ltr'><strong>auctoritate</strong></span> <span class='ocrx_word' id='word_1_183' title='bbox 1066 2992 1384 3050; x_wconf 77' lang='lat' dir='ltr'><strong>efﬁcacius?</strong></span> <span class='ocrx_word' id='word_1_184' title='bbox 1407 2997 1536 3066; x_wconf 86' lang='lat' dir='ltr'><strong>quid</strong></span> <span class='ocrx_word' id='word_1_185' title='bbox 1566 2997 1686 3068; x_wconf 86' lang='lat' dir='ltr'><strong>ejus</strong></span> <span class='ocrx_word' id='word_1_186' title='bbox 1717 3002 1971 3056; x_wconf 78' lang='lat' dir='ltr'><strong>testiino-</strong></span> 
     </span>
    </p>
   </div>
   <div class='ocr_carea' id='block_1_32' title="bbox 400 3077 1167 3140">
    <p class='ocr_par' dir='ltr' id='par_1_32' title="bbox 400 3077 1167 3140">
     <span class='ocr_line' id='line_1_32' title="bbox 400 3077 1167 3140; baseline 0.012 -11"><span class='ocrx_word' id='word_1_187' title='bbox 400 3077 493 3131; x_wconf 93' lang='lat' dir='ltr'><strong>nio</strong></span> <span class='ocrx_word' id='word_1_188' title='bbox 523 3078 726 3135; x_wconf 90' lang='lat' dir='ltr'><strong>clarius</strong></span> <span class='ocrx_word' id='word_1_189' title='bbox 751 3089 803 3135; x_wconf 90' lang='lat' dir='ltr'><strong>et</strong></span> <span class='ocrx_word' id='word_1_190' title='bbox 829 3083 1167 3140; x_wconf 87' lang='lat' dir='ltr'><strong>evidentius?</strong></span> 
     </span>
    </p>
   </div>
   <div class='ocr_carea' id='block_1_33' title="bbox 1483 349 2610 410">
    <p class='ocr_par' dir='ltr' id='par_1_33' title="bbox 1483 349 2610 410">
     <span class='ocr_line' id='line_1_33' title="bbox 1483 349 2610 410; baseline 0.006 -7"><span class='ocrx_word' id='word_1_191' title='bbox 1483 352 1540 403; x_wconf 89' lang='lat' dir='ltr'><strong>S.</strong></span> <span class='ocrx_word' id='word_1_192' title='bbox 1589 349 1938 406; x_wconf 72' lang='lat' dir='ltr'><strong>iGNATIUS.</strong></span> <span class='ocrx_word' id='word_1_193' title='bbox 1972 377 2040 390; x_wconf 89' lang='lat'>—</span> <span class='ocrx_word' id='word_1_194' title='bbox 2081 349 2610 410; x_wconf 74' lang='lat' dir='ltr'><strong>PROLEGOMENA.</strong></span> 
     </span>
    </p>
   </div>
   <div class='ocr_carea' id='block_1_34' title="bbox 2022 473 3643 550">
    <p class='ocr_par' dir='ltr' id='par_1_34' title="bbox 2022 473 3643 550">
     <span class='ocr_line' id='line_1_34' title="bbox 2022 473 3643 550; baseline 0.002 -18"><span class='ocrx_word' id='word_1_195' title='bbox 2022 475 2065 532; x_wconf 79' lang='grc' dir='ltr'><strong>Δ</strong></span> <span class='ocrx_word' id='word_1_196' title='bbox 2141 473 2168 543; x_wconf 84' lang='lat'>§</span> <span class='ocrx_word' id='word_1_197' title='bbox 2199 473 2263 528; x_wconf 92' lang='grc'><strong>11.</strong></span> <span class='ocrx_word' id='word_1_198' title='bbox 2307 475 2550 530; x_wconf 77' lang='lat' dir='ltr'><strong>Secunda</strong></span> <span class='ocrx_word' id='word_1_199' title='bbox 2580 486 2630 531; x_wconf 86' lang='lat' dir='ltr'><strong>et</strong></span> <span class='ocrx_word' id='word_1_200' title='bbox 2658 478 2816 531; x_wconf 80' lang='lat' dir='ltr'><strong>tertia</strong></span> <span class='ocrx_word' id='word_1_201' title='bbox 2843 477 3040 533; x_wconf 72' lang='lat' dir='ltr'><strong>Dallei</strong></span> <span class='ocrx_word' id='word_1_202' title='bbox 3061 481 3291 550; x_wconf 74' lang='lat' dir='ltr'><strong>exceptio</strong></span> <span class='ocrx_word' id='word_1_203' title='bbox 3319 480 3643 550; x_wconf 67' lang='lat' dir='ltr'><strong>exploditur.</strong></span> 
     </span>
    </p>
   </div>
   <div class='ocr_carea' id='block_1_35' title="bbox 825 578 1994 620">
    <p class='ocr_par' dir='ltr' id='par_1_35' title="bbox 825 578 1994 620">
     <span class='ocr_line' id='line_1_35' title="bbox 825 578 1994 620; baseline 0.004 -5"><span class='ocrx_word' id='word_1_204' title='bbox 825 578 1099 616; x_wconf 66' lang='lat' dir='ltr'><strong>SECUNDUM</strong></span> <span class='ocrx_word' id='word_1_205' title='bbox 1132 581 1197 616; x_wconf 80' lang='lat' dir='ltr'><strong>EX</strong></span> <span class='ocrx_word' id='word_1_206' title='bbox 1237 581 1525 619; x_wconf 73' lang='grc' dir='ltr'><strong>ιιοι.γ(;Α1ιι&gt;ι</strong></span> <span class='ocrx_word' id='word_1_207' title='bbox 1548 581 1872 620; x_wconf 61' lang='grc' dir='ltr'><strong>τεετικομιο</strong></span> <span class='ocrx_word' id='word_1_208' title='bbox 1901 583 1994 620; x_wconf 79' lang='lat' dir='ltr'><strong>PE-</strong></span> 
     </span>
    </p>
   </div>
   <div class='ocr_carea' id='block_1_36' title="bbox 1318 652 1995 695">
    <p class='ocr_par' dir='ltr' id='par_1_36' title="bbox 1318 652 1995 695">
     <span class='ocr_line' id='line_1_36' title="bbox 1318 652 1995 695; baseline 0.009 -8"><span class='ocrx_word' id='word_1_209' title='bbox 1318 652 1764 692; x_wconf 72' lang='lat' dir='ltr'><strong>ADVERSARIOBUI</strong></span> <span class='ocrx_word' id='word_1_210' title='bbox 1822 653 1995 695; x_wconf 65' lang='grc' dir='ltr'>νικω-</span> 
     </span>
    </p>
   </div>
   <div class='ocr_carea' id='block_1_37' title="bbox 3579 363 3680 416">
    <p class='ocr_par' dir='ltr' id='par_1_37' title="bbox 3579 363 3680 416">
     <span class='ocr_line' id='line_1_37' title="bbox 3579 363 3680 416; baseline -0.03 0"><span class='ocrx_word' id='word_1_211' title='bbox 3579 363 3680 416; x_wconf 63' lang='lat'><strong>430</strong></span> 
     </span>
    </p>
   </div>
   <div class='ocr_carea' id='block_1_38' title="bbox 2169 589 3678 666">
    <p class='ocr_par' dir='ltr' id='par_1_38' title="bbox 2169 589 3678 666">
     <span class='ocr_line' id='line_1_38' title="bbox 2169 589 3678 666; baseline 0.005 -22"><span class='ocrx_word' id='word_1_212' title='bbox 2169 589 2442 657; x_wconf 82' lang='lat' dir='ltr'><strong>Quocirca</strong></span> <span class='ocrx_word' id='word_1_213' title='bbox 2479 592 2712 649; x_wconf 87' lang='lat' dir='ltr'><strong>Dallaus</strong></span> <span class='ocrx_word' id='word_1_214' title='bbox 2765 594 2818 648; x_wconf 93' lang='lat' dir='ltr'><strong>id</strong></span> <span class='ocrx_word' id='word_1_215' title='bbox 2866 595 3011 664; x_wconf 91' lang='lat' dir='ltr'><strong>quod</strong></span> <span class='ocrx_word' id='word_1_216' title='bbox 3060 596 3294 665; x_wconf 91' lang='lat' dir='ltr'><strong>primum</strong></span> <span class='ocrx_word' id='word_1_217' title='bbox 3326 608 3678 666; x_wconf 67' lang='lat' dir='ltr'><strong>opposuerat,</strong></span> 
     </span>
    </p>
   </div>
   <div class='ocr_carea' id='block_1_39' title="bbox 2098 684 3678 758">
    <p class='ocr_par' dir='ltr' id='par_1_39' title="bbox 2098 684 3678 758">
     <span class='ocr_line' id='line_1_39' title="bbox 2098 684 3678 758; baseline 0.005 -23"><span class='ocrx_word' id='word_1_218' title='bbox 2098 697 2207 736; x_wconf 92' lang='lat' dir='ltr'><strong>non</strong></span> <span class='ocrx_word' id='word_1_219' title='bbox 2249 684 2382 738; x_wconf 89' lang='lat' dir='ltr'><strong>satis</strong></span> <span class='ocrx_word' id='word_1_220' title='bbox 2439 685 2657 738; x_wconf 82' lang='lat' dir='ltr'><strong>ﬁrmum</strong></span> <span class='ocrx_word' id='word_1_221' title='bbox 2715 700 2838 740; x_wconf 91' lang='lat' dir='ltr'><strong>esse</strong></span> <span class='ocrx_word' id='word_1_222' title='bbox 2892 687 3122 752; x_wconf 90' lang='lat' dir='ltr'><strong>veritus,</strong></span> <span class='ocrx_word' id='word_1_223' title='bbox 3165 688 3230 740; x_wconf 90' lang='lat' dir='ltr'><strong>ad</strong></span> <span class='ocrx_word' id='word_1_224' title='bbox 3265 688 3492 742; x_wconf 81' lang='lat' dir='ltr'><strong>alterum</strong></span> <span class='ocrx_word' id='word_1_225' title='bbox 3531 691 3678 758; x_wconf 81' lang='lat' dir='ltr'><strong>quod</strong></span> 
     </span>
    </p>
   </div>
   <div class='ocr_carea' id='block_1_40' title="bbox 2095 773 3677 846">
    <p class='ocr_par' dir='ltr' id='par_1_40' title="bbox 2095 773 3677 846">
     <span class='ocr_line' id='line_1_40' title="bbox 2095 773 3677 846; baseline 0.006 -22"><span class='ocrx_word' id='word_1_226' title='bbox 2095 773 2321 842; x_wconf 89' lang='lat' dir='ltr'><strong>majoris</strong></span> <span class='ocrx_word' id='word_1_227' title='bbox 2351 783 2506 842; x_wconf 88' lang='lat' dir='ltr'><strong>putat</strong></span> <span class='ocrx_word' id='word_1_228' title='bbox 2530 789 2650 829; x_wconf 85' lang='lat' dir='ltr'><strong>esse</strong></span> <span class='ocrx_word' id='word_1_229' title='bbox 2683 777 2970 842; x_wconf 90' lang='lat' dir='ltr'><strong>momenti,</strong></span> <span class='ocrx_word' id='word_1_230' title='bbox 3018 777 3379 846; x_wconf 79' lang='lat' dir='ltr'><strong>progreditur.</strong></span> <span class='ocrx_word' id='word_1_231' title='bbox 3434 777 3525 837; x_wconf 61' lang='lat' dir='ltr'><strong>Lit</strong></span> <span class='ocrx_word' id='word_1_232' title='bbox 3570 778 3677 833; x_wconf 80' lang='lat' dir='ltr'><strong>ita-</strong></span> 
     </span>
    </p>
   </div>
   <div class='ocr_carea' id='block_1_41' title="bbox 2094 863 3678 937">
    <p class='ocr_par' dir='ltr' id='par_1_41' title="bbox 2094 863 3678 937">
     <span class='ocr_line' id='line_1_41' title="bbox 2094 863 3678 937; baseline 0.005 -22"><span class='ocrx_word' id='word_1_233' title='bbox 2094 877 2200 931; x_wconf 89' lang='lat' dir='ltr'><strong>que</strong></span> <span class='ocrx_word' id='word_1_234' title='bbox 2224 863 2269 893; x_wconf 83' lang='lat'>&quot;</span> <span class='ocrx_word' id='word_1_235' title='bbox 2306 863 2421 918; x_wconf 90' lang='lat' dir='ltr'><strong>hac</strong></span> <span class='ocrx_word' id='word_1_236' title='bbox 2441 865 2685 932; x_wconf 86' lang='lat' dir='ltr'><strong>epistola</strong></span> <span class='ocrx_word' id='word_1_237' title='bbox 2727 864 3010 936; x_wconf 79' lang='lat' dir='ltr'><strong>Polycarpi</strong></span> <span class='ocrx_word' id='word_1_238' title='bbox 3042 867 3204 920; x_wconf 87' lang='lat' dir='ltr'><strong>verba</strong></span> <span class='ocrx_word' id='word_1_239' title='bbox 3236 886 3250 920; x_wconf 91' lang='lat'><strong>:</strong></span> <span class='ocrx_word' id='word_1_240' title='bbox 3299 884 3318 918; x_wconf 73' lang='grc' dir='ltr'>ι</span> <span class='ocrx_word' id='word_1_241' title='bbox 3364 865 3678 937; x_wconf 83' lang='lat' dir='ltr'><strong>Scripsistis</strong></span> 
     </span>
    </p>
   </div>
   <div class='ocr_carea' id='block_1_42' title="bbox 2092 955 3672 1027">
    <p class='ocr_par' dir='ltr' id='par_1_42' title="bbox 2092 955 3672 1027">
     <span class='ocr_line' id='line_1_42' title="bbox 2092 955 3672 1027; baseline 0.003 -19"><span class='ocrx_word' id='word_1_242' title='bbox 2092 955 2159 1009; x_wconf 90' lang='lat' dir='ltr'><strong>ad</strong></span> <span class='ocrx_word' id='word_1_243' title='bbox 2206 970 2314 1019; x_wconf 90' lang='lat' dir='ltr'><strong>me,</strong></span> <span class='ocrx_word' id='word_1_244' title='bbox 2383 974 2401 1006; x_wconf 73' lang='grc' dir='ltr'><strong><em>ι</em></strong></span> <span class='ocrx_word' id='word_1_245' title='bbox 2462 966 2594 1022; x_wconf 89' lang='lat' dir='ltr'><strong>etc.,</strong></span> <span class='ocrx_word' id='word_1_246' title='bbox 2644 972 2767 1027; x_wconf 85' lang='lat' dir='ltr'><strong>qua</strong></span> <span class='ocrx_word' id='word_1_247' title='bbox 2805 957 2873 1011; x_wconf 88' lang='lat' dir='ltr'><strong>ad</strong></span> <span class='ocrx_word' id='word_1_248' title='bbox 2926 958 3088 1011; x_wconf 81' lang='lat' dir='ltr'><strong>tinem</strong></span> <span class='ocrx_word' id='word_1_249' title='bbox 3133 973 3309 1027; x_wconf 87' lang='lat' dir='ltr'><strong>usque</strong></span> <span class='ocrx_word' id='word_1_250' title='bbox 3339 969 3672 1027; x_wconf 86' lang='lat' dir='ltr'><strong>sequuntur;</strong></span> 
     </span>
    </p>
   </div>
   <div class='ocr_carea' id='block_1_43' title="bbox 2097 1047 3678 1118">
    <p class='ocr_par' dir='ltr' id='par_1_43' title="bbox 2097 1047 3678 1118">
     <span class='ocr_line' id='line_1_43' title="bbox 2097 1047 3678 1118; baseline 0.007 -23"><span class='ocrx_word' id='word_1_251' title='bbox 2097 1063 2114 1095; x_wconf 75' lang='grc' dir='ltr'>ι</span> <span class='ocrx_word' id='word_1_252' title='bbox 2154 1047 2380 1101; x_wconf 90' lang='lat' dir='ltr'><strong>omnino</strong></span> <span class='ocrx_word' id='word_1_253' title='bbox 2428 1047 2597 1102; x_wconf 90' lang='lat' dir='ltr'><strong>videri</strong></span> <span class='ocrx_word' id='word_1_254' title='bbox 2664 1059 2891 1114; x_wconf 91' lang='lat' dir='ltr'><strong>temere,</strong></span> <span class='ocrx_word' id='word_1_255' title='bbox 2932 1059 2985 1102; x_wconf 90' lang='lat' dir='ltr'><strong>et</strong></span> <span class='ocrx_word' id='word_1_256' title='bbox 3018 1061 3211 1118; x_wconf 82' lang='lat' dir='ltr'><strong>prater</strong></span> <span class='ocrx_word' id='word_1_257' title='bbox 3239 1052 3481 1105; x_wconf 86' lang='lat' dir='ltr'><strong>auctoris</strong></span> <span class='ocrx_word' id='word_1_258' title='bbox 3521 1066 3678 1105; x_wconf 78' lang='lat' dir='ltr'><strong>men-</strong></span> 
     </span>
    </p>
   </div>
   <div class='ocr_carea' id='block_1_44' title="bbox 2090 1139 3676 1211">
    <p class='ocr_par' dir='ltr' id='par_1_44' title="bbox 2090 1139 3676 1211">
     <span class='ocr_line' id='line_1_44' title="bbox 2090 1139 3676 1211; baseline 0.005 -20"><span class='ocrx_word' id='word_1_259' title='bbox 2090 1147 2198 1192; x_wconf 88' lang='lat' dir='ltr'><strong>tem</strong></span> <span class='ocrx_word' id='word_1_260' title='bbox 2232 1139 2407 1193; x_wconf 90' lang='lat' dir='ltr'><strong>aliena</strong></span> <span class='ocrx_word' id='word_1_261' title='bbox 2431 1156 2595 1194; x_wconf 89' lang='lat' dir='ltr'><strong>manu</strong></span> <span class='ocrx_word' id='word_1_262' title='bbox 2627 1151 2838 1196; x_wconf 90' lang='lat' dir='ltr'><strong>assuta.</strong></span> <span class='ocrx_word' id='word_1_263' title='bbox 2869 1162 2886 1194; x_wconf 79' lang='grc' dir='ltr'><strong><em>ι</em></strong></span> <span class='ocrx_word' id='word_1_264' title='bbox 2922 1141 3076 1208; x_wconf 86' lang='lat' dir='ltr'><strong>Quod</strong></span> <span class='ocrx_word' id='word_1_265' title='bbox 3103 1143 3318 1211; x_wconf 88' lang='lat' dir='ltr'><strong>quidem</strong></span> <span class='ocrx_word' id='word_1_266' title='bbox 3347 1157 3540 1198; x_wconf 79' lang='lat' dir='ltr'><strong>rursus</strong></span> <span class='ocrx_word' id='word_1_267' title='bbox 3573 1144 3676 1198; x_wconf 84' lang='lat' dir='ltr'><strong>du-</strong></span> 
     </span>
    </p>
   </div>
   <div class='ocr_carea' id='block_1_45' title="bbox 2088 1230 3674 1304">
    <p class='ocr_par' dir='ltr' id='par_1_45' title="bbox 2088 1230 3674 1304">
     <span class='ocr_line' id='line_1_45' title="bbox 2088 1230 3674 1304; baseline 0.004 -21"><span class='ocrx_word' id='word_1_268' title='bbox 2088 1230 2214 1298; x_wconf 89' lang='lat' dir='ltr'><strong>plici</strong></span> <span class='ocrx_word' id='word_1_269' title='bbox 2260 1233 2472 1287; x_wconf 89' lang='lat' dir='ltr'><strong>ratione</strong></span> <span class='ocrx_word' id='word_1_270' title='bbox 2517 1234 2749 1302; x_wconf 88' lang='lat' dir='ltr'><strong>probare</strong></span> <span class='ocrx_word' id='word_1_271' title='bbox 2803 1235 3016 1288; x_wconf 87' lang='lat' dir='ltr'><strong>nititur.</strong></span> <span class='ocrx_word' id='word_1_272' title='bbox 3050 1233 3255 1300; x_wconf 87' lang='lat' dir='ltr'><strong>Primo,</strong></span> <span class='ocrx_word' id='word_1_273' title='bbox 3289 1236 3550 1304; x_wconf 86' lang='lat' dir='ltr'><strong>quoniam</strong></span> <span class='ocrx_word' id='word_1_274' title='bbox 3582 1235 3674 1290; x_wconf 86' lang='lat' dir='ltr'><strong>illa</strong></span> 
     </span>
    </p>
   </div>
   <div class='ocr_carea' id='block_1_46' title="bbox 2094 1323 3672 1395">
    <p class='ocr_par' dir='ltr' id='par_1_46' title="bbox 2094 1323 3672 1395">
     <span class='ocr_line' id='line_1_46' title="bbox 2094 1323 3672 1395; baseline 0.006 -22"><span class='ocrx_word' id='word_1_275' title='bbox 2094 1341 2113 1373; x_wconf 76' lang='lat' dir='ltr'><strong>r</strong></span> <span class='ocrx_word' id='word_1_276' title='bbox 2154 1323 2412 1390; x_wconf 90' lang='lat' dir='ltr'><strong>absurde,</strong></span> <span class='ocrx_word' id='word_1_277' title='bbox 2462 1334 2517 1378; x_wconf 92' lang='lat' dir='ltr'><strong>et</strong></span> <span class='ocrx_word' id='word_1_278' title='bbox 2547 1335 2741 1395; x_wconf 84' lang='lat' dir='ltr'><strong>prater</strong></span> <span class='ocrx_word' id='word_1_279' title='bbox 2782 1326 3126 1381; x_wconf 88' lang='lat' dir='ltr'><strong>manifestam</strong></span> <span class='ocrx_word' id='word_1_280' title='bbox 3164 1329 3428 1384; x_wconf 80' lang='lat' dir='ltr'><strong>orationis</strong></span> <span class='ocrx_word' id='word_1_281' title='bbox 3472 1330 3672 1383; x_wconf 83' lang='lat' dir='ltr'><strong>seriem</strong></span> 
     </span>
    </p>
   </div>
   <div class='ocr_carea' id='block_1_47' title="bbox 2085 1414 3670 1492">
    <p class='ocr_par' dir='ltr' id='par_1_47' title="bbox 2085 1414 3670 1492">
     <span class='ocr_line' id='line_1_47' title="bbox 2085 1414 3670 1492; baseline 0.005 -26"><span class='ocrx_word' id='word_1_282' title='bbox 2085 1414 2315 1478; x_wconf 88' lang='lat' dir='ltr'><strong>inserta,</strong></span> <span class='ocrx_word' id='word_1_283' title='bbox 2343 1428 2505 1485; x_wconf 89' lang='lat' dir='ltr'><strong>atque</strong></span> <span class='ocrx_word' id='word_1_284' title='bbox 2537 1417 2728 1471; x_wconf 86' lang='lat' dir='ltr'><strong>infulta</strong></span> <span class='ocrx_word' id='word_1_285' title='bbox 2754 1428 2898 1472; x_wconf 89' lang='lat' dir='ltr'><strong>sunt.</strong></span> <span class='ocrx_word' id='word_1_286' title='bbox 2936 1439 2953 1470; x_wconf 73' lang='grc' dir='ltr'><strong>ι</strong></span> <span class='ocrx_word' id='word_1_287' title='bbox 2985 1419 3369 1490; x_wconf 85' lang='lat' dir='ltr'><strong>Superioribus</strong></span> <span class='ocrx_word' id='word_1_288' title='bbox 3398 1422 3670 1492; x_wconf 87' lang='lat' dir='ltr'><strong>siquidem</strong></span> 
     </span>
    </p>
   </div>
   <div class='ocr_carea' id='block_1_48' title="bbox 2083 1505 3672 1581">
    <p class='ocr_par' dir='ltr' id='par_1_48' title="bbox 2083 1505 3672 1581">
     <span class='ocr_line' id='line_1_48' title="bbox 2083 1505 3672 1581; baseline 0.006 -24"><span class='ocrx_word' id='word_1_289' title='bbox 2083 1506 2266 1561; x_wconf 90' lang='lat' dir='ltr'><strong>verbis</strong></span> <span class='ocrx_word' id='word_1_290' title='bbox 2311 1525 2324 1559; x_wconf 89' lang='lat'><strong>:</strong></span> <span class='ocrx_word' id='word_1_291' title='bbox 2369 1526 2385 1557; x_wconf 74' lang='grc' dir='ltr'>ι</span> <span class='ocrx_word' id='word_1_292' title='bbox 2430 1505 2498 1561; x_wconf 90' lang='lat' dir='ltr'><strong>Ut</strong></span> <span class='ocrx_word' id='word_1_293' title='bbox 2527 1509 2646 1562; x_wconf 88' lang='lat' dir='ltr'><strong>sitis</strong></span> <span class='ocrx_word' id='word_1_294' title='bbox 2680 1509 2927 1577; x_wconf 79' lang='lat' dir='ltr'><strong>perfecti,</strong></span> <span class='ocrx_word' id='word_1_295' title='bbox 2960 1530 2977 1562; x_wconf 76' lang='grc' dir='ltr'><strong><em>ι</em></strong></span> <span class='ocrx_word' id='word_1_296' title='bbox 3010 1522 3137 1576; x_wconf 90' lang='lat' dir='ltr'><strong>etc.,</strong></span> <span class='ocrx_word' id='word_1_297' title='bbox 3175 1513 3401 1581; x_wconf 83' lang='lat' dir='ltr'><strong>epistola</strong></span> <span class='ocrx_word' id='word_1_298' title='bbox 3443 1512 3672 1566; x_wconf 81' lang='lat' dir='ltr'><strong>claude—</strong></span> 
     </span>
    </p>
   </div>
   <div class='ocr_carea' id='block_1_49' title="bbox 2080 1596 3674 1671">
    <p class='ocr_par' dir='ltr' id='par_1_49' title="bbox 2080 1596 3674 1671">
     <span class='ocr_line' id='line_1_49' title="bbox 2080 1596 3674 1671; baseline 0.005 -21"><span class='ocrx_word' id='word_1_299' title='bbox 2080 1596 2261 1664; x_wconf 80' lang='lat' dir='ltr'><strong>batur,</strong></span> <span class='ocrx_word' id='word_1_300' title='bbox 2286 1599 2388 1665; x_wconf 91' lang='lat' dir='ltr'><strong>vel,</strong></span> <span class='ocrx_word' id='word_1_301' title='bbox 2438 1609 2497 1653; x_wconf 94' lang='lat' dir='ltr'><strong>ut</strong></span> <span class='ocrx_word' id='word_1_302' title='bbox 2528 1601 2642 1670; x_wconf 92' lang='lat' dir='ltr'><strong>ipse</strong></span> <span class='ocrx_word' id='word_1_303' title='bbox 2691 1602 2930 1671; x_wconf 85' lang='lat' dir='ltr'><strong>loquitur</strong></span> <span class='ocrx_word' id='word_1_304' title='bbox 2965 1622 2976 1656; x_wconf 92' lang='lat'>:</span> <span class='ocrx_word' id='word_1_305' title='bbox 3016 1623 3033 1655; x_wconf 77' lang='grc' dir='ltr'><strong><em>ι</em></strong></span> <span class='ocrx_word' id='word_1_306' title='bbox 3077 1603 3134 1657; x_wconf 90' lang='lat' dir='ltr'><strong>In</strong></span> <span class='ocrx_word' id='word_1_307' title='bbox 3178 1605 3315 1659; x_wconf 89' lang='lat' dir='ltr'><strong>hanc</strong></span> <span class='ocrx_word' id='word_1_308' title='bbox 3349 1605 3674 1660; x_wconf 85' lang='lat' dir='ltr'><strong>decentissi-</strong></span> 
     </span>
    </p>
   </div>
   <div class='ocr_carea' id='block_1_50' title="bbox 2079 1694 3672 1768">
    <p class='ocr_par' dir='ltr' id='par_1_50' title="bbox 2079 1694 3672 1768">
     <span class='ocr_line' id='line_1_50' title="bbox 2079 1694 3672 1768; baseline 0.006 -24"><span class='ocrx_word' id='word_1_309' title='bbox 2079 1707 2246 1758; x_wconf 88' lang='lat' dir='ltr'><strong>mam,</strong></span> <span class='ocrx_word' id='word_1_310' title='bbox 2295 1702 2353 1747; x_wconf 92' lang='lat' dir='ltr'><strong>ut</strong></span> <span class='ocrx_word' id='word_1_311' title='bbox 2391 1707 2580 1748; x_wconf 89' lang='lat' dir='ltr'><strong>omnes</strong></span> <span class='ocrx_word' id='word_1_312' title='bbox 2643 1694 2858 1761; x_wconf 88' lang='lat' dir='ltr'><strong>vident,</strong></span> <span class='ocrx_word' id='word_1_313' title='bbox 2908 1697 3211 1751; x_wconf 88' lang='lat' dir='ltr'><strong>clausulam</strong></span> <span class='ocrx_word' id='word_1_314' title='bbox 3255 1698 3672 1768; x_wconf 80' lang='lat' dir='ltr'><strong>desinebatepi—</strong></span> 
     </span>
    </p>
   </div>
   <div class='ocr_carea' id='block_1_51' title="bbox 2001 1785 2265 1876">
    <p class='ocr_par' dir='ltr' id='par_1_51' title="bbox 2001 1785 2265 1876">
     <span class='ocr_line' id='line_1_51' title="bbox 2001 1785 2265 1876; baseline -0.004 -39"><span class='ocrx_word' id='word_1_315' title='bbox 2001 1820 2044 1876; x_wconf 69' lang='grc' dir='ltr'><strong>Β</strong></span> <span class='ocrx_word' id='word_1_316' title='bbox 2074 1785 2231 1838; x_wconf 83' lang='lat' dir='ltr'><strong>stola.</strong></span> <span class='ocrx_word' id='word_1_317' title='bbox 2246 1804 2265 1836; x_wconf 84' lang='grc'><strong><em>›</em></strong></span> 
     </span>
    </p>
   </div>
   <div class='ocr_carea' id='block_1_52' title="bbox 2161 1877 3669 1954">
    <p class='ocr_par' dir='ltr' id='par_1_52' title="bbox 2161 1877 3669 1954">
     <span class='ocr_line' id='line_1_52' title="bbox 2161 1877 3669 1954; baseline 0.007 -24"><span class='ocrx_word' id='word_1_318' title='bbox 2161 1877 2435 1943; x_wconf 89' lang='lat' dir='ltr'><strong>Secundo,</strong></span> <span class='ocrx_word' id='word_1_319' title='bbox 2464 1879 2590 1948; x_wconf 92' lang='lat' dir='ltr'><strong>quia</strong></span> <span class='ocrx_word' id='word_1_320' title='bbox 2623 1880 2736 1935; x_wconf 82' lang='lat' dir='ltr'><strong>hac</strong></span> <span class='ocrx_word' id='word_1_321' title='bbox 2764 1881 2956 1937; x_wconf 89' lang='lat' dir='ltr'><strong>ultima</strong></span> <span class='ocrx_word' id='word_1_322' title='bbox 2986 1883 3149 1937; x_wconf 89' lang='lat' dir='ltr'><strong>verba</strong></span> <span class='ocrx_word' id='word_1_323' title='bbox 3187 1882 3451 1954; x_wconf 87' lang='lat' dir='ltr'><strong>lgnatium</strong></span> <span class='ocrx_word' id='word_1_324' title='bbox 3482 1885 3669 1941; x_wconf 87' lang='lat' dir='ltr'><strong>adhuc</strong></span> 
     </span>
    </p>
   </div>
   <div class='ocr_carea' id='block_1_53' title="bbox 2085 1969 3662 2046">
    <p class='ocr_par' dir='ltr' id='par_1_53' title="bbox 2085 1969 3662 2046">
     <span class='ocr_line' id='line_1_53' title="bbox 2085 1969 3662 2046; baseline 0.006 -25"><span class='ocrx_word' id='word_1_325' title='bbox 2085 1969 2139 2022; x_wconf 90' lang='lat' dir='ltr'><strong>in</strong></span> <span class='ocrx_word' id='word_1_326' title='bbox 2169 1971 2306 2025; x_wconf 89' lang='lat' dir='ltr'><strong>vivis</strong></span> <span class='ocrx_word' id='word_1_327' title='bbox 2341 1971 2622 2041; x_wconf 81' lang='lat' dir='ltr'><strong>degentem</strong></span> <span class='ocrx_word' id='word_1_328' title='bbox 2649 1984 2974 2039; x_wconf 88' lang='lat' dir='ltr'><strong>memorant,</strong></span> <span class='ocrx_word' id='word_1_329' title='bbox 3010 1991 3171 2044; x_wconf 89' lang='lat' dir='ltr'><strong>quem</strong></span> <span class='ocrx_word' id='word_1_330' title='bbox 3203 1977 3288 2030; x_wconf 89' lang='lat' dir='ltr'><strong>illa</strong></span> <span class='ocrx_word' id='word_1_331' title='bbox 3319 1979 3601 2046; x_wconf 87' lang='lat' dir='ltr'><strong>superiora</strong></span> <span class='ocrx_word' id='word_1_332' title='bbox 3646 1995 3662 2030; x_wconf 90' lang='lat'>:</span> 
     </span>
    </p>
   </div>
   <div class='ocr_carea' id='block_1_54' title="bbox 2089 2059 3663 2134">
    <p class='ocr_par' dir='ltr' id='par_1_54' title="bbox 2089 2059 3663 2134">
     <span class='ocr_line' id='line_1_54' title="bbox 2089 2059 3663 2134; baseline 0.006 -21"><span class='ocrx_word' id='word_1_333' title='bbox 2089 2079 2108 2112; x_wconf 70' lang='grc' dir='ltr'><strong><em>ι</em></strong></span> <span class='ocrx_word' id='word_1_334' title='bbox 2151 2059 2216 2114; x_wconf 84' lang='lat' dir='ltr'><strong>Hi</strong></span> <span class='ocrx_word' id='word_1_335' title='bbox 2248 2077 2440 2116; x_wconf 88' lang='lat' dir='ltr'><strong>omnes</strong></span> <span class='ocrx_word' id='word_1_336' title='bbox 2487 2078 2595 2116; x_wconf 89' lang='lat' dir='ltr'><strong>non</strong></span> <span class='ocrx_word' id='word_1_337' title='bbox 2639 2063 2694 2117; x_wconf 92' lang='lat' dir='ltr'><strong>in</strong></span> <span class='ocrx_word' id='word_1_338' title='bbox 2741 2081 2976 2119; x_wconf 92' lang='lat' dir='ltr'><strong>vacuum</strong></span> <span class='ocrx_word' id='word_1_339' title='bbox 3031 2077 3410 2134; x_wconf 90' lang='lat' dir='ltr'><strong>cucurrerunt,</strong></span> <span class='ocrx_word' id='word_1_340' title='bbox 3460 2089 3477 2119; x_wconf 78' lang='grc' dir='ltr'><strong><em>ι</em></strong></span> <span class='ocrx_word' id='word_1_341' title='bbox 3525 2081 3663 2133; x_wconf 90' lang='lat' dir='ltr'><strong>etc.,</strong></span> 
     </span>
    </p>
   </div>
   <div class='ocr_carea' id='block_1_55' title="bbox 2081 2152 3662 2226">
    <p class='ocr_par' dir='ltr' id='par_1_55' title="bbox 2081 2152 3662 2226">
     <span class='ocr_line' id='line_1_55' title="bbox 2081 2152 3662 2226; baseline 0.007 -20"><span class='ocrx_word' id='word_1_342' title='bbox 2081 2152 2362 2207; x_wconf 80' lang='lat' dir='ltr'><strong>declarant</strong></span> <span class='ocrx_word' id='word_1_343' title='bbox 2391 2164 2684 2208; x_wconf 92' lang='lat' dir='ltr'><strong>mortuum.</strong></span> <span class='ocrx_word' id='word_1_344' title='bbox 2719 2153 2874 2210; x_wconf 89' lang='lat' dir='ltr'><strong>Unde</strong></span> <span class='ocrx_word' id='word_1_345' title='bbox 2900 2157 3041 2210; x_wconf 88' lang='lat' dir='ltr'><strong>idem</strong></span> <span class='ocrx_word' id='word_1_346' title='bbox 3070 2157 3299 2213; x_wconf 81' lang='lat' dir='ltr'><strong>Dallaus</strong></span> <span class='ocrx_word' id='word_1_347' title='bbox 3333 2177 3348 2214; x_wconf 89' lang='lat'><strong>:</strong></span> <span class='ocrx_word' id='word_1_348' title='bbox 3383 2178 3400 2210; x_wconf 76' lang='grc' dir='ltr'>ι</span> <span class='ocrx_word' id='word_1_349' title='bbox 3444 2161 3521 2214; x_wconf 77' lang='lat' dir='ltr'><strong>Ex</strong></span> <span class='ocrx_word' id='word_1_350' title='bbox 3551 2161 3662 2226; x_wconf 87' lang='lat' dir='ltr'><strong>his.</strong></span> 
     </span>
    </p>
   </div>
   <div class='ocr_carea' id='block_1_56' title="bbox 2081 2241 3667 2310">
    <p class='ocr_par' dir='ltr' id='par_1_56' title="bbox 2081 2241 3667 2310">
     <span class='ocr_line' id='line_1_56' title="bbox 2081 2241 3667 2310; baseline 0.006 -16"><span class='ocrx_word' id='word_1_351' title='bbox 2081 2241 2280 2310; x_wconf 85' lang='lat' dir='ltr'><strong>inquit,</strong></span> <span class='ocrx_word' id='word_1_352' title='bbox 2310 2243 2423 2296; x_wconf 88' lang='lat' dir='ltr'><strong>sole</strong></span> <span class='ocrx_word' id='word_1_353' title='bbox 2459 2242 2760 2298; x_wconf 90' lang='lat' dir='ltr'><strong>meridiano</strong></span> <span class='ocrx_word' id='word_1_354' title='bbox 2789 2244 2992 2299; x_wconf 87' lang='lat' dir='ltr'><strong>clarius</strong></span> <span class='ocrx_word' id='word_1_355' title='bbox 3017 2256 3100 2301; x_wconf 89' lang='lat' dir='ltr'><strong>est</strong></span> <span class='ocrx_word' id='word_1_356' title='bbox 3125 2247 3373 2303; x_wconf 89' lang='lat' dir='ltr'><strong>diversos</strong></span> <span class='ocrx_word' id='word_1_357' title='bbox 3413 2264 3534 2303; x_wconf 90' lang='lat' dir='ltr'><strong>esse</strong></span> <span class='ocrx_word' id='word_1_358' title='bbox 3567 2251 3667 2305; x_wconf 89' lang='lat' dir='ltr'><strong>ho-</strong></span> 
     </span>
    </p>
   </div>
   <div class='ocr_carea' id='block_1_57' title="bbox 2082 2333 3662 2412">
    <p class='ocr_par' dir='ltr' id='par_1_57' title="bbox 2082 2333 3662 2412">
     <span class='ocr_line' id='line_1_57' title="bbox 2082 2333 3662 2412; baseline 0.007 -26"><span class='ocrx_word' id='word_1_359' title='bbox 2082 2333 2278 2400; x_wconf 90' lang='lat' dir='ltr'><strong>mines,</strong></span> <span class='ocrx_word' id='word_1_360' title='bbox 2304 2334 2398 2404; x_wconf 89' lang='lat' dir='ltr'><strong>qui</strong></span> <span class='ocrx_word' id='word_1_361' title='bbox 2431 2335 2619 2389; x_wconf 91' lang='lat' dir='ltr'><strong>eadem</strong></span> <span class='ocrx_word' id='word_1_362' title='bbox 2677 2335 2743 2389; x_wconf 91' lang='lat' dir='ltr'><strong>de</strong></span> <span class='ocrx_word' id='word_1_363' title='bbox 2789 2351 2846 2391; x_wconf 89' lang='lat' dir='ltr'><strong>re</strong></span> <span class='ocrx_word' id='word_1_364' title='bbox 2879 2347 2986 2390; x_wconf 91' lang='lat' dir='ltr'><strong>tam</strong></span> <span class='ocrx_word' id='word_1_365' title='bbox 3035 2339 3400 2406; x_wconf 87' lang='lat' dir='ltr'><strong>dissentanea,</strong></span> <span class='ocrx_word' id='word_1_366' title='bbox 3438 2350 3662 2412; x_wconf 86' lang='lat' dir='ltr'><strong>tamque</strong></span> 
     </span>
    </p>
   </div>
   <div class='ocr_carea' id='block_1_58' title="bbox 2082 2425 3651 2502">
    <p class='ocr_par' dir='ltr' id='par_1_58' title="bbox 2082 2425 3651 2502">
     <span class='ocr_line' id='line_1_58' title="bbox 2082 2425 3651 2502; baseline 0.006 -24"><span class='ocrx_word' id='word_1_367' title='bbox 2082 2425 2223 2479; x_wconf 89' lang='lat' dir='ltr'><strong>inter</strong></span> <span class='ocrx_word' id='word_1_368' title='bbox 2262 2441 2320 2480; x_wconf 90' lang='lat' dir='ltr'><strong>se</strong></span> <span class='ocrx_word' id='word_1_369' title='bbox 2369 2427 2668 2492; x_wconf 80' lang='lat' dir='ltr'><strong>contraria,</strong></span> <span class='ocrx_word' id='word_1_370' title='bbox 2722 2436 2776 2480; x_wconf 89' lang='lat' dir='ltr'><strong>et</strong></span> <span class='ocrx_word' id='word_1_371' title='bbox 2829 2431 3187 2499; x_wconf 86' lang='lat' dir='ltr'><strong>repugnantia</strong></span> <span class='ocrx_word' id='word_1_372' title='bbox 3235 2431 3568 2502; x_wconf 88' lang='lat' dir='ltr'><strong>loquuntur;</strong></span> <span class='ocrx_word' id='word_1_373' title='bbox 3630 2453 3651 2486; x_wconf 77' lang='grc' dir='ltr'><strong><em>ι</em></strong></span> 
     </span>
    </p>
   </div>
   <div class='ocr_carea' id='block_1_59' title="bbox 2081 2512 3660 2592">
    <p class='ocr_par' dir='ltr' id='par_1_59' title="bbox 2081 2512 3660 2592">
     <span class='ocr_line' id='line_1_59' title="bbox 2081 2512 3660 2592; baseline 0.004 -22"><span class='ocrx_word' id='word_1_374' title='bbox 2081 2512 2441 2588; x_wconf 85' lang='lat' dir='ltr'><strong>proindeque,</strong></span> <span class='ocrx_word' id='word_1_375' title='bbox 2478 2537 2497 2569; x_wconf 69' lang='grc' dir='ltr'><strong>ε</strong></span> <span class='ocrx_word' id='word_1_376' title='bbox 2536 2519 2857 2588; x_wconf 88' lang='lat' dir='ltr'><strong>particulam</strong></span> <span class='ocrx_word' id='word_1_377' title='bbox 2899 2521 3044 2574; x_wconf 86' lang='lat' dir='ltr'><strong>illam</strong></span> <span class='ocrx_word' id='word_1_378' title='bbox 3091 2520 3227 2576; x_wconf 84' lang='lat' dir='ltr'><strong>falso</strong></span> <span class='ocrx_word' id='word_1_379' title='bbox 3261 2538 3324 2577; x_wconf 90' lang='lat' dir='ltr'><strong>ac</strong></span> <span class='ocrx_word' id='word_1_380' title='bbox 3361 2523 3508 2576; x_wconf 84' lang='lat' dir='ltr'><strong>vafro</strong></span> <span class='ocrx_word' id='word_1_381' title='bbox 3541 2525 3660 2592; x_wconf 86' lang='lat' dir='ltr'><strong>epi-</strong></span> 
     </span>
    </p>
   </div>
   <div class='ocr_carea' id='block_1_60' title="bbox 2080 2611 3657 2683">
    <p class='ocr_par' dir='ltr' id='par_1_60' title="bbox 2080 2611 3657 2683">
     <span class='ocr_line' id='line_1_60' title="bbox 2080 2611 3657 2683; baseline 0.004 -19"><span class='ocrx_word' id='word_1_382' title='bbox 2080 2611 2234 2665; x_wconf 91' lang='lat' dir='ltr'><strong>stola</strong></span> <span class='ocrx_word' id='word_1_383' title='bbox 2274 2626 2396 2665; x_wconf 90' lang='lat' dir='ltr'><strong>esse</strong></span> <span class='ocrx_word' id='word_1_384' title='bbox 2437 2622 2680 2666; x_wconf 87' lang='lat' dir='ltr'><strong>assutam</strong></span> <span class='ocrx_word' id='word_1_385' title='bbox 2727 2614 2796 2666; x_wconf 90' lang='lat' dir='ltr'><strong>ab</strong></span> <span class='ocrx_word' id='word_1_386' title='bbox 2825 2613 3009 2683; x_wconf 93' lang='lat' dir='ltr'><strong>aliquo</strong></span> <span class='ocrx_word' id='word_1_387' title='bbox 3041 2615 3352 2683; x_wconf 70' lang='lat' dir='ltr'><strong>imp0store.</strong></span> <span class='ocrx_word' id='word_1_388' title='bbox 3403 2635 3421 2667; x_wconf 76' lang='grc' dir='ltr'><strong><em>ι</em></strong></span> <span class='ocrx_word' id='word_1_389' title='bbox 3455 2615 3657 2670; x_wconf 84' lang='lat' dir='ltr'><strong>Confe-</strong></span> 
     </span>
    </p>
   </div>
   <div class='ocr_carea' id='block_1_61' title="bbox 2081 2703 3653 2778">
    <p class='ocr_par' dir='ltr' id='par_1_61' title="bbox 2081 2703 3653 2778">
     <span class='ocr_line' id='line_1_61' title="bbox 2081 2703 3653 2778; baseline 0.006 -23"><span class='ocrx_word' id='word_1_390' title='bbox 2081 2703 2209 2756; x_wconf 90' lang='lat' dir='ltr'><strong>stim</strong></span> <span class='ocrx_word' id='word_1_391' title='bbox 2233 2718 2366 2758; x_wconf 89' lang='lat' dir='ltr'><strong>vero</strong></span> <span class='ocrx_word' id='word_1_392' title='bbox 2390 2704 2577 2758; x_wconf 90' lang='lat' dir='ltr'><strong>subdit</strong></span> <span class='ocrx_word' id='word_1_393' title='bbox 2610 2724 2622 2758; x_wconf 86' lang='lat'><strong>;</strong></span> <span class='ocrx_word' id='word_1_394' title='bbox 2674 2725 2691 2756; x_wconf 84' lang='grc'><strong>‹</strong></span> <span class='ocrx_word' id='word_1_395' title='bbox 2732 2703 2828 2761; x_wconf 83' lang='lat' dir='ltr'><strong>His</strong></span> <span class='ocrx_word' id='word_1_396' title='bbox 2859 2708 3120 2777; x_wconf 88' lang='lat' dir='ltr'><strong>exceptis,</strong></span> <span class='ocrx_word' id='word_1_397' title='bbox 3163 2710 3296 2762; x_wconf 92' lang='lat' dir='ltr'><strong>nihil</strong></span> <span class='ocrx_word' id='word_1_398' title='bbox 3330 2711 3381 2762; x_wconf 92' lang='lat' dir='ltr'><strong>iu</strong></span> <span class='ocrx_word' id='word_1_399' title='bbox 3419 2711 3653 2778; x_wconf 87' lang='lat' dir='ltr'><strong>epistola</strong></span> 
     </span>
    </p>
   </div>
   <div class='ocr_carea' id='block_1_62' title="bbox 2079 2795 3654 2872">
    <p class='ocr_par' dir='ltr' id='par_1_62' title="bbox 2079 2795 3654 2872">
     <span class='ocr_line' id='line_1_62' title="bbox 2079 2795 3654 2872; baseline 0.005 -25"><span class='ocrx_word' id='word_1_400' title='bbox 2079 2795 2169 2848; x_wconf 91' lang='lat' dir='ltr'><strong>illa</strong></span> <span class='ocrx_word' id='word_1_401' title='bbox 2201 2795 2412 2850; x_wconf 91' lang='lat' dir='ltr'><strong>videtur</strong></span> <span class='ocrx_word' id='word_1_402' title='bbox 2445 2812 2756 2864; x_wconf 88' lang='lat' dir='ltr'><strong>occurrere,</strong></span> <span class='ocrx_word' id='word_1_403' title='bbox 2787 2799 2930 2868; x_wconf 93' lang='lat' dir='ltr'><strong>quod</strong></span> <span class='ocrx_word' id='word_1_404' title='bbox 2975 2801 3058 2854; x_wconf 86' lang='lat' dir='ltr'><strong>vel</strong></span> <span class='ocrx_word' id='word_1_405' title='bbox 3110 2816 3438 2872; x_wconf 90' lang='lat' dir='ltr'><strong>quemquam</strong></span> <span class='ocrx_word' id='word_1_406' title='bbox 3480 2802 3654 2856; x_wconf 67' lang='lat' dir='ltr'><strong>oﬂ‘en-</strong></span> 
     </span>
    </p>
   </div>
   <div class='ocr_carea' id='block_1_63' title="bbox 2075 2889 3500 2964">
    <p class='ocr_par' dir='ltr' id='par_1_63' title="bbox 2075 2889 3500 2964">
     <span class='ocr_line' id='line_1_63' title="bbox 2075 2889 3500 2964; baseline 0.001 -22"><span class='ocrx_word' id='word_1_407' title='bbox 2075 2889 2222 2953; x_wconf 86' lang='lat' dir='ltr'><strong>dere,</strong></span> <span class='ocrx_word' id='word_1_408' title='bbox 2259 2889 2341 2943; x_wconf 88' lang='lat' dir='ltr'><strong>vel</strong></span> <span class='ocrx_word' id='word_1_409' title='bbox 2367 2889 2666 2962; x_wconf 83' lang='lat' dir='ltr'><strong>Polycarpo</strong></span> <span class='ocrx_word' id='word_1_410' title='bbox 2689 2893 2971 2964; x_wconf 88' lang='lat' dir='ltr'><strong>indignum</strong></span> <span class='ocrx_word' id='word_1_411' title='bbox 2997 2895 3207 2948; x_wconf 90' lang='lat' dir='ltr'><strong>censeri</strong></span> <span class='ocrx_word' id='word_1_412' title='bbox 3230 2895 3441 2949; x_wconf 89' lang='lat' dir='ltr'><strong>debeat.</strong></span> <span class='ocrx_word' id='word_1_413' title='bbox 3482 2913 3500 2944; x_wconf 81' lang='grc'>›</span> 
     </span>
    </p>
   </div>
   <div class='ocr_carea' id='block_1_64' title="bbox 2151 2980 3657 3056">
    <p class='ocr_par' dir='ltr' id='par_1_64' title="bbox 2151 2980 3657 3056">
     <span class='ocr_line' id='line_1_64' title="bbox 2151 2980 3657 3056; baseline 0.005 -22"><span class='ocrx_word' id='word_1_414' title='bbox 2151 2980 2256 3035; x_wconf 89' lang='lat' dir='ltr'><strong>Sed</strong></span> <span class='ocrx_word' id='word_1_415' title='bbox 2303 2982 2393 3036; x_wconf 85' lang='lat' dir='ltr'><strong>hic</strong></span> <span class='ocrx_word' id='word_1_416' title='bbox 2464 2984 2742 3054; x_wconf 85' lang='lat' dir='ltr'><strong>paulisper</strong></span> <span class='ocrx_word' id='word_1_417' title='bbox 2792 2986 3148 3041; x_wconf 90' lang='lat' dir='ltr'><strong>immoremur</strong></span> <span class='ocrx_word' id='word_1_418' title='bbox 3197 2989 3657 3056; x_wconf 85' lang='lat' dir='ltr'><strong>attendamusque</strong></span> 
     </span>
    </p>
   </div>
   <div class='ocr_carea' id='block_1_65' title="bbox 2074 3072 3647 3148">
    <p class='ocr_par' dir='ltr' id='par_1_65' title="bbox 2074 3072 3647 3148">
     <span class='ocr_line' id='line_1_65' title="bbox 2074 3072 3647 3148; baseline 0.006 -25"><span class='ocrx_word' id='word_1_419' title='bbox 2074 3086 2204 3124; x_wconf 91' lang='lat' dir='ltr'><strong>num</strong></span> <span class='ocrx_word' id='word_1_420' title='bbox 2236 3072 2487 3140; x_wconf 86' lang='lat' dir='ltr'><strong>Dallaus,</strong></span> <span class='ocrx_word' id='word_1_421' title='bbox 2517 3074 2606 3128; x_wconf 92' lang='lat' dir='ltr'><strong>ubi</strong></span> <span class='ocrx_word' id='word_1_422' title='bbox 2638 3075 2693 3128; x_wconf 91' lang='lat' dir='ltr'><strong>in</strong></span> <span class='ocrx_word' id='word_1_423' title='bbox 2722 3078 3156 3133; x_wconf 89' lang='lat' dir='ltr'><strong>contradictione</strong></span> <span class='ocrx_word' id='word_1_424' title='bbox 3183 3088 3235 3132; x_wconf 90' lang='lat' dir='ltr'><strong>et</strong></span> <span class='ocrx_word' id='word_1_425' title='bbox 3270 3079 3647 3148; x_wconf 86' lang='lat' dir='ltr'><strong>repugnantia,</strong></span> 
     </span>
    </p>
   </div>
   <div class='ocr_carea' id='block_1_66' title="bbox 465 3165 3658 3245">
    <p class='ocr_par' dir='ltr' id='par_1_66' title="bbox 465 3165 3658 3245">
     <span class='ocr_line' id='line_1_66' title="bbox 465 3165 3658 3245; baseline 0.004 -35"><span class='ocrx_word' id='word_1_426' title='bbox 465 3165 582 3221; x_wconf 82' lang='lat' dir='ltr'><strong>Duo</strong></span> <span class='ocrx_word' id='word_1_427' title='bbox 613 3176 794 3225; x_wconf 63' lang='lat' dir='ltr'><strong>tamen</strong></span> <span class='ocrx_word' id='word_1_428' title='bbox 833 3189 954 3242; x_wconf 57' lang='lat' dir='ltr'><strong>qua;</strong></span> <span class='ocrx_word' id='word_1_429' title='bbox 1002 3190 1345 3245; x_wconf 66' lang='lat' dir='ltr'><strong>nequaquam</strong></span> <span class='ocrx_word' id='word_1_430' title='bbox 1395 3181 1806 3236; x_wconf 68' lang='lat' dir='ltr'><strong>condcmnenda</strong></span> <span class='ocrx_word' id='word_1_431' title='bbox 1848 3200 1970 3239; x_wconf 69' lang='lat' dir='ltr'><strong>esse</strong></span> <span class='ocrx_word' id='word_1_432' title='bbox 1999 3166 2040 3221; x_wconf 70' lang='grc' dir='ltr'><strong>(Σ</strong></span> <span class='ocrx_word' id='word_1_433' title='bbox 2075 3179 2239 3232; x_wconf 90' lang='lat' dir='ltr'><strong>quam</strong></span> <span class='ocrx_word' id='word_1_434' title='bbox 2287 3166 2470 3221; x_wconf 89' lang='lat' dir='ltr'><strong>nullus</strong></span> <span class='ocrx_word' id='word_1_435' title='bbox 2501 3177 2626 3222; x_wconf 90' lang='lat' dir='ltr'><strong>ante</strong></span> <span class='ocrx_word' id='word_1_436' title='bbox 2665 3169 2818 3222; x_wconf 90' lang='lat' dir='ltr'><strong>illum</strong></span> <span class='ocrx_word' id='word_1_437' title='bbox 2873 3169 3321 3239; x_wconf 86' lang='lat' dir='ltr'><strong>deprehenderat,</strong></span> <span class='ocrx_word' id='word_1_438' title='bbox 3363 3172 3658 3239; x_wconf 79' lang='lat' dir='ltr'><strong>retegenda</strong></span> 
     </span>
    </p>
   </div>
   <div class='ocr_carea' id='block_1_67' title="bbox 392 3258 1968 3333">
    <p class='ocr_par' dir='ltr' id='par_1_67' title="bbox 392 3258 1968 3333">
     <span class='ocr_line' id='line_1_67' title="bbox 392 3258 1968 3333; baseline 0.014 -22"><span class='ocrx_word' id='word_1_439' title='bbox 392 3258 644 3327; x_wconf 76' lang='lat' dir='ltr'><strong>affirmat,</strong></span> <span class='ocrx_word' id='word_1_440' title='bbox 677 3263 724 3316; x_wconf 90' lang='lat' dir='ltr'><strong>ei</strong></span> <span class='ocrx_word' id='word_1_441' title='bbox 758 3266 982 3333; x_wconf 87' lang='lat' dir='ltr'><strong>opponit</strong></span> <span class='ocrx_word' id='word_1_442' title='bbox 1028 3266 1260 3323; x_wconf 84' lang='lat' dir='ltr'><strong>Dallaus</strong></span> <span class='ocrx_word' id='word_1_443' title='bbox 1283 3270 1347 3324; x_wconf 83' lang='lat'><strong>“.</strong></span> <span class='ocrx_word' id='word_1_444' title='bbox 1383 3269 1626 3326; x_wconf 83' lang='lat' dir='ltr'><strong>Primum</strong></span> <span class='ocrx_word' id='word_1_445' title='bbox 1677 3285 1761 3329; x_wconf 87' lang='lat' dir='ltr'><strong>est</strong></span> <span class='ocrx_word' id='word_1_446' title='bbox 1805 3275 1968 3332; x_wconf 85' lang='lat' dir='ltr'><strong>Nice-</strong></span> 
     </span>
    </p>
   </div>
   <div class='ocr_carea' id='block_1_68' title="bbox 392 3350 1968 3440">
    <p class='ocr_par' dir='ltr' id='par_1_68' title="bbox 392 3350 1968 3440">
     <span class='ocr_line' id='line_1_68' title="bbox 392 3350 1968 3440; baseline 0.015 -39"><span class='ocrx_word' id='word_1_447' title='bbox 392 3350 546 3419; x_wconf 89' lang='lat' dir='ltr'><strong>phori</strong></span> <span class='ocrx_word' id='word_1_448' title='bbox 576 3350 1162 3424; x_wconf 90' lang='lat' dir='ltr'><strong>Constantinopolitani</strong></span> <span class='ocrx_word' id='word_1_449' title='bbox 1197 3361 1490 3430; x_wconf 91' lang='lat' dir='ltr'><strong>judicium,</strong></span> <span class='ocrx_word' id='word_1_450' title='bbox 1522 3381 1631 3435; x_wconf 92' lang='lat' dir='ltr'><strong>quo</strong></span> <span class='ocrx_word' id='word_1_451' title='bbox 1664 3367 1777 3422; x_wconf 82' lang='lat' dir='ltr'><strong>hac</strong></span> <span class='ocrx_word' id='word_1_452' title='bbox 1807 3367 1968 3440; x_wconf 73' lang='lat' dir='ltr'><strong>Poly—</strong></span> 
     </span>
    </p>
   </div>
   <div class='ocr_carea' id='block_1_69' title="bbox 392 3443 1970 3524">
    <p class='ocr_par' dir='ltr' id='par_1_69' title="bbox 392 3443 1970 3524">
     <span class='ocr_line' id='line_1_69' title="bbox 392 3443 1970 3524; baseline 0.015 -28"><span class='ocrx_word' id='word_1_453' title='bbox 392 3443 542 3510; x_wconf 88' lang='lat' dir='ltr'><strong>carpi</strong></span> <span class='ocrx_word' id='word_1_454' title='bbox 578 3445 811 3514; x_wconf 90' lang='lat' dir='ltr'><strong>epistola</strong></span> <span class='ocrx_word' id='word_1_455' title='bbox 858 3449 925 3502; x_wconf 90' lang='lat' dir='ltr'><strong>ad</strong></span> <span class='ocrx_word' id='word_1_456' title='bbox 951 3451 1230 3506; x_wconf 88' lang='lat' dir='ltr'><strong>deterrimi</strong></span> <span class='ocrx_word' id='word_1_457' title='bbox 1253 3454 1503 3524; x_wconf 56' lang='lat' dir='ltr'><strong>(generis,</strong></span> <span class='ocrx_word' id='word_1_458' title='bbox 1539 3468 1597 3512; x_wconf 93' lang='lat' dir='ltr'><strong>ut</strong></span> <span class='ocrx_word' id='word_1_459' title='bbox 1630 3459 1864 3518; x_wconf 85' lang='lat' dir='ltr'><strong>Dallaus</strong></span> <span class='ocrx_word' id='word_1_460' title='bbox 1905 3480 1970 3520; x_wconf 90' lang='lat' dir='ltr'><strong>ac</strong></span> 
     </span>
    </p>
   </div>
   <div class='ocr_carea' id='block_1_70' title="bbox 391 3535 1964 3620">
    <p class='ocr_par' dir='ltr' id='par_1_70' title="bbox 391 3535 1964 3620">
     <span class='ocr_line' id='line_1_70' title="bbox 391 3535 1964 3620; baseline 0.015 -33"><span class='ocrx_word' id='word_1_461' title='bbox 391 3535 645 3590; x_wconf 82' lang='lat' dir='ltr'><strong>defensor</strong></span> <span class='ocrx_word' id='word_1_462' title='bbox 672 3539 792 3607; x_wconf 89' lang='lat' dir='ltr'><strong>ejus</strong></span> <span class='ocrx_word' id='word_1_463' title='bbox 833 3541 1155 3611; x_wconf 90' lang='lat' dir='ltr'><strong>loquuntur,</strong></span> <span class='ocrx_word' id='word_1_464' title='bbox 1201 3551 1535 3620; x_wconf 84' lang='lat' dir='ltr'><strong>apocrypha,</strong></span> <span class='ocrx_word' id='word_1_465' title='bbox 1571 3553 1777 3608; x_wconf 90' lang='lat' dir='ltr'><strong>scilicet</strong></span> <span class='ocrx_word' id='word_1_466' title='bbox 1800 3555 1964 3610; x_wconf 89' lang='lat' dir='ltr'><strong>itine-</strong></span> 
     </span>
    </p>
   </div>
   <div class='ocr_carea' id='block_1_71' title="bbox 393 3628 1965 3707">
    <p class='ocr_par' dir='ltr' id='par_1_71' title="bbox 393 3628 1965 3707">
     <span class='ocr_line' id='line_1_71' title="bbox 393 3628 1965 3707; baseline 0.015 -27"><span class='ocrx_word' id='word_1_467' title='bbox 393 3629 535 3682; x_wconf 90' lang='lat' dir='ltr'><strong>raria</strong></span> <span class='ocrx_word' id='word_1_468' title='bbox 561 3628 701 3684; x_wconf 78' lang='lat' dir='ltr'><strong>Petri</strong></span> <span class='ocrx_word' id='word_1_469' title='bbox 729 3643 783 3686; x_wconf 91' lang='lat' dir='ltr'><strong>et</strong></span> <span class='ocrx_word' id='word_1_470' title='bbox 815 3632 1039 3692; x_wconf 89' lang='lat' dir='ltr'><strong>Thoma</strong></span> <span class='ocrx_word' id='word_1_471' title='bbox 1064 3643 1253 3707; x_wconf 90' lang='lat' dir='ltr'><strong>procul</strong></span> <span class='ocrx_word' id='word_1_472' title='bbox 1281 3645 1630 3701; x_wconf 87' lang='lat' dir='ltr'><strong>amandatur.</strong></span> <span class='ocrx_word' id='word_1_473' title='bbox 1661 3645 1816 3703; x_wconf 91' lang='lat' dir='ltr'><strong>Unde</strong></span> <span class='ocrx_word' id='word_1_474' title='bbox 1838 3648 1965 3704; x_wconf 92' lang='lat' dir='ltr'><strong>Dal-</strong></span> 
     </span>
    </p>
   </div>
   <div class='ocr_carea' id='block_1_72' title="bbox 393 3720 1963 3810">
    <p class='ocr_par' dir='ltr' id='par_1_72' title="bbox 393 3720 1963 3810">
     <span class='ocr_line' id='line_1_72' title="bbox 393 3720 1963 3810; baseline 0.016 -38"><span class='ocrx_word' id='word_1_475' title='bbox 393 3720 606 3777; x_wconf 79' lang='lat' dir='ltr'><strong>laus”:</strong></span> <span class='ocrx_word' id='word_1_476' title='bbox 629 3739 646 3771; x_wconf 73' lang='grc' dir='ltr'>ι</span> <span class='ocrx_word' id='word_1_477' title='bbox 669 3723 982 3795; x_wconf 87' lang='lat' dir='ltr'><strong>Nicephori,</strong></span> <span class='ocrx_word' id='word_1_478' title='bbox 1017 3731 1212 3801; x_wconf 90' lang='lat' dir='ltr'><strong>inquit,</strong></span> <span class='ocrx_word' id='word_1_479' title='bbox 1240 3744 1294 3788; x_wconf 93' lang='lat' dir='ltr'><strong>et</strong></span> <span class='ocrx_word' id='word_1_480' title='bbox 1326 3738 1652 3806; x_wconf 83' lang='lat' dir='ltr'><strong>patriarcha</strong></span> <span class='ocrx_word' id='word_1_481' title='bbox 1694 3743 1963 3810; x_wconf 90' lang='lat' dir='ltr'><strong>primarii,</strong></span> 
     </span>
    </p>
   </div>
   <div class='ocr_carea' id='block_1_73' title="bbox 391 3813 1965 3896">
    <p class='ocr_par' dir='ltr' id='par_1_73' title="bbox 391 3813 1965 3896">
     <span class='ocr_line' id='line_1_73' title="bbox 391 3813 1965 3896; baseline 0.015 -32"><span class='ocrx_word' id='word_1_482' title='bbox 391 3821 443 3864; x_wconf 90' lang='lat' dir='ltr'><strong>et</strong></span> <span class='ocrx_word' id='word_1_483' title='bbox 471 3813 754 3882; x_wconf 88' lang='lat' dir='ltr'><strong>scriptoris</strong></span> <span class='ocrx_word' id='word_1_484' title='bbox 777 3820 934 3872; x_wconf 90' lang='lat' dir='ltr'><strong>annis</strong></span> <span class='ocrx_word' id='word_1_485' title='bbox 961 3821 1180 3877; x_wconf 89' lang='lat' dir='ltr'><strong>circiter</strong></span> <span class='ocrx_word' id='word_1_486' title='bbox 1195 3827 1522 3896; x_wconf 83' lang='lat' dir='ltr'><strong>octingentis</strong></span> <span class='ocrx_word' id='word_1_487' title='bbox 1548 3830 1706 3886; x_wconf 90' lang='lat' dir='ltr'><strong>nobis</strong></span> <span class='ocrx_word' id='word_1_488' title='bbox 1733 3835 1965 3887; x_wconf 90' lang='lat' dir='ltr'><strong>nostris-</strong></span> 
     </span>
    </p>
   </div>
   <div class='ocr_carea' id='block_1_74' title="bbox 391 3909 1962 3988">
    <p class='ocr_par' dir='ltr' id='par_1_74' title="bbox 391 3909 1962 3988">
     <span class='ocr_line' id='line_1_74' title="bbox 391 3909 1962 3988; baseline 0.015 -34"><span class='ocrx_word' id='word_1_489' title='bbox 391 3919 498 3972; x_wconf 83' lang='lat' dir='ltr'><strong>que.</strong></span> <span class='ocrx_word' id='word_1_490' title='bbox 537 3909 874 3974; x_wconf 88' lang='lat' dir='ltr'><strong>vetustioris,</strong></span> <span class='ocrx_word' id='word_1_491' title='bbox 924 3914 991 3966; x_wconf 92' lang='lat' dir='ltr'><strong>de</strong></span> <span class='ocrx_word' id='word_1_492' title='bbox 1036 3915 1122 3970; x_wconf 91' lang='lat' dir='ltr'><strong>his</strong></span> <span class='ocrx_word' id='word_1_493' title='bbox 1162 3915 1316 3972; x_wconf 90' lang='lat' dir='ltr'><strong>libris</strong></span> <span class='ocrx_word' id='word_1_494' title='bbox 1348 3920 1642 3988; x_wconf 91' lang='lat' dir='ltr'><strong>judicium,</strong></span> <span class='ocrx_word' id='word_1_495' title='bbox 1694 3921 1962 3980; x_wconf 83' lang='lat' dir='ltr'><strong>llamondi</strong></span> 
     </span>
    </p>
   </div>
   <div class='ocr_carea' id='block_1_75' title="bbox 394 3999 1964 4075">
    <p class='ocr_par' dir='ltr' id='par_1_75' title="bbox 394 3999 1964 4075">
     <span class='ocr_line' id='line_1_75' title="bbox 394 3999 1964 4075; baseline 0.015 -26"><span class='ocrx_word' id='word_1_496' title='bbox 394 3999 610 4052; x_wconf 83' lang='lat' dir='ltr'><strong>tametsi</strong></span> <span class='ocrx_word' id='word_1_497' title='bbox 659 4001 762 4054; x_wconf 90' lang='lat' dir='ltr'><strong>viri</strong></span> <span class='ocrx_word' id='word_1_498' title='bbox 809 4007 1210 4075; x_wconf 83' lang='lat' dir='ltr'><strong>eruditissimi,</strong></span> <span class='ocrx_word' id='word_1_499' title='bbox 1263 4021 1316 4065; x_wconf 85' lang='lat' dir='ltr'><strong>et</strong></span> <span class='ocrx_word' id='word_1_500' title='bbox 1359 4013 1590 4067; x_wconf 91' lang='lat' dir='ltr'><strong>aliorum</strong></span> <span class='ocrx_word' id='word_1_501' title='bbox 1635 4017 1735 4071; x_wconf 84' lang='lat' dir='ltr'><strong>avi</strong></span> <span class='ocrx_word' id='word_1_502' title='bbox 1789 4019 1964 4072; x_wconf 89' lang='lat' dir='ltr'><strong>nostri</strong></span> 
     </span>
    </p>
   </div>
   <div class='ocr_carea' id='block_1_76' title="bbox 389 4091 1959 4163">
    <p class='ocr_par' dir='ltr' id='par_1_76' title="bbox 389 4091 1959 4163">
     <span class='ocr_line' id='line_1_76' title="bbox 389 4091 1959 4163; baseline 0.013 -21"><span class='ocrx_word' id='word_1_503' title='bbox 389 4091 669 4145; x_wconf 85' lang='lat' dir='ltr'><strong>sententia</strong></span> <span class='ocrx_word' id='word_1_504' title='bbox 697 4093 952 4160; x_wconf 82' lang='lat' dir='ltr'><strong>praferre</strong></span> <span class='ocrx_word' id='word_1_505' title='bbox 979 4098 1126 4152; x_wconf 89' lang='lat' dir='ltr'><strong>nulla</strong></span> <span class='ocrx_word' id='word_1_506' title='bbox 1159 4101 1359 4154; x_wconf 83' lang='lat' dir='ltr'><strong>invidia</strong></span> <span class='ocrx_word' id='word_1_507' title='bbox 1392 4113 1496 4158; x_wconf 88' lang='lat' dir='ltr'><strong>est.</strong></span> <span class='ocrx_word' id='word_1_508' title='bbox 1531 4123 1548 4155; x_wconf 77' lang='grc' dir='ltr'><strong><em>ι</em></strong></span> <span class='ocrx_word' id='word_1_509' title='bbox 1583 4105 1689 4160; x_wconf 88' lang='lat' dir='ltr'><strong>Sed</strong></span> <span class='ocrx_word' id='word_1_510' title='bbox 1731 4108 1775 4162; x_wconf 92' lang='lat' dir='ltr'><strong>si</strong></span> <span class='ocrx_word' id='word_1_511' title='bbox 1814 4109 1959 4163; x_wconf 88' lang='lat' dir='ltr'><strong>nulla</strong></span> 
     </span>
    </p>
   </div>
   <div class='ocr_carea' id='block_1_77' title="bbox 388 4181 1962 4268">
    <p class='ocr_par' dir='ltr' id='par_1_77' title="bbox 388 4181 1962 4268">
     <span class='ocr_line' id='line_1_77' title="bbox 388 4181 1962 4268; baseline 0.011 -33"><span class='ocrx_word' id='word_1_512' title='bbox 388 4181 460 4236; x_wconf 91' lang='lat' dir='ltr'><strong>sit</strong></span> <span class='ocrx_word' id='word_1_513' title='bbox 483 4182 686 4238; x_wconf 87' lang='lat' dir='ltr'><strong>invidia</strong></span> <span class='ocrx_word' id='word_1_514' title='bbox 715 4183 1005 4256; x_wconf 88' lang='lat' dir='ltr'><strong>Nicephori</strong></span> <span class='ocrx_word' id='word_1_515' title='bbox 1031 4191 1297 4259; x_wconf 88' lang='lat' dir='ltr'><strong>judicium</strong></span> <span class='ocrx_word' id='word_1_516' title='bbox 1327 4192 1594 4250; x_wconf 85' lang='lat' dir='ltr'><strong>llamondi</strong></span> <span class='ocrx_word' id='word_1_517' title='bbox 1617 4197 1962 4268; x_wconf 89' lang='lat' dir='ltr'><strong>aliorumque</strong></span> 
     </span>
    </p>
   </div>
   <div class='ocr_carea' id='block_1_78' title="bbox 387 4277 1963 4360">
    <p class='ocr_par' dir='ltr' id='par_1_78' title="bbox 387 4277 1963 4360">
     <span class='ocr_line' id='line_1_78' title="bbox 387 4277 1963 4360; baseline 0.013 -32"><span class='ocrx_word' id='word_1_518' title='bbox 387 4277 751 4331; x_wconf 90' lang='lat' dir='ltr'><strong>recentiorum</strong></span> <span class='ocrx_word' id='word_1_519' title='bbox 787 4283 1068 4337; x_wconf 84' lang='lat' dir='ltr'><strong>sententia</strong></span> <span class='ocrx_word' id='word_1_520' title='bbox 1105 4285 1568 4353; x_wconf 81' lang='lat' dir='ltr'><strong>praferre,-nu|la</strong></span> <span class='ocrx_word' id='word_1_521' title='bbox 1601 4306 1822 4360; x_wconf 89' lang='lat' dir='ltr'><strong>quoque</strong></span> <span class='ocrx_word' id='word_1_522' title='bbox 1858 4293 1963 4348; x_wconf 88' lang='lat' dir='ltr'><strong>erit</strong></span> 
     </span>
    </p>
   </div>
   <div class='ocr_carea' id='block_1_79' title="bbox 387 4365 1960 4454">
    <p class='ocr_par' dir='ltr' id='par_1_79' title="bbox 387 4365 1960 4454">
     <span class='ocr_line' id='line_1_79' title="bbox 387 4365 1960 4454; baseline 0.012 -35"><span class='ocrx_word' id='word_1_523' title='bbox 387 4365 587 4422; x_wconf 88' lang='lat' dir='ltr'><strong>invidia</strong></span> <span class='ocrx_word' id='word_1_524' title='bbox 617 4368 884 4438; x_wconf 90' lang='lat' dir='ltr'><strong>judicium</strong></span> <span class='ocrx_word' id='word_1_525' title='bbox 928 4371 1138 4439; x_wconf 85' lang='lat' dir='ltr'><strong>lrenai,</strong></span> <span class='ocrx_word' id='word_1_526' title='bbox 1181 4377 1423 4446; x_wconf 81' lang='lat' dir='ltr'><strong>Eusebii,</strong></span> <span class='ocrx_word' id='word_1_527' title='bbox 1473 4381 1818 4454; x_wconf 91' lang='lat' dir='ltr'><strong>aliorumque</strong></span> <span class='ocrx_word' id='word_1_528' title='bbox 1856 4382 1960 4437; x_wconf 88' lang='lat' dir='ltr'><strong>Pa-</strong></span> 
     </span>
    </p>
   </div>
   <div class='ocr_carea' id='block_1_80' title="bbox 386 4463 2036 4575">
    <p class='ocr_par' dir='ltr' id='par_1_80' title="bbox 386 4463 2036 4575">
     <span class='ocr_line' id='line_1_80' title="bbox 386 4463 2036 4575; baseline 0.011 -64"><span class='ocrx_word' id='word_1_529' title='bbox 386 4467 529 4512; x_wconf 90' lang='lat' dir='ltr'><strong>trum</strong></span> <span class='ocrx_word' id='word_1_530' title='bbox 573 4469 650 4514; x_wconf 92' lang='lat' dir='ltr'><strong>tot</strong></span> <span class='ocrx_word' id='word_1_531' title='bbox 685 4463 900 4519; x_wconf 86' lang='lat' dir='ltr'><strong>saculis</strong></span> <span class='ocrx_word' id='word_1_532' title='bbox 927 4463 1235 4536; x_wconf 90' lang='lat' dir='ltr'><strong>Nicephoro</strong></span> <span class='ocrx_word' id='word_1_533' title='bbox 1264 4471 1652 4535; x_wconf 88' lang='lat' dir='ltr'><strong>vetustiorum,</strong></span> <span class='ocrx_word' id='word_1_534' title='bbox 1678 4474 1771 4542; x_wconf 89' lang='lat' dir='ltr'><strong>qui</strong></span> <span class='ocrx_word' id='word_1_535' title='bbox 1804 4472 1960 4545; x_wconf 92' lang='lat' dir='ltr'><strong>Poly-</strong></span> <span class='ocrx_word' id='word_1_536' title='bbox 1992 4520 2036 4575; x_wconf 66' lang='grc' dir='ltr'><strong>Β</strong></span> 
     </span>
     <span class='ocr_line' id='line_1_81' title="bbox 387 4551 1836 4575; baseline 0 0"><span class='ocrx_word' id='word_1_537' title='bbox 387 4564 546 4575; x_wconf 63' lang='grc' dir='ltr'><strong>,ιιι-..ιιι</strong></span> <span class='ocrx_word' id='word_1_538' title='bbox 581 4551 718 4575; x_wconf 73' lang='grc' dir='ltr'><strong>1....Δ</strong></span> <span class='ocrx_word' id='word_1_539' title='bbox 749 4555 1022 4575; x_wconf 32' lang='grc' dir='ltr'><strong>-..2-.-Ιᾉνη</strong></span> <span class='ocrx_word' id='word_1_540' title='bbox 1059 4574 1066 4575; x_wconf 60' lang='lat'><strong><em>,</em></strong></span> <span class='ocrx_word' id='word_1_541' title='bbox 1145 4559 1155 4569; x_wconf 77' lang='grc' dir='ltr'><strong><em>ο</em></strong></span> <span class='ocrx_word' id='word_1_542' title='bbox 1317 4572 1325 4575; x_wconf 83' lang='lat'><em>_</em></span> <span class='ocrx_word' id='word_1_543' title='bbox 1381 4562 1440 4575; x_wconf 73' lang='grc' dir='ltr'><strong>ιν·</strong></span> <span class='ocrx_word' id='word_1_544' title='bbox 1552 4564 1562 4575; x_wconf 84' lang='grc' dir='ltr'>ι</span> <span class='ocrx_word' id='word_1_545' title='bbox 1657 4564 1667 4574; x_wconf 78' lang='grc' dir='ltr'>ι</span> <span class='ocrx_word' id='word_1_546' title='bbox 1815 4564 1836 4575; x_wconf 67' lang='grc' dir='ltr'>η</span> 
     </span>
    </p>
   </div>
   <div class='ocr_carea' id='block_1_81' title="bbox 384 4551 1956 4632">
    <p class='ocr_par' dir='ltr' id='par_1_81' title="bbox 384 4551 1956 4632">
     <span class='ocr_line' id='line_1_82' title="bbox 384 4551 1956 4632; baseline 0.012 -31"><span class='ocrx_word' id='word_1_547' title='bbox 384 4564 550 4618; x_wconf 88' lang='lat' dir='ltr'><strong>carpo</strong></span> <span class='ocrx_word' id='word_1_548' title='bbox 579 4551 720 4608; x_wconf 90' lang='lat' dir='ltr'><strong>hanc</strong></span> <span class='ocrx_word' id='word_1_549' title='bbox 743 4555 1028 4622; x_wconf 87' lang='lat' dir='ltr'><strong>epistolam</strong></span> <span class='ocrx_word' id='word_1_550' title='bbox 1049 4559 1353 4628; x_wconf 87' lang='lat' dir='ltr'><strong>assignant,</strong></span> <span class='ocrx_word' id='word_1_551' title='bbox 1380 4562 1671 4632; x_wconf 81' lang='lat' dir='ltr'><strong>Nicepliori</strong></span> <span class='ocrx_word' id='word_1_552' title='bbox 1698 4564 1956 4632; x_wconf 77' lang='lat' dir='ltr'><strong>praferre</strong></span> 
     </span>
    </p>
   </div>
   <div class='ocr_carea' id='block_1_82' title="bbox 382 4643 1952 4722">
    <p class='ocr_par' dir='ltr' id='par_1_82' title="bbox 382 4643 1952 4722">
     <span class='ocr_line' id='line_1_83' title="bbox 382 4643 1952 4722; baseline 0.012 -30"><span class='ocrx_word' id='word_1_553' title='bbox 382 4643 699 4697; x_wconf 84' lang='lat' dir='ltr'><strong>sententia:</strong></span> <span class='ocrx_word' id='word_1_554' title='bbox 733 4644 843 4699; x_wconf 92' lang='lat' dir='ltr'><strong>imo</strong></span> <span class='ocrx_word' id='word_1_555' title='bbox 869 4656 1019 4702; x_wconf 87' lang='lat' dir='ltr'><strong>tanto</strong></span> <span class='ocrx_word' id='word_1_556' title='bbox 1049 4652 1246 4719; x_wconf 88' lang='lat' dir='ltr'><strong>potiori</strong></span> <span class='ocrx_word' id='word_1_557' title='bbox 1271 4653 1397 4721; x_wconf 89' lang='lat' dir='ltr'><strong>jure</strong></span> <span class='ocrx_word' id='word_1_558' title='bbox 1421 4653 1819 4722; x_wconf 86' lang='lat' dir='ltr'><strong>praferendum</strong></span> <span class='ocrx_word' id='word_1_559' title='bbox 1844 4668 1952 4721; x_wconf 88' lang='lat' dir='ltr'><strong>est,</strong></span> 
     </span>
    </p>
   </div>
   <div class='ocr_carea' id='block_1_83' title="bbox 381 4739 1956 4815">
    <p class='ocr_par' dir='ltr' id='par_1_83' title="bbox 381 4739 1956 4815">
     <span class='ocr_line' id='line_1_84' title="bbox 381 4739 1956 4815; baseline 0.014 -34"><span class='ocrx_word' id='word_1_560' title='bbox 381 4743 588 4800; x_wconf 88' lang='lat' dir='ltr'><strong>quanto</strong></span> <span class='ocrx_word' id='word_1_561' title='bbox 622 4743 677 4789; x_wconf 90' lang='lat' dir='ltr'><strong>et</strong></span> <span class='ocrx_word' id='word_1_562' title='bbox 704 4739 1006 4795; x_wconf 90' lang='lat' dir='ltr'><strong>eruditione</strong></span> <span class='ocrx_word' id='word_1_563' title='bbox 1033 4746 1456 4810; x_wconf 87' lang='lat' dir='ltr'><strong>prastantiores,</strong></span> <span class='ocrx_word' id='word_1_564' title='bbox 1491 4755 1654 4815; x_wconf 81' lang='lat' dir='ltr'><strong>atque</strong></span> <span class='ocrx_word' id='word_1_565' title='bbox 1682 4750 1827 4802; x_wconf 85' lang='lat' dir='ltr'><strong>atati</strong></span> <span class='ocrx_word' id='word_1_566' title='bbox 1851 4747 1956 4802; x_wconf 84' lang='lat' dir='ltr'><strong>Po-</strong></span> 
     </span>
    </p>
   </div>
   <div class='ocr_carea' id='block_1_84' title="bbox 381 4823 1958 4895">
    <p class='ocr_par' dir='ltr' id='par_1_84' title="bbox 381 4823 1958 4895">
     <span class='ocr_line' id='line_1_85' title="bbox 381 4823 1958 4895; baseline 0.013 -21"><span class='ocrx_word' id='word_1_567' title='bbox 381 4823 586 4894; x_wconf 83' lang='lat' dir='ltr'><strong>lycarpi</strong></span> <span class='ocrx_word' id='word_1_568' title='bbox 605 4827 894 4886; x_wconf 85' lang='lat' dir='ltr'><strong>viciniores</strong></span> <span class='ocrx_word' id='word_1_569' title='bbox 915 4830 1152 4888; x_wconf 88' lang='lat' dir='ltr'><strong>fuerunt.</strong></span> <span class='ocrx_word' id='word_1_570' title='bbox 1174 4833 1374 4891; x_wconf 89' lang='lat' dir='ltr'><strong>Deinde</strong></span> <span class='ocrx_word' id='word_1_571' title='bbox 1397 4837 1558 4892; x_wconf 87' lang='lat' dir='ltr'><strong>verba</strong></span> <span class='ocrx_word' id='word_1_572' title='bbox 1585 4853 1616 4892; x_wconf 88' lang='lat' dir='ltr'><strong>a</strong></span> <span class='ocrx_word' id='word_1_573' title='bbox 1648 4838 1846 4894; x_wconf 84' lang='lat' dir='ltr'><strong>Dallao</strong></span> <span class='ocrx_word' id='word_1_574' title='bbox 1859 4841 1958 4895; x_wconf 88' lang='lat' dir='ltr'><strong>ob-</strong></span> 
     </span>
    </p>
   </div>
   <div class='ocr_carea' id='block_1_85' title="bbox 376 4915 1957 5008">
    <p class='ocr_par' dir='ltr' id='par_1_85' title="bbox 376 4915 1957 5008">
     <span class='ocr_line' id='line_1_86' title="bbox 376 4915 1957 5008; baseline 0.012 -39"><span class='ocrx_word' id='word_1_575' title='bbox 376 4915 520 4985; x_wconf 77' lang='lat' dir='ltr'><strong>jccta</strong></span> <span class='ocrx_word' id='word_1_576' title='bbox 548 4919 870 4988; x_wconf 86' lang='lat' dir='ltr'><strong>patriarcha</strong></span> <span class='ocrx_word' id='word_1_577' title='bbox 900 4922 1190 4995; x_wconf 88' lang='lat' dir='ltr'><strong>Nicephori</strong></span> <span class='ocrx_word' id='word_1_578' title='bbox 1218 4944 1325 4982; x_wconf 90' lang='lat' dir='ltr'><strong>non</strong></span> <span class='ocrx_word' id='word_1_579' title='bbox 1359 4939 1507 5008; x_wconf 72' lang='lat' dir='ltr'><strong>sunt,</strong></span> <span class='ocrx_word' id='word_1_580' title='bbox 1546 4931 1640 4985; x_wconf 91' lang='lat' dir='ltr'><strong>sed</strong></span> <span class='ocrx_word' id='word_1_581' title='bbox 1675 4932 1957 5000; x_wconf 85' lang='lat' dir='ltr'><strong>scriptoris</strong></span> 
     </span>
    </p>
   </div>
   <div class='ocr_carea' id='block_1_86' title="bbox 380 5010 1956 5095">
    <p class='ocr_par' dir='ltr' id='par_1_86' title="bbox 380 5010 1956 5095">
     <span class='ocr_line' id='line_1_87' title="bbox 380 5010 1956 5095; baseline 0.011 -31"><span class='ocrx_word' id='word_1_582' title='bbox 380 5010 660 5080; x_wconf 82' lang='lat' dir='ltr'><strong>Cujusdam</strong></span> <span class='ocrx_word' id='word_1_583' title='bbox 689 5015 906 5070; x_wconf 91' lang='lat' dir='ltr'><strong>obscuri</strong></span> <span class='ocrx_word' id='word_1_584' title='bbox 933 5029 984 5072; x_wconf 86' lang='lat' dir='ltr'><strong>et</strong></span> <span class='ocrx_word' id='word_1_585' title='bbox 1009 5023 1287 5092; x_wconf 88' lang='lat' dir='ltr'><strong>anonymi,</strong></span> <span class='ocrx_word' id='word_1_586' title='bbox 1313 5024 1784 5094; x_wconf 64' lang='lat' dir='ltr'><strong>quifragmentum</strong></span> <span class='ocrx_word' id='word_1_587' title='bbox 1807 5027 1956 5095; x_wconf 91' lang='lat' dir='ltr'><strong>quod</strong></span> 
     </span>
    </p>
   </div>
   <div class='ocr_carea' id='block_1_87' title="bbox 380 5102 1947 5187">
    <p class='ocr_par' dir='ltr' id='par_1_87' title="bbox 380 5102 1947 5187">
     <span class='ocr_line' id='line_1_88' title="bbox 380 5102 1947 5187; baseline 0.011 -31"><span class='ocrx_word' id='word_1_588' title='bbox 380 5102 808 5160; x_wconf 82' lang='lat' dir='ltr'><strong>Stichometria&#39;m</strong></span> <span class='ocrx_word' id='word_1_589' title='bbox 838 5121 1016 5178; x_wconf 88' lang='lat' dir='ltr'><strong>vocat,</strong></span> <span class='ocrx_word' id='word_1_590' title='bbox 1051 5115 1118 5169; x_wconf 86' lang='lat' dir='ltr'><strong>ad</strong></span> <span class='ocrx_word' id='word_1_591' title='bbox 1163 5115 1310 5170; x_wconf 90' lang='lat' dir='ltr'><strong>illius</strong></span> <span class='ocrx_word' id='word_1_592' title='bbox 1340 5116 1809 5187; x_wconf 75' lang='lat' dir='ltr'><strong>Chrouographia</strong></span> <span class='ocrx_word' id='word_1_593' title='bbox 1838 5121 1947 5174; x_wconf 88' lang='lat' dir='ltr'><strong>cal-</strong></span> 
     </span>
    </p>
   </div>
   <div class='ocr_carea' id='block_1_88' title="bbox 376 5200 1956 5269">
    <p class='ocr_par' dir='ltr' id='par_1_88' title="bbox 376 5200 1956 5269">
     <span class='ocr_line' id='line_1_89' title="bbox 376 5200 1956 5269; baseline 0.01 -19"><span class='ocrx_word' id='word_1_594' title='bbox 376 5213 492 5252; x_wconf 90' lang='lat' dir='ltr'><strong>cem</strong></span> <span class='ocrx_word' id='word_1_595' title='bbox 531 5200 834 5269; x_wconf 81' lang='lat' dir='ltr'><strong>subjunxit,</strong></span> <span class='ocrx_word' id='word_1_596' title='bbox 875 5213 933 5258; x_wconf 90' lang='lat' dir='ltr'><strong>ut</strong></span> <span class='ocrx_word' id='word_1_597' title='bbox 962 5205 1103 5260; x_wconf 86' lang='lat' dir='ltr'><strong>iufra</strong></span> <span class='ocrx_word' id='word_1_598' title='bbox 1139 5223 1170 5260; x_wconf 93' lang='lat' dir='ltr'><strong>a</strong></span> <span class='ocrx_word' id='word_1_599' title='bbox 1213 5210 1369 5263; x_wconf 91' lang='lat' dir='ltr'><strong>nobis</strong></span> <span class='ocrx_word' id='word_1_600' title='bbox 1397 5210 1706 5265; x_wconf 87' lang='lat' dir='ltr'><strong>clarissime</strong></span> <span class='ocrx_word' id='word_1_601' title='bbox 1728 5212 1956 5266; x_wconf 90' lang='lat' dir='ltr'><strong>demon-</strong></span> 
     </span>
    </p>
   </div>
   <div class='ocr_carea' id='block_1_89' title="bbox 375 5293 1954 5377">
    <p class='ocr_par' dir='ltr' id='par_1_89' title="bbox 375 5293 1954 5377">
     <span class='ocr_line' id='line_1_90' title="bbox 375 5293 1954 5377; baseline 0.01 -33"><span class='ocrx_word' id='word_1_602' title='bbox 375 5293 656 5348; x_wconf 87' lang='lat' dir='ltr'><strong>strabitur.</strong></span> <span class='ocrx_word' id='word_1_603' title='bbox 690 5295 756 5350; x_wconf 87' lang='lat' dir='ltr'><strong>Et</strong></span> <span class='ocrx_word' id='word_1_604' title='bbox 800 5309 946 5353; x_wconf 87' lang='lat' dir='ltr'><strong>certe</strong></span> <span class='ocrx_word' id='word_1_605' title='bbox 985 5301 1108 5369; x_wconf 92' lang='lat' dir='ltr'><strong>quis</strong></span> <span class='ocrx_word' id='word_1_606' title='bbox 1155 5302 1258 5356; x_wconf 91' lang='lat' dir='ltr'><strong>sibi</strong></span> <span class='ocrx_word' id='word_1_607' title='bbox 1296 5306 1625 5372; x_wconf 89' lang='lat' dir='ltr'><strong>persuadeat</strong></span> <span class='ocrx_word' id='word_1_608' title='bbox 1669 5304 1954 5377; x_wconf 89' lang='lat' dir='ltr'><strong>Polycarpi</strong></span> 
     </span>
    </p>
   </div>
   <div class='ocr_carea' id='block_1_90' title="bbox 373 5387 1956 5472">
    <p class='ocr_par' dir='ltr' id='par_1_90' title="bbox 373 5387 1956 5472">
     <span class='ocr_line' id='line_1_91' title="bbox 373 5387 1956 5472; baseline 0.013 -37"><span class='ocrx_word' id='word_1_609' title='bbox 373 5387 680 5455; x_wconf 78' lang='lat' dir='ltr'><strong>epistolam,</strong></span> <span class='ocrx_word' id='word_1_610' title='bbox 707 5391 865 5460; x_wconf 88' lang='lat' dir='ltr'><strong>cujus</strong></span> <span class='ocrx_word' id='word_1_611' title='bbox 889 5395 1178 5450; x_wconf 89' lang='lat' dir='ltr'><strong>utilitatem</strong></span> <span class='ocrx_word' id='word_1_612' title='bbox 1213 5396 1444 5454; x_wconf 82' lang='lat' dir='ltr'><strong>Dallaus</strong></span> <span class='ocrx_word' id='word_1_613' title='bbox 1475 5415 1776 5472; x_wconf 89' lang='lat' dir='ltr'><strong>agnoscere</strong></span> <span class='ocrx_word' id='word_1_614' title='bbox 1811 5401 1956 5470; x_wconf 86' lang='lat' dir='ltr'><strong>cogi-</strong></span> 
     </span>
    </p>
   </div>
   <div class='ocr_carea' id='block_1_91' title="bbox 375 5479 1951 5555">
    <p class='ocr_par' dir='ltr' id='par_1_91' title="bbox 375 5479 1951 5555">
     <span class='ocr_line' id='line_1_92' title="bbox 375 5479 1951 5555; baseline 0.013 -27"><span class='ocrx_word' id='word_1_615' title='bbox 375 5487 482 5541; x_wconf 90' lang='lat' dir='ltr'><strong>tur,</strong></span> <span class='ocrx_word' id='word_1_616' title='bbox 517 5495 546 5533; x_wconf 90' lang='lat' dir='ltr'><strong>a</strong></span> <span class='ocrx_word' id='word_1_617' title='bbox 585 5479 891 5552; x_wconf 89' lang='lat' dir='ltr'><strong>Nicephoro</strong></span> <span class='ocrx_word' id='word_1_618' title='bbox 915 5503 1076 5555; x_wconf 88' lang='lat' dir='ltr'><strong>quem</strong></span> <span class='ocrx_word' id='word_1_619' title='bbox 1114 5488 1255 5542; x_wconf 92' lang='lat' dir='ltr'><strong>idem</strong></span> <span class='ocrx_word' id='word_1_620' title='bbox 1295 5491 1528 5546; x_wconf 81' lang='lat' dir='ltr'><strong>Dallaus</strong></span> <span class='ocrx_word' id='word_1_621' title='bbox 1558 5492 1815 5548; x_wconf 86' lang='lat' dir='ltr'><strong>laudibus</strong></span> <span class='ocrx_word' id='word_1_622' title='bbox 1854 5511 1951 5548; x_wconf 85' lang='lat' dir='ltr'><strong>ex-</strong></span> 
     </span>
    </p>
   </div>
   <div class='ocr_carea' id='block_1_92' title="bbox 373 5571 1948 5651">
    <p class='ocr_par' dir='ltr' id='par_1_92' title="bbox 373 5571 1948 5651">
     <span class='ocr_line' id='line_1_93' title="bbox 373 5571 1948 5651; baseline 0.014 -32"><span class='ocrx_word' id='word_1_623' title='bbox 373 5579 552 5635; x_wconf 84' lang='lat' dir='ltr'><strong>ornat,</strong></span> <span class='ocrx_word' id='word_1_624' title='bbox 592 5571 730 5628; x_wconf 91' lang='lat' dir='ltr'><strong>iuter</strong></span> <span class='ocrx_word' id='word_1_625' title='bbox 757 5582 1066 5648; x_wconf 90' lang='lat' dir='ltr'><strong>apocrypha</strong></span> <span class='ocrx_word' id='word_1_626' title='bbox 1101 5580 1380 5635; x_wconf 89' lang='lat' dir='ltr'><strong>deterrimi</strong></span> <span class='ocrx_word' id='word_1_627' title='bbox 1414 5585 1632 5651; x_wconf 87' lang='lat' dir='ltr'><strong>generis</strong></span> <span class='ocrx_word' id='word_1_628' title='bbox 1660 5584 1832 5641; x_wconf 88' lang='lat' dir='ltr'><strong>fuisse</strong></span> <span class='ocrx_word' id='word_1_629' title='bbox 1857 5587 1948 5641; x_wconf 84' lang='lat' dir='ltr'><strong>ab-</strong></span> 
     </span>
    </p>
   </div>
   <div class='ocr_carea' id='block_1_93' title="bbox 361 5657 644 5727">
    <p class='ocr_par' dir='ltr' id='par_1_93' title="bbox 361 5657 644 5727">
     <span class='ocr_line' id='line_1_94' title="bbox 361 5657 644 5727; baseline 0.025 -18"><span class='ocrx_word' id='word_1_630' title='bbox 361 5657 371 5708; x_wconf 90' lang='lat' dir='ltr'><strong>l</strong></span> <span class='ocrx_word' id='word_1_631' title='bbox 393 5664 644 5727; x_wconf 69' lang='lat' dir='ltr'><strong>ngatam?</strong></span> 
     </span>
    </p>
   </div>
   <div class='ocr_carea' id='block_1_94' title="bbox 2075 3255 3653 3331">
    <p class='ocr_par' dir='ltr' id='par_1_94' title="bbox 2075 3255 3653 3331">
     <span class='ocr_line' id='line_1_95' title="bbox 2075 3255 3653 3331; baseline 0.004 -22"><span class='ocrx_word' id='word_1_632' title='bbox 2075 3255 2177 3309; x_wconf 89' lang='lat' dir='ltr'><strong>sibi</strong></span> <span class='ocrx_word' id='word_1_633' title='bbox 2231 3257 2367 3312; x_wconf 90' lang='lat' dir='ltr'><strong>adeo</strong></span> <span class='ocrx_word' id='word_1_634' title='bbox 2421 3260 2644 3329; x_wconf 90' lang='lat' dir='ltr'><strong>lynceus</strong></span> <span class='ocrx_word' id='word_1_635' title='bbox 2675 3262 2906 3324; x_wconf 91' lang='lat' dir='ltr'><strong>videtur,</strong></span> <span class='ocrx_word' id='word_1_636' title='bbox 2950 3262 3148 3316; x_wconf 92' lang='lat' dir='ltr'><strong>ibidem</strong></span> <span class='ocrx_word' id='word_1_637' title='bbox 3180 3277 3366 3318; x_wconf 89' lang='lat' dir='ltr'><strong>secum</strong></span> <span class='ocrx_word' id='word_1_638' title='bbox 3398 3263 3512 3331; x_wconf 89' lang='lat' dir='ltr'><strong>ipse</strong></span> <span class='ocrx_word' id='word_1_639' title='bbox 3540 3278 3653 3316; x_wconf 87' lang='lat' dir='ltr'><strong>non</strong></span> 
     </span>
    </p>
   </div>
   <div class='ocr_carea' id='block_1_95' title="bbox 2074 3351 3653 3426">
    <p class='ocr_par' dir='ltr' id='par_1_95' title="bbox 2074 3351 3653 3426">
     <span class='ocr_line' id='line_1_96' title="bbox 2074 3351 3653 3426; baseline 0.006 -24"><span class='ocrx_word' id='word_1_640' title='bbox 2074 3360 2295 3420; x_wconf 88' lang='lat' dir='ltr'><strong>pugnet.</strong></span> <span class='ocrx_word' id='word_1_641' title='bbox 2326 3351 2619 3408; x_wconf 87' lang='lat' dir='ltr'><strong>Enimvero</strong></span> <span class='ocrx_word' id='word_1_642' title='bbox 2660 3355 2706 3409; x_wconf 90' lang='lat' dir='ltr'><strong>si</strong></span> <span class='ocrx_word' id='word_1_643' title='bbox 2751 3357 2951 3410; x_wconf 88' lang='lat' dir='ltr'><strong>intota</strong></span> <span class='ocrx_word' id='word_1_644' title='bbox 2997 3356 3228 3425; x_wconf 89' lang='lat' dir='ltr'><strong>epistola</strong></span> <span class='ocrx_word' id='word_1_645' title='bbox 3271 3357 3406 3410; x_wconf 91' lang='lat' dir='ltr'><strong>nihil</strong></span> <span class='ocrx_word' id='word_1_646' title='bbox 3454 3368 3653 3426; x_wconf 67' lang='lat' dir='ltr'><strong>praeter</strong></span> 
     </span>
    </p>
   </div>
   <div class='ocr_carea' id='block_1_96' title="bbox 2075 3441 3647 3518">
    <p class='ocr_par' dir='ltr' id='par_1_96' title="bbox 2075 3441 3647 3518">
     <span class='ocr_line' id='line_1_97' title="bbox 2075 3441 3647 3518; baseline 0.006 -25"><span class='ocrx_word' id='word_1_647' title='bbox 2075 3441 2220 3495; x_wconf 90' lang='lat' dir='ltr'><strong>illam</strong></span> <span class='ocrx_word' id='word_1_648' title='bbox 2249 3444 2572 3512; x_wconf 90' lang='lat' dir='ltr'><strong>particulam</strong></span> <span class='ocrx_word' id='word_1_649' title='bbox 2605 3458 2860 3502; x_wconf 88' lang='lat' dir='ltr'><strong>occurrat</strong></span> <span class='ocrx_word' id='word_1_650' title='bbox 2887 3468 2900 3501; x_wconf 87' lang='lat'>:</span> <span class='ocrx_word' id='word_1_651' title='bbox 2947 3467 2965 3498; x_wconf 85' lang='grc'><em>‹</em></span> <span class='ocrx_word' id='word_1_652' title='bbox 3007 3447 3164 3513; x_wconf 91' lang='lat' dir='ltr'><strong>Quod</strong></span> <span class='ocrx_word' id='word_1_653' title='bbox 3203 3449 3285 3502; x_wconf 88' lang='lat' dir='ltr'><strong>vel</strong></span> <span class='ocrx_word' id='word_1_654' title='bbox 3314 3464 3647 3518; x_wconf 89' lang='lat' dir='ltr'><strong>quemquam</strong></span> 
     </span>
    </p>
   </div>
   <div class='ocr_carea' id='block_1_97' title="bbox 2073 3533 3646 3608">
    <p class='ocr_par' dir='ltr' id='par_1_97' title="bbox 2073 3533 3646 3608">
     <span class='ocr_line' id='line_1_98' title="bbox 2073 3533 3646 3608; baseline 0.003 -23"><span class='ocrx_word' id='word_1_655' title='bbox 2073 3533 2372 3600; x_wconf 76' lang='lat' dir='ltr'><strong>offendere,</strong></span> <span class='ocrx_word' id='word_1_656' title='bbox 2399 3536 2478 3589; x_wconf 89' lang='lat' dir='ltr'><strong>vel</strong></span> <span class='ocrx_word' id='word_1_657' title='bbox 2504 3535 2806 3608; x_wconf 88' lang='lat' dir='ltr'><strong>Polycarpo</strong></span> <span class='ocrx_word' id='word_1_658' title='bbox 2833 3539 3117 3608; x_wconf 86' lang='lat' dir='ltr'><strong>indignum</strong></span> <span class='ocrx_word' id='word_1_659' title='bbox 3141 3540 3352 3594; x_wconf 90' lang='lat' dir='ltr'><strong>censeri</strong></span> <span class='ocrx_word' id='word_1_660' title='bbox 3375 3540 3590 3602; x_wconf 89' lang='lat' dir='ltr'><strong>debeat,</strong></span> <span class='ocrx_word' id='word_1_661' title='bbox 3625 3559 3646 3590; x_wconf 74' lang='grc' dir='ltr'><strong>ι</strong></span> 
     </span>
    </p>
   </div>
   <div class='ocr_carea' id='block_1_98' title="bbox 2072 3629 3651 3696">
    <p class='ocr_par' dir='ltr' id='par_1_98' title="bbox 2072 3629 3651 3696">
     <span class='ocr_line' id='line_1_99' title="bbox 2072 3629 3651 3696; baseline 0.008 -19"><span class='ocrx_word' id='word_1_662' title='bbox 2072 3641 2170 3678; x_wconf 90' lang='lat' dir='ltr'><strong>cur</strong></span> <span class='ocrx_word' id='word_1_663' title='bbox 2213 3643 2423 3696; x_wconf 84' lang='lat' dir='ltr'><strong>quaso,</strong></span> <span class='ocrx_word' id='word_1_664' title='bbox 2461 3629 2694 3687; x_wconf 86' lang='lat' dir='ltr'><strong>Dallaus</strong></span> <span class='ocrx_word' id='word_1_665' title='bbox 2738 3649 2846 3688; x_wconf 92' lang='lat' dir='ltr'><strong>nou</strong></span> <span class='ocrx_word' id='word_1_666' title='bbox 2891 3635 3068 3690; x_wconf 89' lang='lat' dir='ltr'><strong>solum</strong></span> <span class='ocrx_word' id='word_1_667' title='bbox 3114 3633 3399 3689; x_wconf 88' lang='lat' dir='ltr'><strong>Hamondo</strong></span> <span class='ocrx_word' id='word_1_668' title='bbox 3439 3643 3492 3689; x_wconf 90' lang='lat' dir='ltr'><strong>et</strong></span> <span class='ocrx_word' id='word_1_669' title='bbox 3525 3636 3651 3690; x_wconf 87' lang='lat' dir='ltr'><strong>aliis</strong></span> 
     </span>
    </p>
   </div>
   <div class='ocr_carea' id='block_1_99' title="bbox 2071 3723 3651 3794">
    <p class='ocr_par' dir='ltr' id='par_1_99' title="bbox 2071 3723 3651 3794">
     <span class='ocr_line' id='line_1_100' title="bbox 2071 3723 3651 3794; baseline 0.005 -19"><span class='ocrx_word' id='word_1_670' title='bbox 2071 3723 2170 3776; x_wconf 86' lang='lat' dir='ltr'><strong>avi</strong></span> <span class='ocrx_word' id='word_1_671' title='bbox 2219 3724 2391 3778; x_wconf 89' lang='lat' dir='ltr'><strong>nostri</strong></span> <span class='ocrx_word' id='word_1_672' title='bbox 2431 3725 2769 3782; x_wconf 91' lang='lat' dir='ltr'><strong>doctissimis</strong></span> <span class='ocrx_word' id='word_1_673' title='bbox 2797 3727 3134 3794; x_wconf 88' lang='lat' dir='ltr'><strong>hominibus,</strong></span> <span class='ocrx_word' id='word_1_674' title='bbox 3183 3728 3278 3783; x_wconf 89' lang='lat' dir='ltr'><strong>sed</strong></span> <span class='ocrx_word' id='word_1_675' title='bbox 3304 3729 3466 3783; x_wconf 88' lang='lat' dir='ltr'><strong>etiam</strong></span> <span class='ocrx_word' id='word_1_676' title='bbox 3499 3734 3651 3784; x_wconf 75' lang='lat' dir='ltr'><strong>anti-</strong></span> 
     </span>
    </p>
   </div>
   <div class='ocr_carea' id='block_1_100' title="bbox 2069 3815 3652 3890">
    <p class='ocr_par' dir='ltr' id='par_1_100' title="bbox 2069 3815 3652 3890">
     <span class='ocr_line' id='line_1_101' title="bbox 2069 3815 3652 3890; baseline 0.004 -22"><span class='ocrx_word' id='word_1_677' title='bbox 2069 3817 2353 3885; x_wconf 91' lang='lat' dir='ltr'><strong>quissimis</strong></span> <span class='ocrx_word' id='word_1_678' title='bbox 2382 3815 2661 3886; x_wconf 87' lang='lat' dir='ltr'><strong>_Patribus</strong></span> <span class='ocrx_word' id='word_1_679' title='bbox 2696 3817 2933 3873; x_wconf 84' lang='lat' dir='ltr'><strong>Eusebio</strong></span> <span class='ocrx_word' id='word_1_680' title='bbox 2968 3830 3021 3874; x_wconf 92' lang='lat' dir='ltr'><strong>et</strong></span> <span class='ocrx_word' id='word_1_681' title='bbox 3057 3821 3266 3874; x_wconf 63' lang='lat' dir='ltr'><strong>caeteris</strong></span> <span class='ocrx_word' id='word_1_682' title='bbox 3309 3820 3524 3890; x_wconf 83' lang='lat' dir='ltr'><strong>prafert</strong></span> <span class='ocrx_word' id='word_1_683' title='bbox 3555 3821 3652 3875; x_wconf 80' lang='lat' dir='ltr'><strong>Ni-</strong></span> 
     </span>
    </p>
   </div>
   <div class='ocr_carea' id='block_1_101' title="bbox 2069 3909 3649 3984">
    <p class='ocr_par' dir='ltr' id='par_1_101' title="bbox 2069 3909 3649 3984">
     <span class='ocr_line' id='line_1_102' title="bbox 2069 3909 3649 3984; baseline 0.004 -22"><span class='ocrx_word' id='word_1_684' title='bbox 2069 3909 2393 3978; x_wconf 86' lang='lat' dir='ltr'><strong>cephorum,</strong></span> <span class='ocrx_word' id='word_1_685' title='bbox 2421 3910 2513 3979; x_wconf 89' lang='lat' dir='ltr'><strong>qui</strong></span> <span class='ocrx_word' id='word_1_686' title='bbox 2540 3912 2826 3980; x_wconf 87' lang='lat' dir='ltr'><strong>epistolam</strong></span> <span class='ocrx_word' id='word_1_687' title='bbox 2853 3921 3022 3966; x_wconf 89' lang='lat' dir='ltr'><strong>totam</strong></span> <span class='ocrx_word' id='word_1_688' title='bbox 3064 3914 3240 3983; x_wconf 82' lang='lat' dir='ltr'><strong>rejicit</strong></span> <span class='ocrx_word' id='word_1_689' title='bbox 3266 3913 3407 3967; x_wconf 90' lang='lat' dir='ltr'><strong>inter</strong></span> <span class='ocrx_word' id='word_1_690' title='bbox 3430 3929 3492 3968; x_wconf 91' lang='lat' dir='ltr'><strong>ea</strong></span> <span class='ocrx_word' id='word_1_691' title='bbox 3522 3930 3649 3984; x_wconf 84' lang='lat' dir='ltr'><strong>qua</strong></span> 
     </span>
    </p>
   </div>
   <div class='ocr_carea' id='block_1_102' title="bbox 2068 4006 3646 4077">
    <p class='ocr_par' dir='ltr' id='par_1_102' title="bbox 2068 4006 3646 4077">
     <span class='ocr_line' id='line_1_103' title="bbox 2068 4006 3646 4077; baseline 0.004 -21"><span class='ocrx_word' id='word_1_692' title='bbox 2068 4011 2197 4056; x_wconf 91' lang='lat' dir='ltr'><strong>sunt</strong></span> <span class='ocrx_word' id='word_1_693' title='bbox 2225 4021 2242 4053; x_wconf 70' lang='grc' dir='ltr'><em>α</em></span> <span class='ocrx_word' id='word_1_694' title='bbox 2294 4019 2359 4058; x_wconf 83' lang='lat' dir='ltr'><strong>ex</strong></span> <span class='ocrx_word' id='word_1_695' title='bbox 2399 4006 2836 4075; x_wconf 87' lang='lat' dir='ltr'><strong>apocryphorum</strong></span> <span class='ocrx_word' id='word_1_696' title='bbox 2875 4007 3172 4061; x_wconf 90' lang='lat' dir='ltr'><strong>deterrimo</strong></span> <span class='ocrx_word' id='word_1_697' title='bbox 3206 4023 3436 4077; x_wconf 89' lang='lat' dir='ltr'><strong>genere;</strong></span> <span class='ocrx_word' id='word_1_698' title='bbox 3477 4028 3494 4060; x_wconf 73' lang='grc' dir='ltr'><strong><em>ι</em></strong></span> <span class='ocrx_word' id='word_1_699' title='bbox 3541 4010 3646 4076; x_wconf 85' lang='lat' dir='ltr'><strong>vel,</strong></span> 
     </span>
    </p>
   </div>
   <div class='ocr_carea' id='block_1_103' title="bbox 2068 4095 3649 4170">
    <p class='ocr_par' dir='ltr' id='par_1_103' title="bbox 2068 4095 3649 4170">
     <span class='ocr_line' id='line_1_104' title="bbox 2068 4095 3649 4170; baseline 0.004 -23"><span class='ocrx_word' id='word_1_700' title='bbox 2068 4105 2125 4148; x_wconf 93' lang='lat' dir='ltr'><strong>ut</strong></span> <span class='ocrx_word' id='word_1_701' title='bbox 2162 4095 2278 4164; x_wconf 80' lang='lat' dir='ltr'><strong>ipSe</strong></span> <span class='ocrx_word' id='word_1_702' title='bbox 2308 4096 2439 4149; x_wconf 91' lang='lat' dir='ltr'><strong>alibi</strong></span> <span class='ocrx_word' id='word_1_703' title='bbox 2483 4098 2637 4161; x_wconf 88' lang='lat' dir='ltr'><strong>dicit,</strong></span> <span class='ocrx_word' id='word_1_704' title='bbox 2679 4117 2697 4148; x_wconf 74' lang='grc' dir='ltr'><strong><em>ι</em></strong></span> <span class='ocrx_word' id='word_1_705' title='bbox 2736 4098 2878 4152; x_wconf 89' lang='lat' dir='ltr'><strong>inter</strong></span> <span class='ocrx_word' id='word_1_706' title='bbox 2906 4099 3074 4153; x_wconf 86' lang='lat' dir='ltr'><strong>libros</strong></span> <span class='ocrx_word' id='word_1_707' title='bbox 3103 4098 3300 4153; x_wconf 85' lang='lat' dir='ltr'><strong>fabulis</strong></span> <span class='ocrx_word' id='word_1_708' title='bbox 3331 4111 3382 4153; x_wconf 90' lang='lat' dir='ltr'><strong>et</strong></span> <span class='ocrx_word' id='word_1_709' title='bbox 3419 4100 3649 4170; x_wconf 74' lang='lat' dir='ltr'><strong>ﬁgmen-</strong></span> 
     </span>
    </p>
   </div>
   <div class='ocr_carea' id='block_1_104' title="bbox 2067 4187 3650 4260">
    <p class='ocr_par' dir='ltr' id='par_1_104' title="bbox 2067 4187 3650 4260">
     <span class='ocr_line' id='line_1_105' title="bbox 2067 4187 3650 4260; baseline 0.004 -20"><span class='ocrx_word' id='word_1_710' title='bbox 2067 4188 2138 4241; x_wconf 93' lang='lat' dir='ltr'><strong>tis</strong></span> <span class='ocrx_word' id='word_1_711' title='bbox 2170 4187 2389 4256; x_wconf 88' lang='lat' dir='ltr'><strong>plenos;</strong></span> <span class='ocrx_word' id='word_1_712' title='bbox 2428 4207 2444 4239; x_wconf 81' lang='grc' dir='ltr'><strong><em>ι</em></strong></span> <span class='ocrx_word' id='word_1_713' title='bbox 2482 4205 2547 4244; x_wconf 82' lang='lat' dir='ltr'><strong>ex</strong></span> <span class='ocrx_word' id='word_1_714' title='bbox 2588 4191 2807 4259; x_wconf 90' lang='lat' dir='ltr'><strong>quibus,</strong></span> <span class='ocrx_word' id='word_1_715' title='bbox 2846 4209 2864 4241; x_wconf 71' lang='grc' dir='ltr'>ι</span> <span class='ocrx_word' id='word_1_716' title='bbox 2902 4192 2948 4245; x_wconf 90' lang='lat' dir='ltr'><strong>si</strong></span> <span class='ocrx_word' id='word_1_717' title='bbox 3007 4192 3133 4260; x_wconf 90' lang='lat' dir='ltr'><strong>quis</strong></span> <span class='ocrx_word' id='word_1_718' title='bbox 3173 4193 3240 4246; x_wconf 88' lang='lat' dir='ltr'><strong>ad</strong></span> <span class='ocrx_word' id='word_1_719' title='bbox 3273 4193 3432 4246; x_wconf 84' lang='lat' dir='ltr'><strong>fidem</strong></span> <span class='ocrx_word' id='word_1_720' title='bbox 3474 4193 3542 4246; x_wconf 86' lang='lat' dir='ltr'><strong>de</strong></span> <span class='ocrx_word' id='word_1_721' title='bbox 3589 4208 3650 4248; x_wconf 91' lang='lat' dir='ltr'><strong>re</strong></span> 
     </span>
    </p>
   </div>
   <div class='ocr_carea' id='block_1_105' title="bbox 2066 4279 3649 4354">
    <p class='ocr_par' dir='ltr' id='par_1_105' title="bbox 2066 4279 3649 4354">
     <span class='ocr_line' id='line_1_106' title="bbox 2066 4279 3649 4354; baseline 0.004 -22"><span class='ocrx_word' id='word_1_722' title='bbox 2066 4279 2248 4349; x_wconf 90' lang='lat' dir='ltr'><strong>aliqua</strong></span> <span class='ocrx_word' id='word_1_723' title='bbox 2278 4280 2471 4348; x_wconf 91' lang='lat' dir='ltr'><strong>primis</strong></span> <span class='ocrx_word' id='word_1_724' title='bbox 2505 4282 2612 4335; x_wconf 92' lang='lat' dir='ltr'><strong>illis</strong></span> <span class='ocrx_word' id='word_1_725' title='bbox 2647 4284 2988 4352; x_wconf 89' lang='lat' dir='ltr'><strong>temporibus</strong></span> <span class='ocrx_word' id='word_1_726' title='bbox 3019 4295 3171 4354; x_wconf 85' lang='lat' dir='ltr'><strong>gesta</strong></span> <span class='ocrx_word' id='word_1_727' title='bbox 3216 4283 3520 4338; x_wconf 85' lang='lat' dir='ltr'><strong>faciendam</strong></span> <span class='ocrx_word' id='word_1_728' title='bbox 3561 4285 3649 4338; x_wconf 86' lang='lat' dir='ltr'><strong>af-</strong></span> 
     </span>
    </p>
   </div>
   <div class='ocr_carea' id='block_1_106' title="bbox 2066 4370 3643 4446">
    <p class='ocr_par' dir='ltr' id='par_1_106' title="bbox 2066 4370 3643 4446">
     <span class='ocr_line' id='line_1_107' title="bbox 2066 4370 3643 4446; baseline 0.004 -22"><span class='ocrx_word' id='word_1_729' title='bbox 2066 4370 2252 4437; x_wconf 88' lang='lat' dir='ltr'><strong>ferret,</strong></span> <span class='ocrx_word' id='word_1_730' title='bbox 2277 4373 2413 4426; x_wconf 89' lang='lat' dir='ltr'><strong>nihil</strong></span> <span class='ocrx_word' id='word_1_731' title='bbox 2444 4373 2711 4428; x_wconf 78' lang='lat' dir='ltr'><strong>efliceret?</strong></span> <span class='ocrx_word' id='word_1_732' title='bbox 2746 4395 2764 4426; x_wconf 76' lang='grc' dir='ltr'><strong><em>ι</em></strong></span> <span class='ocrx_word' id='word_1_733' title='bbox 2800 4375 3057 4446; x_wconf 82' lang='lat' dir='ltr'><strong>Nunquid</strong></span> <span class='ocrx_word' id='word_1_734' title='bbox 3106 4377 3150 4431; x_wconf 90' lang='lat' dir='ltr'><strong>si</strong></span> <span class='ocrx_word' id='word_1_735' title='bbox 3185 4377 3383 4446; x_wconf 86' lang='lat' dir='ltr'><strong>aliquis</strong></span> <span class='ocrx_word' id='word_1_736' title='bbox 3425 4393 3489 4430; x_wconf 87' lang='lat' dir='ltr'><strong>ea</strong></span> <span class='ocrx_word' id='word_1_737' title='bbox 3517 4393 3643 4430; x_wconf 88' lang='lat' dir='ltr'><strong>om-</strong></span> 
     </span>
    </p>
   </div>
   <div class='ocr_carea' id='block_1_107' title="bbox 2065 4465 3650 4537">
    <p class='ocr_par' dir='ltr' id='par_1_107' title="bbox 2065 4465 3650 4537">
     <span class='ocr_line' id='line_1_108' title="bbox 2065 4465 3650 4537; baseline 0.004 -20"><span class='ocrx_word' id='word_1_738' title='bbox 2065 4465 2174 4530; x_wconf 86' lang='lat' dir='ltr'><strong>nia,</strong></span> <span class='ocrx_word' id='word_1_739' title='bbox 2205 4480 2330 4534; x_wconf 85' lang='lat' dir='ltr'><strong>qua</strong></span> <span class='ocrx_word' id='word_1_740' title='bbox 2358 4465 2412 4518; x_wconf 94' lang='lat' dir='ltr'><strong>in</strong></span> <span class='ocrx_word' id='word_1_741' title='bbox 2443 4465 2544 4519; x_wconf 91' lang='lat' dir='ltr'><strong>hac</strong></span> <span class='ocrx_word' id='word_1_742' title='bbox 2579 4466 2805 4535; x_wconf 89' lang='lat' dir='ltr'><strong>epistola</strong></span> <span class='ocrx_word' id='word_1_743' title='bbox 2839 4467 2969 4522; x_wconf 90' lang='lat' dir='ltr'><strong>illud</strong></span> <span class='ocrx_word' id='word_1_744' title='bbox 3001 4469 3146 4537; x_wconf 89' lang='lat' dir='ltr'><strong>quod</strong></span> <span class='ocrx_word' id='word_1_745' title='bbox 3200 4467 3432 4522; x_wconf 75' lang='lat' dir='ltr'><strong>Dallaus</strong></span> <span class='ocrx_word' id='word_1_746' title='bbox 3486 4479 3650 4523; x_wconf 82' lang='lat' dir='ltr'><strong>vocat</strong></span> 
     </span>
    </p>
   </div>
   <div class='ocr_carea' id='block_1_108' title="bbox 2067 4555 3651 4630">
    <p class='ocr_par' dir='ltr' id='par_1_108' title="bbox 2067 4555 3651 4630">
     <span class='ocr_line' id='line_1_109' title="bbox 2067 4555 3651 4630; baseline 0.004 -22"><span class='ocrx_word' id='word_1_747' title='bbox 2067 4555 2519 4622; x_wconf 90' lang='lat' dir='ltr'><strong>additamentum,</strong></span> <span class='ocrx_word' id='word_1_748' title='bbox 2549 4556 2880 4626; x_wconf 81' lang='lat' dir='ltr'><strong>pracedunt,</strong></span> <span class='ocrx_word' id='word_1_749' title='bbox 2920 4574 3150 4628; x_wconf 85' lang='lat' dir='ltr'><strong>quaque</strong></span> <span class='ocrx_word' id='word_1_750' title='bbox 3187 4559 3304 4628; x_wconf 89' lang='lat' dir='ltr'><strong>ipse</strong></span> <span class='ocrx_word' id='word_1_751' title='bbox 3339 4559 3651 4630; x_wconf 80' lang='lat' dir='ltr'><strong>Polyearpo</strong></span> 
     </span>
    </p>
   </div>
   <div class='ocr_carea' id='block_1_109' title="bbox 2060 4647 3647 4718">
    <p class='ocr_par' dir='ltr' id='par_1_109' title="bbox 2060 4647 3647 4718">
     <span class='ocr_line' id='line_1_110' title="bbox 2060 4647 3647 4718; baseline 0.003 -16"><span class='ocrx_word' id='word_1_752' title='bbox 2060 4647 2223 4718; x_wconf 84' lang='lat' dir='ltr'><strong>digna</strong></span> <span class='ocrx_word' id='word_1_753' title='bbox 2278 4658 2486 4713; x_wconf 90' lang='lat' dir='ltr'><strong>censet,</strong></span> <span class='ocrx_word' id='word_1_754' title='bbox 2553 4649 2621 4704; x_wconf 89' lang='lat' dir='ltr'><strong>ad</strong></span> <span class='ocrx_word' id='word_1_755' title='bbox 2670 4649 2830 4704; x_wconf 88' lang='lat' dir='ltr'><strong>tidem</strong></span> <span class='ocrx_word' id='word_1_756' title='bbox 2877 4649 3181 4705; x_wconf 82' lang='lat' dir='ltr'><strong>faciendam</strong></span> <span class='ocrx_word' id='word_1_757' title='bbox 3229 4652 3467 4716; x_wconf 80' lang='lat' dir='ltr'><strong>alferret,</strong></span> <span class='ocrx_word' id='word_1_758' title='bbox 3507 4653 3647 4707; x_wconf 89' lang='lat' dir='ltr'><strong>nihil</strong></span> 
     </span>
    </p>
   </div>
   <div class='ocr_carea' id='block_1_110' title="bbox 2061 4741 3647 4815">
    <p class='ocr_par' dir='ltr' id='par_1_110' title="bbox 2061 4741 3647 4815">
     <span class='ocr_line' id='line_1_111' title="bbox 2061 4741 3647 4815; baseline 0.003 -19"><span class='ocrx_word' id='word_1_759' title='bbox 2061 4742 2339 4797; x_wconf 77' lang='lat' dir='ltr'><strong>efficeret?</strong></span> <span class='ocrx_word' id='word_1_760' title='bbox 2388 4741 2645 4813; x_wconf 87' lang='lat' dir='ltr'><strong>Nunquid</strong></span> <span class='ocrx_word' id='word_1_761' title='bbox 2685 4745 2756 4798; x_wconf 92' lang='lat' dir='ltr'><strong>ob</strong></span> <span class='ocrx_word' id='word_1_762' title='bbox 2807 4747 3128 4813; x_wconf 87' lang='lat' dir='ltr'><strong>particulam</strong></span> <span class='ocrx_word' id='word_1_763' title='bbox 3164 4746 3217 4800; x_wconf 92' lang='lat' dir='ltr'><strong>in</strong></span> <span class='ocrx_word' id='word_1_764' title='bbox 3249 4747 3355 4800; x_wconf 86' lang='lat' dir='ltr'><strong>tine</strong></span> <span class='ocrx_word' id='word_1_765' title='bbox 3398 4747 3647 4815; x_wconf 83' lang='lat' dir='ltr'><strong>epistola</strong></span> 
     </span>
    </p>
   </div>
   <div class='ocr_carea' id='block_1_111' title="bbox 2060 4835 3648 4910">
    <p class='ocr_par' dir='ltr' id='par_1_111' title="bbox 2060 4835 3648 4910">
     <span class='ocr_line' id='line_1_112' title="bbox 2060 4835 3648 4910; baseline 0.002 -21"><span class='ocrx_word' id='word_1_766' title='bbox 2060 4835 2321 4902; x_wconf 89' lang='lat' dir='ltr'><strong>additam,</strong></span> <span class='ocrx_word' id='word_1_767' title='bbox 2353 4853 2415 4891; x_wconf 87' lang='lat' dir='ltr'><strong>ea</strong></span> <span class='ocrx_word' id='word_1_768' title='bbox 2442 4854 2564 4907; x_wconf 86' lang='lat' dir='ltr'><strong>qua</strong></span> <span class='ocrx_word' id='word_1_769' title='bbox 2588 4836 2888 4909; x_wconf 86' lang='lat' dir='ltr'><strong>Polycarpo</strong></span> <span class='ocrx_word' id='word_1_770' title='bbox 2915 4839 3078 4909; x_wconf 89' lang='lat' dir='ltr'><strong>digna</strong></span> <span class='ocrx_word' id='word_1_771' title='bbox 3114 4849 3263 4902; x_wconf 91' lang='lat' dir='ltr'><strong>sunt,</strong></span> <span class='ocrx_word' id='word_1_772' title='bbox 3303 4839 3370 4892; x_wconf 92' lang='lat' dir='ltr'><strong>ad</strong></span> <span class='ocrx_word' id='word_1_773' title='bbox 3409 4854 3648 4910; x_wconf 78' lang='lat' dir='ltr'><strong>apocry-</strong></span> 
     </span>
    </p>
   </div>
   <div class='ocr_carea' id='block_1_112' title="bbox 2062 4927 3648 4999">
    <p class='ocr_par' dir='ltr' id='par_1_112' title="bbox 2062 4927 3648 4999">
     <span class='ocr_line' id='line_1_113' title="bbox 2062 4927 3648 4999; baseline 0.005 -21"><span class='ocrx_word' id='word_1_774' title='bbox 2062 4927 2166 4993; x_wconf 89' lang='lat' dir='ltr'><strong>pha</strong></span> <span class='ocrx_word' id='word_1_775' title='bbox 2190 4927 2468 4982; x_wconf 91' lang='lat' dir='ltr'><strong>deterrimi</strong></span> <span class='ocrx_word' id='word_1_776' title='bbox 2494 4930 2728 4998; x_wconf 86' lang='lat' dir='ltr'><strong>generis,</strong></span> <span class='ocrx_word' id='word_1_777' title='bbox 2763 4939 2816 4983; x_wconf 87' lang='lat' dir='ltr'><strong>et</strong></span> <span class='ocrx_word' id='word_1_778' title='bbox 2853 4929 3026 4984; x_wconf 84' lang='lat' dir='ltr'><strong>libros</strong></span> <span class='ocrx_word' id='word_1_779' title='bbox 3053 4929 3250 4985; x_wconf 87' lang='lat' dir='ltr'><strong>fabulis</strong></span> <span class='ocrx_word' id='word_1_780' title='bbox 3283 4939 3337 4984; x_wconf 88' lang='lat' dir='ltr'><strong>et</strong></span> <span class='ocrx_word' id='word_1_781' title='bbox 3366 4933 3648 4999; x_wconf 80' lang='lat' dir='ltr'><strong>ﬁgmentis</strong></span> 
     </span>
    </p>
   </div>
   <div class='ocr_carea' id='block_1_113' title="bbox 2061 5019 3100 5090">
    <p class='ocr_par' dir='ltr' id='par_1_113' title="bbox 2061 5019 3100 5090">
     <span class='ocr_line' id='line_1_114' title="bbox 2061 5019 3100 5090; baseline 0.005 -19"><span class='ocrx_word' id='word_1_782' title='bbox 2061 5019 2250 5088; x_wconf 87' lang='lat' dir='ltr'><strong>plenos</strong></span> <span class='ocrx_word' id='word_1_783' title='bbox 2271 5020 2467 5075; x_wconf 88' lang='lat' dir='ltr'><strong>debent</strong></span> <span class='ocrx_word' id='word_1_784' title='bbox 2497 5023 2746 5090; x_wconf 89' lang='lat' dir='ltr'><strong>protinus</strong></span> <span class='ocrx_word' id='word_1_785' title='bbox 2769 5025 3054 5078; x_wconf 89' lang='lat' dir='ltr'><strong>amandari</strong></span> <span class='ocrx_word' id='word_1_786' title='bbox 3078 5025 3100 5076; x_wconf 90' lang='lat'><strong>?</strong></span> 
     </span>
    </p>
   </div>
   <div class='ocr_carea' id='block_1_114' title="bbox 2131 5113 3642 5184">
    <p class='ocr_par' dir='ltr' id='par_1_114' title="bbox 2131 5113 3642 5184">
     <span class='ocr_line' id='line_1_115' title="bbox 2131 5113 3642 5184; baseline 0.001 -16"><span class='ocrx_word' id='word_1_787' title='bbox 2131 5113 2272 5179; x_wconf 91' lang='lat' dir='ltr'><strong>Quid</strong></span> <span class='ocrx_word' id='word_1_788' title='bbox 2312 5123 2492 5168; x_wconf 87' lang='lat' dir='ltr'><strong>autem</strong></span> <span class='ocrx_word' id='word_1_789' title='bbox 2541 5116 2685 5183; x_wconf 92' lang='lat' dir='ltr'><strong>quod</strong></span> <span class='ocrx_word' id='word_1_790' title='bbox 2717 5116 2870 5170; x_wconf 88' lang='lat' dir='ltr'><strong>addit</strong></span> <span class='ocrx_word' id='word_1_791' title='bbox 2900 5115 3134 5170; x_wconf 81' lang='lat' dir='ltr'><strong>Dallaus</strong></span> <span class='ocrx_word' id='word_1_792' title='bbox 3180 5116 3232 5168; x_wconf 92' lang='lat' dir='ltr'><strong>in</strong></span> <span class='ocrx_word' id='word_1_793' title='bbox 3275 5116 3378 5169; x_wconf 89' lang='lat' dir='ltr'><strong>hac</strong></span> <span class='ocrx_word' id='word_1_794' title='bbox 3408 5117 3642 5184; x_wconf 79' lang='lat' dir='ltr'><strong>epistola</strong></span> 
     </span>
    </p>
   </div>
   <div class='ocr_carea' id='block_1_115' title="bbox 2063 5207 3645 5277">
    <p class='ocr_par' dir='ltr' id='par_1_115' title="bbox 2063 5207 3645 5277">
     <span class='ocr_line' id='line_1_116' title="bbox 2063 5207 3645 5277; baseline 0.004 -21"><span class='ocrx_word' id='word_1_795' title='bbox 2063 5224 2082 5256; x_wconf 75' lang='grc' dir='ltr'><strong><em>ι</em></strong></span> <span class='ocrx_word' id='word_1_796' title='bbox 2117 5217 2226 5260; x_wconf 90' lang='lat' dir='ltr'><strong>tam</strong></span> <span class='ocrx_word' id='word_1_797' title='bbox 2265 5207 2636 5272; x_wconf 90' lang='lat' dir='ltr'><strong>dissentanea,</strong></span> <span class='ocrx_word' id='word_1_798' title='bbox 2689 5217 2913 5277; x_wconf 86' lang='lat' dir='ltr'><strong>tamque</strong></span> <span class='ocrx_word' id='word_1_799' title='bbox 2967 5208 3110 5262; x_wconf 89' lang='lat' dir='ltr'><strong>inter</strong></span> <span class='ocrx_word' id='word_1_800' title='bbox 3157 5224 3216 5262; x_wconf 88' lang='lat' dir='ltr'><strong>se</strong></span> <span class='ocrx_word' id='word_1_801' title='bbox 3256 5209 3535 5263; x_wconf 90' lang='lat' dir='ltr'><strong>contraria</strong></span> <span class='ocrx_word' id='word_1_802' title='bbox 3591 5220 3645 5263; x_wconf 85' lang='lat' dir='ltr'><strong>et</strong></span> 
     </span>
    </p>
   </div>
   <div class='ocr_carea' id='block_1_116' title="bbox 2057 5301 3644 5368">
    <p class='ocr_par' dir='ltr' id='par_1_116' title="bbox 2057 5301 3644 5368">
     <span class='ocr_line' id='line_1_117' title="bbox 2057 5301 3644 5368; baseline 0.002 -16"><span class='ocrx_word' id='word_1_803' title='bbox 2057 5301 2418 5368; x_wconf 89' lang='lat' dir='ltr'><strong>repugnantia</strong></span> <span class='ocrx_word' id='word_1_804' title='bbox 2466 5320 2483 5352; x_wconf 74' lang='grc' dir='ltr'><strong>ι</strong></span> <span class='ocrx_word' id='word_1_805' title='bbox 2524 5316 2849 5367; x_wconf 85' lang='lat' dir='ltr'><strong>occurrere;</strong></span> <span class='ocrx_word' id='word_1_806' title='bbox 2885 5312 2942 5356; x_wconf 91' lang='lat' dir='ltr'><strong>ut</strong></span> <span class='ocrx_word' id='word_1_807' title='bbox 2981 5321 3000 5353; x_wconf 70' lang='grc' dir='ltr'>ί</span> <span class='ocrx_word' id='word_1_808' title='bbox 3044 5303 3158 5356; x_wconf 89' lang='lat' dir='ltr'><strong>sole</strong></span> <span class='ocrx_word' id='word_1_809' title='bbox 3191 5303 3494 5356; x_wconf 89' lang='lat' dir='ltr'><strong>meridiano</strong></span> <span class='ocrx_word' id='word_1_810' title='bbox 3536 5303 3644 5356; x_wconf 87' lang='lat' dir='ltr'><strong>cla-</strong></span> 
     </span>
    </p>
   </div>
   <div class='ocr_carea' id='block_1_117' title="bbox 2056 5393 3644 5464">
    <p class='ocr_par' dir='ltr' id='par_1_117' title="bbox 2056 5393 3644 5464">
     <span class='ocr_line' id='line_1_118' title="bbox 2056 5393 3644 5464; baseline 0.001 -19"><span class='ocrx_word' id='word_1_811' title='bbox 2056 5395 2174 5448; x_wconf 90' lang='lat' dir='ltr'><strong>rius</strong></span> <span class='ocrx_word' id='word_1_812' title='bbox 2230 5412 2249 5444; x_wconf 74' lang='grc' dir='ltr'><strong><em>ι</em></strong></span> <span class='ocrx_word' id='word_1_813' title='bbox 2297 5393 2366 5448; x_wconf 90' lang='lat' dir='ltr'><strong>sit</strong></span> <span class='ocrx_word' id='word_1_814' title='bbox 2413 5409 2474 5448; x_wconf 91' lang='lat' dir='ltr'><strong>ea</strong></span> <span class='ocrx_word' id='word_1_815' title='bbox 2506 5409 2536 5447; x_wconf 92' lang='lat' dir='ltr'><strong>a</strong></span> <span class='ocrx_word' id='word_1_816' title='bbox 2558 5395 2791 5448; x_wconf 87' lang='lat' dir='ltr'><strong>diversis</strong></span> <span class='ocrx_word' id='word_1_817' title='bbox 2831 5396 3147 5450; x_wconf 90' lang='lat' dir='ltr'><strong>hominibus</strong></span> <span class='ocrx_word' id='word_1_818' title='bbox 3177 5396 3377 5464; x_wconf 86' lang='lat' dir='ltr'><strong>scripta</strong></span> <span class='ocrx_word' id='word_1_819' title='bbox 3411 5394 3588 5448; x_wconf 88' lang='lat' dir='ltr'><strong>fuisse</strong></span> <span class='ocrx_word' id='word_1_820' title='bbox 3621 5395 3644 5447; x_wconf 84' lang='lat'><strong>?</strong></span> 
     </span>
    </p>
   </div>
   <div class='ocr_carea' id='block_1_118' title="bbox 2053 5484 3642 5557">
    <p class='ocr_par' dir='ltr' id='par_1_118' title="bbox 2053 5484 3642 5557">
     <span class='ocr_line' id='line_1_119' title="bbox 2053 5484 3642 5557; baseline 0.002 -19"><span class='ocrx_word' id='word_1_821' title='bbox 2053 5485 2165 5538; x_wconf 82' lang='lat' dir='ltr'><strong>Cur</strong></span> <span class='ocrx_word' id='word_1_822' title='bbox 2187 5501 2320 5555; x_wconf 90' lang='lat' dir='ltr'><strong>ergo</strong></span> <span class='ocrx_word' id='word_1_823' title='bbox 2351 5484 2643 5552; x_wconf 87' lang='lat' dir='ltr'><strong>Eusebius,</strong></span> <span class='ocrx_word' id='word_1_824' title='bbox 2691 5492 2856 5540; x_wconf 89' lang='lat' dir='ltr'><strong>homo</strong></span> <span class='ocrx_word' id='word_1_825' title='bbox 2894 5489 3307 5543; x_wconf 76' lang='lat' dir='ltr'><strong>oculatissitnus</strong></span> <span class='ocrx_word' id='word_1_826' title='bbox 3334 5497 3391 5542; x_wconf 85' lang='lat' dir='ltr'><strong>et</strong></span> <span class='ocrx_word' id='word_1_827' title='bbox 3425 5489 3642 5557; x_wconf 80' lang='lat' dir='ltr'><strong>perspi-</strong></span> 
     </span>
    </p>
   </div>
   <div class='ocr_carea' id='block_1_119' title="bbox 2055 5579 3642 5651">
    <p class='ocr_par' dir='ltr' id='par_1_119' title="bbox 2055 5579 3642 5651">
     <span class='ocr_line' id='line_1_120' title="bbox 2055 5579 3642 5651; baseline 0.002 -18"><span class='ocrx_word' id='word_1_828' title='bbox 2055 5579 2404 5645; x_wconf 86' lang='lat' dir='ltr'><strong>cacissimus,</strong></span> <span class='ocrx_word' id='word_1_829' title='bbox 2437 5595 2538 5633; x_wconf 89' lang='lat' dir='ltr'><strong>cur</strong></span> <span class='ocrx_word' id='word_1_830' title='bbox 2566 5580 2659 5633; x_wconf 90' lang='lat' dir='ltr'><strong>alii</strong></span> <span class='ocrx_word' id='word_1_831' title='bbox 2700 5589 2826 5635; x_wconf 80' lang='lat' dir='ltr'><strong>ante</strong></span> <span class='ocrx_word' id='word_1_832' title='bbox 2855 5591 2909 5636; x_wconf 87' lang='lat' dir='ltr'><strong>et</strong></span> <span class='ocrx_word' id='word_1_833' title='bbox 2949 5591 3076 5650; x_wconf 88' lang='lat' dir='ltr'><strong>post.</strong></span> <span class='ocrx_word' id='word_1_834' title='bbox 3101 5580 3471 5651; x_wconf 88' lang='lat' dir='ltr'><strong>Nicephorum</strong></span> <span class='ocrx_word' id='word_1_835' title='bbox 3505 5584 3642 5636; x_wconf 78' lang='lat' dir='ltr'><strong>scri-</strong></span> 
     </span>
    </p>
   </div>
   <div class='ocr_carea' id='block_1_120' title="bbox 2052 5670 3644 5744">
    <p class='ocr_par' dir='ltr' id='par_1_120' title="bbox 2052 5670 3644 5744">
     <span class='ocr_line' id='line_1_121' title="bbox 2052 5670 3644 5744; baseline 0 -16"><span class='ocrx_word' id='word_1_836' title='bbox 2052 5682 2236 5742; x_wconf 80' lang='lat' dir='ltr'><strong>plores</strong></span> <span class='ocrx_word' id='word_1_837' title='bbox 2260 5672 2395 5727; x_wconf 91' lang='lat' dir='ltr'><strong>illud</strong></span> <span class='ocrx_word' id='word_1_838' title='bbox 2438 5688 2548 5725; x_wconf 92' lang='lat' dir='ltr'><strong>non</strong></span> <span class='ocrx_word' id='word_1_839' title='bbox 2581 5670 2858 5740; x_wconf 90' lang='lat' dir='ltr'><strong>viderunt,</strong></span> <span class='ocrx_word' id='word_1_840' title='bbox 2882 5675 3026 5744; x_wconf 85' lang='lat' dir='ltr'><strong>quod</strong></span> <span class='ocrx_word' id='word_1_841' title='bbox 3081 5693 3099 5725; x_wconf 75' lang='grc' dir='ltr'><strong><em>ι</em></strong></span> <span class='ocrx_word' id='word_1_842' title='bbox 3164 5673 3277 5730; x_wconf 86' lang='lat' dir='ltr'><strong>sole</strong></span> <span class='ocrx_word' id='word_1_843' title='bbox 3324 5674 3644 5730; x_wconf 66' lang='lat' dir='ltr'><strong>meridiari)</strong></span> 
     </span>
    </p>
   </div>
   <div class='ocr_carea' id='block_1_121' title="bbox 440 5774 1968 5866">
    <p class='ocr_par' dir='ltr' id='par_1_121' title="bbox 440 5774 1968 5866">
     <span class='ocr_line' id='line_1_122' title="bbox 440 5774 1968 5866; baseline 0.014 -38"><span class='ocrx_word' id='word_1_844' title='bbox 440 5774 488 5807; x_wconf 83' lang='lat'>&quot;</span> <span class='ocrx_word' id='word_1_845' title='bbox 522 5775 595 5830; x_wconf 83' lang='lat' dir='ltr'><strong>De</strong></span> <span class='ocrx_word' id='word_1_846' title='bbox 628 5781 808 5849; x_wconf 81' lang='lat' dir='ltr'><strong>script.</strong></span> <span class='ocrx_word' id='word_1_847' title='bbox 849 5782 1051 5853; x_wconf 80' lang='lat' dir='ltr'><strong>lguat.,</strong></span> <span class='ocrx_word' id='word_1_848' title='bbox 1084 5803 1200 5857; x_wconf 89' lang='lat' dir='ltr'><strong>cap.</strong></span> <span class='ocrx_word' id='word_1_849' title='bbox 1231 5787 1333 5856; x_wconf 65' lang='lat'><strong>2‘2,</strong></span> <span class='ocrx_word' id='word_1_850' title='bbox 1363 5804 1414 5858; x_wconf 86' lang='lat' dir='ltr'><strong>p.</strong></span> <span class='ocrx_word' id='word_1_851' title='bbox 1446 5790 1568 5846; x_wconf 69' lang='grc'><strong>426.</strong></span> <span class='ocrx_word' id='word_1_852' title='bbox 1647 5792 1688 5824; x_wconf 85' lang='grc'><strong>⁸⁷</strong></span> <span class='ocrx_word' id='word_1_853' title='bbox 1724 5793 1897 5859; x_wconf 87' lang='lat' dir='ltr'><strong>Ibid.,</strong></span> <span class='ocrx_word' id='word_1_854' title='bbox 1927 5812 1968 5866; x_wconf 84' lang='lat' dir='ltr'><strong>p.</strong></span> 
     </span>
    </p>
   </div>
   <div class='ocr_carea' id='block_1_122' title="bbox 2080 5774 2733 5866">
    <p class='ocr_par' dir='ltr' id='par_1_122' title="bbox 2082 5790 2733 5861">
     <span class='ocr_line' id='line_1_123' title="bbox 2082 5790 2733 5861; baseline 0 -15"><span class='ocrx_word' id='word_1_855' title='bbox 2082 5795 2130 5848; x_wconf 84' lang='lat'><strong>7.</strong></span> <span class='ocrx_word' id='word_1_856' title='bbox 2209 5793 2253 5825; x_wconf 72' lang='grc' dir='ltr'><strong>σε</strong></span> <span class='ocrx_word' id='word_1_857' title='bbox 2287 5807 2403 5861; x_wconf 87' lang='lat' dir='ltr'><strong>cap.</strong></span> <span class='ocrx_word' id='word_1_858' title='bbox 2433 5790 2519 5856; x_wconf 74' lang='lat'><strong>32,</strong></span> <span class='ocrx_word' id='word_1_859' title='bbox 2561 5805 2614 5860; x_wconf 87' lang='lat' dir='ltr'><strong>p.</strong></span> <span class='ocrx_word' id='word_1_860' title='bbox 2643 5790 2733 5846; x_wconf 73' lang='lat'><strong>42.</strong></span> 
     </span>
    </p>
   </div>
  </div>
