3852 6206
173 328 272 382 631

1152 331 1216 385 Ι).
1257 329 1546 387 NOURRII
1585 330 2067 386 DlSSERTATlO.
2100 363 2166 372 --
2204 331 2384 386 PARS
2422 332 2462 386 Ξ.

3341 337 3445 392 482

173 449 380 504 clarius
422 453 578 507 erat?
617 471 636 504 ι
679 451 936 524 Nunquid
974 469 1169 511 omnes
1207 455 1322 510 sole
1361 456 1664 512 meridiano
1692 457 1772 511 lu-
1799 463 1845 520 Α
1875 457 1944 512 ab
1966 471 2029 512 ea
2057 456 2388 520 difﬁcultate,
2417 471 2538 526 quae
2573 464 2764 512 contra
2798 457 2976 526 ipsum
3009 458 3187 513 solum
3219 459 3440 528 militat,

173 551 332 596 cente
363 547 768 602 excutiebant?

246 630 355 686 Sed
385 646 528 700 esto,
569 636 839 694 Eusebius
869 640 1072 709 aliique
1100 655 1292 696 onmes
1324 641 1456 696 solis
1477 640 1763 697 meridiani

170 724 466 794 splendore
501 731 798 798 perstricti,
829 732 881 786 id
906 733 1052 802 quod
1090 735 1205 789 sole
1229 735 1531 789 meridiano
1560 733 1763 790 clarius

169 825 312 881 erat,
341 833 455 872 non
489 821 747 877 viderint.
780 823 1110 880 Cursaitem
1145 825 1286 880 hanc
1317 825 1762 882 decentissimam

168 905 504 977 clausulam,
539 913 593 966 in
622 930 788 984 quam
812 915 1098 970 desinebat
1120 917 1354 987 epistola
1384 933 1574 988 quam,
1626 926 1764 973 teste

168 998 395 1065 Dallazo,
433 1018 626 1060 omnes
657 1007 864 1070 vident,
912 1009 988 1062 illi
1031 1026 1139 1065 non
1175 1010 1467 1065 viderunt?
1504 1007 1762 1080 Nunquid

166 1091 408 1149 Dallaaus
460 1095 759 1152 Eusebium
806 1099 1059 1170 aliosque
1106 1102 1254 1157 viros
1318 1101 1758 1166 oculatissimos,

164 1183 261 1250 qui
309 1183 457 1240 hanc
493 1187 780 1257 epistolam
826 1189 1094 1260 integram
1138 1188 1443 1262 Polycarpo
1493 1191 1757 1258 tribuunt,

163 1275 304 1329 adeo
330 1291 510 1332 caecos
543 1280 803 1349 omnique
847 1281 1056 1335 lumine
1103 1283 1329 1338 orbatos
1369 1281 1543 1339 fuisse
1583 1283 1755 1350 dicet;

161 1376 221 1420 ut
252 1383 430 1420 unum
457 1370 604 1438 quod
637 1371 751 1425 sole
777 1373 1083 1428 meridiano
1113 1369 1317 1430 clarius
1346 1384 1493 1441 erat;
1526 1376 1756 1430 alterum

159 1459 311 1528 quod
343 1475 540 1516 omnes
571 1462 776 1530 vident,
807 1463 912 1534 ipsi
935 1465 1120 1520 videre
1142 1483 1250 1521 non
1278 1467 1594 1537 powerint?

233 1549 362 1606 1am
404 1569 539 1609 vero
585 1555 653 1610 ad
703 1570 817 1611 rem
869 1557 1044 1627 ipsam
1097 1559 1404 1614 veniamus.
1465 1559 1756 1616 Contendit

158 1640 400 1699 Dallzeus
449 1646 674 1713 verbis,
723 1663 845 1718 quae
891 1648 1216 1718 particulam
1264 1650 1514 1705 ultimam
1554 1667 1756 1721 praece-

155 1733 330 1799 dunt;
378 1735 510 1804 quia
555 1755 574 1787 r
622 1731 1065 1794 decentissimam
1111 1740 1415 1796 clausulam
1447 1760 1466 1794 ι
1517 1743 1751 1809 habent,

151 1824 450 1892 epistolam
496 1823 780 1896 Polycarpi
827 1827 1027 1884 claudi.
1077 1828 1332 1900 Nunquid
1373 1845 1505 1901 ergo
1541 1831 1756 1902 quoties
1789 1823 1832 1878 Β

154 1915 205 1966 in
247 1915 506 1984 epistolis
550 1919 796 1972 occurrit
839 1918 1222 1975 decentissima
1263 1921 1544 1988 clausula,
1593 1925 1754 1980 toties

151 2007 224 2060 ibi
261 2008 539 2062 ﬁniuntur
568 2009 848 2078 epistolae?
891 2009 947 2065 Id
977 2027 1110 2066 sane
1131 2012 1216 2067 vel
1259 2013 1390 2082 ipsae
1428 2012 1559 2068 solae
1600 2012 1753 2069 Pauli

147 2099 406 2168 epistolae
432 2099 789 2156 falsissimum
819 2118 937 2158 esse
968 2104 1246 2160 evincunt.
1299 2103 1435 2158 Nam
1478 2107 1532 2160 in
1578 2107 1754 2177 capite

145 2184 371 2239 decimo
405 2188 601 2255 quinto
630 2189 750 2257 ejus
789 2187 1044 2259 Epistolae
1072 2192 1140 2246 ad
1185 2191 1464 2248 Romanos
1497 2193 1612 2250 haec
1659 2193 1754 2250 de-

145 2277 474 2332 centissima
506 2279 749 2334 clausula
781 2280 977 2352 legitur
1006 2301 1020 2338 :
1058 2281 1194 2336 Deus
1224 2285 1370 2353 pacis
1393 2286 1463 2338 sit
1489 2302 1609 2339 cum
1639 2304 1752 2340 om-

143 2370 303 2423 nibus
347 2371 519 2425 vobis.
558 2372 757 2435 Amen;
797 2373 851 2427 in
900 2376 1076 2444 capite
1115 2390 1244 2431 vero
1289 2377 1452 2432 tertio
1497 2377 1750 2448 Epistolas

142 2461 207 2515 ad
241 2461 526 2531 Ephesios
567 2463 704 2518 ista:
743 2463 859 2534 Ipsi
902 2467 1074 2537 gloria
1100 2469 1156 2521 in
1181 2469 1379 2523 saecula
1407 2472 1754 2528 saeculorum.

142 2557 351 2617 Amen;
395 2563 452 2608 et
497 2564 678 2610 tamen
729 2567 920 2612 neutra
961 2559 1036 2612 ibi
1066 2559 1307 2615 desinit:
1354 2561 1447 2616 sed
1484 2561 1538 2616 in
1578 2564 1746 2633 priori

140 2661 326 2699 unum
359 2654 559 2714 caput,
607 2647 660 2701 in
696 2650 982 2718 posteriori
1016 2651 1119 2706 tria
1160 2651 1369 2722 integra
1405 2653 1582 2723 capita
1613 2656 1745 2710 sub-

138 2748 484 2807 sequuntur.
531 2739 779 2811 Longum
809 2751 950 2798 esset
994 2750 1048 2798 et
1095 2745 1287 2800 inutile
1318 2745 1601 2802 innumera
1632 2749 1745 2818 epi-

137 2831 422 2884 stolarum
457 2831 706 2901 proferre
754 2835 1020 2904 exempla,
1063 2853 1186 2906 quae
1232 2838 1300 2892 ad
1351 2838 1560 2894 similes
1594 2839 1745 2896 clau-

137 2923 341 2986 sulas,
403 2934 563 2992 quas;
603 2924 837 2980 Dallaeus
897 2928 1316 2983 decentissimas
1379 2941 1578 2996 vocat,
1635 2948 1742 2986 non

134 3013 434 3068 desinunt.
462 3012 677 3071 Norunt
704 3019 850 3072 enim
883 3033 1077 3074 omnes
1105 3035 1169 3075 ex
1203 3021 1494 3092 scriptoris
1525 3022 1744 3094 ingenio

135 3105 421 3171 pendere,
465 3121 604 3175 quas
644 3107 794 3174 velit,
843 3117 895 3163 et
926 3109 1019 3163 ubi
1073 3110 1220 3176 velit,
1271 3111 1324 3165 in
1375 3113 1604 3183 epistola
1641 3130 1740 3170 sua

133 3196 428 3250 clausulas
464 3212 771 3266 apponere:
807 3199 1044 3254 maxime
1079 3216 1208 3256 vero
1238 3202 1329 3258 ubi
1361 3206 1538 3273 plura,
1576 3205 1737 3261 sicuti

132 3281 512 3358 Polycarpus,
546 3296 744 3345 tractat
768 3299 1119 3360 argumenta,
1169 3292 1254 3347 vel
1291 3308 1416 3347 cum
1448 3294 1738 3350 scribentis

134 3378 332 3430 animo
357 3377 566 3446 aliquid
590 3379 719 3432 novi
746 3379 1037 3434 scribendo
1065 3383 1356 3438 succurrit.

200 3465 489 3522 Praeterea
519 3467 716 3524 falsum
747 3470 879 3525 illud
906 3482 1010 3540 est,
1049 3476 1195 3544 quod
1227 3476 1303 3530 ait
1331 3475 1588 3546 Dallaeus,
1621 3483 1742 3537 ulti-

133 3583 286 3621 mam
323 3567 493 3637 hujus
523 3569 768 3638 epistolae
794 3571 1140 3639 particulam,
1172 3575 1478 3643 mendacio,
1525 3577 1592 3632 iis
1619 3594 1741 3648 qua:

133 3659 403 3729 superius
436 3659 582 3713 dicta
616 3670 793 3727 erant,
821 3663 1097 3717 contrario
1125 3673 1180 3718 et
1207 3677 1544 3737 repugnante
1566 3709 1581 3734 ,
1619 3686 1740 3726 esse

134 3753 476 3822 inspersam.
511 3753 599 3818 At,
627 3753 806 3822 inquit
832 3754 944 3818 ille,
987 3755 1102 3809 haec
1124 3756 1290 3810 verba
1315 3775 1328 3810 :
1383 3777 1400 3808 ι
1432 3757 1495 3810 Et
1523 3759 1591 3814 de
1619 3760 1738 3831 ipso

132 3841 378 3914 lgnatio,
424 3851 479 3898 et
517 3844 584 3898 de
626 3845 710 3897 his
753 3845 845 3913 qui
897 3861 1021 3900 cum
1049 3860 1116 3900 eo
1145 3857 1294 3913 sunt,
1341 3851 1485 3918 quod
1537 3852 1738 3905 certius

134 3935 497 4006 agnoveritis,
538 3935 870 4006 signiﬁcate:
913 3957 930 3988 ι
976 3939 1112 4000 haec,
1155 3939 1354 4008 inquit,
1387 3941 1547 3996 verba
1588 3942 1738 4014 lgna-

131 4031 299 4094 tium,
347 4030 446 4098 qui
472 4031 625 4099 prius
661 4029 950 4084 defunctus
978 4031 1308 4095 declaratur,
1353 4032 1406 4086 in
1449 4034 1584 4088 vivis
1615 4051 1737 4092 esse

134 4121 475 4189 signiﬁcant.
515 4119 714 4175 Verum
746 4121 790 4176 si
814 4137 876 4176 ea
901 4130 1104 4176 attente
1137 4123 1566 4193 perpendantur,
1596 4126 1735 4181 nihil

134 4212 200 4265 de
256 4212 465 4282 lgnatii
508 4222 685 4266 morte
729 4214 814 4267 vel
861 4215 970 4267 vita
1009 4214 1245 4268 innuunt
1300 4224 1394 4270 aut
1438 4215 1736 4272 testiﬁcan-

131 4313 244 4358 tur.
299 4302 398 4358 His
443 4305 644 4358 etenim
676 4304 1012 4377 Polycarpus
1056 4309 1434 4363 tantummodo
1475 4311 1733 4379 postulat,

131 4406 192 4448 ut
219 4394 607 4465 Philippenses
649 4398 740 4466 qui
783 4399 849 4452 de
874 4397 1085 4469 lgnatio
1113 4398 1327 4455 facilius
1369 4401 1551 4471 aliqua
1584 4404 1734 4458 acci-

133 4502 262 4555 pere
287 4497 568 4557 poterant,
613 4488 680 4544 de
721 4490 834 4555 illo,
873 4505 1203 4560 quocunque
1233 4491 1453 4546 tandem
1499 4492 1556 4547 in
1584 4503 1729 4550 statu

1867 563 1989 605 sese
2037 556 2182 602 recte
2235 546 2604 617 explicuisset.
2658 547 2859 602 Verum
2891 564 2997 603 non
3047 550 3115 604 de
3171 548 3439 607 Hamondi

1866 650 2045 696 mente
2070 641 2450 710 disputamus,
2489 641 2584 696 sed
2629 641 2697 695 de
2730 642 3015 713 Polycarpi
3077 644 3330 712 epistola,
3385 645 3441 699 in

1864 751 1971 805 qua
1995 751 2118 790 cum
2149 736 2359 789 nullum
2391 735 2760 796 mendacium,
2795 736 3056 805 nullaque
3112 737 3182 791 sit
3218 745 3441 790 contra-

1867 826 2031 883 dictio
2060 836 2114 883 et
2141 828 2498 898 repugnantia
2522 867 2537 890 ,
2569 825 2836 897 integram
2868 829 3039 894 illam,
3064 842 3364 897 omnesque
3388 837 3444 881 et

1865 920 2110 989 singulas
2156 920 2302 974 illius
2355 929 2538 990 partes
2589 935 2618 974 a
2668 917 2973 991 Polyearpo
3031 920 3267 990 scriptas
3320 935 3442 975 esse

1863 1018 2011 1065 certo
2036 1010 2239 1064 certius
2268 1011 2558 1065 evincitur.

1968 1120 2115 1193 §Ill.
2141 1121 2374 1192 Reliqua:
2411 1121 2603 1176 Dallwi
2640 1125 2966 1192 exceptiones
3004 1124 3336 1194 refelluntur.

1931 1210 2101 1266 Instat
2125 1210 2378 1279 Dallaaus,
2412 1228 2662 1282 novoque
2688 1213 2858 1266 utitur
2881 1223 2935 1267 et
2966 1215 3104 1270 miro
3148 1230 3440 1284 argumen-

1863 1305 2011 1358 tandi
2044 1320 2260 1372 genere.
2290 1305 2382 1358 llle
2405 1306 2674 1375 siquidem
2716 1306 2852 1358 nihil
2885 1307 2950 1360 de
2980 1308 3207 1360 veritate
3239 1323 3302 1361 ac
3354 1308 3434 1360 in-

1860 1396 2108 1466 tegritate
2131 1397 2374 1465 epistola:
2413 1395 2696 1467 Polycarpi
2720 1397 2954 1466 amplius
2970 1397 3277 1467 disputans,
3312 1414 3442 1452 cou-

1857 1487 2002 1542 cedit
2040 1486 2400 1559 Polycarpum
2429 1489 2617 1542 testari
2650 1489 2861 1559 aliquas
2879 1491 2947 1543 ab
2971 1491 3179 1558 lgnatio
3203 1492 3437 1561 scriptas

1857 1577 2029 1633 fuisse
2067 1578 2347 1647 epistolas.
2379 1577 2578 1633 Verum
2611 1594 2738 1634 cum
2766 1579 2908 1633 idem
2940 1578 3055 1648 ipse
3104 1577 3437 1650 Polycarpus

1857 1671 1981 1726 illas
2008 1672 2228 1725 easdem
2255 1685 2376 1725 esse
2405 1711 2420 1737 ,
2455 1687 2595 1740 quas
2637 1671 3004 1736 defendimus,
3051 1685 3160 1724 non
3212 1671 3434 1738 dixerit,

1857 1763 1994 1817 alias
2023 1762 2257 1817 Dallaeus
2282 1762 2510 1817 omnino
2548 1763 2618 1816 ab
2646 1779 2712 1817 eo
2736 1761 3007 1816 indicatas
3025 1777 3146 1816 esse
3176 1763 3437 1817 audacter

1856 1853 2112 1909 aﬁirmat.
2144 1853 2309 1924 Atqui
2340 1870 2370 1908 a
2409 1855 2610 1908 Dallaeo
2633 1855 2915 1924 poscimus
2943 1854 3074 1923 quid
3101 1852 3398 1925 Polycarpo
3417 1895 3434 1922 ,

1855 1955 1915 2000 ut
1946 1945 2205 2014 epistolas
2253 1945 2373 1998 illas
2421 1943 2617 2014 lgnatii
2654 1958 2774 1998 esse
2813 1950 3128 2008 testaretur,
3169 1951 3435 2011 priestan-

1853 2035 1984 2090 dum
2015 2045 2149 2090 erat.
2196 2033 2455 2104 Nunquid
2517 2041 2587 2088 ab
2643 2049 2709 2088 eo
2768 2033 2854 2087 hae
2907 2033 3152 2101 epistolae
3215 2033 3437 2100 integra:

1856 2129 2288 2184 transcribendat
2329 2135 2506 2194 erant,
2562 2127 2648 2181 vel
2693 2142 2856 2182 manu
2917 2126 3133 2196 propria
3193 2125 3436 2179 subscri-

1853 2220 2080 2275 bendae?
2126 2218 2383 2289 Nunquid
2447 2218 2663 2287 publica
2715 2217 3058 2271 notariorum
3110 2225 3162 2270 et
3212 2215 3432 2268 testium

1853 2315 1976 2377 ﬁde,
2003 2313 2192 2367 aliisve
2217 2311 2450 2376 publicis
2472 2310 2856 2365 instrumentis
2886 2309 3230 2362 muniendae?
3263 2307 3319 2361 Si
3346 2324 3434 2362 res

1852 2407 1925 2461 ita
1959 2422 2016 2461 se
2054 2405 2274 2472 habeat,
2300 2404 2480 2458 nullas
2505 2404 2698 2473 procul
2744 2402 2914 2456 dubio
2963 2417 3109 2456 nunc
3164 2403 3432 2456 habemus

1849 2499 2092 2555 virorum
2114 2498 2538 2567 apostolicorum
2557 2496 2902 2564 aliorumque
2919 2494 3432 2564 antiquissimorum

1848 2592 2076 2647 Patr-um
2107 2587 2391 2658 epistolas,
2423 2601 2489 2641 ac
2511 2600 2574 2640 ea
2607 2600 2730 2655 quae
2761 2584 3014 2638 manibus
3047 2583 3296 2638 omnium
3351 2594 3431 2638 te--

1848 2697 2067 2752 runtur,
2096 2686 2220 2740 alite
2245 2681 2472 2738 omnino
2502 2687 2632 2734 sunt
2662 2678 2731 2732 ab
2762 2677 2829 2731 iis
2852 2692 2990 2746 quas
3020 2677 3316 2746 scriptores
3363 2678 3432 2731 ab

1847 2779 1955 2833 illis
1978 2779 2133 2832 datas
2155 2789 2278 2830 esse
2337 2778 2796 2829 commemorant.
2851 2765 3152 2820 Dicendum
3204 2782 3334 2838 ergo
3365 2783 3432 2822 ex

1847 2869 2141 2928 severioris
2163 2867 2382 2924 critices
2406 2863 2630 2936 regulis,
2655 2871 2713 2919 ut
2761 2859 2996 2930 alicujus
3034 2860 3281 2914 auctoris
3316 2863 3431 2928 epi-

1845 2965 2022 3028 stolae,
2047 2976 2281 3034 quarum
2306 2959 2542 3028 scriptor
2578 2959 2681 3027 ipsi
2717 2970 2934 3013 coaevus
2966 2953 3265 3024 generatim
3305 2963 3430 3006 tan-

1845 3066 1962 3112 tum
2013 3053 2278 3118 meminit,
2344 3051 2627 3122 speciatim
2678 3048 3057 3119 designentur,
3110 3046 3245 3102 nihil
3277 3045 3425 3103 aliud

1845 3148 2072 3218 requiri,
2101 3147 2206 3201 nisi
2230 3156 2291 3200 ut
2318 3145 2424 3199 illae
2451 3144 2523 3198 ab
2549 3143 2772 3212 integrae
2791 3152 3066 3212 certaeque
3113 3141 3238 3196 ﬁdei
3289 3143 3426 3196 scri-

1845 3240 2118 3311 ptoribus,
2149 3240 2326 3309 iisque
2350 3252 2455 3292 non
2481 3235 2555 3290 ita
2578 3235 2646 3289 ab
2671 3235 2818 3289 illius
2862 3243 3021 3289 aetate
3067 3235 3294 3290 remotis
3325 3251 3425 3290 no-

1845 3335 2093 3388 minatim
2126 3334 2457 3388 iudicentur.
2491 3329 2657 3399 Atqui
2684 3344 2824 3398 quas
2850 3327 3187 3400 Polycarpus
3226 3329 3422 3398 lgnatii

1841 3428 2102 3499 epistolas
2124 3427 2424 3497 generatim
2447 3425 2716 3494 designat,
2739 3440 2816 3477 eae
2837 3423 3120 3492 speciatim
3164 3430 3218 3476 et
3245 3423 3421 3475 nomi-

1844 3521 2038 3588 natim,
2065 3529 2124 3575 ut
2181 3519 2420 3574 fatentur
2456 3517 2775 3582 adversarii,
2808 3517 2876 3570 ab
2921 3514 3160 3570 Eusebio
3188 3515 3423 3585 aliisque

1843 3615 2069 3684 integrae
2137 3622 2408 3681 certatque
2453 3610 2575 3664 ﬁdei
2624 3609 2984 3679 scriptoribus
3038 3607 3416 3678 designantur.

1842 3706 2087 3776 Denique
2113 3706 2228 3777 jam
2258 3721 2288 3760 a
2307 3703 2483 3769 nobis,
2505 3704 2582 3757 uti
2607 3712 2884 3772 putamus,
2906 3702 3051 3756 clare
3073 3701 3420 3755 demonstra-

1841 3808 1957 3853 tum
1988 3808 2071 3853 est
2095 3797 2363 3868 lgnatium
2386 3811 2494 3850 non
2522 3796 2658 3849 alias
2704 3796 2772 3849 ab
2798 3795 2887 3860 iis,
2919 3797 2987 3848 de
3009 3794 3209 3864 quibus
3271 3808 3418 3847 nunc

1843 3890 2289 3952 controvertitur,
2329 3903 2589 3943 exarasse
2613 3887 2894 3956 epistolas.
2942 3886 3054 3940 Illa:
3093 3885 3260 3956 igitur
3311 3901 3417 3940 ea:-

1841 3988 1964 4042 dem
1999 3993 2128 4040 sunt
2155 3999 2294 4054 quas
2325 3981 2659 4052 Polycarpus
2692 3981 2960 4052 designat.

1913 4120 2083 4192 Urget
2105 4129 2282 4175 tamen
2311 4118 2544 4174 Dallaeus
2597 4119 2652 4172 in
2687 4118 2774 4173 his
2812 4119 3059 4189 epistolis
3091 4119 3314 4188 reperiri
3363 4129 3416 4173 et

1841 4215 2000 4284 σιγήν
2049 4211 2583 4277 Valentinianornm,
2616 4211 2830 4280 aliaque
2854 4227 3018 4281 quam
3067 4211 3206 4265 bene
3243 4213 3412 4266 multa

1837 4306 2024 4360 minus
2051 4304 2376 4370 orthodoxa,
2405 4320 2528 4374 quae
2557 4303 2626 4357 ab
2674 4303 2882 4373 lgnatio
2931 4319 3202 4372 nusquam
3248 4305 3414 4359 scribi

1836 4403 2154 4465 potuerunt.
2183 4394 2288 4450 Sed
2315 4393 2613 4449 Eusebium
2645 4394 2889 4464 aliosque
2906 4394 3255 4448 doctissimos
3285 4396 3415 4449 scri-

1834 4495 2020 4557 ptores
2049 4487 2166 4557 qui,
2197 4495 2336 4541 teste
2367 4485 2569 4542 Dallaso
2599 4487 2739 4556 ipso,
2769 4487 2870 4540 has
2895 4486 3155 4554 epistolas
3199 4486 3408 4555 lgnatio

131 4576 322 4640 fuerit,
349 4579 491 4633 certi
521 4579 724 4649 aliquid
758 4581 1091 4635 renuntient.
1133 4581 1477 4651 Quapropter
1498 4579 1727 4639 sin’ﬂum

1848 4567 2335 4650 idjudicant,‘nihil
2367 4580 2420 4633 in
2453 4579 2533 4634 eis
2561 4579 2646 4632 vel
2672 4579 2858 4633 minus
2897 4578 3290 4645 orthodoxum,
3326 4581 3409 4632 vel

128 4669 242 4736 jam
290 4671 562 4741 martyrio
612 4679 933 4725 coronatum
989 4671 1406 4740 suspicabatur,
1461 4686 1614 4744 rogat
1669 4687 1728 4730 ut

131 4771 360 4817 narrent
396 4763 640 4831 quando,
693 4762 807 4829 ubi,
849 4772 902 4816 et
942 4778 1107 4832 quam
1145 4763 1296 4819 vario
1331 4774 1724 4822 tormentorum

133 4857 593 4924 eruciatuumque
636 4869 834 4926 genere
888 4865 1120 4909 mortem
1173 4856 1412 4921 ohierit,
1478 4873 1727 4929 quosque

134 4955 391 5009 habuerit
424 4954 673 5024 martyrii
710 4956 795 5008 sui
827 4955 1031 5010 socios.
1080 4951 1236 5008 Nulla
1271 4968 1400 5022 ergo
1450 4953 1524 5007 ibi
1572 4969 1727 5022 repu-

134 5049 379 5116 gnantia,
431 5061 534 5101 nec
575 5047 682 5099 ulla
715 5062 839 5101 cum
873 5047 940 5101 iis
971 5061 1092 5116 qua:
1135 5046 1202 5100 de
1250 5060 1384 5100 neee
1414 5045 1534 5114 ejus
1573 5046 1726 5114 prius

134 5139 335 5203 scripta
364 5151 547 5202 erant,
577 5137 820 5191 occurrit
849 5136 1234 5204 discrepantia.

201 5228 372 5300 Urget
397 5239 580 5282 tamen
618 5226 871 5291 Dallzeus,
917 5237 1080 5297 atque
1111 5226 1286 5296 ipsius
1314 5223 1604 5288 Hamondi,
1629 5225 1722 5294 qui

133 5321 218 5375 his
249 5321 461 5375 ultimis
497 5320 741 5389 epistolae
770 5317 1055 5390 Polycarpi
1107 5318 1287 5373 verbis
1329 5318 1498 5372 vitam
1530 5315 1723 5386 Ignatii

130 5415 413 5486 designari
461 5414 620 5480 dixit,
671 5413 877 5483 profert
925 5412 1320 5467 testimonium.
1375 5410 1445 5464 At
1482 5421 1630 5465 certe
1675 5410 1720 5463 si

128 5504 456 5561 ﬂamoudus
515 5506 736 5560 humani
783 5505 989 5575 aliquid
1047 5505 1121 5559 ibi
1166 5519 1362 5574 passus
1404 5510 1508 5569 est,
1558 5504 1604 5557 si
1651 5502 1719 5555 ad

81 5645 97 5677 Ι
126 5599 422 5671 Polycarpi
467 5599 634 5654 verba
681 5598 924 5652 animum
956 5613 1063 5652 non
1106 5598 1241 5652 satis
1286 5597 1537 5662 advertit,
1587 5595 1718 5664 quid

126 5695 257 5746 inde
311 5703 507 5747 contra
563 5691 848 5746 sententia:
893 5699 1095 5744 nostra:
1139 5689 1420 5743 veritatem
1470 5685 1722 5741 conﬁciet

126 5785 407 5840 baliscus?
436 5782 584 5838 Nulli
624 5791 806 5838 autem
858 5781 1172 5838 dubitamus
1217 5781 1352 5852 quin
1399 5777 1718 5836 Hamondus

1829 4675 2012 4728 minus
2042 4673 2255 4743 lgnatio
2290 4672 2516 4742 dignum
2548 4671 2743 4741 legisse
2773 4671 3143 4725 certissimum
3175 4680 3278 4725 est.
3341 4675 3410 4725 At

1827 4777 1977 4822 certe
2008 4767 2130 4822 illos
2160 4781 2412 4835 quamam
2446 4765 2726 4834 lgnatiana
2754 4765 3004 4819 doctrina
3051 4779 3175 4819 esse
3204 4765 3409 4819 debue-

1830 4860 1918 4925 rit,
1951 4859 2255 4929 ignorasse,
2292 4857 2496 4920 nullus,
2556 4873 2624 4911 ne
2647 4855 2878 4911 Dallaaus
2927 4857 3174 4926 quidem,
3224 4857 3406 4912 dicere

1828 4949 2046 5003 audeat.
2075 4947 2282 5003 Deinde
2306 4948 2443 5001 nihil
2465 4956 2655 5002 contra
2687 4946 2883 5018 lgnatii
2907 4948 3212 5003 doctrinam
3243 4949 3294 5001 in
3321 4949 3404 5003 his

1825 5042 2074 5112 epistolis
2097 5056 2408 5105 occurrere,
2448 5040 2588 5094 infra
2619 5055 2720 5096 suo
2747 5040 2892 5106 loco,
2944 5055 3012 5094 ne
3038 5041 3223 5095 omnia
3276 5056 3401 5094 cum

1828 5134 2028 5188 Dallazo
2055 5133 2482 5199 confundamus,
2515 5133 2820 5187 clarissime
2851 5134 3122 5188 ostensuri
3155 5149 3366 5187 sumus.

1895 5227 2318 5296 lnstatdenique
2337 5225 2590 5291 Dallaeus,
2619 5226 2807 5294 sicque
2825 5226 3034 5293 arguit:
3067 5244 3084 5276 ε
3110 5223 3224 5279 Hoc
3255 5231 3402 5278 certe

1823 5319 2112 5391 Polycarpi
2144 5319 2460 5372 testimonio
2487 5317 2664 5371 Latini
2699 5335 2797 5388 pro
2828 5335 2923 5373 sex
2956 5318 3064 5373 illis
3097 5317 3400 5387 ignatianis

1825 5413 2094 5483 epistolis,
2125 5427 2262 5481 quas
2289 5421 2485 5481 praeter
2517 5411 2868 5468 Usserianam
2901 5413 3279 5468 collectionem
3308 5428 3397 5466 as-

1829 5515 2040 5571 serunt,
2075 5520 2182 5558 non
2214 5503 2397 5558 minus
2415 5505 2660 5574 speciose
2690 5514 2941 5568 utuntur,
2961 5519 3125 5574 quam
3154 5519 3252 5572 pro
3281 5505 3396 5558 suis

1827 5611 1922 5650 sex
1967 5595 2159 5664 primis
2192 5595 2690 5663 Ireverendissimus
2723 5595 2978 5652 Usscrius
3033 5604 3086 5650 et
3139 5595 3398 5650 doctissi-

1827 5703 1951 5742 mus
1984 5685 2324 5742 Hamondus.
2368 5707 2386 5739 ι
2429 5687 2504 5741 Ex
2554 5688 2753 5758 quibus
2802 5689 2882 5743 sic
2917 5688 3024 5742 'ille
3078 5688 3392 5744 concludit:

1827 5797 1845 5830 ι
1875 5777 2198 5847 Seponenda
2238 5794 2368 5851 ergo
2397 5779 2600 5850 pariter
2641 5790 2724 5835 est
2766 5783 2821 5835 in
2847 5782 3103 5835 universa
3148 5781 3214 5835 de
3237 5779 3393 5849 lgna-
