3852 6206
445 272 550 330 485

1507 275 1565 330 S.
1605 273 1955 332 IGNATIUS.
1991 305 2058 315 —
2097 275 2626 336 PROLEGOMENA.

3585 281 3690 335 484

443 393 610 451 tianis
635 409 800 452 causa
828 395 992 466 huius
1017 395 1319 452 testimonii
1349 397 1675 452 auctoritas.
1724 416 1744 448 ι
1791 396 2014 453 Scilicet
2043 403 2088 461 Α
2117 401 2336 470 quidem
2359 416 2514 466 voce,
2553 402 2703 458 addit
2741 401 2994 469 Dallteus,
3023 403 3274 460 consulto
3305 403 3420 473 ipse
3449 403 3691 458 lrenaeus

443 505 570 543 cum
594 487 828 544 Dallmus
856 489 1142 561 Polycarpi
1161 490 1568 552 auctoritatem,
1596 507 1703 562 qua
1733 492 2018 562 premitur,

443 581 658 636 elevare
713 597 823 636 non
871 591 1074 651 posset,
1099 597 1219 638 eam
1255 583 1449 638 saltem
1477 585 1592 640 vult
1614 601 1736 641 esse
1753 602 2022 656 seponen-

443 673 591 727 dam.
647 669 848 726 Verum
904 673 1112 743 integra
1152 683 1206 728 et
1237 674 1438 730 invicta
1489 691 1704 746 semper
1756 678 2019 743 manebit,

445 778 727 829 nunquam
777 765 1091 833 seponenda
1138 765 1273 819 tanti
1318 767 1422 822 viri
1449 768 1764 824 testificatio
1812 771 2020 841 sempi-

445 863 622 909 terna.
651 853 920 909 Caeterum
950 856 996 912 si
1023 857 1118 925 qui
1145 857 1292 912 illam
1331 858 1398 913 ad
1427 859 1765 916 adulterinas
1821 862 2021 932 lgnatii

442 947 705 1015 epistolas
735 948 1060 1004 asserendas
1083 949 1398 1016 adhibeant,
1438 951 1564 1005 illos
1610 953 1800 1021 procul
1851 953 2020 1010 dubio

441 1047 494 1092 et
517 1055 580 1093 ea
612 1038 728 1107 ipsa
755 1039 928 1104 abuti,
958 1049 1012 1094 et
1038 1040 1196 1110 longe
1223 1057 1407 1096 errare
1445 1040 1589 1096 infra
1613 1042 2021 1100 demonstrabi-

442 1146 584 1186 mus.
617 1128 786 1196 Quem
819 1138 998 1184 tamen
1027 1147 1270 1186 errorem
1302 1133 1389 1199 iis,
1443 1133 1646 1204 quibus
1700 1132 1917 1189 Usserii
1963 1144 2020 1190 et

446 1219 624 1275 Vossii
648 1236 748 1274 nec
772 1222 1178 1292 manuscriptos
1214 1223 1432 1277 codices
1481 1239 1584 1278 nec
1639 1223 1912 1282 editiones
1939 1229 2018 1281 vi-

438 1311 565 1366 dere
591 1311 764 1376 licuit,
793 1313 1144 1368 ostendemus
1172 1313 1352 1383 aliqua
1375 1329 1443 1369 ex
1474 1323 1630 1384 parte
1659 1331 1784 1372 esse
1813 1319 2018 1374 condo-

440 1401 706 1457 nandum.

1054 1555 1280 1613 CAPUT
1332 1556 1398 1615 ν.

439 1680 800 1722 ΑΚϐῐῐΙΕΝΤυΙ
848 1685 1091 1726 TERTIUII
1124 1689 1189 1728 EX
1215 1691 1410 1730 IRENEI
1455 1693 1862 1743 AUCTORITATB.
1885 1697 2006 1745 QUI

531 1753 594 1791 ΑΒ
617 1755 1060 1796 ADVERSARIORUI
1097 1760 1516 1803 EXCEPTIONIBUS
1549 1766 1896 1816 VINDICATUB,

1048 1829 1389 1872 DESUIPTUI.

674 1943 701 2016 ᾗ
729 1947 772 2001 l.
818 1945 1197 2004 Testimonium
1225 1948 1420 2006 Iremei
1439 1954 1775 2022 praponitur.

510 2075 710 2133 Ultima
741 2078 927 2135 Dallaii
958 2091 1148 2137 contra
1185 2081 1472 2156 Polycarpi
1515 2086 1889 2145 testimonium
1918 2090 2016 2144 ob-

430 2169 619 2239 jectio,
644 2185 809 2239 quam
844 2171 1241 2228 validissimam
1280 2174 1398 2244 ipse
1429 2175 1684 2246 appellat,
1713 2186 1799 2233 est
1820 2161 2014 2235 lreniel

435 2261 531 2330 qui
563 2261 808 2327 ejusdem
845 2261 1134 2334 Polycarpi
1169 2265 1476 2335 discipulus
1507 2266 1634 2335 fuit,
1661 2285 1875 2326 summa
1915 2286 2015 2326 au-

435 2353 687 2408 ctoritas.
722 2350 816 2408 Sic
842 2362 1026 2409 autem
1061 2355 1212 2411 illam
1239 2355 1474 2414 Dallaaus
1502 2359 1618 2429 ipse
1647 2362 1900 2432 preponit
1925 2361 2010 2416 "z

436 2440 719 2514 Nusquam
745 2446 1004 2516 epistolas
1041 2466 1061 2499 ι
1084 2464 1224 2518 quas
1255 2465 1403 2506 nunc
1431 2451 1719 2520 habemus,
1742 2454 1884 2524 apud
1914 2453 2016 2510 Po-

437 2534 714 2606 lycarpum
740 2536 929 2605 fuisse,
954 2548 1008 2594 et
1029 2539 1099 2594 ab
1127 2557 1192 2596 eo
1223 2541 1277 2595 in
1303 2558 1474 2597 unum
1492 2543 1770 2611 collectas,
1795 2546 1863 2601 ad
1885 2545 2015 2601 Phi-

437 2629 717 2700 lippenses
748 2631 947 2688 missas
977 2632 1171 2699 fuisse,
1206 2643 1262 2690 et
1289 2636 1478 2692 multis
1502 2636 1645 2704 aliis,
1673 2648 1727 2693 et
1753 2640 1858 2695 hoc
1914 2655 2014 2710 po-

436 2720 713 2777 tissimum
741 2723 1081 2781 validissime
1101 2726 1475 2795 probavimus,
1501 2729 1648 2798 quod
1675 2731 1881 2785 Irenaeo
1906 2729 2012 2786 Po-

436 2814 640 2884 lycarpi
699 2814 976 2886 discipulo
1020 2828 1075 2872 et
1125 2818 1446 2875 admiratori
1487 2821 1790 2893 singulari,
1851 2825 2012 2894 plane

437 2907 766 2978 penitusque
797 2908 996 2979 ignota:
1024 2910 1246 2967 fuerint.
1268 2931 1287 2964 ι
1317 2913 1400 2967 Ad
1429 2916 1854 2972 examinandum
1879 2934 2011 2990 ergo

437 2999 626 3055 lrenaei
649 3002 1059 3069 testimonium,
1111 3006 1554 3077 quandoquidem
1615 3010 1683 3064 ad
1726 3011 1858 3066 illud
1908 3028 2010 3068 nos

436 3102 702 3162 provocat
738 3093 994 3160 Dallzeus,
1037 3095 1417 3154 lubentissime
1439 3101 1772 3158 accedimus.
1804 3102 1872 3158 Et
1895 3105 2008 3174 pri-
2032 3097 2076 3156 C

437 3199 588 3238 mum
612 3185 831 3255 quidem
857 3189 1127 3243 miramur
1155 3205 1264 3260 qua
1295 3191 1531 3250 Dallaeus
1557 3194 1881 3251 confidentia
1907 3212 2009 3250 au-

437 3293 534 3334 sus
562 3279 632 3335 sit
657 3279 926 3335 allirmare
951 3282 1217 3352 epistolas
1234 3283 1452 3357 lgnatii,
1482 3301 1621 3355 quas
1653 3302 1798 3342 nunc
1840 3289 2008 3344 babe—

439 3386 585 3438 mus,
609 3373 814 3428 Irenaeo
835 3373 995 3443 plane
1019 3375 1347 3448 penitusque
1371 3376 1583 3449 ignotas
1601 3377 1792 3434 fuisse.
1816 3377 2009 3437 Nonne

436 3465 583 3519 enim
616 3465 733 3521 haec
763 3466 1040 3537 ipsissima
1065 3477 1194 3524 sunt
1224 3470 1417 3525 lrenaai
1438 3471 1603 3526 verba
1624 3472 1703 3524 ’σε
1741 3491 1760 3524 ι
1807 3471 2008 3540 Quem-

437 3555 730 3612 admodum
761 3559 981 3629 quidam
1018 3559 1086 3614 de
1113 3561 1314 3617 nostris
1339 3561 1497 3628 dixit,
1527 3572 1746 3633 prepter
1797 3572 2006 3635 marty-

438 3648 582 3700 rium
640 3647 695 3702 in
747 3647 918 3704 Deum
969 3650 1318 3720 adjudicatus
1369 3652 1436 3708 ad
1466 3653 1703 3710 bestias:
1733 3653 2007 3721 Quoniam

441 3741 776 3799 frumentum
802 3761 923 3801 sunt
948 3745 1173 3814 Christi,
1225 3756 1280 3803 et
1329 3764 1426 3819 per
1464 3751 1655 3808 dentes
1707 3751 2006 3808 bestiarum

436 3835 643 3900 molar,
679 3845 738 3890 ut
786 3839 1023 3894 mundus
1077 3840 1236 3909 panis
1269 3841 1560 3898 inveniar?
1597 3863 1616 3896 ›
1667 3844 1757 3911 At,
1801 3843 2008 3901 fatente

436 3926 660 3992 Dallteo,
693 3938 901 3984 certum
934 3939 1020 3985 est
1048 3930 1318 4000 lgnatium
1359 3943 1609 3988 nostrum
1647 3933 1735 3989 hic
1757 3934 1826 3990 ab
1889 3937 2006 3991 Ire-

435 4035 553 4075 naeo
584 4019 826 4076 laudari:
889 4019 1047 4092 «Ego
1074 4037 1224 4089 vero,
1275 4024 1352 4077 ait
1401 4022 1636 4080 Dallzeus
1695 4026 1776 4091 “,
1833 4027 2006 4093 hunc,

435 4111 592 4181 cujus
640 4112 806 4166 verba
854 4113 1066 4180 recitat,
1118 4115 1388 4186 lgnatium
1416 4130 1537 4171 esse
1565 4117 1849 4184 confiteor,
1893 4119 2008 4175 haec

433 4205 600 4259 verba
631 4219 757 4260 vere
781 4206 972 4274 lgnatii
997 4223 1120 4261 esse
1145 4209 1407 4265 concedo.
1441 4228 1460 4260 ι
1515 4208 1668 4264 Unde
1717 4226 1848 4280 ergo
1897 4212 2009 4265 lre-

435 4309 592 4349 naeus
623 4293 737 4350 haec
756 4295 951 4366 lgnatii
981 4297 1145 4352 verba
1162 4298 1510 4370 desumpsit?
1539 4299 1844 4355 Audiamus
1899 4300 2008 4354 Eu-

433 4387 645 4442 sebium
673 4387 740 4440 ⁶¹¹ε
763 4386 971 4458 «Hujus
996 4404 1158 4458 porro
1182 4392 1396 4460 Ignatii,
1423 4392 1601 4463 inquit
1627 4393 1738 4459 ille,
1768 4401 1822 4447 et
1848 4408 1998 4447 mar-

431 4479 632 4549 tyrium
654 4489 708 4533 et
728 4480 988 4550 epistolas
1020 4492 1417 4538 commemorat
1465 4485 1708 4540 lrenazus
1758 4484 1843 4538 his
1875 4498 1998 4536 ver-

428 4571 513 4626 bis
539 4591 551 4626 :
589 4570 1059 4638 Quemadmodum
1085 4575 1328 4645 quidam,
1359 4585 1464 4632 etc.
1493 4597 1512 4630 ι
1547 4576 1795 4644 Quanam
1817 4584 1996 4630 autem

427 4678 495 4719 et
523 4664 758 4734 epistola
785 4666 901 4720 haec
933 4665 1022 4721 ille
1044 4667 1409 4737 transcripsit,
1443 4667 1545 4722 nisi
1585 4683 1652 4720 ex
1680 4665 1874 4737 lgnatii
1903 4681 2000 4718 n0-

427 4756 525 4813 stri
557 4756 626 4810 ad
658 4755 934 4814 Romanos
964 4759 1215 4828 epistola,
1237 4759 1326 4814 ubi
1357 4759 1544 4814 isthaec
1571 4759 1792 4813 totidem
1821 4757 1998 4811 verbis

426 4850 775 4919 reperiuntur
795 4851 819 4904 1’

461 5002 576 5074 δη.
609 5001 798 5055 Prima
837 5011 888 5056 et
926 5001 1158 5056 secunda
1179 5001 1371 5057 Dautei
1397 5005 1636 5073 exceptio
1668 5004 1955 5068 refellitur.

493 5143 636 5211 Quid
665 5142 734 5198 ad
761 5142 877 5199 haec
912 5141 1184 5197 Dallzeus?
1206 5139 1504 5196 Eusebium
1529 5140 1730 5198 falsum
1757 5157 1878 5198 esse
1913 5141 1997 5196 af-

422 5235 622 5290 ﬁrmat.
657 5253 677 5286 ι
699 5233 854 5302 Quod
877 5232 1039 5300 falso,
1073 5232 1252 5302 inquit
1274 5231 1339 5297 ⁸³,
1367 5234 1583 5302 putavit
1630 5231 1924 5289 Eusebius.
1969 5253 1988 5286 ι

421 5325 541 5392 Qua
570 5341 700 5380 vero
729 5335 889 5396 putas
918 5323 1129 5381 ratione
1154 5322 1480 5389 Eusebium,
1513 5323 1991 5394 diligentissimum

423 5421 768 5490 scriptorem,
821 5417 1024 5473 erroris
1076 5414 1558 5482 insimulat?Quia
1607 5417 1868 5481 lrcnseus,
1912 5415 1992 5470 uti

423 5510 510 5563 ille
539 5511 634 5576 ait,
667 5526 775 5564 non
803 5525 936 5566 usus
965 5521 1048 5565 est
1071 5523 1202 5564 voce
1229 5509 1478 5578 scripsit,
1510 5507 1603 5563 sed
1660 5508 1818 5562 dixit.
1854 5506 1975 5574 Qua

2123 505 2259 546 usus
2290 502 2374 547 est
2399 509 2413 557 ;
2443 501 2505 547 ut
2527 493 2619 547 illa
2644 493 2838 563 lgnatii
2863 495 3048 560 verba,
3079 509 3188 548 non
3205 510 3273 548 ex
3299 494 3419 564 ejus
3442 495 3688 564 scriptis,

2121 582 2214 636 sed
2243 598 2310 637 ex
2333 583 2570 638 dicentis
2601 583 2775 653 ipsius
2801 599 2898 639 ore
2929 592 3153 654 excepta
3184 581 3356 638 fuisse
3400 583 3688 639 indicaret.

2120 672 2316 730 Mirum
2364 691 2496 731 sane
2521 686 2727 746 quanta
2773 691 2895 731 esse
2915 675 3164 731 debuerit
3198 675 3485 730 oscitantis
3518 675 3694 732 Euse-

2120 766 2195 820 bii
2221 807 2236 832 ,
2267 765 2361 836 qui
2387 765 2613 820 verbum
2639 767 2800 834 dixit,
2834 767 2975 822 idem
3006 782 3072 822 ac
3102 768 3346 836 scripsit,
3373 767 3692 838 significare

2116 855 2262 916 false
2314 859 2605 929 putaverit.
2679 857 2788 914 Sed
2851 865 3108 916 veremur
3153 873 3222 913 ne
3273 857 3539 928 Dallreus,
3593 860 3690 928 qui

2117 947 2236 1005 hac
2308 959 2434 1020 post
2511 950 2807 1006 Parkerum
2858 957 3048 1006 contra
3121 948 3416 1004 Eusebium
3488 960 3690 1020 urget,

2116 1038 2236 1108 ipse
2271 1042 2454 1110 potius
2507 1042 2740 1097 inscitiae
2785 1041 2870 1096 vel
2914 1039 3135 1096 malitia:
3201 1041 3548 1096 accusandus
3593 1041 3686 1097 sit.

2117 1130 2273 1198 Quod
2303 1133 2523 1204 quidem
2547 1133 2650 1188 etsi
2707 1134 3010 1189 innumeris
3055 1133 3383 1203 scriptorum
3439 1137 3695 1186 testimo-

2117 1224 2226 1279 niis
2274 1223 2434 1279 facile
2457 1223 2774 1279 confirmari
2816 1231 3017 1294 queat;
3051 1239 3160 1278 una
3185 1235 3367 1279 tamen
3415 1237 3541 1294 qua:
3573 1222 3695 1276 Dala

2116 1317 2218 1373 1330
2272 1317 2445 1371 instar
2509 1315 2754 1370 omnium
2805 1330 2928 1370 esse
2981 1315 3174 1381 debet,
3237 1329 3432 1385 nempe
3495 1315 3691 1368 lrenari

2116 1407 2294 1477 ipsius
2326 1407 2625 1463 auctoritas
2659 1406 2727 1460 ad
2762 1406 2815 1462 id
2875 1407 3217 1477 probandum
3267 1407 3384 1461 sola
3433 1405 3688 1461 sulliciet.

2117 1496 2210 1554 llle
2234 1498 2378 1552 enim
2405 1512 2526 1567 quae
2559 1511 2590 1550 a
2626 1494 2842 1551 Justino
2869 1511 2978 1550 non
3009 1495 3386 1565 pronuntiata,
3416 1495 3510 1551 sed
3553 1497 3695 1551 scri-

2115 1600 2205 1660 pta
2237 1599 2423 1658 erant,
2473 1589 2558 1645 bis
2597 1589 2779 1644 verbis
2825 1589 3079 1646 laudasse
3116 1590 3350 1660 legitur:
3406 1609 3425 1641 ι
3456 1588 3523 1642 Et
3553 1590 3699 1644 bene

2115 1682 2363 1739 Justinus
2388 1683 2441 1736 in
2467 1697 2533 1737 eo
2557 1681 2697 1736 libro
2718 1679 2809 1751 qui
2832 1689 2916 1735 est
2938 1680 3005 1736 ad
3032 1680 3363 1738 Marcionem
3392 1680 3501 1735 ait:
3533 1679 3692 1746 Quo-

2119 1777 2265 1832 niam
2297 1775 2400 1845 ipsi
2441 1788 2660 1845 quoque
2711 1771 2945 1827 Domino
2975 1790 3085 1830 non
3126 1772 3489 1837 credidisset,
3528 1791 3548 1824 ι
3580 1780 3690 1826 «ξω.

2116 1869 2180 1924 Et
2209 1869 2319 1925 alio
2364 1869 2418 1923 in
2465 1868 2587 1923 loco
2609 1869 2694 1923 “z
2733 1887 2751 1920 ‹
2787 1867 2930 1925 Bene
2957 1863 3211 1926 Justinus
3232 1866 3389 1930 dixit,
3425 1865 3694 1934 quoniam

2115 1970 2243 2018 ante
2297 1961 2513 2016 Domini
2552 1961 2872 2028 adventum,
2902 1979 2922 2014 ι
2964 1969 3071 2017 etc.
3114 1958 3315 2014 Verum
3363 1956 3698 2012 auctoritate

2115 2054 2303 2110 lrenzei
2330 2055 2541 2124 ipsius,
2572 2052 2620 2110 si
2645 2054 2778 2125 quid
2832 2055 2889 2111 in
2929 2068 3030 2110 sua
3060 2068 3226 2109 causa
3264 2050 3495 2106 validius
3536 2049 3694 2105 desi-

2113 2144 2355 2211 deretur,
2380 2146 2676 2216 ipsummot
2717 2145 2976 2200 Dallaaum
3001 2154 3190 2200 contra
3221 2144 3460 2213 seipsum
3488 2152 3693 2197 testem

2113 2236 2496 2307 producemus.
2524 2234 2634 2292 Nec
2657 2245 2803 2292 certe
2825 2237 2911 2291 vel
2936 2236 3051 2303 diu,
3088 2236 3170 2290 vel
3201 2235 3390 2306 procul
3420 2234 3508 2288 ille
3538 2250 3696 2304 quae-

2114 2331 2317 2385 rendus
2342 2337 2428 2383 est
2447 2338 2502 2384 et
2525 2329 2913 2396 accersendas,
2939 2329 3032 2400 qui
3062 2344 3128 2384 eo
3153 2330 3270 2399 ipso
3291 2329 3433 2392 loco,
3459 2328 3549 2381 ubi
3585 2328 3696 2383 hac

2112 2421 2181 2477 de
2228 2421 2589 2491 redisputat,
2649 2421 2732 2479 sic
2767 2437 2830 2476 ea
2857 2436 2979 2492 qua:
3021 2421 3090 2475 ab
3134 2419 3418 2474 Hamondo
3464 2419 3534 2474 de
3577 2434 3694 2473 non

2113 2516 2283 2582 dicta,
2314 2516 2407 2570 sed
2435 2515 2637 2586 scripta
2665 2524 2844 2580 erant,
2881 2514 3078 2570 refert:
3111 2534 3130 2565 ι
3160 2513 3298 2581 Quid
3323 2522 3510 2570 contra
3545 2513 3695 2568 hanc

2112 2605 2317 2661 claram
2348 2620 2414 2661 ac
2452 2606 2709 2660 invictam
2748 2606 3267 2660 demonstrationem
3293 2603 3449 2658 affert
3475 2603 3691 2658 doctis-

2112 2698 2287 2754 simus
2315 2695 2635 2753 Ilamondus
2661 2717 2674 2752 :
2705 2696 2964 2763 irenaaus,
2996 2697 3193 2768 inquit,
3217 2697 3404 2768 lgnatii
3429 2697 3592 2751 dictis
3615 2711 3691 2749 ex

2110 2791 2342 2860 epistola
2371 2791 2441 2845 ad
2472 2789 2770 2857 Romanos,
2805 2799 2912 2844 etc.
2944 2809 2964 2844 ι
2997 2785 3066 2844 Et
3094 2789 3274 2845 adhuc
3312 2789 3557 2858 propius,
3587 2789 3686 2841 ubi

2111 2883 2396 2953 ipsiusmet
2421 2879 2609 2938 lrenaei
2636 2882 2816 2938 locum
2839 2881 3047 2946 citavit,
3069 2881 3150 2936 sie
3174 2881 3414 2950 loquitur
3440 2898 3454 2934 :
3485 2898 3503 2930 ι
3537 2878 3686 2945 Quid

2111 2976 2259 3032 enim
2284 2989 2472 3046 quaeso
2499 2975 2661 3030 habet
2679 2990 2745 3031 eo
2771 2975 2891 3031 loco
2912 2973 3148 3029 Irenaeus
3169 2992 3181 3028 :
3206 2971 3459 3040 Quidam,
3479 2971 3685 3039 inquit,

2112 3078 2428 3124 nostrorum
2475 3067 2660 3122 dixit:
2712 3066 3068 3122 Frumentum
3117 3065 3247 3132 Dei,
3300 3085 3319 3116 ι
3384 3075 3490 3119 etc.
3539 3063 3686 3130 Quid

2107 3162 2282 3233 ergo?
2307 3159 2497 3216 Nonne
2528 3161 2756 3215 verbum
2810 3159 3001 3230 inquit,
3031 3159 3171 3212 idem
3209 3165 3367 3212 sonat
3406 3171 3469 3210 ac
3498 3156 3692 3209 dixit?

2107 3251 2342 3308 Dallaaus
2374 3260 2554 3306 tamen
2603 3251 2719 3320 ipse
2763 3249 2855 3305 ubi
2903 3250 2980 3315 id,
3021 3248 3166 3320 quod
3203 3247 3272 3302 ab
3310 3245 3597 3301 Hamondo
3632 3253 3693 3301 et

2107 3344 2312 3400 lrenteo
2353 3345 2572 3415 scriptis
2604 3342 2858 3400 traditum
2904 3350 3045 3408 erat,
3076 3341 3321 3412 protulit,
3364 3353 3474 3393 non
3513 3338 3690 3394 verbo

2105 3438 2341 3508 scripsit,
2365 3437 2459 3493 sed
2492 3415 2694 3508 inquit,
2728 3435 2876 3507 quod
2921 3433 3066 3490 idem
3096 3442 3182 3490 est
3221 3448 3287 3489 ac
3338 3432 3506 3497 dixit,
3546 3447 3688 3488 usus

2106 3541 2212 3589 est.

2178 3643 2444 3700 Defensor
2477 3643 2686 3710 Dallaai,
2719 3644 2788 3699 ad
2815 3643 2866 3698 ei
2897 3642 2992 3712 qui
3019 3656 3121 3697 suo
3150 3656 3209 3697 se
3234 3641 3352 3712 ipse
3381 3639 3565 3711 gladio
3591 3641 3693 3711 ju-

2107 3738 2407 3810 gulaverat,
2447 3734 2726 3791 ferendam
2750 3747 2908 3804 opem
2934 3734 3193 3800 accurrit,
3209 3733 3304 3788 sed
3331 3732 3562 3787 tardius.
3593 3731 3692 3788 Sic

2108 3839 2290 3885 autem
2336 3829 2425 3882 ille
2453 3827 2497 3860 ⁸⁸
2524 3846 2537 3881 ;
2567 3845 2585 3878 ι
2609 3825 2812 3882 Demus
2853 3826 3111 3891 verbum,
3148 3827 3311 3891 dixit,
3349 3838 3460 3893 quo
3512 3825 3694 3879 utitur

2107 3920 2434 3984 lrenzeus,et
2455 3933 2580 3988 qua;
2608 3932 2763 3980 voce,
2785 3925 2842 3972 et
2866 3931 2989 3986 qua:
3021 3915 3225 3984 scripto
3253 3915 3398 3970 edita
3426 3924 3578 3982 sunt,
3604 3917 3694 3970 in-

2105 4009 2418 4064 diti‘erenter
2458 4011 2755 4073 denotare;
2803 4020 2914 4060 non
2957 4005 3130 4075 magis
3174 4005 3344 4070 illius,
3391 4001 3690 4070 Pearsoni,

2106 4119 2332 4160 causam
2366 4104 2579 4174 juvabit
2603 4103 2792 4159 lrenaei
2818 4100 3062 4156 narratio
3091 4113 3257 4168 quam
3309 4105 3590 4163 nostram;
3624 4113 3697 4152 ac

2106 4195 2336 4270 proinde
2369 4196 2732 4250 omittendum
2761 4194 2868 4249 erit
2897 4191 3273 4248 testimonium
3304 4204 3406 4259 pro
3435 4189 3696 4259 epistolis

2107 4287 2424 4357 lgnatianis,
2455 4303 2524 4342 ex
2564 4287 2666 4342 hac
2709 4286 3023 4342 narratione
3051 4285 3420 4353 desumptum.
3447 4301 3467 4334 ι
3502 4281 3692 4348 Quam

2108 4381 2327 4435 infirma
2361 4381 2433 4435 sit
2480 4381 2597 4435 bare
2639 4378 2823 4434 Dallaei
2858 4377 3106 4436 defensio
3154 4378 3280 4433 inde
3320 4386 3500 4447 patet,
3535 4379 3698 4447 quod

2103 4469 2385 4536 Dallaeum,
2431 4471 2526 4540 qui
2571 4486 2823 4543 magnam
2873 4471 2930 4524 in
2982 4471 3151 4525 verbo
3195 4470 3333 4524 dixit
3359 4471 3470 4524 vim
3521 4485 3700 4540 argu-

2105 4564 2271 4618 menti
2294 4563 2380 4618 sui
2403 4563 2635 4634 positam
2659 4579 2782 4618 esse
2803 4564 3172 4626 existimabat,
3197 4563 3279 4616 vel
3304 4561 3701 4632 imprudentiae

2105 4657 2188 4710 vel
2223 4655 2444 4710 malitia:
2475 4655 2820 4711 condemnet.
2871 4655 3076 4710 Deinde
3123 4670 3313 4711 vocem
3359 4655 3498 4708 dixit
3540 4658 3699 4726 apud

2105 4748 2365 4803 Irenaeum
2396 4748 2466 4802 ad
2497 4749 2660 4802 verba
2693 4747 2906 4818 lgnatii,
2945 4763 3053 4803 non
3084 4748 3319 4818 prolata,
3350 4748 3442 4802 sed
3478 4751 3697 4818 scripta

2106 4842 2465 4913 significanda
2508 4842 2766 4912 usurpari
2804 4842 3041 4912 probant
3080 4856 3206 4896 cum
3257 4839 3480 4896 Eusebii
3517 4859 3697 4913 supra

2104 4935 2391 4990 memorati
2425 4935 2749 5001 auctoritas,
2784 4943 2899 4989 tum
2939 4934 3104 4990 etiam
3155 4934 3283 5003 quia
3330 4935 3448 4990 haec
3491 4937 3697 4992 eadem

2103 5025 2294 5097 lgnatii
2320 5027 2486 5082 verba
2528 5027 2582 5081 in
2620 5028 2850 5098 epistola
2879 5027 2945 5081 ad
2975 5026 3256 5082 Romanos
3290 5027 3497 5096 scripta
3533 5040 3692 5094 sunt,

2103 5133 2282 5189 neque
2307 5135 2540 5190 usquam
2569 5120 2700 5175 alibi
2723 5119 2812 5174 ille
2838 5135 2902 5174 ea
2933 5121 3228 5189 protulisse
3257 5129 3540 5175 narratur.

2172 5234 2242 5288 At
2264 5231 2501 5287 [renatus
2528 5232 2701 5298 illam,
2726 5231 3001 5300 inquiunt,
3030 5230 3222 5301 lgnatii
3248 5236 3587 5290 sententiam
3621 5252 3695 5292 ex

2099 5324 2219 5395 ejus
2249 5324 2491 5395 martyrii
2515 5323 2685 5389 Actis,
2707 5339 2829 5393 quae
2857 5339 2960 5379 suo
2984 5323 3522 5382 circumferebantur
3548 5337 3698 5382 tem-

2102 5430 2265 5487 pore,
2316 5413 2678 5470 transcribere
2724 5421 2921 5486 potuit.
2973 5415 3236 5472 Fatemur
3275 5416 3498 5487 quidem
3542 5417 3695 5473 hanc

2107 5508 2435 5563 sententiam
2469 5505 2662 5578 lgnatii
2692 5507 2748 5561 in
2770 5508 2888 5577 ejus
2917 5509 3163 5580 martyrii
3188 5510 3342 5565 Actis
3361 5523 3690 5576 occurrere,

519 5628 539 5658 ’
561 5641 681 5699 cap.
707 5627 798 5690 5‘2,
829 5639 883 5697 p‘.
910 5629 1036 5683 ‘53.
1113 5629 1156 5661 °°
1190 5628 1286 5682 lib.
1315 5643 1368 5692 v,
1405 5627 1621 5682 Advers.
1646 5637 1832 5684 Intres.
1854 5669 1870 5694 ,
1899 5643 2021 5698 cap.
2045 5627 2146 5690 28,
2176 5643 2270 5682 seu
2308 5629 2455 5683 circa
2503 5629 2599 5682 lin.
2678 5628 2720 5659 ⁶¹
2753 5628 2890 5683 Dall.
2934 5645 3056 5699 cap.
3095 5629 3199 5694 28,
3243 5646 3294 5699 p.
3331 5631 3460 5690 454.
3516 5633 3562 5664 ⁶¹
3588 5632 3688 5690 lib.

425 5711 513 5750 ιιι.
554 5697 775 5767 "istan,
803 5713 920 5755 cap.
953 5699 1040 5753 56.
1121 5699 1165 5730 °’
1191 5715 1310 5756 can.
1337 5699 1388 5761 5,
1418 5715 1472 5762 p.
1499 5699 1622 5754 45%.
1701 5703 1745 5730 αδ
1779 5701 1872 5753 lib.
1918 5715 2000 5754 tv.
2047 5699 2265 5753 Advers.
2318 5699 2511 5753 lateres.
2539 5739 2554 5764 ,
2603 5713 2724 5769 cap.
2765 5699 2854 5755 54.
2930 5700 2976 5732 ⁸⁵
3006 5697 3129 5767 pag.
3161 5699 3248 5756 77.
