  <div class='ocr_page' id='page_1' title='image "/cluster/home/n/w/nwhite01/storage/ocr_20150623/5/nnc1.0046978607/250.png"; bbox 0 0 3852 6206; ppageno 0'>
   <div class='ocr_carea' id='block_1_1' title="bbox 163 293 272 350">
    <p class='ocr_par' dir='ltr' id='par_1_1' title="bbox 163 293 272 350">
     <span class='ocr_line' id='line_1_1' title="bbox 163 293 272 350; baseline 0 0"><span class='ocrx_word' id='word_1_1' title='bbox 163 293 272 350; x_wconf 75' lang='grc' dir='ltr'><strong>ι85</strong></span> 
     </span>
    </p>
   </div>
   <div class='ocr_carea' id='block_1_2' title="bbox 1138 297 2467 357">
    <p class='ocr_par' dir='ltr' id='par_1_2' title="bbox 1138 297 2467 357">
     <span class='ocr_line' id='line_1_2' title="bbox 1138 297 2467 357; baseline 0.002 -4"><span class='ocrx_word' id='word_1_2' title='bbox 1138 299 1201 356; x_wconf 87' lang='grc'><strong>1).</strong></span> <span class='ocrx_word' id='word_1_3' title='bbox 1243 297 1533 356; x_wconf 80' lang='lat' dir='ltr'><strong>NOURRII</strong></span> <span class='ocrx_word' id='word_1_4' title='bbox 1574 299 2056 355; x_wconf 78' lang='lat' dir='ltr'><strong>DISSERTATIO.</strong></span> <span class='ocrx_word' id='word_1_5' title='bbox 2092 329 2164 342; x_wconf 90' lang='lat'><strong>—</strong></span> <span class='ocrx_word' id='word_1_6' title='bbox 2207 300 2390 357; x_wconf 83' lang='lat' dir='ltr'><strong>PARS</strong></span> <span class='ocrx_word' id='word_1_7' title='bbox 2426 301 2467 355; x_wconf 88' lang='grc'><strong>1.</strong></span> 
     </span>
    </p>
   </div>
   <div class='ocr_carea' id='block_1_3' title="bbox 3332 309 3441 367">
    <p class='ocr_par' dir='ltr' id='par_1_3' title="bbox 3332 309 3441 367">
     <span class='ocr_line' id='line_1_3' title="bbox 3332 309 3441 367; baseline 0 0"><span class='ocrx_word' id='word_1_8' title='bbox 3332 309 3441 367; x_wconf 76' lang='grc'><strong>486</strong></span> 
     </span>
    </p>
   </div>
   <div class='ocr_carea' id='block_1_4' title="bbox 162 418 3438 502">
    <p class='ocr_par' dir='ltr' id='par_1_4' title="bbox 162 418 3438 502">
     <span class='ocr_line' id='line_1_4' title="bbox 162 418 3438 502; baseline 0.004 -28"><span class='ocrx_word' id='word_1_9' title='bbox 162 418 260 474; x_wconf 81' lang='lat' dir='ltr'><strong>sed</strong></span> <span class='ocrx_word' id='word_1_10' title='bbox 300 423 353 473; x_wconf 91' lang='lat' dir='ltr'><strong>in</strong></span> <span class='ocrx_word' id='word_1_11' title='bbox 402 420 555 476; x_wconf 84' lang='lat' dir='ltr'><strong>Actis</strong></span> <span class='ocrx_word' id='word_1_12' title='bbox 597 419 870 492; x_wconf 77' lang='lat' dir='ltr'><strong>corruptis</strong></span> <span class='ocrx_word' id='word_1_13' title='bbox 914 432 968 477; x_wconf 86' lang='lat' dir='ltr'><strong>et</strong></span> <span class='ocrx_word' id='word_1_14' title='bbox 1017 423 1388 493; x_wconf 90' lang='lat' dir='ltr'><strong>iuterpolatis,</strong></span> <span class='ocrx_word' id='word_1_15' title='bbox 1434 440 1540 479; x_wconf 88' lang='lat' dir='ltr'><strong>non</strong></span> <span class='ocrx_word' id='word_1_16' title='bbox 1575 432 1758 479; x_wconf 86' lang='lat' dir='ltr'><strong>autem</strong></span> <span class='ocrx_word' id='word_1_17' title='bbox 1788 429 1835 485; x_wconf 80' lang='grc' dir='ltr'><strong>Α</strong></span> <span class='ocrx_word' id='word_1_18' title='bbox 1864 425 1978 479; x_wconf 80' lang='lat' dir='ltr'><strong>haec</strong></span> <span class='ocrx_word' id='word_1_19' title='bbox 2013 424 2155 480; x_wconf 88' lang='lat' dir='ltr'><strong>falsa</strong></span> <span class='ocrx_word' id='word_1_20' title='bbox 2200 425 2330 490; x_wconf 87' lang='lat' dir='ltr'><strong>sint,</strong></span> <span class='ocrx_word' id='word_1_21' title='bbox 2364 433 2418 480; x_wconf 87' lang='lat' dir='ltr'><strong>et</strong></span> <span class='ocrx_word' id='word_1_22' title='bbox 2445 425 2514 481; x_wconf 89' lang='lat' dir='ltr'><strong>ab</strong></span> <span class='ocrx_word' id='word_1_23' title='bbox 2543 427 2694 481; x_wconf 90' lang='lat' dir='ltr'><strong>omni</strong></span> <span class='ocrx_word' id='word_1_24' title='bbox 2739 427 2961 497; x_wconf 98' lang='lat' dir='ltr'><strong>penitus</strong></span> <span class='ocrx_word' id='word_1_25' title='bbox 2987 429 3231 486; x_wconf 90' lang='lat' dir='ltr'><strong>veritatis</strong></span> <span class='ocrx_word' id='word_1_26' title='bbox 3256 431 3438 502; x_wconf 85' lang='lat' dir='ltr'><strong>specie</strong></span> 
     </span>
    </p>
   </div>
   <div class='ocr_carea' id='block_1_5' title="bbox 163 512 1757 586">
    <p class='ocr_par' dir='ltr' id='par_1_5' title="bbox 163 512 1757 586">
     <span class='ocr_line' id='line_1_5' title="bbox 163 512 1757 586; baseline 0.006 -24"><span class='ocrx_word' id='word_1_27' title='bbox 163 512 219 564; x_wconf 91' lang='lat' dir='ltr'><strong>in</strong></span> <span class='ocrx_word' id='word_1_28' title='bbox 264 513 415 567; x_wconf 90' lang='lat' dir='ltr'><strong>veris</strong></span> <span class='ocrx_word' id='word_1_29' title='bbox 459 523 517 568; x_wconf 92' lang='lat' dir='ltr'><strong>et</strong></span> <span class='ocrx_word' id='word_1_30' title='bbox 555 514 811 582; x_wconf 85' lang='lat' dir='ltr'><strong>sinceris,</strong></span> <span class='ocrx_word' id='word_1_31' title='bbox 855 532 978 586; x_wconf 74' lang='lat' dir='ltr'><strong>qua:</strong></span> <span class='ocrx_word' id='word_1_32' title='bbox 1021 515 1214 572; x_wconf 86' lang='lat' dir='ltr'><strong>Latine</strong></span> <span class='ocrx_word' id='word_1_33' title='bbox 1262 516 1543 581; x_wconf 88' lang='lat' dir='ltr'><strong>Usserius,</strong></span> <span class='ocrx_word' id='word_1_34' title='bbox 1570 518 1757 571; x_wconf 64' lang='lat' dir='ltr'><strong>Grasce</strong></span> 
     </span>
    </p>
   </div>
   <div class='ocr_carea' id='block_1_6' title="bbox 160 604 1755 681">
    <p class='ocr_par' dir='ltr' id='par_1_6' title="bbox 160 604 1755 681">
     <span class='ocr_line' id='line_1_6' title="bbox 160 604 1755 681; baseline 0.006 -26"><span class='ocrx_word' id='word_1_35' title='bbox 160 619 295 656; x_wconf 88' lang='lat' dir='ltr'><strong>vero</strong></span> <span class='ocrx_word' id='word_1_36' title='bbox 339 615 533 660; x_wconf 84' lang='lat' dir='ltr'><strong>noster</strong></span> <span class='ocrx_word' id='word_1_37' title='bbox 581 604 962 664; x_wconf 80' lang='lat' dir='ltr'><strong>Theudoricus</strong></span> <span class='ocrx_word' id='word_1_38' title='bbox 1008 609 1312 666; x_wconf 72' lang='lat' dir='ltr'><strong>Ruiuartus</strong></span> <span class='ocrx_word' id='word_1_39' title='bbox 1369 611 1571 681; x_wconf 85' lang='lat' dir='ltr'><strong>publici</strong></span> <span class='ocrx_word' id='word_1_40' title='bbox 1611 610 1755 681; x_wconf 80' lang='lat' dir='ltr'><strong>juris</strong></span> 
     </span>
    </p>
   </div>
   <div class='ocr_carea' id='block_1_7' title="bbox 161 694 1759 774">
    <p class='ocr_par' dir='ltr' id='par_1_7' title="bbox 161 694 1759 774">
     <span class='ocr_line' id='line_1_7' title="bbox 161 694 1759 774; baseline 0.005 -26"><span class='ocrx_word' id='word_1_41' title='bbox 161 694 440 751; x_wconf 83' lang='lat' dir='ltr'><strong>iecerunt.</strong></span> <span class='ocrx_word' id='word_1_42' title='bbox 491 698 656 768; x_wconf 85' lang='lat' dir='ltr'><strong>Atqui</strong></span> <span class='ocrx_word' id='word_1_43' title='bbox 705 700 752 754; x_wconf 89' lang='lat' dir='ltr'><strong>si</strong></span> <span class='ocrx_word' id='word_1_44' title='bbox 795 699 984 756; x_wconf 76' lang='lat' dir='ltr'><strong>lrenaei</strong></span> <span class='ocrx_word' id='word_1_45' title='bbox 1021 711 1266 773; x_wconf 90' lang='lat' dir='ltr'><strong>tempore</strong></span> <span class='ocrx_word' id='word_1_46' title='bbox 1303 703 1553 774; x_wconf 68' lang='lat' dir='ltr'><strong>quaedam</strong></span> <span class='ocrx_word' id='word_1_47' title='bbox 1599 703 1759 774; x_wconf 90' lang='lat' dir='ltr'><strong>Igna-</strong></span> 
     </span>
    </p>
   </div>
   <div class='ocr_carea' id='block_1_8' title="bbox 164 788 1755 864">
    <p class='ocr_par' dir='ltr' id='par_1_8' title="bbox 164 788 1755 864">
     <span class='ocr_line' id='line_1_8' title="bbox 164 788 1755 864; baseline 0.005 -24"><span class='ocrx_word' id='word_1_48' title='bbox 164 788 300 842; x_wconf 90' lang='lat' dir='ltr'><strong>tiani</strong></span> <span class='ocrx_word' id='word_1_49' title='bbox 335 791 585 860; x_wconf 83' lang='lat' dir='ltr'><strong>martyrii</strong></span> <span class='ocrx_word' id='word_1_50' title='bbox 620 790 755 846; x_wconf 84' lang='lat' dir='ltr'><strong>Acta</strong></span> <span class='ocrx_word' id='word_1_51' title='bbox 794 793 1124 861; x_wconf 84' lang='lat' dir='ltr'><strong>exstiterint,</strong></span> <span class='ocrx_word' id='word_1_52' title='bbox 1157 796 1272 850; x_wconf 67' lang='lat' dir='ltr'><strong>haec</strong></span> <span class='ocrx_word' id='word_1_53' title='bbox 1315 803 1528 850; x_wconf 90' lang='lat' dir='ltr'><strong>tantum</strong></span> <span class='ocrx_word' id='word_1_54' title='bbox 1571 804 1755 864; x_wconf 90' lang='lat' dir='ltr'><strong>poste-</strong></span> 
     </span>
    </p>
   </div>
   <div class='ocr_carea' id='block_1_9' title="bbox 161 881 1756 942">
    <p class='ocr_par' dir='ltr' id='par_1_9' title="bbox 161 881 1756 942">
     <span class='ocr_line' id='line_1_9' title="bbox 161 881 1756 942; baseline 0.005 -8"><span class='ocrx_word' id='word_1_55' title='bbox 161 881 311 936; x_wconf 88' lang='lat' dir='ltr'><strong>riora</strong></span> <span class='ocrx_word' id='word_1_56' title='bbox 345 882 628 937; x_wconf 79' lang='lat' dir='ltr'><strong>exstitisse</strong></span> <span class='ocrx_word' id='word_1_57' title='bbox 677 897 840 937; x_wconf 90' lang='lat' dir='ltr'><strong>nemo</strong></span> <span class='ocrx_word' id='word_1_58' title='bbox 883 898 1033 939; x_wconf 67' lang='lat' dir='ltr'><strong>sanae</strong></span> <span class='ocrx_word' id='word_1_59' title='bbox 1079 885 1280 940; x_wconf 89' lang='lat' dir='ltr'><strong>mentis</strong></span> <span class='ocrx_word' id='word_1_60' title='bbox 1333 885 1501 940; x_wconf 89' lang='lat' dir='ltr'><strong>homo</strong></span> <span class='ocrx_word' id='word_1_61' title='bbox 1537 887 1756 942; x_wconf 87' lang='lat' dir='ltr'><strong>dubita-</strong></span> 
     </span>
    </p>
   </div>
   <div class='ocr_carea' id='block_1_10' title="bbox 160 974 326 1030">
    <p class='ocr_par' dir='ltr' id='par_1_10' title="bbox 160 974 326 1030">
     <span class='ocr_line' id='line_1_10' title="bbox 160 974 326 1030; baseline 0.018 -5"><span class='ocrx_word' id='word_1_62' title='bbox 160 974 326 1030; x_wconf 81' lang='lat' dir='ltr'><strong>verit.</strong></span> 
     </span>
    </p>
   </div>
   <div class='ocr_carea' id='block_1_11' title="bbox 234 1064 1752 1140">
    <p class='ocr_par' dir='ltr' id='par_1_11' title="bbox 234 1064 1752 1140">
     <span class='ocr_line' id='line_1_11' title="bbox 234 1064 1752 1140; baseline 0.006 -23"><span class='ocrx_word' id='word_1_63' title='bbox 234 1064 358 1122; x_wconf 87' lang='lat' dir='ltr'><strong>lluc</strong></span> <span class='ocrx_word' id='word_1_64' title='bbox 384 1067 454 1122; x_wconf 89' lang='lat' dir='ltr'><strong>ad</strong></span> <span class='ocrx_word' id='word_1_65' title='bbox 477 1065 663 1122; x_wconf 63' lang='lat' dir='ltr'><strong>Dallazi</strong></span> <span class='ocrx_word' id='word_1_66' title='bbox 699 1068 1010 1125; x_wconf 86' lang='lat' dir='ltr'><strong>subsidium</strong></span> <span class='ocrx_word' id='word_1_67' title='bbox 1046 1083 1244 1124; x_wconf 79' lang='lat' dir='ltr'><strong>rursus</strong></span> <span class='ocrx_word' id='word_1_68' title='bbox 1266 1069 1486 1125; x_wconf 84' lang='lat' dir='ltr'><strong>advolat</strong></span> <span class='ocrx_word' id='word_1_69' title='bbox 1511 1070 1632 1140; x_wconf 86' lang='lat' dir='ltr'><strong>ejus</strong></span> <span class='ocrx_word' id='word_1_70' title='bbox 1654 1071 1752 1126; x_wconf 88' lang='lat' dir='ltr'><strong>de-</strong></span> 
     </span>
    </p>
   </div>
   <div class='ocr_carea' id='block_1_12' title="bbox 160 1155 1750 1233">
    <p class='ocr_par' dir='ltr' id='par_1_12' title="bbox 160 1155 1750 1233">
     <span class='ocr_line' id='line_1_12' title="bbox 160 1155 1750 1233; baseline 0.004 -23"><span class='ocrx_word' id='word_1_71' title='bbox 160 1155 377 1222; x_wconf 86' lang='lat' dir='ltr'><strong>fensor,</strong></span> <span class='ocrx_word' id='word_1_72' title='bbox 411 1167 466 1212; x_wconf 92' lang='lat' dir='ltr'><strong>et</strong></span> <span class='ocrx_word' id='word_1_73' title='bbox 504 1159 574 1213; x_wconf 91' lang='lat' dir='ltr'><strong>ab</strong></span> <span class='ocrx_word' id='word_1_74' title='bbox 621 1157 954 1231; x_wconf 83' lang='lat' dir='ltr'><strong>Hieronymo</strong></span> <span class='ocrx_word' id='word_1_75' title='bbox 991 1160 1240 1215; x_wconf 87' lang='lat' dir='ltr'><strong>eamdem</strong></span> <span class='ocrx_word' id='word_1_76' title='bbox 1287 1159 1481 1233; x_wconf 89' lang='lat' dir='ltr'><strong>lgnatii</strong></span> <span class='ocrx_word' id='word_1_77' title='bbox 1530 1172 1750 1218; x_wconf 89' lang='lat' dir='ltr'><strong>senten-</strong></span> 
     </span>
    </p>
   </div>
   <div class='ocr_carea' id='block_1_13' title="bbox 161 1251 1747 1327">
    <p class='ocr_par' dir='ltr' id='par_1_13' title="bbox 161 1251 1747 1327">
     <span class='ocr_line' id='line_1_13' title="bbox 161 1251 1747 1327; baseline 0.003 -21"><span class='ocrx_word' id='word_1_78' title='bbox 161 1253 294 1306; x_wconf 90' lang='lat' dir='ltr'><strong>tiam</strong></span> <span class='ocrx_word' id='word_1_79' title='bbox 330 1251 559 1306; x_wconf 85' lang='lat' dir='ltr'><strong>citatam</strong></span> <span class='ocrx_word' id='word_1_80' title='bbox 593 1253 868 1310; x_wconf 82' lang='lat' dir='ltr'><strong>observat.</strong></span> <span class='ocrx_word' id='word_1_81' title='bbox 907 1253 1074 1325; x_wconf 84' lang='lat' dir='ltr'><strong>Atqui</strong></span> <span class='ocrx_word' id='word_1_82' title='bbox 1107 1272 1126 1305; x_wconf 72' lang='grc' dir='ltr'><strong><em>ι</em></strong></span> <span class='ocrx_word' id='word_1_83' title='bbox 1153 1257 1327 1312; x_wconf 86' lang='lat' dir='ltr'><strong>satius</strong></span> <span class='ocrx_word' id='word_1_84' title='bbox 1349 1269 1452 1324; x_wconf 90' lang='lat' dir='ltr'><strong>est,</strong></span> <span class='ocrx_word' id='word_1_85' title='bbox 1481 1257 1660 1327; x_wconf 89' lang='lat' dir='ltr'><strong>inquit</strong></span> <span class='ocrx_word' id='word_1_86' title='bbox 1682 1257 1747 1321; x_wconf 81' lang='grc'>⁸⁸,</span> 
     </span>
    </p>
   </div>
   <div class='ocr_carea' id='block_1_14' title="bbox 157 1344 1749 1423">
    <p class='ocr_par' dir='ltr' id='par_1_14' title="bbox 157 1344 1749 1423">
     <span class='ocr_line' id='line_1_14' title="bbox 157 1344 1749 1423; baseline 0.004 -23"><span class='ocrx_word' id='word_1_87' title='bbox 157 1346 345 1402; x_wconf 88' lang='lat' dir='ltr'><strong>dicere</strong></span> <span class='ocrx_word' id='word_1_88' title='bbox 386 1344 780 1419; x_wconf 85' lang='lat' dir='ltr'><strong>Hieronymum</strong></span> <span class='ocrx_word' id='word_1_89' title='bbox 808 1350 863 1404; x_wconf 93' lang='lat' dir='ltr'><strong>in</strong></span> <span class='ocrx_word' id='word_1_90' title='bbox 899 1353 1300 1423; x_wconf 88' lang='lat' dir='ltr'><strong>antiquissimis</strong></span> <span class='ocrx_word' id='word_1_91' title='bbox 1325 1352 1568 1422; x_wconf 84' lang='lat' dir='ltr'><strong>martyrii</strong></span> <span class='ocrx_word' id='word_1_92' title='bbox 1598 1351 1749 1406; x_wconf 85' lang='lat' dir='ltr'><strong>Actis</strong></span> 
     </span>
    </p>
   </div>
   <div class='ocr_carea' id='block_1_15' title="bbox 158 1439 1749 1516">
    <p class='ocr_par' dir='ltr' id='par_1_15' title="bbox 158 1439 1749 1516">
     <span class='ocr_line' id='line_1_15' title="bbox 158 1439 1749 1516; baseline 0.004 -25"><span class='ocrx_word' id='word_1_93' title='bbox 158 1439 383 1510; x_wconf 86' lang='lat' dir='ltr'><strong>legisse,</strong></span> <span class='ocrx_word' id='word_1_94' title='bbox 417 1456 540 1511; x_wconf 68' lang='lat' dir='ltr'><strong>quae</strong></span> <span class='ocrx_word' id='word_1_95' title='bbox 571 1441 637 1496; x_wconf 91' lang='lat' dir='ltr'><strong>de</strong></span> <span class='ocrx_word' id='word_1_96' title='bbox 666 1441 896 1514; x_wconf 84' lang='lat' dir='ltr'><strong>lgnatio,</strong></span> <span class='ocrx_word' id='word_1_97' title='bbox 927 1445 1028 1499; x_wconf 91' lang='lat' dir='ltr'><strong>etsi</strong></span> <span class='ocrx_word' id='word_1_98' title='bbox 1065 1445 1201 1501; x_wconf 87' lang='lat' dir='ltr'><strong>forte</strong></span> <span class='ocrx_word' id='word_1_99' title='bbox 1235 1447 1474 1516; x_wconf 87' lang='lat' dir='ltr'><strong>aliquam</strong></span> <span class='ocrx_word' id='word_1_100' title='bbox 1501 1446 1614 1516; x_wconf 91' lang='lat' dir='ltr'><strong>jam</strong></span> <span class='ocrx_word' id='word_1_101' title='bbox 1648 1460 1749 1500; x_wconf 91' lang='lat' dir='ltr'><strong>sua</strong></span> 
     </span>
    </p>
   </div>
   <div class='ocr_carea' id='block_1_16' title="bbox 157 1531 1747 1605">
    <p class='ocr_par' dir='ltr' id='par_1_16' title="bbox 157 1531 1747 1605">
     <span class='ocr_line' id='line_1_16' title="bbox 157 1531 1747 1605; baseline 0.005 -21"><span class='ocrx_word' id='word_1_102' title='bbox 157 1537 322 1584; x_wconf 68' lang='lat' dir='ltr'><strong>aetate</strong></span> <span class='ocrx_word' id='word_1_103' title='bbox 354 1531 720 1586; x_wconf 86' lang='lat' dir='ltr'><strong>mutationem</strong></span> <span class='ocrx_word' id='word_1_104' title='bbox 759 1543 982 1605; x_wconf 87' lang='lat' dir='ltr'><strong>experta</strong></span> <span class='ocrx_word' id='word_1_105' title='bbox 1017 1546 1202 1592; x_wconf 86' lang='lat' dir='ltr'><strong>essent</strong></span> <span class='ocrx_word' id='word_1_106' title='bbox 1229 1538 1320 1591; x_wconf 92' lang='lat' dir='ltr'><strong>illa</strong></span> <span class='ocrx_word' id='word_1_107' title='bbox 1347 1537 1506 1602; x_wconf 84' lang='lat' dir='ltr'><strong>Acta,</strong></span> <span class='ocrx_word' id='word_1_108' title='bbox 1540 1538 1747 1592; x_wconf 86' lang='lat' dir='ltr'><strong>nullam</strong></span> 
     </span>
    </p>
   </div>
   <div class='ocr_carea' id='block_1_17' title="bbox 157 1623 1749 1700">
    <p class='ocr_par' dir='ltr' id='par_1_17' title="bbox 157 1623 1749 1700">
     <span class='ocr_line' id='line_1_17' title="bbox 157 1623 1749 1700; baseline 0.006 -24"><span class='ocrx_word' id='word_1_109' title='bbox 157 1632 346 1678; x_wconf 87' lang='lat' dir='ltr'><strong>tamen</strong></span> <span class='ocrx_word' id='word_1_110' title='bbox 378 1623 624 1683; x_wconf 90' lang='lat' dir='ltr'><strong>sensisse</strong></span> <span class='ocrx_word' id='word_1_111' title='bbox 647 1625 828 1694; x_wconf 89' lang='lat' dir='ltr'><strong>istius,</strong></span> <span class='ocrx_word' id='word_1_112' title='bbox 851 1642 959 1699; x_wconf 92' lang='lat' dir='ltr'><strong>qua</strong></span> <span class='ocrx_word' id='word_1_113' title='bbox 995 1628 1061 1683; x_wconf 90' lang='lat' dir='ltr'><strong>de</strong></span> <span class='ocrx_word' id='word_1_114' title='bbox 1095 1629 1295 1700; x_wconf 85' lang='lat' dir='ltr'><strong>agitur,</strong></span> <span class='ocrx_word' id='word_1_115' title='bbox 1321 1631 1749 1686; x_wconf 61' lang='lat' dir='ltr'><strong>circumstantiae</strong></span> 
     </span>
    </p>
   </div>
   <div class='ocr_carea' id='block_1_18' title="bbox 155 1722 1746 1790">
    <p class='ocr_par' dir='ltr' id='par_1_18' title="bbox 155 1722 1746 1790">
     <span class='ocr_line' id='line_1_18' title="bbox 155 1722 1746 1790; baseline 0.003 -16"><span class='ocrx_word' id='word_1_116' title='bbox 155 1729 418 1790; x_wconf 80' lang='lat' dir='ltr'><strong>respectu</strong></span> <span class='ocrx_word' id='word_1_117' title='bbox 453 1736 553 1790; x_wconf 92' lang='lat' dir='ltr'><strong>par</strong></span> <span class='ocrx_word' id='word_1_118' title='bbox 581 1730 668 1776; x_wconf 91' lang='lat' dir='ltr'><strong>est</strong></span> <span class='ocrx_word' id='word_1_119' title='bbox 711 1722 965 1788; x_wconf 86' lang='lat' dir='ltr'><strong>credere;</strong></span> <span class='ocrx_word' id='word_1_120' title='bbox 1000 1737 1126 1776; x_wconf 90' lang='lat' dir='ltr'><strong>nam</strong></span> <span class='ocrx_word' id='word_1_121' title='bbox 1162 1738 1230 1776; x_wconf 92' lang='lat' dir='ltr'><strong>ex</strong></span> <span class='ocrx_word' id='word_1_122' title='bbox 1274 1722 1396 1778; x_wconf 91' lang='lat' dir='ltr'><strong>istis</strong></span> <span class='ocrx_word' id='word_1_123' title='bbox 1445 1723 1619 1788; x_wconf 83' lang='lat' dir='ltr'><strong>Actis,</strong></span> <span class='ocrx_word' id='word_1_124' title='bbox 1661 1725 1746 1779; x_wconf 91' lang='lat' dir='ltr'><strong>vel</strong></span> 
     </span>
    </p>
   </div>
   <div class='ocr_carea' id='block_1_19' title="bbox 1863 517 2072 572">
    <p class='ocr_par' dir='ltr' id='par_1_19' title="bbox 1863 517 2072 572">
     <span class='ocr_line' id='line_1_19' title="bbox 1863 517 2072 572; baseline 0 -2"><span class='ocrx_word' id='word_1_125' title='bbox 1863 517 2072 572; x_wconf 87' lang='lat' dir='ltr'><strong>aliena?</strong></span> 
     </span>
    </p>
   </div>
   <div class='ocr_carea' id='block_1_20' title="bbox 1928 609 3438 682">
    <p class='ocr_par' dir='ltr' id='par_1_20' title="bbox 1928 609 3438 682">
     <span class='ocr_line' id='line_1_20' title="bbox 1928 609 3438 682; baseline 0.003 -18"><span class='ocrx_word' id='word_1_126' title='bbox 1928 609 2099 664; x_wconf 87' lang='lat' dir='ltr'><strong>Instat</strong></span> <span class='ocrx_word' id='word_1_127' title='bbox 2139 619 2319 666; x_wconf 89' lang='lat' dir='ltr'><strong>tamen</strong></span> <span class='ocrx_word' id='word_1_128' title='bbox 2373 610 2608 666; x_wconf 73' lang='lat' dir='ltr'><strong>Dallzeus</strong></span> <span class='ocrx_word' id='word_1_129' title='bbox 2633 629 2646 666; x_wconf 90' lang='lat'><strong>:</strong></span> <span class='ocrx_word' id='word_1_130' title='bbox 2672 610 2752 666; x_wconf 87' lang='lat' dir='ltr'><strong>Ex</strong></span> <span class='ocrx_word' id='word_1_131' title='bbox 2792 611 3022 682; x_wconf 88' lang='lat' dir='ltr'><strong>epistola</strong></span> <span class='ocrx_word' id='word_1_132' title='bbox 3053 613 3121 668; x_wconf 92' lang='lat' dir='ltr'><strong>ad</strong></span> <span class='ocrx_word' id='word_1_133' title='bbox 3157 611 3438 670; x_wconf 79' lang='lat' dir='ltr'><strong>Romanos</strong></span> 
     </span>
    </p>
   </div>
   <div class='ocr_carea' id='block_1_21' title="bbox 1861 700 3438 776">
    <p class='ocr_par' dir='ltr' id='par_1_21' title="bbox 1861 700 3438 776">
     <span class='ocr_line' id='line_1_21' title="bbox 1861 700 3438 776; baseline 0.004 -22"><span class='ocrx_word' id='word_1_134' title='bbox 1861 700 1976 756; x_wconf 65' lang='lat' dir='ltr'><strong>haec</strong></span> <span class='ocrx_word' id='word_1_135' title='bbox 2018 702 2179 757; x_wconf 87' lang='lat' dir='ltr'><strong>verba</strong></span> <span class='ocrx_word' id='word_1_136' title='bbox 2214 701 2454 774; x_wconf 87' lang='lat' dir='ltr'><strong>lgnatius</strong></span> <span class='ocrx_word' id='word_1_137' title='bbox 2496 719 2604 758; x_wconf 92' lang='lat' dir='ltr'><strong>nou</strong></span> <span class='ocrx_word' id='word_1_138' title='bbox 2633 703 2842 767; x_wconf 78' lang='lat' dir='ltr'><strong>Romae,</strong></span> <span class='ocrx_word' id='word_1_139' title='bbox 2874 723 2893 756; x_wconf 72' lang='grc' dir='ltr'>ι</span> <span class='ocrx_word' id='word_1_140' title='bbox 2923 705 3016 760; x_wconf 90' lang='lat' dir='ltr'><strong>sed</strong></span> <span class='ocrx_word' id='word_1_141' title='bbox 3056 703 3302 776; x_wconf 74' lang='lat' dir='ltr'><strong>Smyrnae</strong></span> <span class='ocrx_word' id='word_1_142' title='bbox 3339 706 3438 760; x_wconf 91' lang='lat' dir='ltr'><strong>diu</strong></span> 
     </span>
    </p>
   </div>
   <div class='ocr_carea' id='block_1_22' title="bbox 1858 794 3437 866">
    <p class='ocr_par' dir='ltr' id='par_1_22' title="bbox 1858 794 3437 866">
     <span class='ocr_line' id='line_1_22' title="bbox 1858 794 3437 866; baseline 0.004 -20"><span class='ocrx_word' id='word_1_143' title='bbox 1858 801 1984 848; x_wconf 86' lang='lat' dir='ltr'><strong>ante</strong></span> <span class='ocrx_word' id='word_1_144' title='bbox 2011 809 2240 862; x_wconf 82' lang='lat' dir='ltr'><strong>agonem</strong></span> <span class='ocrx_word' id='word_1_145' title='bbox 2275 796 2515 851; x_wconf 86' lang='lat' dir='ltr'><strong>absurde</strong></span> <span class='ocrx_word' id='word_1_146' title='bbox 2537 805 2591 851; x_wconf 87' lang='lat' dir='ltr'><strong>et</strong></span> <span class='ocrx_word' id='word_1_147' title='bbox 2614 796 2795 866; x_wconf 90' lang='lat' dir='ltr'><strong>inepte</strong></span> <span class='ocrx_word' id='word_1_148' title='bbox 2839 797 3060 866; x_wconf 87' lang='lat' dir='ltr'><strong>scripsit</strong></span> <span class='ocrx_word' id='word_1_149' title='bbox 3084 797 3148 850; x_wconf 80' lang='lat'><strong>&quot;.</strong></span> <span class='ocrx_word' id='word_1_150' title='bbox 3176 816 3194 848; x_wconf 76' lang='grc' dir='ltr'><strong><em>ι</em></strong></span> <span class='ocrx_word' id='word_1_151' title='bbox 3237 794 3437 858; x_wconf 85' lang='lat' dir='ltr'><strong>Verum</strong></span> 
     </span>
    </p>
   </div>
   <div class='ocr_carea' id='block_1_23' title="bbox 1857 886 3437 960">
    <p class='ocr_par' dir='ltr' id='par_1_23' title="bbox 1857 886 3437 960">
     <span class='ocr_line' id='line_1_23' title="bbox 1857 886 3437 960; baseline 0.003 -21"><span class='ocrx_word' id='word_1_152' title='bbox 1857 886 2109 956; x_wconf 91' lang='lat' dir='ltr'><strong>quisquis</strong></span> <span class='ocrx_word' id='word_1_153' title='bbox 2132 887 2275 943; x_wconf 91' lang='lat' dir='ltr'><strong>hanc</strong></span> <span class='ocrx_word' id='word_1_154' title='bbox 2306 889 2552 944; x_wconf 88' lang='lat' dir='ltr'><strong>eamdem</strong></span> <span class='ocrx_word' id='word_1_155' title='bbox 2584 888 2870 958; x_wconf 85' lang='lat' dir='ltr'><strong>epistolam</strong></span> <span class='ocrx_word' id='word_1_156' title='bbox 2900 889 3086 943; x_wconf 90' lang='lat' dir='ltr'><strong>animo</strong></span> <span class='ocrx_word' id='word_1_157' title='bbox 3111 887 3266 944; x_wconf 82' lang='lat' dir='ltr'><strong>falsis</strong></span> <span class='ocrx_word' id='word_1_158' title='bbox 3293 905 3437 960; x_wconf 68' lang='lat' dir='ltr'><strong>prae-</strong></span> 
     </span>
    </p>
   </div>
   <div class='ocr_carea' id='block_1_24' title="bbox 1853 975 3438 1048">
    <p class='ocr_par' dir='ltr' id='par_1_24' title="bbox 1853 975 3438 1048">
     <span class='ocr_line' id='line_1_24' title="bbox 1853 975 3438 1048; baseline 0.003 -19"><span class='ocrx_word' id='word_1_159' title='bbox 1853 975 2078 1044; x_wconf 88' lang='lat' dir='ltr'><strong>judiciis</strong></span> <span class='ocrx_word' id='word_1_160' title='bbox 2100 992 2206 1032; x_wconf 90' lang='lat' dir='ltr'><strong>non</strong></span> <span class='ocrx_word' id='word_1_161' title='bbox 2233 980 2448 1048; x_wconf 90' lang='lat' dir='ltr'><strong>penitus</strong></span> <span class='ocrx_word' id='word_1_162' title='bbox 2473 979 2749 1034; x_wconf 69' lang='lat' dir='ltr'><strong>obcaecato</strong></span> <span class='ocrx_word' id='word_1_163' title='bbox 2778 979 2991 1048; x_wconf 89' lang='lat' dir='ltr'><strong>legerit,</strong></span> <span class='ocrx_word' id='word_1_164' title='bbox 3020 980 3068 1035; x_wconf 92' lang='lat' dir='ltr'><strong>is</strong></span> <span class='ocrx_word' id='word_1_165' title='bbox 3091 978 3250 1034; x_wconf 85' lang='lat' dir='ltr'><strong>facile</strong></span> <span class='ocrx_word' id='word_1_166' title='bbox 3280 995 3438 1035; x_wconf 85' lang='lat' dir='ltr'><strong>com-</strong></span> 
     </span>
    </p>
   </div>
   <div class='ocr_carea' id='block_1_25' title="bbox 1855 1068 3440 1143">
    <p class='ocr_par' dir='ltr' id='par_1_25' title="bbox 1855 1068 3440 1143">
     <span class='ocr_line' id='line_1_25' title="bbox 1855 1068 3440 1143; baseline 0.001 -21"><span class='ocrx_word' id='word_1_167' title='bbox 1855 1068 2031 1137; x_wconf 88' lang='lat' dir='ltr'><strong>perict</strong></span> <span class='ocrx_word' id='word_1_168' title='bbox 2061 1069 2208 1124; x_wconf 91' lang='lat' dir='ltr'><strong>illam</strong></span> <span class='ocrx_word' id='word_1_169' title='bbox 2244 1070 2312 1124; x_wconf 89' lang='lat' dir='ltr'><strong>ad</strong></span> <span class='ocrx_word' id='word_1_170' title='bbox 2349 1069 2630 1126; x_wconf 83' lang='lat' dir='ltr'><strong>Romanos</strong></span> <span class='ocrx_word' id='word_1_171' title='bbox 2673 1069 2921 1143; x_wconf 67' lang='lat' dir='ltr'><strong>Smyrna!</strong></span> <span class='ocrx_word' id='word_1_172' title='bbox 2955 1071 3025 1125; x_wconf 91' lang='lat' dir='ltr'><strong>ab</strong></span> <span class='ocrx_word' id='word_1_173' title='bbox 3058 1070 3268 1141; x_wconf 86' lang='lat' dir='ltr'><strong>lgnatio</strong></span> <span class='ocrx_word' id='word_1_174' title='bbox 3300 1071 3440 1125; x_wconf 85' lang='lat' dir='ltr'><strong>scri-</strong></span> 
     </span>
    </p>
   </div>
   <div class='ocr_carea' id='block_1_26' title="bbox 1854 1163 3436 1234">
    <p class='ocr_par' dir='ltr' id='par_1_26' title="bbox 1854 1163 3436 1234">
     <span class='ocr_line' id='line_1_26' title="bbox 1854 1163 3436 1234; baseline 0.004 -20"><span class='ocrx_word' id='word_1_175' title='bbox 1854 1168 2026 1230; x_wconf 87' lang='lat' dir='ltr'><strong>ptam,</strong></span> <span class='ocrx_word' id='word_1_176' title='bbox 2071 1179 2179 1216; x_wconf 87' lang='lat' dir='ltr'><strong>non</strong></span> <span class='ocrx_word' id='word_1_177' title='bbox 2227 1163 2320 1216; x_wconf 92' lang='lat' dir='ltr'><strong>diu</strong></span> <span class='ocrx_word' id='word_1_178' title='bbox 2359 1173 2486 1219; x_wconf 92' lang='lat' dir='ltr'><strong>ante</strong></span> <span class='ocrx_word' id='word_1_179' title='bbox 2529 1179 2792 1234; x_wconf 80' lang='lat' dir='ltr'><strong>agonem;</strong></span> <span class='ocrx_word' id='word_1_180' title='bbox 2829 1164 2923 1219; x_wconf 89' lang='lat' dir='ltr'><strong>sed</strong></span> <span class='ocrx_word' id='word_1_181' title='bbox 2970 1179 3094 1218; x_wconf 88' lang='lat' dir='ltr'><strong>cum</strong></span> <span class='ocrx_word' id='word_1_182' title='bbox 3141 1165 3436 1220; x_wconf 90' lang='lat' dir='ltr'><strong>damnatus</strong></span> 
     </span>
    </p>
   </div>
   <div class='ocr_carea' id='block_1_27' title="bbox 1853 1254 3434 1327">
    <p class='ocr_par' dir='ltr' id='par_1_27' title="bbox 1853 1254 3434 1327">
     <span class='ocr_line' id='line_1_27' title="bbox 1853 1254 3434 1327; baseline 0.004 -21"><span class='ocrx_word' id='word_1_183' title='bbox 1853 1263 1995 1307; x_wconf 87' lang='lat' dir='ltr'><strong>esset</strong></span> <span class='ocrx_word' id='word_1_184' title='bbox 2031 1254 2099 1308; x_wconf 91' lang='lat' dir='ltr'><strong>ad</strong></span> <span class='ocrx_word' id='word_1_185' title='bbox 2137 1255 2362 1321; x_wconf 87' lang='lat' dir='ltr'><strong>bestias,</strong></span> <span class='ocrx_word' id='word_1_186' title='bbox 2406 1268 2460 1310; x_wconf 90' lang='lat' dir='ltr'><strong>et</strong></span> <span class='ocrx_word' id='word_1_187' title='bbox 2501 1254 2730 1309; x_wconf 84' lang='lat' dir='ltr'><strong>Romam</strong></span> <span class='ocrx_word' id='word_1_188' title='bbox 2765 1257 2834 1310; x_wconf 93' lang='lat' dir='ltr'><strong>ab</strong></span> <span class='ocrx_word' id='word_1_189' title='bbox 2868 1257 2974 1311; x_wconf 90' lang='lat' dir='ltr'><strong>illis</strong></span> <span class='ocrx_word' id='word_1_190' title='bbox 3008 1256 3232 1327; x_wconf 86' lang='lat' dir='ltr'><strong>jamjam</strong></span> <span class='ocrx_word' id='word_1_191' title='bbox 3265 1257 3434 1312; x_wconf 63' lang='grc' dir='ltr'><strong>(18νο-</strong></span> 
     </span>
    </p>
   </div>
   <div class='ocr_carea' id='block_1_28' title="bbox 1853 1348 3434 1418">
    <p class='ocr_par' dir='ltr' id='par_1_28' title="bbox 1853 1348 3434 1418">
     <span class='ocr_line' id='line_1_28' title="bbox 1853 1348 3434 1418; baseline 0.002 -18"><span class='ocrx_word' id='word_1_192' title='bbox 1853 1351 2060 1403; x_wconf 91' lang='lat' dir='ltr'><strong>randus</strong></span> <span class='ocrx_word' id='word_1_193' title='bbox 2092 1349 2464 1407; x_wconf 88' lang='lat' dir='ltr'><strong>contenderet.</strong></span> <span class='ocrx_word' id='word_1_194' title='bbox 2501 1348 2618 1402; x_wconf 85' lang='lat' dir='ltr'><strong>Non</strong></span> <span class='ocrx_word' id='word_1_195' title='bbox 2649 1364 2779 1417; x_wconf 89' lang='lat' dir='ltr'><strong>ergo</strong></span> <span class='ocrx_word' id='word_1_196' title='bbox 2827 1350 3064 1404; x_wconf 88' lang='lat' dir='ltr'><strong>absurde</strong></span> <span class='ocrx_word' id='word_1_197' title='bbox 3102 1364 3203 1404; x_wconf 87' lang='lat' dir='ltr'><strong>nec</strong></span> <span class='ocrx_word' id='word_1_198' title='bbox 3231 1349 3434 1418; x_wconf 88' lang='lat' dir='ltr'><strong>inepte,</strong></span> 
     </span>
    </p>
   </div>
   <div class='ocr_carea' id='block_1_29' title="bbox 1862 1441 3435 1515">
    <p class='ocr_par' dir='ltr' id='par_1_29' title="bbox 1862 1441 3435 1515">
     <span class='ocr_line' id='line_1_29' title="bbox 1862 1441 3435 1515; baseline 0.001 -20"><span class='ocrx_word' id='word_1_199' title='bbox 1862 1441 1954 1495; x_wconf 87' lang='lat' dir='ltr'><strong>sed</strong></span> <span class='ocrx_word' id='word_1_200' title='bbox 1990 1450 2138 1497; x_wconf 88' lang='lat' dir='ltr'><strong>recte</strong></span> <span class='ocrx_word' id='word_1_201' title='bbox 2165 1454 2221 1497; x_wconf 88' lang='lat' dir='ltr'><strong>et</strong></span> <span class='ocrx_word' id='word_1_202' title='bbox 2261 1443 2489 1497; x_wconf 89' lang='lat' dir='ltr'><strong>omnino</strong></span> <span class='ocrx_word' id='word_1_203' title='bbox 2522 1446 2772 1515; x_wconf 88' lang='lat' dir='ltr'><strong>apposite</strong></span> <span class='ocrx_word' id='word_1_204' title='bbox 2799 1446 3034 1500; x_wconf 67' lang='lat' dir='ltr'><strong>Ireuaaus</strong></span> <span class='ocrx_word' id='word_1_205' title='bbox 3067 1443 3210 1498; x_wconf 88' lang='lat' dir='ltr'><strong>hanc</strong></span> <span class='ocrx_word' id='word_1_206' title='bbox 3243 1441 3435 1512; x_wconf 84' lang='lat' dir='ltr'><strong>lgnatii</strong></span> 
     </span>
    </p>
   </div>
   <div class='ocr_carea' id='block_1_30' title="bbox 1851 1530 3435 1602">
    <p class='ocr_par' dir='ltr' id='par_1_30' title="bbox 1851 1530 3435 1602">
     <span class='ocr_line' id='line_1_30' title="bbox 1851 1530 3435 1602; baseline 0.002 -19"><span class='ocrx_word' id='word_1_207' title='bbox 1851 1530 2135 1598; x_wconf 85' lang='lat' dir='ltr'><strong>epistolam</strong></span> <span class='ocrx_word' id='word_1_208' title='bbox 2181 1532 2399 1587; x_wconf 89' lang='lat' dir='ltr'><strong>citando</strong></span> <span class='ocrx_word' id='word_1_209' title='bbox 2446 1535 2626 1589; x_wconf 86' lang='lat' dir='ltr'><strong>aiebat</strong></span> <span class='ocrx_word' id='word_1_210' title='bbox 2664 1537 2709 1567; x_wconf 82' lang='lat'><strong>&#39;°</strong></span> <span class='ocrx_word' id='word_1_211' title='bbox 2739 1555 2753 1592; x_wconf 92' lang='lat'><strong>:</strong></span> <span class='ocrx_word' id='word_1_212' title='bbox 2786 1556 2804 1586; x_wconf 74' lang='grc' dir='ltr'>ι</span> <span class='ocrx_word' id='word_1_213' title='bbox 2833 1534 3066 1602; x_wconf 85' lang='lat' dir='ltr'><strong>Quidam</strong></span> <span class='ocrx_word' id='word_1_214' title='bbox 3117 1535 3184 1589; x_wconf 89' lang='lat' dir='ltr'><strong>de</strong></span> <span class='ocrx_word' id='word_1_215' title='bbox 3229 1533 3435 1588; x_wconf 90' lang='lat' dir='ltr'><strong>nostris</strong></span> 
     </span>
    </p>
   </div>
   <div class='ocr_carea' id='block_1_31' title="bbox 1851 1624 3434 1698">
    <p class='ocr_par' dir='ltr' id='par_1_31' title="bbox 1851 1624 3434 1698">
     <span class='ocr_line' id='line_1_31' title="bbox 1851 1624 3434 1698; baseline 0.003 -22"><span class='ocrx_word' id='word_1_216' title='bbox 1851 1624 2009 1690; x_wconf 80' lang='lat' dir='ltr'><strong>dixit,</strong></span> <span class='ocrx_word' id='word_1_217' title='bbox 2055 1633 2274 1694; x_wconf 89' lang='lat' dir='ltr'><strong>propter</strong></span> <span class='ocrx_word' id='word_1_218' title='bbox 2308 1628 2632 1698; x_wconf 86' lang='lat' dir='ltr'><strong>martyrium</strong></span> <span class='ocrx_word' id='word_1_219' title='bbox 2682 1633 2738 1682; x_wconf 92' lang='lat' dir='ltr'><strong>in</strong></span> <span class='ocrx_word' id='word_1_220' title='bbox 2785 1627 2955 1682; x_wconf 84' lang='lat' dir='ltr'><strong>Deum</strong></span> <span class='ocrx_word' id='word_1_221' title='bbox 2986 1626 3332 1697; x_wconf 86' lang='lat' dir='ltr'><strong>adjudicatus</strong></span> <span class='ocrx_word' id='word_1_222' title='bbox 3363 1625 3434 1680; x_wconf 87' lang='lat' dir='ltr'><strong>ad</strong></span> 
     </span>
    </p>
   </div>
   <div class='ocr_carea' id='block_1_32' title="bbox 1851 1716 3378 1784">
    <p class='ocr_par' dir='ltr' id='par_1_32' title="bbox 1851 1716 3378 1784">
     <span class='ocr_line' id='line_1_32' title="bbox 1851 1716 3378 1784; baseline 0.005 -12"><span class='ocrx_word' id='word_1_223' title='bbox 1851 1716 2076 1784; x_wconf 84' lang='lat' dir='ltr'><strong>bestias,</strong></span> <span class='ocrx_word' id='word_1_224' title='bbox 2099 1737 2118 1771; x_wconf 68' lang='grc' dir='ltr'><strong>ι</strong></span> <span class='ocrx_word' id='word_1_225' title='bbox 2149 1729 2256 1774; x_wconf 91' lang='lat' dir='ltr'><strong>etc.</strong></span> <span class='ocrx_word' id='word_1_226' title='bbox 3373 1731 3378 1736; x_wconf 83' lang='lat'>&#39;</span> 
     </span>
    </p>
   </div>
   <div class='ocr_carea' id='block_1_33' title="bbox 153 1806 3432 1884">
    <p class='ocr_par' dir='ltr' id='par_1_33' title="bbox 153 1806 3432 1884">
     <span class='ocr_line' id='line_1_33' title="bbox 153 1806 3432 1884; baseline 0 -16"><span class='ocrx_word' id='word_1_227' title='bbox 153 1811 266 1866; x_wconf 80' lang='lat' dir='ltr'><strong>alio</strong></span> <span class='ocrx_word' id='word_1_228' title='bbox 312 1813 560 1880; x_wconf 87' lang='lat' dir='ltr'><strong>quodam</strong></span> <span class='ocrx_word' id='word_1_229' title='bbox 597 1812 804 1882; x_wconf 90' lang='lat' dir='ltr'><strong>scripto</strong></span> <span class='ocrx_word' id='word_1_230' title='bbox 832 1827 986 1884; x_wconf 81' lang='lat' dir='ltr'><strong>aeque</strong></span> <span class='ocrx_word' id='word_1_231' title='bbox 1020 1821 1256 1878; x_wconf 88' lang='lat' dir='ltr'><strong>vetusto,</strong></span> <span class='ocrx_word' id='word_1_232' title='bbox 1290 1829 1413 1884; x_wconf 82' lang='lat' dir='ltr'><strong>quae</strong></span> <span class='ocrx_word' id='word_1_233' title='bbox 1444 1814 1512 1869; x_wconf 94' lang='lat' dir='ltr'><strong>de</strong></span> <span class='ocrx_word' id='word_1_234' title='bbox 1543 1813 1751 1883; x_wconf 72' lang='lat' dir='ltr'><strong>lgnatio</strong></span> <span class='ocrx_word' id='word_1_235' title='bbox 1782 1807 1826 1864; x_wconf 84' lang='grc' dir='ltr'><strong>Β</strong></span> <span class='ocrx_word' id='word_1_236' title='bbox 1929 1806 2096 1880; x_wconf 87' lang='lat' dir='ltr'><strong>Urget</strong></span> <span class='ocrx_word' id='word_1_237' title='bbox 2143 1811 2343 1880; x_wconf 90' lang='lat' dir='ltr'><strong>adhuc,</strong></span> <span class='ocrx_word' id='word_1_238' title='bbox 2374 1821 2430 1867; x_wconf 89' lang='lat' dir='ltr'><strong>et</strong></span> <span class='ocrx_word' id='word_1_239' title='bbox 2464 1814 2649 1868; x_wconf 89' lang='lat' dir='ltr'><strong>acrius</strong></span> <span class='ocrx_word' id='word_1_240' title='bbox 2688 1813 2856 1868; x_wconf 86' lang='lat' dir='ltr'><strong>instat</strong></span> <span class='ocrx_word' id='word_1_241' title='bbox 2899 1812 3134 1869; x_wconf 74' lang='lat' dir='ltr'><strong>Dallteus</strong></span> <span class='ocrx_word' id='word_1_242' title='bbox 3167 1813 3432 1869; x_wconf 69' lang='lat' dir='ltr'><strong>Irenaaum</strong></span> 
     </span>
    </p>
   </div>
   <div class='ocr_carea' id='block_1_34' title="bbox 154 1904 1748 1978">
    <p class='ocr_par' dir='ltr' id='par_1_34' title="bbox 154 1904 1748 1978">
     <span class='ocr_line' id='line_1_34' title="bbox 154 1904 1748 1978; baseline 0.003 -22"><span class='ocrx_word' id='word_1_243' title='bbox 154 1913 381 1970; x_wconf 88' lang='lat' dir='ltr'><strong>narrat,</strong></span> <span class='ocrx_word' id='word_1_244' title='bbox 431 1905 838 1975; x_wconf 87' lang='lat' dir='ltr'><strong>deprompsisse</strong></span> <span class='ocrx_word' id='word_1_245' title='bbox 887 1904 1282 1978; x_wconf 77' lang='lat' dir='ltr'><strong>Hieronymum</strong></span> <span class='ocrx_word' id='word_1_246' title='bbox 1319 1914 1404 1960; x_wconf 87' lang='lat' dir='ltr'><strong>est</strong></span> <span class='ocrx_word' id='word_1_247' title='bbox 1454 1907 1748 1976; x_wconf 90' lang='lat' dir='ltr'><strong>plusquam</strong></span> 
     </span>
    </p>
   </div>
   <div class='ocr_carea' id='block_1_35' title="bbox 153 1995 1752 2071">
    <p class='ocr_par' dir='ltr' id='par_1_35' title="bbox 153 1995 1752 2071">
     <span class='ocr_line' id='line_1_35' title="bbox 153 1995 1752 2071; baseline 0.001 -19"><span class='ocrx_word' id='word_1_248' title='bbox 153 1995 482 2052; x_wconf 77' lang='lat' dir='ltr'><strong>verisimile.</strong></span> <span class='ocrx_word' id='word_1_249' title='bbox 511 2015 531 2048; x_wconf 75' lang='grc' dir='ltr'><strong><em>ι</em></strong></span> <span class='ocrx_word' id='word_1_250' title='bbox 571 1995 775 2053; x_wconf 79' lang='lat' dir='ltr'><strong>Verum</strong></span> <span class='ocrx_word' id='word_1_251' title='bbox 821 1996 1054 2053; x_wconf 67' lang='lat' dir='ltr'><strong>Dallaeus</strong></span> <span class='ocrx_word' id='word_1_252' title='bbox 1093 2013 1124 2052; x_wconf 91' lang='lat' dir='ltr'><strong>e</strong></span> <span class='ocrx_word' id='word_1_253' title='bbox 1156 1999 1436 2055; x_wconf 87' lang='lat' dir='ltr'><strong>contrario</strong></span> <span class='ocrx_word' id='word_1_254' title='bbox 1486 1997 1752 2071; x_wconf 78' lang='lat' dir='ltr'><strong>Hierony-</strong></span> 
     </span>
    </p>
   </div>
   <div class='ocr_carea' id='block_1_36' title="bbox 154 2089 1747 2162">
    <p class='ocr_par' dir='ltr' id='par_1_36' title="bbox 154 2089 1747 2162">
     <span class='ocr_line' id='line_1_36' title="bbox 154 2089 1747 2162; baseline 0.004 -23"><span class='ocrx_word' id='word_1_255' title='bbox 154 2102 309 2142; x_wconf 89' lang='lat' dir='ltr'><strong>mum</strong></span> <span class='ocrx_word' id='word_1_256' title='bbox 343 2103 528 2157; x_wconf 89' lang='lat' dir='ltr'><strong>ueque</strong></span> <span class='ocrx_word' id='word_1_257' title='bbox 559 2103 626 2144; x_wconf 91' lang='lat' dir='ltr'><strong>ex</strong></span> <span class='ocrx_word' id='word_1_258' title='bbox 651 2090 739 2145; x_wconf 89' lang='lat' dir='ltr'><strong>his</strong></span> <span class='ocrx_word' id='word_1_259' title='bbox 761 2089 933 2157; x_wconf 87' lang='lat' dir='ltr'><strong>Actis,</strong></span> <span class='ocrx_word' id='word_1_260' title='bbox 964 2105 1142 2161; x_wconf 87' lang='lat' dir='ltr'><strong>neque</strong></span> <span class='ocrx_word' id='word_1_261' title='bbox 1165 2106 1229 2144; x_wconf 85' lang='lat' dir='ltr'><strong>ex</strong></span> <span class='ocrx_word' id='word_1_262' title='bbox 1265 2091 1374 2145; x_wconf 88' lang='lat' dir='ltr'><strong>alio</strong></span> <span class='ocrx_word' id='word_1_263' title='bbox 1395 2093 1622 2162; x_wconf 90' lang='lat' dir='ltr'><strong>scripto,</strong></span> <span class='ocrx_word' id='word_1_264' title='bbox 1651 2091 1747 2146; x_wconf 92' lang='lat' dir='ltr'><strong>sed</strong></span> 
     </span>
    </p>
   </div>
   <div class='ocr_carea' id='block_1_37' title="bbox 151 2179 1747 2252">
    <p class='ocr_par' dir='ltr' id='par_1_37' title="bbox 151 2179 1747 2252">
     <span class='ocr_line' id='line_1_37' title="bbox 151 2179 1747 2252; baseline 0.004 -18"><span class='ocrx_word' id='word_1_265' title='bbox 151 2193 214 2234; x_wconf 80' lang='lat' dir='ltr'><strong>ex</strong></span> <span class='ocrx_word' id='word_1_266' title='bbox 239 2179 712 2236; x_wconf 82' lang='lat' dir='ltr'><strong>Eusebiotantum</strong></span> <span class='ocrx_word' id='word_1_267' title='bbox 733 2197 830 2240; x_wconf 90' lang='lat' dir='ltr'><strong>sua</strong></span> <span class='ocrx_word' id='word_1_268' title='bbox 860 2181 1237 2252; x_wconf 90' lang='lat' dir='ltr'><strong>desumpsisse</strong></span> <span class='ocrx_word' id='word_1_269' title='bbox 1267 2184 1566 2238; x_wconf 89' lang='lat' dir='ltr'><strong>asserebat.</strong></span> <span class='ocrx_word' id='word_1_270' title='bbox 1609 2183 1747 2240; x_wconf 83' lang='lat' dir='ltr'><strong>Nam</strong></span> 
     </span>
    </p>
   </div>
   <div class='ocr_carea' id='block_1_38' title="bbox 155 2270 1747 2348">
    <p class='ocr_par' dir='ltr' id='par_1_38' title="bbox 155 2270 1747 2348">
     <span class='ocr_line' id='line_1_38' title="bbox 155 2270 1747 2348; baseline 0.006 -25"><span class='ocrx_word' id='word_1_271' title='bbox 155 2289 177 2323; x_wconf 71' lang='grc' dir='ltr'>ι</span> <span class='ocrx_word' id='word_1_272' title='bbox 204 2270 461 2337; x_wconf 85' lang='lat' dir='ltr'><strong>Eusebii,</strong></span> <span class='ocrx_word' id='word_1_273' title='bbox 508 2273 688 2345; x_wconf 88' lang='lat' dir='ltr'><strong>inquit</strong></span> <span class='ocrx_word' id='word_1_274' title='bbox 716 2274 783 2342; x_wconf 77' lang='grc'><strong>⁸⁷,</strong></span> <span class='ocrx_word' id='word_1_275' title='bbox 808 2289 1002 2330; x_wconf 86' lang='lat' dir='ltr'><strong>omnes</strong></span> <span class='ocrx_word' id='word_1_276' title='bbox 1040 2273 1308 2344; x_wconf 89' lang='lat' dir='ltr'><strong>judicium</strong></span> <span class='ocrx_word' id='word_1_277' title='bbox 1328 2317 1343 2342; x_wconf 92' lang='lat'><strong>,</strong></span> <span class='ocrx_word' id='word_1_278' title='bbox 1380 2273 1747 2348; x_wconf 87' lang='lat' dir='ltr'><strong>Hieronymus</strong></span> 
     </span>
    </p>
   </div>
   <div class='ocr_carea' id='block_1_39' title="bbox 147 2362 1742 2437">
    <p class='ocr_par' dir='ltr' id='par_1_39' title="bbox 147 2362 1742 2437">
     <span class='ocr_line' id='line_1_39' title="bbox 147 2362 1742 2437; baseline 0.004 -20"><span class='ocrx_word' id='word_1_279' title='bbox 147 2362 320 2417; x_wconf 89' lang='lat' dir='ltr'><strong>etiam</strong></span> <span class='ocrx_word' id='word_1_280' title='bbox 357 2363 529 2417; x_wconf 89' lang='lat' dir='ltr'><strong>verba</strong></span> <span class='ocrx_word' id='word_1_281' title='bbox 565 2373 788 2418; x_wconf 92' lang='lat' dir='ltr'><strong>secutus</strong></span> <span class='ocrx_word' id='word_1_282' title='bbox 827 2374 936 2432; x_wconf 91' lang='lat' dir='ltr'><strong>est;</strong></span> <span class='ocrx_word' id='word_1_283' title='bbox 971 2374 1031 2420; x_wconf 93' lang='lat' dir='ltr'><strong>ut</strong></span> <span class='ocrx_word' id='word_1_284' title='bbox 1073 2365 1179 2421; x_wconf 87' lang='lat' dir='ltr'><strong>hoc</strong></span> <span class='ocrx_word' id='word_1_285' title='bbox 1220 2382 1329 2420; x_wconf 92' lang='lat' dir='ltr'><strong>non</strong></span> <span class='ocrx_word' id='word_1_286' title='bbox 1360 2375 1472 2421; x_wconf 84' lang='lat' dir='ltr'><strong>tam</strong></span> <span class='ocrx_word' id='word_1_287' title='bbox 1502 2368 1742 2437; x_wconf 90' lang='lat' dir='ltr'><strong>illorum,</strong></span> 
     </span>
    </p>
   </div>
   <div class='ocr_carea' id='block_1_40' title="bbox 150 2453 1738 2521">
    <p class='ocr_par' dir='ltr' id='par_1_40' title="bbox 150 2453 1738 2521">
     <span class='ocr_line' id='line_1_40' title="bbox 150 2453 1738 2521; baseline 0.004 -15"><span class='ocrx_word' id='word_1_288' title='bbox 150 2467 324 2521; x_wconf 89' lang='lat' dir='ltr'><strong>quam</strong></span> <span class='ocrx_word' id='word_1_289' title='bbox 357 2455 530 2509; x_wconf 88' lang='lat' dir='ltr'><strong>unius</strong></span> <span class='ocrx_word' id='word_1_290' title='bbox 564 2453 785 2510; x_wconf 79' lang='lat' dir='ltr'><strong>Eusebii</strong></span> <span class='ocrx_word' id='word_1_291' title='bbox 821 2456 1199 2512; x_wconf 90' lang='lat' dir='ltr'><strong>testimonium</strong></span> <span class='ocrx_word' id='word_1_292' title='bbox 1235 2459 1449 2513; x_wconf 91' lang='lat' dir='ltr'><strong>censeri</strong></span> <span class='ocrx_word' id='word_1_293' title='bbox 1479 2460 1695 2516; x_wconf 87' lang='lat' dir='ltr'><strong>debeat.</strong></span> <span class='ocrx_word' id='word_1_294' title='bbox 1719 2481 1738 2513; x_wconf 75' lang='grc' dir='ltr'><strong><em>ι</em></strong></span> 
     </span>
    </p>
   </div>
   <div class='ocr_carea' id='block_1_41' title="bbox 152 2543 1747 2622">
    <p class='ocr_par' dir='ltr' id='par_1_41' title="bbox 152 2543 1747 2622">
     <span class='ocr_line' id='line_1_41' title="bbox 152 2543 1747 2622; baseline 0.007 -24"><span class='ocrx_word' id='word_1_295' title='bbox 152 2543 378 2600; x_wconf 88' lang='lat' dir='ltr'><strong>Siccine</strong></span> <span class='ocrx_word' id='word_1_296' title='bbox 409 2561 542 2618; x_wconf 82' lang='lat' dir='ltr'><strong>ergo</strong></span> <span class='ocrx_word' id='word_1_297' title='bbox 567 2546 880 2602; x_wconf 80' lang='lat' dir='ltr'><strong>defenditur</strong></span> <span class='ocrx_word' id='word_1_298' title='bbox 903 2546 1160 2614; x_wconf 72' lang='lat' dir='ltr'><strong>Dallaeus,</strong></span> <span class='ocrx_word' id='word_1_299' title='bbox 1177 2565 1305 2604; x_wconf 91' lang='lat' dir='ltr'><strong>cum</strong></span> <span class='ocrx_word' id='word_1_300' title='bbox 1329 2551 1378 2606; x_wconf 91' lang='lat' dir='ltr'><strong>ei</strong></span> <span class='ocrx_word' id='word_1_301' title='bbox 1406 2562 1592 2622; x_wconf 91' lang='lat' dir='ltr'><strong>aperte</strong></span> <span class='ocrx_word' id='word_1_302' title='bbox 1613 2567 1747 2608; x_wconf 87' lang='lat' dir='ltr'><strong>con-</strong></span> 
     </span>
    </p>
   </div>
   <div class='ocr_carea' id='block_1_42' title="bbox 149 2635 1741 2711">
    <p class='ocr_par' dir='ltr' id='par_1_42' title="bbox 149 2635 1741 2711">
     <span class='ocr_line' id='line_1_42' title="bbox 149 2635 1741 2711; baseline 0.008 -25"><span class='ocrx_word' id='word_1_303' title='bbox 149 2635 484 2688; x_wconf 89' lang='lat' dir='ltr'><strong>tradicitur?</strong></span> <span class='ocrx_word' id='word_1_304' title='bbox 515 2635 658 2701; x_wconf 82' lang='lat' dir='ltr'><strong>Quid</strong></span> <span class='ocrx_word' id='word_1_305' title='bbox 688 2653 816 2692; x_wconf 77' lang='lat' dir='ltr'><strong>vero</strong></span> <span class='ocrx_word' id='word_1_306' title='bbox 853 2639 998 2708; x_wconf 91' lang='lat' dir='ltr'><strong>quod</strong></span> <span class='ocrx_word' id='word_1_307' title='bbox 1034 2639 1186 2694; x_wconf 90' lang='lat' dir='ltr'><strong>nulla</strong></span> <span class='ocrx_word' id='word_1_308' title='bbox 1210 2639 1338 2707; x_wconf 91' lang='lat' dir='ltr'><strong>alia,</strong></span> <span class='ocrx_word' id='word_1_309' title='bbox 1367 2643 1446 2697; x_wconf 91' lang='lat' dir='ltr'><strong>uti</strong></span> <span class='ocrx_word' id='word_1_310' title='bbox 1477 2642 1741 2711; x_wconf 82' lang='lat' dir='ltr'><strong>diximus,</strong></span> 
     </span>
    </p>
   </div>
   <div class='ocr_carea' id='block_1_43' title="bbox 149 2727 1746 2802">
    <p class='ocr_par' dir='ltr' id='par_1_43' title="bbox 149 2727 1746 2802">
     <span class='ocr_line' id='line_1_43' title="bbox 149 2727 1746 2802; baseline 0.008 -22"><span class='ocrx_word' id='word_1_311' title='bbox 149 2727 408 2799; x_wconf 87' lang='lat' dir='ltr'><strong>martyrii</strong></span> <span class='ocrx_word' id='word_1_312' title='bbox 452 2727 723 2800; x_wconf 85' lang='lat' dir='ltr'><strong>lgnatiaui</strong></span> <span class='ocrx_word' id='word_1_313' title='bbox 766 2732 920 2798; x_wconf 82' lang='lat' dir='ltr'><strong>Acta,</strong></span> <span class='ocrx_word' id='word_1_314' title='bbox 953 2746 1118 2802; x_wconf 89' lang='lat' dir='ltr'><strong>quam</strong></span> <span class='ocrx_word' id='word_1_315' title='bbox 1147 2749 1271 2802; x_wconf 72' lang='lat' dir='ltr'><strong>quae</strong></span> <span class='ocrx_word' id='word_1_316' title='bbox 1309 2733 1378 2788; x_wconf 92' lang='lat' dir='ltr'><strong>ab</strong></span> <span class='ocrx_word' id='word_1_317' title='bbox 1414 2733 1658 2798; x_wconf 89' lang='lat' dir='ltr'><strong>Usserio,</strong></span> <span class='ocrx_word' id='word_1_318' title='bbox 1689 2747 1746 2792; x_wconf 93' lang='lat' dir='ltr'><strong>et</strong></span> 
     </span>
    </p>
   </div>
   <div class='ocr_carea' id='block_1_44' title="bbox 149 2819 1745 2895">
    <p class='ocr_par' dir='ltr' id='par_1_44' title="bbox 149 2819 1745 2895">
     <span class='ocr_line' id='line_1_44' title="bbox 149 2819 1745 2895; baseline 0.006 -25"><span class='ocrx_word' id='word_1_319' title='bbox 149 2819 461 2874; x_wconf 89' lang='lat' dir='ltr'><strong>novissime</strong></span> <span class='ocrx_word' id='word_1_320' title='bbox 500 2834 532 2872; x_wconf 91' lang='lat' dir='ltr'><strong>a</strong></span> <span class='ocrx_word' id='word_1_321' title='bbox 565 2829 759 2874; x_wconf 88' lang='lat' dir='ltr'><strong>nostro</strong></span> <span class='ocrx_word' id='word_1_322' title='bbox 809 2819 1076 2877; x_wconf 83' lang='lat' dir='ltr'><strong>Ruiuarto</strong></span> <span class='ocrx_word' id='word_1_323' title='bbox 1121 2823 1268 2877; x_wconf 90' lang='lat' dir='ltr'><strong>edita</strong></span> <span class='ocrx_word' id='word_1_324' title='bbox 1318 2831 1467 2890; x_wconf 93' lang='lat' dir='ltr'><strong>sunt,</strong></span> <span class='ocrx_word' id='word_1_325' title='bbox 1499 2834 1745 2895; x_wconf 86' lang='lat' dir='ltr'><strong>tempore</strong></span> 
     </span>
    </p>
   </div>
   <div class='ocr_carea' id='block_1_45' title="bbox 148 2907 1742 2985">
    <p class='ocr_par' dir='ltr' id='par_1_45' title="bbox 148 2907 1742 2985">
     <span class='ocr_line' id='line_1_45' title="bbox 148 2907 1742 2985; baseline 0.006 -23"><span class='ocrx_word' id='word_1_326' title='bbox 148 2907 479 2980; x_wconf 80' lang='lat' dir='ltr'><strong>Hieronymi</strong></span> <span class='ocrx_word' id='word_1_327' title='bbox 513 2911 790 2965; x_wconf 75' lang='lat' dir='ltr'><strong>exstitisse</strong></span> <span class='ocrx_word' id='word_1_328' title='bbox 835 2921 1047 2967; x_wconf 91' lang='lat' dir='ltr'><strong>certum</strong></span> <span class='ocrx_word' id='word_1_329' title='bbox 1094 2913 1330 2968; x_wconf 90' lang='lat' dir='ltr'><strong>videtur.</strong></span> <span class='ocrx_word' id='word_1_330' title='bbox 1385 2914 1454 2970; x_wconf 85' lang='lat' dir='ltr'><strong>At</strong></span> <span class='ocrx_word' id='word_1_331' title='bbox 1497 2914 1742 2985; x_wconf 88' lang='lat' dir='ltr'><strong>profecto</strong></span> 
     </span>
    </p>
   </div>
   <div class='ocr_carea' id='block_1_46' title="bbox 147 3000 1743 3078">
    <p class='ocr_par' dir='ltr' id='par_1_46' title="bbox 147 3000 1743 3078">
     <span class='ocr_line' id='line_1_46' title="bbox 147 3000 1743 3078; baseline 0.004 -23"><span class='ocrx_word' id='word_1_332' title='bbox 147 3015 259 3055; x_wconf 90' lang='lat' dir='ltr'><strong>non</strong></span> <span class='ocrx_word' id='word_1_333' title='bbox 310 3001 364 3054; x_wconf 92' lang='lat' dir='ltr'><strong>in</strong></span> <span class='ocrx_word' id='word_1_334' title='bbox 407 3000 494 3068; x_wconf 85' lang='lat' dir='ltr'><strong>iis,</strong></span> <span class='ocrx_word' id='word_1_335' title='bbox 543 3004 638 3057; x_wconf 88' lang='lat' dir='ltr'><strong>sed</strong></span> <span class='ocrx_word' id='word_1_336' title='bbox 688 3004 744 3057; x_wconf 93' lang='lat' dir='ltr'><strong>in</strong></span> <span class='ocrx_word' id='word_1_337' title='bbox 781 3004 1056 3074; x_wconf 90' lang='lat' dir='ltr'><strong>corruptis</strong></span> <span class='ocrx_word' id='word_1_338' title='bbox 1096 3014 1305 3060; x_wconf 90' lang='lat' dir='ltr'><strong>tantum</strong></span> <span class='ocrx_word' id='word_1_339' title='bbox 1340 3005 1512 3071; x_wconf 89' lang='lat' dir='ltr'><strong>Actis,</strong></span> <span class='ocrx_word' id='word_1_340' title='bbox 1551 3006 1743 3078; x_wconf 88' lang='lat' dir='ltr'><strong>lgnatii</strong></span> 
     </span>
    </p>
   </div>
   <div class='ocr_carea' id='block_1_47' title="bbox 146 3093 1737 3167">
    <p class='ocr_par' dir='ltr' id='par_1_47' title="bbox 146 3093 1737 3167">
     <span class='ocr_line' id='line_1_47' title="bbox 146 3093 1737 3167; baseline 0.004 -19"><span class='ocrx_word' id='word_1_341' title='bbox 146 3094 430 3148; x_wconf 85' lang='lat' dir='ltr'><strong>sententia</strong></span> <span class='ocrx_word' id='word_1_342' title='bbox 470 3094 540 3148; x_wconf 90' lang='lat' dir='ltr'><strong>ab</strong></span> <span class='ocrx_word' id='word_1_343' title='bbox 578 3093 910 3167; x_wconf 89' lang='lat' dir='ltr'><strong>Hieronymo</strong></span> <span class='ocrx_word' id='word_1_344' title='bbox 939 3104 993 3151; x_wconf 90' lang='lat' dir='ltr'><strong>et</strong></span> <span class='ocrx_word' id='word_1_345' title='bbox 1024 3096 1230 3154; x_wconf 66' lang='lat' dir='ltr'><strong>lrenaeo</strong></span> <span class='ocrx_word' id='word_1_346' title='bbox 1269 3099 1433 3154; x_wconf 89' lang='lat' dir='ltr'><strong>citata</strong></span> <span class='ocrx_word' id='word_1_347' title='bbox 1476 3101 1737 3155; x_wconf 87' lang='lat' dir='ltr'><strong>occurrit.</strong></span> 
     </span>
    </p>
   </div>
   <div class='ocr_carea' id='block_1_48' title="bbox 148 3183 1739 3258">
    <p class='ocr_par' dir='ltr' id='par_1_48' title="bbox 148 3183 1739 3258">
     <span class='ocr_line' id='line_1_48' title="bbox 148 3183 1739 3258; baseline 0.004 -19"><span class='ocrx_word' id='word_1_348' title='bbox 148 3183 405 3255; x_wconf 83' lang='lat' dir='ltr'><strong>Denique</strong></span> <span class='ocrx_word' id='word_1_349' title='bbox 450 3186 597 3256; x_wconf 90' lang='lat' dir='ltr'><strong>quod</strong></span> <span class='ocrx_word' id='word_1_350' title='bbox 639 3189 889 3258; x_wconf 88' lang='lat' dir='ltr'><strong>egregius</strong></span> <span class='ocrx_word' id='word_1_351' title='bbox 925 3188 1015 3244; x_wconf 88' lang='lat' dir='ltr'><strong>ille</strong></span> <span class='ocrx_word' id='word_1_352' title='bbox 1049 3187 1236 3245; x_wconf 74' lang='lat' dir='ltr'><strong>Dalltei</strong></span> <span class='ocrx_word' id='word_1_353' title='bbox 1289 3190 1542 3246; x_wconf 88' lang='lat' dir='ltr'><strong>defensor</strong></span> <span class='ocrx_word' id='word_1_354' title='bbox 1570 3193 1739 3257; x_wconf 89' lang='lat' dir='ltr'><strong>addit,</strong></span> 
     </span>
    </p>
   </div>
   <div class='ocr_carea' id='block_1_49' title="bbox 147 3275 1744 3354">
    <p class='ocr_par' dir='ltr' id='par_1_49' title="bbox 147 3275 1744 3354">
     <span class='ocr_line' id='line_1_49' title="bbox 147 3275 1744 3354; baseline 0.006 -24"><span class='ocrx_word' id='word_1_355' title='bbox 147 3275 554 3349; x_wconf 72' lang='lat' dir='ltr'><strong>Hieronymum</strong></span> <span class='ocrx_word' id='word_1_356' title='bbox 587 3294 709 3332; x_wconf 90' lang='lat' dir='ltr'><strong>eam</strong></span> <span class='ocrx_word' id='word_1_357' title='bbox 750 3280 796 3334; x_wconf 87' lang='lat' dir='ltr'><strong>si</strong></span> <span class='ocrx_word' id='word_1_358' title='bbox 830 3296 938 3335; x_wconf 88' lang='lat' dir='ltr'><strong>non</strong></span> <span class='ocrx_word' id='word_1_359' title='bbox 975 3296 1042 3335; x_wconf 94' lang='lat' dir='ltr'><strong>ex</strong></span> <span class='ocrx_word' id='word_1_360' title='bbox 1083 3281 1263 3348; x_wconf 91' lang='lat' dir='ltr'><strong>Actis,</strong></span> <span class='ocrx_word' id='word_1_361' title='bbox 1291 3298 1358 3338; x_wconf 81' lang='lat' dir='ltr'><strong>ex</strong></span> <span class='ocrx_word' id='word_1_362' title='bbox 1397 3285 1505 3339; x_wconf 87' lang='lat' dir='ltr'><strong>alio</strong></span> <span class='ocrx_word' id='word_1_363' title='bbox 1535 3286 1744 3354; x_wconf 90' lang='lat' dir='ltr'><strong>scripto</strong></span> 
     </span>
    </p>
   </div>
   <div class='ocr_carea' id='block_1_50' title="bbox 141 3369 1743 3444">
    <p class='ocr_par' dir='ltr' id='par_1_50' title="bbox 141 3369 1743 3444">
     <span class='ocr_line' id='line_1_50' title="bbox 141 3369 1743 3444; baseline 0.004 -20"><span class='ocrx_word' id='word_1_364' title='bbox 141 3384 308 3442; x_wconf 64' lang='lat' dir='ltr'><strong>sque</strong></span> <span class='ocrx_word' id='word_1_365' title='bbox 345 3378 569 3423; x_wconf 87' lang='lat' dir='ltr'><strong>vetusto</strong></span> <span class='ocrx_word' id='word_1_366' title='bbox 593 3369 989 3440; x_wconf 90' lang='lat' dir='ltr'><strong>desumpsisse,</strong></span> <span class='ocrx_word' id='word_1_367' title='bbox 1017 3372 1122 3426; x_wconf 89' lang='lat' dir='ltr'><strong>hoc</strong></span> <span class='ocrx_word' id='word_1_368' title='bbox 1141 3380 1196 3426; x_wconf 89' lang='lat' dir='ltr'><strong>et</strong></span> <span class='ocrx_word' id='word_1_369' title='bbox 1230 3371 1449 3440; x_wconf 69' lang='lat' dir='ltr'><strong>Dallaeo,</strong></span> <span class='ocrx_word' id='word_1_370' title='bbox 1483 3383 1542 3428; x_wconf 92' lang='lat' dir='ltr'><strong>ut</strong></span> <span class='ocrx_word' id='word_1_371' title='bbox 1579 3377 1743 3444; x_wconf 83' lang='lat' dir='ltr'><strong>paulo</strong></span> 
     </span>
    </p>
   </div>
   <div class='ocr_carea' id='block_1_51' title="bbox 143 3462 1740 3535">
    <p class='ocr_par' dir='ltr' id='par_1_51' title="bbox 143 3462 1740 3535">
     <span class='ocr_line' id='line_1_51' title="bbox 143 3462 1740 3535; baseline 0.003 -16"><span class='ocrx_word' id='word_1_372' title='bbox 143 3476 274 3519; x_wconf 74' lang='lat' dir='ltr'><strong>ante</strong></span> <span class='ocrx_word' id='word_1_373' title='bbox 329 3462 609 3529; x_wconf 80' lang='lat' dir='ltr'><strong>diximus,</strong></span> <span class='ocrx_word' id='word_1_374' title='bbox 644 3463 971 3532; x_wconf 89' lang='lat' dir='ltr'><strong>opponitur,</strong></span> <span class='ocrx_word' id='word_1_375' title='bbox 1004 3472 1060 3518; x_wconf 95' lang='lat' dir='ltr'><strong>et</strong></span> <span class='ocrx_word' id='word_1_376' title='bbox 1106 3465 1280 3535; x_wconf 89' lang='lat' dir='ltr'><strong>gratis</strong></span> <span class='ocrx_word' id='word_1_377' title='bbox 1322 3466 1391 3520; x_wconf 90' lang='lat' dir='ltr'><strong>ab</strong></span> <span class='ocrx_word' id='word_1_378' title='bbox 1424 3467 1518 3521; x_wconf 81' lang='lat' dir='ltr'><strong>ilio</strong></span> <span class='ocrx_word' id='word_1_379' title='bbox 1554 3467 1740 3523; x_wconf 82' lang='lat' dir='ltr'><strong>fictum</strong></span> 
     </span>
    </p>
   </div>
   <div class='ocr_carea' id='block_1_52' title="bbox 143 3554 1740 3627">
    <p class='ocr_par' dir='ltr' id='par_1_52' title="bbox 143 3554 1740 3627">
     <span class='ocr_line' id='line_1_52' title="bbox 143 3554 1740 3627; baseline 0.002 -14"><span class='ocrx_word' id='word_1_380' title='bbox 143 3570 250 3613; x_wconf 90' lang='lat' dir='ltr'><strong>est.</strong></span> <span class='ocrx_word' id='word_1_381' title='bbox 285 3554 483 3626; x_wconf 79' lang='lat' dir='ltr'><strong>Neque</strong></span> <span class='ocrx_word' id='word_1_382' title='bbox 513 3555 661 3610; x_wconf 89' lang='lat' dir='ltr'><strong>enim</strong></span> <span class='ocrx_word' id='word_1_383' title='bbox 703 3555 924 3625; x_wconf 85' lang='lat' dir='ltr'><strong>aliquod</strong></span> <span class='ocrx_word' id='word_1_384' title='bbox 966 3558 1036 3611; x_wconf 91' lang='lat' dir='ltr'><strong>ab</strong></span> <span class='ocrx_word' id='word_1_385' title='bbox 1077 3557 1199 3627; x_wconf 91' lang='lat' dir='ltr'><strong>ipso</strong></span> <span class='ocrx_word' id='word_1_386' title='bbox 1246 3568 1341 3614; x_wconf 91' lang='lat' dir='ltr'><strong>aut</strong></span> <span class='ocrx_word' id='word_1_387' title='bbox 1376 3560 1447 3614; x_wconf 90' lang='lat' dir='ltr'><strong>ab</strong></span> <span class='ocrx_word' id='word_1_388' title='bbox 1488 3561 1598 3616; x_wconf 92' lang='lat' dir='ltr'><strong>ullo</strong></span> <span class='ocrx_word' id='word_1_389' title='bbox 1632 3578 1740 3616; x_wconf 83' lang='lat' dir='ltr'><strong>un-</strong></span> 
     </span>
    </p>
   </div>
   <div class='ocr_carea' id='block_1_53' title="bbox 145 3647 1735 3722">
    <p class='ocr_par' dir='ltr' id='par_1_53' title="bbox 145 3647 1735 3722">
     <span class='ocr_line' id='line_1_53' title="bbox 145 3647 1735 3722; baseline 0.002 -18"><span class='ocrx_word' id='word_1_390' title='bbox 145 3665 318 3720; x_wconf 89' lang='lat' dir='ltr'><strong>quam</strong></span> <span class='ocrx_word' id='word_1_391' title='bbox 361 3649 477 3702; x_wconf 90' lang='lat' dir='ltr'><strong>alio</strong></span> <span class='ocrx_word' id='word_1_392' title='bbox 519 3647 744 3706; x_wconf 87' lang='lat' dir='ltr'><strong>homine</strong></span> <span class='ocrx_word' id='word_1_393' title='bbox 796 3649 1063 3718; x_wconf 84' lang='lat' dir='ltr'><strong>scripturn</strong></span> <span class='ocrx_word' id='word_1_394' title='bbox 1109 3651 1380 3722; x_wconf 89' lang='lat' dir='ltr'><strong>assignari</strong></span> <span class='ocrx_word' id='word_1_395' title='bbox 1415 3653 1638 3722; x_wconf 87' lang='lat' dir='ltr'><strong>poterit,</strong></span> <span class='ocrx_word' id='word_1_396' title='bbox 1681 3653 1735 3707; x_wconf 92' lang='lat' dir='ltr'><strong>in</strong></span> 
     </span>
    </p>
   </div>
   <div class='ocr_carea' id='block_1_54' title="bbox 145 3741 1738 3816">
    <p class='ocr_par' dir='ltr' id='par_1_54' title="bbox 145 3741 1738 3816">
     <span class='ocr_line' id='line_1_54' title="bbox 145 3741 1738 3816; baseline 0.003 -21"><span class='ocrx_word' id='word_1_397' title='bbox 145 3758 258 3812; x_wconf 91' lang='lat' dir='ltr'><strong>quo</strong></span> <span class='ocrx_word' id='word_1_398' title='bbox 291 3743 411 3796; x_wconf 75' lang='lat' dir='ltr'><strong>hzec</strong></span> <span class='ocrx_word' id='word_1_399' title='bbox 445 3742 657 3812; x_wconf 89' lang='lat' dir='ltr'><strong>legatur</strong></span> <span class='ocrx_word' id='word_1_400' title='bbox 690 3741 887 3812; x_wconf 87' lang='lat' dir='ltr'><strong>lgnatii</strong></span> <span class='ocrx_word' id='word_1_401' title='bbox 923 3745 1190 3797; x_wconf 90' lang='lat' dir='ltr'><strong>sententia</strong></span> <span class='ocrx_word' id='word_1_402' title='bbox 1224 3762 1238 3797; x_wconf 92' lang='lat'>:</span> <span class='ocrx_word' id='word_1_403' title='bbox 1271 3759 1372 3800; x_wconf 90' lang='lat' dir='ltr'><strong>nos</strong></span> <span class='ocrx_word' id='word_1_404' title='bbox 1403 3754 1587 3800; x_wconf 89' lang='lat' dir='ltr'><strong>autem</strong></span> <span class='ocrx_word' id='word_1_405' title='bbox 1621 3747 1738 3816; x_wconf 75' lang='lat' dir='ltr'><strong>epi~</strong></span> 
     </span>
    </p>
   </div>
   <div class='ocr_carea' id='block_1_55' title="bbox 152 3833 1736 3908">
    <p class='ocr_par' dir='ltr' id='par_1_55' title="bbox 152 3833 1736 3908">
     <span class='ocr_line' id='line_1_55' title="bbox 152 3833 1736 3908; baseline 0.002 -18"><span class='ocrx_word' id='word_1_406' title='bbox 152 3836 356 3890; x_wconf 82' lang='lat' dir='ltr'><strong>stolam</strong></span> <span class='ocrx_word' id='word_1_407' title='bbox 413 3835 481 3888; x_wconf 91' lang='lat' dir='ltr'><strong>ad</strong></span> <span class='ocrx_word' id='word_1_408' title='bbox 538 3833 849 3900; x_wconf 73' lang='lat' dir='ltr'><strong>Romanos,</strong></span> <span class='ocrx_word' id='word_1_409' title='bbox 919 3835 1041 3905; x_wconf 86' lang='lat' dir='ltr'><strong>ejus</strong></span> <span class='ocrx_word' id='word_1_410' title='bbox 1106 3837 1328 3892; x_wconf 88' lang='lat' dir='ltr'><strong>nomine</strong></span> <span class='ocrx_word' id='word_1_411' title='bbox 1382 3837 1736 3908; x_wconf 84' lang='lat' dir='ltr'><strong>inscriptam,</strong></span> 
     </span>
    </p>
   </div>
   <div class='ocr_carea' id='block_1_56' title="bbox 149 3926 1739 3996">
    <p class='ocr_par' dir='ltr' id='par_1_56' title="bbox 149 3926 1739 3996">
     <span class='ocr_line' id='line_1_56' title="bbox 149 3926 1739 3996; baseline 0.004 -16"><span class='ocrx_word' id='word_1_412' title='bbox 149 3927 551 3996; x_wconf 86' lang='lat' dir='ltr'><strong>producimus,</strong></span> <span class='ocrx_word' id='word_1_413' title='bbox 603 3926 698 3981; x_wconf 90' lang='lat' dir='ltr'><strong>ubi</strong></span> <span class='ocrx_word' id='word_1_414' title='bbox 752 3926 844 3980; x_wconf 89' lang='lat' dir='ltr'><strong>illa</strong></span> <span class='ocrx_word' id='word_1_415' title='bbox 901 3926 969 3981; x_wconf 91' lang='lat' dir='ltr'><strong>de</strong></span> <span class='ocrx_word' id='word_1_416' title='bbox 1029 3928 1196 3982; x_wconf 86' lang='lat' dir='ltr'><strong>verbo</strong></span> <span class='ocrx_word' id='word_1_417' title='bbox 1254 3928 1322 3983; x_wconf 91' lang='lat' dir='ltr'><strong>ad</strong></span> <span class='ocrx_word' id='word_1_418' title='bbox 1365 3929 1590 3984; x_wconf 83' lang='lat' dir='ltr'><strong>verbum</strong></span> <span class='ocrx_word' id='word_1_419' title='bbox 1650 3946 1739 3988; x_wconf 87' lang='lat' dir='ltr'><strong>re-</strong></span> 
     </span>
    </p>
   </div>
   <div class='ocr_carea' id='block_1_57' title="bbox 148 4021 381 4091">
    <p class='ocr_par' dir='ltr' id='par_1_57' title="bbox 148 4021 381 4091">
     <span class='ocr_line' id='line_1_57' title="bbox 148 4021 381 4091; baseline -0.013 -16"><span class='ocrx_word' id='word_1_420' title='bbox 148 4021 381 4091; x_wconf 87' lang='lat' dir='ltr'><strong>peritur.</strong></span> 
     </span>
    </p>
   </div>
   <div class='ocr_carea' id='block_1_58' title="bbox 254 4109 1626 4187">
    <p class='ocr_par' dir='ltr' id='par_1_58' title="bbox 254 4109 1626 4187">
     <span class='ocr_line' id='line_1_58' title="bbox 254 4109 1626 4187; baseline 0.002 -21"><span class='ocrx_word' id='word_1_421' title='bbox 254 4113 286 4187; x_wconf 63' lang='grc' dir='ltr'>ς</span> <span class='ocrx_word' id='word_1_422' title='bbox 321 4110 415 4166; x_wconf 89' lang='grc'><strong>111.</strong></span> <span class='ocrx_word' id='word_1_423' title='bbox 445 4110 683 4181; x_wconf 70' lang='lat' dir='ltr'><strong>Reliquae</strong></span> <span class='ocrx_word' id='word_1_424' title='bbox 706 4109 906 4166; x_wconf 67' lang='lat' dir='ltr'><strong>Baliari</strong></span> <span class='ocrx_word' id='word_1_425' title='bbox 933 4112 1260 4182; x_wconf 78' lang='lat' dir='ltr'><strong>exceptiones</strong></span> <span class='ocrx_word' id='word_1_426' title='bbox 1289 4113 1626 4184; x_wconf 79' lang='lat' dir='ltr'><strong>refelluntur.</strong></span> 
     </span>
    </p>
   </div>
   <div class='ocr_carea' id='block_1_59' title="bbox 213 4207 1736 4280">
    <p class='ocr_par' dir='ltr' id='par_1_59' title="bbox 213 4207 1736 4280">
     <span class='ocr_line' id='line_1_59' title="bbox 213 4207 1736 4280; baseline 0.001 -18"><span class='ocrx_word' id='word_1_427' title='bbox 213 4209 429 4263; x_wconf 83' lang='lat' dir='ltr'><strong>Eadem</strong></span> <span class='ocrx_word' id='word_1_428' title='bbox 484 4209 674 4278; x_wconf 90' lang='lat' dir='ltr'><strong>itaque</strong></span> <span class='ocrx_word' id='word_1_429' title='bbox 725 4208 937 4262; x_wconf 89' lang='lat' dir='ltr'><strong>ratione</strong></span> <span class='ocrx_word' id='word_1_430' title='bbox 994 4208 1050 4262; x_wconf 91' lang='lat' dir='ltr'><strong>id</strong></span> <span class='ocrx_word' id='word_1_431' title='bbox 1102 4207 1376 4263; x_wconf 81' lang='lat' dir='ltr'><strong>refellitur</strong></span> <span class='ocrx_word' id='word_1_432' title='bbox 1407 4211 1556 4280; x_wconf 91' lang='lat' dir='ltr'><strong>quod</strong></span> <span class='ocrx_word' id='word_1_433' title='bbox 1602 4211 1736 4266; x_wconf 91' lang='lat' dir='ltr'><strong>dicit</strong></span> 
     </span>
    </p>
   </div>
   <div class='ocr_carea' id='block_1_60' title="bbox 147 4298 1734 4372">
    <p class='ocr_par' dir='ltr' id='par_1_60' title="bbox 147 4298 1734 4372">
     <span class='ocr_line' id='line_1_60' title="bbox 147 4298 1734 4372; baseline 0.001 -17"><span class='ocrx_word' id='word_1_434' title='bbox 147 4301 386 4358; x_wconf 74' lang='lat' dir='ltr'><strong>Dallzeus</strong></span> <span class='ocrx_word' id='word_1_435' title='bbox 410 4302 459 4334; x_wconf 75' lang='grc'>⁸⁸</span> <span class='ocrx_word' id='word_1_436' title='bbox 483 4321 496 4357; x_wconf 92' lang='lat'><strong>:</strong></span> <span class='ocrx_word' id='word_1_437' title='bbox 521 4319 542 4352; x_wconf 74' lang='grc' dir='ltr'><strong><em>ι</em></strong></span> <span class='ocrx_word' id='word_1_438' title='bbox 565 4298 770 4356; x_wconf 88' lang='lat' dir='ltr'><strong>Omnes</strong></span> <span class='ocrx_word' id='word_1_439' title='bbox 783 4299 970 4356; x_wconf 90' lang='lat' dir='ltr'><strong>vident</strong></span> <span class='ocrx_word' id='word_1_440' title='bbox 987 4298 1141 4356; x_wconf 84' lang='lat' dir='ltr'><strong>facile</strong></span> <span class='ocrx_word' id='word_1_441' title='bbox 1167 4301 1285 4357; x_wconf 80' lang='lat' dir='ltr'><strong>fieri</strong></span> <span class='ocrx_word' id='word_1_442' title='bbox 1314 4303 1576 4372; x_wconf 91' lang='lat' dir='ltr'><strong>potuisse,</strong></span> <span class='ocrx_word' id='word_1_443' title='bbox 1602 4313 1654 4357; x_wconf 92' lang='lat' dir='ltr'><strong>ut</strong></span> <span class='ocrx_word' id='word_1_444' title='bbox 1687 4303 1734 4357; x_wconf 86' lang='lat' dir='ltr'><strong>si</strong></span> 
     </span>
    </p>
   </div>
   <div class='ocr_carea' id='block_1_61' title="bbox 147 4393 1728 4468">
    <p class='ocr_par' dir='ltr' id='par_1_61' title="bbox 147 4393 1728 4468">
     <span class='ocr_line' id='line_1_61' title="bbox 147 4393 1728 4468; baseline 0.001 -18"><span class='ocrx_word' id='word_1_445' title='bbox 147 4395 292 4466; x_wconf 91' lang='lat' dir='ltr'><strong>quod</strong></span> <span class='ocrx_word' id='word_1_446' title='bbox 321 4394 602 4467; x_wconf 89' lang='lat' dir='ltr'><strong>ejusmodi</strong></span> <span class='ocrx_word' id='word_1_447' title='bbox 631 4393 894 4464; x_wconf 88' lang='lat' dir='ltr'><strong>scriptum</strong></span> <span class='ocrx_word' id='word_1_448' title='bbox 915 4394 1172 4450; x_wconf 86' lang='lat' dir='ltr'><strong>edidisset</strong></span> <span class='ocrx_word' id='word_1_449' title='bbox 1201 4394 1471 4466; x_wconf 85' lang='lat' dir='ltr'><strong>lgnatius;</strong></span> <span class='ocrx_word' id='word_1_450' title='bbox 1495 4415 1514 4448; x_wconf 85' lang='grc'><strong>›</strong></span> <span class='ocrx_word' id='word_1_451' title='bbox 1543 4399 1595 4451; x_wconf 91' lang='lat' dir='ltr'><strong>in</strong></span> <span class='ocrx_word' id='word_1_452' title='bbox 1618 4413 1728 4468; x_wconf 91' lang='lat' dir='ltr'><strong>quo</strong></span> 
     </span>
    </p>
   </div>
   <div class='ocr_carea' id='block_1_62' title="bbox 1853 1899 3434 1974">
    <p class='ocr_par' dir='ltr' id='par_1_62' title="bbox 1853 1899 3434 1974">
     <span class='ocr_line' id='line_1_62' title="bbox 1853 1899 3434 1974; baseline 0.006 -21"><span class='ocrx_word' id='word_1_453' title='bbox 1853 1899 1997 1957; x_wconf 90' lang='lat' dir='ltr'><strong>hanc</strong></span> <span class='ocrx_word' id='word_1_454' title='bbox 2041 1901 2235 1972; x_wconf 82' lang='lat' dir='ltr'><strong>lgnatii</strong></span> <span class='ocrx_word' id='word_1_455' title='bbox 2287 1905 2616 1959; x_wconf 88' lang='lat' dir='ltr'><strong>sententiam</strong></span> <span class='ocrx_word' id='word_1_456' title='bbox 2651 1920 2718 1959; x_wconf 93' lang='lat' dir='ltr'><strong>ex</strong></span> <span class='ocrx_word' id='word_1_457' title='bbox 2759 1906 2988 1974; x_wconf 90' lang='lat' dir='ltr'><strong>epistola</strong></span> <span class='ocrx_word' id='word_1_458' title='bbox 3039 1906 3106 1960; x_wconf 90' lang='lat' dir='ltr'><strong>ad</strong></span> <span class='ocrx_word' id='word_1_459' title='bbox 3155 1905 3434 1962; x_wconf 77' lang='lat' dir='ltr'><strong>Romanos</strong></span> 
     </span>
    </p>
   </div>
   <div class='ocr_carea' id='block_1_63' title="bbox 1850 1993 3433 2068">
    <p class='ocr_par' dir='ltr' id='par_1_63' title="bbox 1850 1993 3433 2068">
     <span class='ocr_line' id='line_1_63' title="bbox 1850 1993 3433 2068; baseline 0.004 -22"><span class='ocrx_word' id='word_1_460' title='bbox 1850 2007 1958 2047; x_wconf 89' lang='lat' dir='ltr'><strong>non</strong></span> <span class='ocrx_word' id='word_1_461' title='bbox 1989 1993 2171 2048; x_wconf 91' lang='lat' dir='ltr'><strong>solum</strong></span> <span class='ocrx_word' id='word_1_462' title='bbox 2210 2009 2320 2049; x_wconf 92' lang='lat' dir='ltr'><strong>non</strong></span> <span class='ocrx_word' id='word_1_463' title='bbox 2367 1997 2692 2066; x_wconf 87' lang='lat' dir='ltr'><strong>sumpsisse,</strong></span> <span class='ocrx_word' id='word_1_464' title='bbox 2725 1997 2820 2052; x_wconf 88' lang='lat' dir='ltr'><strong>sed</strong></span> <span class='ocrx_word' id='word_1_465' title='bbox 2862 2012 3041 2067; x_wconf 89' lang='lat' dir='ltr'><strong>neque</strong></span> <span class='ocrx_word' id='word_1_466' title='bbox 3083 2013 3300 2052; x_wconf 84' lang='lat' dir='ltr'><strong>sumere</strong></span> <span class='ocrx_word' id='word_1_467' title='bbox 3331 2013 3433 2068; x_wconf 81' lang='lat' dir='ltr'><strong>po-</strong></span> 
     </span>
    </p>
   </div>
   <div class='ocr_carea' id='block_1_64' title="bbox 1849 2083 3434 2157">
    <p class='ocr_par' dir='ltr' id='par_1_64' title="bbox 1849 2083 3434 2157">
     <span class='ocr_line' id='line_1_64' title="bbox 1849 2083 3434 2157; baseline 0.005 -21"><span class='ocrx_word' id='word_1_468' title='bbox 1849 2083 2040 2138; x_wconf 91' lang='lat' dir='ltr'><strong>tuisse.</strong></span> <span class='ocrx_word' id='word_1_469' title='bbox 2076 2083 2262 2155; x_wconf 82' lang='lat' dir='ltr'><strong>Neque</strong></span> <span class='ocrx_word' id='word_1_470' title='bbox 2296 2085 2349 2140; x_wconf 94' lang='lat' dir='ltr'><strong>id</strong></span> <span class='ocrx_word' id='word_1_471' title='bbox 2385 2086 2475 2140; x_wconf 91' lang='lat' dir='ltr'><strong>ille</strong></span> <span class='ocrx_word' id='word_1_472' title='bbox 2503 2086 2746 2156; x_wconf 90' lang='lat' dir='ltr'><strong>quolibet</strong></span> <span class='ocrx_word' id='word_1_473' title='bbox 2778 2097 3128 2157; x_wconf 89' lang='lat' dir='ltr'><strong>argumento,</strong></span> <span class='ocrx_word' id='word_1_474' title='bbox 3157 2089 3252 2142; x_wconf 90' lang='lat' dir='ltr'><strong>sed</strong></span> <span class='ocrx_word' id='word_1_475' title='bbox 3285 2088 3434 2144; x_wconf 88' lang='lat' dir='ltr'><strong>clara</strong></span> 
     </span>
    </p>
   </div>
   <div class='ocr_carea' id='block_1_65' title="bbox 1847 2173 3430 2247">
    <p class='ocr_par' dir='ltr' id='par_1_65' title="bbox 1847 2173 3430 2247">
     <span class='ocr_line' id='line_1_65' title="bbox 1847 2173 3430 2247; baseline 0.007 -22"><span class='ocrx_word' id='word_1_476' title='bbox 1847 2181 1902 2226; x_wconf 90' lang='lat' dir='ltr'><strong>et</strong></span> <span class='ocrx_word' id='word_1_477' title='bbox 1945 2173 2666 2231; x_wconf 72' lang='lat' dir='ltr'><strong>invicta~demonstratioue</strong></span> <span class='ocrx_word' id='word_1_478' title='bbox 2715 2193 2775 2232; x_wconf 89' lang='lat' dir='ltr'><strong>se</strong></span> <span class='ocrx_word' id='word_1_479' title='bbox 2826 2178 3062 2247; x_wconf 90' lang='lat' dir='ltr'><strong>probare</strong></span> <span class='ocrx_word' id='word_1_480' title='bbox 3111 2180 3430 2236; x_wconf 87' lang='lat' dir='ltr'><strong>arbitratur.</strong></span> 
     </span>
    </p>
   </div>
   <div class='ocr_carea' id='block_1_66' title="bbox 1847 2262 3433 2339">
    <p class='ocr_par' dir='ltr' id='par_1_66' title="bbox 1847 2262 3433 2339">
     <span class='ocr_line' id='line_1_66' title="bbox 1847 2262 3433 2339; baseline 0.003 -20"><span class='ocrx_word' id='word_1_481' title='bbox 1847 2262 1974 2320; x_wconf 68' lang='lat' dir='ltr'><strong>Haec</strong></span> <span class='ocrx_word' id='word_1_482' title='bbox 2017 2275 2200 2320; x_wconf 89' lang='lat' dir='ltr'><strong>autem</strong></span> <span class='ocrx_word' id='word_1_483' title='bbox 2243 2267 2444 2322; x_wconf 88' lang='lat' dir='ltr'><strong>invicta</strong></span> <span class='ocrx_word' id='word_1_484' title='bbox 2496 2267 2916 2336; x_wconf 88' lang='lat' dir='ltr'><strong>demonstratio,</strong></span> <span class='ocrx_word' id='word_1_485' title='bbox 2956 2285 3024 2324; x_wconf 90' lang='lat' dir='ltr'><strong>ne</strong></span> <span class='ocrx_word' id='word_1_486' title='bbox 3055 2271 3189 2339; x_wconf 88' lang='lat' dir='ltr'><strong>quid</strong></span> <span class='ocrx_word' id='word_1_487' title='bbox 3231 2269 3433 2324; x_wconf 89' lang='lat' dir='ltr'><strong>virium</strong></span> 
     </span>
    </p>
   </div>
   <div class='ocr_carea' id='block_1_67' title="bbox 1847 2361 3434 2433">
    <p class='ocr_par' dir='ltr' id='par_1_67' title="bbox 1847 2361 3434 2433">
     <span class='ocr_line' id='line_1_67' title="bbox 1847 2361 3434 2433; baseline 0.001 -19"><span class='ocrx_word' id='word_1_488' title='bbox 1847 2373 2073 2414; x_wconf 90' lang='lat' dir='ltr'><strong>suarum</strong></span> <span class='ocrx_word' id='word_1_489' title='bbox 2098 2361 2330 2427; x_wconf 88' lang='lat' dir='ltr'><strong>amittat,</strong></span> <span class='ocrx_word' id='word_1_490' title='bbox 2350 2361 2594 2431; x_wconf 91' lang='lat' dir='ltr'><strong>ejusdem</strong></span> <span class='ocrx_word' id='word_1_491' title='bbox 2624 2362 2804 2418; x_wconf 83' lang='lat' dir='ltr'><strong>verbis</strong></span> <span class='ocrx_word' id='word_1_492' title='bbox 2831 2363 3185 2433; x_wconf 89' lang='lat' dir='ltr'><strong>proponenda</strong></span> <span class='ocrx_word' id='word_1_493' title='bbox 3209 2374 3314 2418; x_wconf 81' lang='lat' dir='ltr'><strong>est.</strong></span> <span class='ocrx_word' id='word_1_494' title='bbox 3343 2363 3434 2415; x_wconf 88' lang='lat' dir='ltr'><strong>Ait</strong></span> 
     </span>
    </p>
   </div>
   <div class='ocr_carea' id='block_1_68' title="bbox 1845 2450 3434 2527">
    <p class='ocr_par' dir='ltr' id='par_1_68' title="bbox 1845 2450 3434 2527">
     <span class='ocr_line' id='line_1_68' title="bbox 1845 2450 3434 2527; baseline 0.003 -21"><span class='ocrx_word' id='word_1_495' title='bbox 1845 2450 2032 2522; x_wconf 87' lang='lat' dir='ltr'><strong>itaque</strong></span> <span class='ocrx_word' id='word_1_496' title='bbox 2059 2455 2102 2485; x_wconf 86' lang='lat'><strong>&#39;”</strong></span> <span class='ocrx_word' id='word_1_497' title='bbox 2135 2471 2328 2510; x_wconf 90' lang='lat' dir='ltr'><strong>omnes</strong></span> <span class='ocrx_word' id='word_1_498' title='bbox 2367 2469 2508 2524; x_wconf 89' lang='lat' dir='ltr'><strong>quas</strong></span> <span class='ocrx_word' id='word_1_499' title='bbox 2540 2456 2781 2510; x_wconf 77' lang='lat' dir='ltr'><strong>diximus</strong></span> <span class='ocrx_word' id='word_1_500' title='bbox 2827 2471 2949 2512; x_wconf 89' lang='lat' dir='ltr'><strong>esse</strong></span> <span class='ocrx_word' id='word_1_501' title='bbox 2995 2455 3186 2527; x_wconf 86' lang='lat' dir='ltr'><strong>lgnatii</strong></span> <span class='ocrx_word' id='word_1_502' title='bbox 3229 2457 3434 2527; x_wconf 88' lang='lat' dir='ltr'><strong>episto-</strong></span> 
     </span>
    </p>
   </div>
   <div class='ocr_carea' id='block_1_69' title="bbox 1845 2544 3436 2620">
    <p class='ocr_par' dir='ltr' id='par_1_69' title="bbox 1845 2544 3436 2620">
     <span class='ocr_line' id='line_1_69' title="bbox 1845 2544 3436 2620; baseline 0.003 -22"><span class='ocrx_word' id='word_1_503' title='bbox 1845 2544 1966 2599; x_wconf 87' lang='lat' dir='ltr'><strong>las:</strong></span> <span class='ocrx_word' id='word_1_504' title='bbox 1992 2563 2013 2597; x_wconf 75' lang='grc' dir='ltr'>ι</span> <span class='ocrx_word' id='word_1_505' title='bbox 2047 2544 2252 2604; x_wconf 63' lang='grc' dir='ltr'><strong>Ιτθηωο</strong></span> <span class='ocrx_word' id='word_1_506' title='bbox 2283 2549 2445 2618; x_wconf 89' lang='lat' dir='ltr'><strong>plane</strong></span> <span class='ocrx_word' id='word_1_507' title='bbox 2480 2549 2697 2620; x_wconf 88' lang='lat' dir='ltr'><strong>ignotas</strong></span> <span class='ocrx_word' id='word_1_508' title='bbox 2729 2549 2918 2604; x_wconf 87' lang='lat' dir='ltr'><strong>luisse.</strong></span> <span class='ocrx_word' id='word_1_509' title='bbox 2951 2549 3196 2615; x_wconf 90' lang='lat' dir='ltr'><strong>Quarum</strong></span> <span class='ocrx_word' id='word_1_510' title='bbox 3227 2551 3436 2604; x_wconf 86' lang='lat' dir='ltr'><strong>scilicet</strong></span> 
     </span>
    </p>
   </div>
   <div class='ocr_carea' id='block_1_70' title="bbox 1844 2639 3492 2710">
    <p class='ocr_par' dir='ltr' id='par_1_70' title="bbox 1844 2639 3492 2710">
     <span class='ocr_line' id='line_1_70' title="bbox 1844 2639 3492 2710; baseline 0.003 -15"><span class='ocrx_word' id='word_1_511' title='bbox 1844 2641 2177 2696; x_wconf 91' lang='lat' dir='ltr'><strong>testimoniis</strong></span> <span class='ocrx_word' id='word_1_512' title='bbox 2206 2641 2469 2696; x_wconf 89' lang='lat' dir='ltr'><strong>adversus</strong></span> <span class='ocrx_word' id='word_1_513' title='bbox 2499 2640 2809 2704; x_wconf 71' lang='lat' dir='ltr'><strong>haereticos,</strong></span> <span class='ocrx_word' id='word_1_514' title='bbox 2839 2655 2983 2710; x_wconf 91' lang='lat' dir='ltr'><strong>quos</strong></span> <span class='ocrx_word' id='word_1_515' title='bbox 3018 2639 3238 2707; x_wconf 89' lang='lat' dir='ltr'><strong>refellit,</strong></span> <span class='ocrx_word' id='word_1_516' title='bbox 3269 2642 3428 2697; x_wconf 84' lang='lat' dir='ltr'><strong>lucu—</strong></span> <span class='ocrx_word' id='word_1_517' title='bbox 3479 2693 3492 2700; x_wconf 92' lang='lat'><strong>.</strong></span> 
     </span>
    </p>
   </div>
   <div class='ocr_carea' id='block_1_71' title="bbox 1843 2734 3433 2804">
    <p class='ocr_par' dir='ltr' id='par_1_71' title="bbox 1843 2734 3433 2804">
     <span class='ocr_line' id='line_1_71' title="bbox 1843 2734 3433 2804; baseline -0.001 -14"><span class='ocrx_word' id='word_1_518' title='bbox 1843 2736 2168 2791; x_wconf 91' lang='lat' dir='ltr'><strong>lentissimis</strong></span> <span class='ocrx_word' id='word_1_519' title='bbox 2203 2751 2268 2790; x_wconf 90' lang='lat' dir='ltr'><strong>ac</strong></span> <span class='ocrx_word' id='word_1_520' title='bbox 2297 2734 2674 2790; x_wconf 87' lang='lat' dir='ltr'><strong>disertissimis</strong></span> <span class='ocrx_word' id='word_1_521' title='bbox 2701 2749 2974 2803; x_wconf 87' lang='lat' dir='ltr'><strong>nusquam</strong></span> <span class='ocrx_word' id='word_1_522' title='bbox 3008 2749 3144 2789; x_wconf 90' lang='lat' dir='ltr'><strong>usus</strong></span> <span class='ocrx_word' id='word_1_523' title='bbox 3164 2735 3433 2804; x_wconf 80' lang='lat' dir='ltr'><strong>reperitur</strong></span> 
     </span>
    </p>
   </div>
   <div class='ocr_carea' id='block_1_72' title="bbox 1843 2827 3430 2898">
    <p class='ocr_par' dir='ltr' id='par_1_72' title="bbox 1843 2827 3430 2898">
     <span class='ocr_line' id='line_1_72' title="bbox 1843 2827 3430 2898; baseline -0.001 -15"><span class='ocrx_word' id='word_1_524' title='bbox 1843 2827 1898 2883; x_wconf 89' lang='lat' dir='ltr'><strong>in</strong></span> <span class='ocrx_word' id='word_1_525' title='bbox 1933 2835 2048 2884; x_wconf 89' lang='lat' dir='ltr'><strong>toto</strong></span> <span class='ocrx_word' id='word_1_526' title='bbox 2081 2829 2345 2883; x_wconf 88' lang='lat' dir='ltr'><strong>adversus</strong></span> <span class='ocrx_word' id='word_1_527' title='bbox 2395 2828 2632 2882; x_wconf 67' lang='lat' dir='ltr'><strong>haereses</strong></span> <span class='ocrx_word' id='word_1_528' title='bbox 2677 2843 2874 2896; x_wconf 87' lang='lat' dir='ltr'><strong>opere;</strong></span> <span class='ocrx_word' id='word_1_529' title='bbox 2923 2828 3142 2882; x_wconf 87' lang='lat' dir='ltr'><strong>tametsi</strong></span> <span class='ocrx_word' id='word_1_530' title='bbox 3190 2828 3430 2898; x_wconf 86' lang='lat' dir='ltr'><strong>plurima</strong></span> 
     </span>
    </p>
   </div>
   <div class='ocr_carea' id='block_1_73' title="bbox 1842 2919 3433 2992">
    <p class='ocr_par' dir='ltr' id='par_1_73' title="bbox 1842 2919 3433 2992">
     <span class='ocr_line' id='line_1_73' title="bbox 1842 2919 3433 2992; baseline 0.002 -16"><span class='ocrx_word' id='word_1_531' title='bbox 1842 2921 2050 2992; x_wconf 89' lang='lat' dir='ltr'><strong>passim</strong></span> <span class='ocrx_word' id='word_1_532' title='bbox 2085 2921 2204 2976; x_wconf 86' lang='lat' dir='ltr'><strong>loca</strong></span> <span class='ocrx_word' id='word_1_533' title='bbox 2238 2921 2349 2975; x_wconf 88' lang='lat' dir='ltr'><strong>illic</strong></span> <span class='ocrx_word' id='word_1_534' title='bbox 2382 2929 2695 2984; x_wconf 86' lang='lat' dir='ltr'><strong>occurrant,</strong></span> <span class='ocrx_word' id='word_1_535' title='bbox 2722 2919 2776 2973; x_wconf 91' lang='lat' dir='ltr'><strong>in</strong></span> <span class='ocrx_word' id='word_1_536' title='bbox 2808 2920 3010 2990; x_wconf 92' lang='lat' dir='ltr'><strong>quibus</strong></span> <span class='ocrx_word' id='word_1_537' title='bbox 3045 2921 3333 2975; x_wconf 90' lang='lat' dir='ltr'><strong>utilissime</strong></span> <span class='ocrx_word' id='word_1_538' title='bbox 3365 2935 3433 2979; x_wconf 81' lang='lat' dir='ltr'><strong>ac</strong></span> 
     </span>
    </p>
   </div>
   <div class='ocr_carea' id='block_1_74' title="bbox 1843 3011 3429 3083">
    <p class='ocr_par' dir='ltr' id='par_1_74' title="bbox 1843 3011 3429 3083">
     <span class='ocr_line' id='line_1_74' title="bbox 1843 3011 3429 3083; baseline 0 -15"><span class='ocrx_word' id='word_1_539' title='bbox 1843 3029 1981 3083; x_wconf 91' lang='lat' dir='ltr'><strong>pene</strong></span> <span class='ocrx_word' id='word_1_540' title='bbox 2018 3013 2329 3069; x_wconf 82' lang='lat' dir='ltr'><strong>necessario</strong></span> <span class='ocrx_word' id='word_1_541' title='bbox 2359 3012 2428 3066; x_wconf 92' lang='lat' dir='ltr'><strong>ab</strong></span> <span class='ocrx_word' id='word_1_542' title='bbox 2453 3022 2680 3067; x_wconf 90' lang='lat' dir='ltr'><strong>auctore</strong></span> <span class='ocrx_word' id='word_1_543' title='bbox 2728 3011 3038 3067; x_wconf 90' lang='lat' dir='ltr'><strong>adhibenda</strong></span> <span class='ocrx_word' id='word_1_544' title='bbox 3071 3023 3248 3080; x_wconf 87' lang='lat' dir='ltr'><strong>erant,</strong></span> <span class='ocrx_word' id='word_1_545' title='bbox 3276 3013 3320 3068; x_wconf 92' lang='lat' dir='ltr'><strong>si</strong></span> <span class='ocrx_word' id='word_1_546' title='bbox 3364 3029 3429 3068; x_wconf 89' lang='lat' dir='ltr'><strong>ea</strong></span> 
     </span>
    </p>
   </div>
   <div class='ocr_carea' id='block_1_75' title="bbox 1845 3103 3429 3176">
    <p class='ocr_par' dir='ltr' id='par_1_75' title="bbox 1845 3103 3429 3176">
     <span class='ocr_line' id='line_1_75' title="bbox 1845 3103 3429 3176; baseline 0 -18"><span class='ocrx_word' id='word_1_547' title='bbox 1845 3106 2062 3176; x_wconf 88' lang='lat' dir='ltr'><strong>cognita</strong></span> <span class='ocrx_word' id='word_1_548' title='bbox 2095 3106 2397 3160; x_wconf 89' lang='lat' dir='ltr'><strong>habuisset.</strong></span> <span class='ocrx_word' id='word_1_549' title='bbox 2423 3125 2442 3156; x_wconf 75' lang='grc' dir='ltr'><strong><em>ι</em></strong></span> <span class='ocrx_word' id='word_1_550' title='bbox 2478 3103 2657 3174; x_wconf 88' lang='lat' dir='ltr'><strong>Atque</strong></span> <span class='ocrx_word' id='word_1_551' title='bbox 2690 3104 2795 3158; x_wconf 90' lang='lat' dir='ltr'><strong>hoc</strong></span> <span class='ocrx_word' id='word_1_552' title='bbox 2841 3104 2973 3158; x_wconf 92' lang='lat' dir='ltr'><strong>illud</strong></span> <span class='ocrx_word' id='word_1_553' title='bbox 3007 3113 3091 3159; x_wconf 91' lang='lat' dir='ltr'><strong>est</strong></span> <span class='ocrx_word' id='word_1_554' title='bbox 3137 3120 3429 3174; x_wconf 83' lang='lat' dir='ltr'><strong>argumen-</strong></span> 
     </span>
    </p>
   </div>
   <div class='ocr_carea' id='block_1_76' title="bbox 1846 3195 3430 3269">
    <p class='ocr_par' dir='ltr' id='par_1_76' title="bbox 1846 3195 3430 3269">
     <span class='ocr_line' id='line_1_76' title="bbox 1846 3195 3430 3269; baseline -0.001 -17"><span class='ocrx_word' id='word_1_555' title='bbox 1846 3207 1986 3264; x_wconf 87' lang='lat' dir='ltr'><strong>tum,</strong></span> <span class='ocrx_word' id='word_1_556' title='bbox 2013 3198 2160 3269; x_wconf 89' lang='lat' dir='ltr'><strong>quod</strong></span> <span class='ocrx_word' id='word_1_557' title='bbox 2199 3197 2428 3252; x_wconf 71' lang='lat' dir='ltr'><strong>Dallazus</strong></span> <span class='ocrx_word' id='word_1_558' title='bbox 2458 3197 2662 3250; x_wconf 88' lang='lat' dir='ltr'><strong>claram</strong></span> <span class='ocrx_word' id='word_1_559' title='bbox 2696 3204 2752 3250; x_wconf 90' lang='lat' dir='ltr'><strong>et</strong></span> <span class='ocrx_word' id='word_1_560' title='bbox 2793 3195 3050 3250; x_wconf 79' lang='lat' dir='ltr'><strong>invictam</strong></span> <span class='ocrx_word' id='word_1_561' title='bbox 3082 3195 3430 3250; x_wconf 88' lang='lat' dir='ltr'><strong>demonstra-</strong></span> 
     </span>
    </p>
   </div>
   <div class='ocr_carea' id='block_1_77' title="bbox 1849 3286 3431 3362">
    <p class='ocr_par' dir='ltr' id='par_1_77' title="bbox 1849 3286 3431 3362">
     <span class='ocr_line' id='line_1_77' title="bbox 1849 3286 3431 3362; baseline -0.004 -14"><span class='ocrx_word' id='word_1_562' title='bbox 1849 3294 2050 3348; x_wconf 88' lang='lat' dir='ltr'><strong>tionem</strong></span> <span class='ocrx_word' id='word_1_563' title='bbox 2090 3291 2341 3362; x_wconf 88' lang='lat' dir='ltr'><strong>appellat.</strong></span> <span class='ocrx_word' id='word_1_564' title='bbox 2381 3288 2487 3344; x_wconf 90' lang='lat' dir='ltr'><strong>Sed</strong></span> <span class='ocrx_word' id='word_1_565' title='bbox 2533 3289 2678 3357; x_wconf 86' lang='lat' dir='ltr'><strong>bunc</strong></span> <span class='ocrx_word' id='word_1_566' title='bbox 2722 3288 2973 3342; x_wconf 90' lang='lat' dir='ltr'><strong>eumdem</strong></span> <span class='ocrx_word' id='word_1_567' title='bbox 3019 3286 3302 3354; x_wconf 68' lang='lat' dir='ltr'><strong>Dallaeum,</strong></span> <span class='ocrx_word' id='word_1_568' title='bbox 3348 3289 3431 3342; x_wconf 82' lang='lat' dir='ltr'><strong>lo--</strong></span> 
     </span>
    </p>
   </div>
   <div class='ocr_carea' id='block_1_78' title="bbox 1843 3380 3429 3456">
    <p class='ocr_par' dir='ltr' id='par_1_78' title="bbox 1843 3380 3429 3456">
     <span class='ocr_line' id='line_1_78' title="bbox 1843 3380 3429 3456; baseline -0.003 -17"><span class='ocrx_word' id='word_1_569' title='bbox 1843 3387 1978 3456; x_wconf 82' lang='lat' dir='ltr'><strong>gicae</strong></span> <span class='ocrx_word' id='word_1_570' title='bbox 2027 3394 2082 3440; x_wconf 93' lang='lat' dir='ltr'><strong>et</strong></span> <span class='ocrx_word' id='word_1_571' title='bbox 2131 3384 2432 3440; x_wconf 67' lang='lat' dir='ltr'><strong>dialecticae</strong></span> <span class='ocrx_word' id='word_1_572' title='bbox 2490 3381 2978 3446; x_wconf 87' lang='lat' dir='ltr'><strong>callentissimum,</strong></span> <span class='ocrx_word' id='word_1_573' title='bbox 3025 3380 3294 3435; x_wconf 84' lang='lat' dir='ltr'><strong>miramur</strong></span> <span class='ocrx_word' id='word_1_574' title='bbox 3339 3381 3429 3434; x_wconf 85' lang='lat' dir='ltr'><strong>hic</strong></span> 
     </span>
    </p>
   </div>
   <div class='ocr_carea' id='block_1_79' title="bbox 1842 3471 3428 3531">
    <p class='ocr_par' dir='ltr' id='par_1_79' title="bbox 1842 3471 3428 3531">
     <span class='ocr_line' id='line_1_79' title="bbox 1842 3471 3428 3531; baseline -0.003 0"><span class='ocrx_word' id='word_1_575' title='bbox 1842 3493 1952 3531; x_wconf 92' lang='lat' dir='ltr'><strong>non</strong></span> <span class='ocrx_word' id='word_1_576' title='bbox 1986 3476 2304 3531; x_wconf 89' lang='lat' dir='ltr'><strong>meminisse</strong></span> <span class='ocrx_word' id='word_1_577' title='bbox 2342 3474 2398 3528; x_wconf 91' lang='lat' dir='ltr'><strong>in</strong></span> <span class='ocrx_word' id='word_1_578' title='bbox 2440 3473 2587 3528; x_wconf 87' lang='lat' dir='ltr'><strong>clara</strong></span> <span class='ocrx_word' id='word_1_579' title='bbox 2632 3481 2687 3526; x_wconf 92' lang='lat' dir='ltr'><strong>et</strong></span> <span class='ocrx_word' id='word_1_580' title='bbox 2720 3473 2922 3525; x_wconf 89' lang='lat' dir='ltr'><strong>invicta</strong></span> <span class='ocrx_word' id='word_1_581' title='bbox 2961 3471 3428 3526; x_wconf 86' lang='lat' dir='ltr'><strong>demonstratione</strong></span> 
     </span>
    </p>
   </div>
   <div class='ocr_carea' id='block_1_80' title="bbox 1841 3563 3426 3630">
    <p class='ocr_par' dir='ltr' id='par_1_80' title="bbox 1841 3563 3426 3630">
     <span class='ocr_line' id='line_1_80' title="bbox 1841 3563 3426 3630; baseline -0.004 -5"><span class='ocrx_word' id='word_1_582' title='bbox 1841 3570 2029 3625; x_wconf 91' lang='lat' dir='ltr'><strong>omnia</strong></span> <span class='ocrx_word' id='word_1_583' title='bbox 2058 3584 2181 3625; x_wconf 91' lang='lat' dir='ltr'><strong>esse</strong></span> <span class='ocrx_word' id='word_1_584' title='bbox 2211 3567 2410 3622; x_wconf 90' lang='lat' dir='ltr'><strong>debere</strong></span> <span class='ocrx_word' id='word_1_585' title='bbox 2446 3576 2615 3630; x_wconf 89' lang='lat' dir='ltr'><strong>certa,</strong></span> <span class='ocrx_word' id='word_1_586' title='bbox 2653 3565 2854 3620; x_wconf 80' lang='lat' dir='ltr'><strong>invicta</strong></span> <span class='ocrx_word' id='word_1_587' title='bbox 2888 3573 2942 3618; x_wconf 91' lang='lat' dir='ltr'><strong>et</strong></span> <span class='ocrx_word' id='word_1_588' title='bbox 2975 3563 3206 3619; x_wconf 91' lang='lat' dir='ltr'><strong>omnino</strong></span> <span class='ocrx_word' id='word_1_589' title='bbox 3235 3578 3426 3619; x_wconf 90' lang='lat' dir='ltr'><strong>neces-</strong></span> 
     </span>
    </p>
   </div>
   <div class='ocr_carea' id='block_1_81' title="bbox 1841 3656 3427 3730">
    <p class='ocr_par' dir='ltr' id='par_1_81' title="bbox 1841 3656 3427 3730">
     <span class='ocr_line' id='line_1_81' title="bbox 1841 3656 3427 3730; baseline -0.007 -11"><span class='ocrx_word' id='word_1_590' title='bbox 1841 3663 2006 3719; x_wconf 88' lang='lat' dir='ltr'><strong>saria.</strong></span> <span class='ocrx_word' id='word_1_591' title='bbox 2051 3661 2134 3716; x_wconf 87' lang='lat' dir='ltr'><strong>Ad</strong></span> <span class='ocrx_word' id='word_1_592' title='bbox 2183 3677 2340 3716; x_wconf 90' lang='lat' dir='ltr'><strong>suam</strong></span> <span class='ocrx_word' id='word_1_593' title='bbox 2374 3675 2505 3730; x_wconf 88' lang='lat' dir='ltr'><strong>ergo</strong></span> <span class='ocrx_word' id='word_1_594' title='bbox 2549 3659 2751 3714; x_wconf 91' lang='lat' dir='ltr'><strong>claram</strong></span> <span class='ocrx_word' id='word_1_595' title='bbox 2795 3665 2850 3712; x_wconf 88' lang='lat' dir='ltr'><strong>et</strong></span> <span class='ocrx_word' id='word_1_596' title='bbox 2893 3656 3152 3710; x_wconf 82' lang='lat' dir='ltr'><strong>invictam</strong></span> <span class='ocrx_word' id='word_1_597' title='bbox 3196 3656 3427 3710; x_wconf 73' lang='lat' dir='ltr'><strong>demon~</strong></span> 
     </span>
    </p>
   </div>
   <div class='ocr_carea' id='block_1_82' title="bbox 1839 3746 3423 3818">
    <p class='ocr_par' dir='ltr' id='par_1_82' title="bbox 1839 3746 3423 3818">
     <span class='ocr_line' id='line_1_82' title="bbox 1839 3746 3423 3818; baseline -0.005 -10"><span class='ocrx_word' id='word_1_598' title='bbox 1839 3753 2162 3808; x_wconf 87' lang='lat' dir='ltr'><strong>strationem</strong></span> <span class='ocrx_word' id='word_1_599' title='bbox 2205 3753 2251 3785; x_wconf 80' lang='lat'><strong>&quot;&#39;</strong></span> <span class='ocrx_word' id='word_1_600' title='bbox 2304 3750 2738 3814; x_wconf 82' lang='lat' dir='ltr'><strong>conficiendam,</strong></span> <span class='ocrx_word' id='word_1_601' title='bbox 2775 3747 2880 3818; x_wconf 92' lang='lat' dir='ltr'><strong>ipsi</strong></span> <span class='ocrx_word' id='word_1_602' title='bbox 2934 3746 3423 3803; x_wconf 77' lang='lat' dir='ltr'><strong>demonstrandum</strong></span> 
     </span>
    </p>
   </div>
   <div class='ocr_carea' id='block_1_83' title="bbox 1839 3839 3425 3917">
    <p class='ocr_par' dir='ltr' id='par_1_83' title="bbox 1839 3839 3425 3917">
     <span class='ocr_line' id='line_1_83' title="bbox 1839 3839 3425 3917; baseline -0.005 -17"><span class='ocrx_word' id='word_1_603' title='bbox 1839 3856 1978 3912; x_wconf 86' lang='lat' dir='ltr'><strong>erat,</strong></span> <span class='ocrx_word' id='word_1_604' title='bbox 2011 3843 2204 3917; x_wconf 88' lang='lat' dir='ltr'><strong>lgnatii</strong></span> <span class='ocrx_word' id='word_1_605' title='bbox 2242 3843 2554 3899; x_wconf 90' lang='lat' dir='ltr'><strong>testimonia</strong></span> <span class='ocrx_word' id='word_1_606' title='bbox 2598 3858 2706 3897; x_wconf 92' lang='lat' dir='ltr'><strong>non</strong></span> <span class='ocrx_word' id='word_1_607' title='bbox 2737 3850 2949 3896; x_wconf 91' lang='lat' dir='ltr'><strong>tantum</strong></span> <span class='ocrx_word' id='word_1_608' title='bbox 2987 3859 3004 3892; x_wconf 75' lang='grc' dir='ltr'><strong>ε</strong></span> <span class='ocrx_word' id='word_1_609' title='bbox 3037 3839 3329 3894; x_wconf 91' lang='lat' dir='ltr'><strong>utilissime</strong></span> <span class='ocrx_word' id='word_1_610' title='bbox 3358 3852 3425 3893; x_wconf 91' lang='lat' dir='ltr'><strong>ac</strong></span> 
     </span>
    </p>
   </div>
   <div class='ocr_carea' id='block_1_84' title="bbox 1836 3931 3422 4008">
    <p class='ocr_par' dir='ltr' id='par_1_84' title="bbox 1836 3931 3422 4008">
     <span class='ocr_line' id='line_1_84' title="bbox 1836 3931 3422 4008; baseline -0.004 -16"><span class='ocrx_word' id='word_1_611' title='bbox 1836 3952 1975 4008; x_wconf 89' lang='lat' dir='ltr'><strong>pene</strong></span> <span class='ocrx_word' id='word_1_612' title='bbox 2003 3936 2334 4002; x_wconf 88' lang='lat' dir='ltr'><strong>necessario,</strong></span> <span class='ocrx_word' id='word_1_613' title='bbox 2357 3954 2377 3988; x_wconf 74' lang='grc' dir='ltr'><strong><em>ι</em></strong></span> <span class='ocrx_word' id='word_1_614' title='bbox 2409 3936 2503 3992; x_wconf 93' lang='lat' dir='ltr'><strong>sed</strong></span> <span class='ocrx_word' id='word_1_615' title='bbox 2536 3936 2697 4006; x_wconf 89' lang='lat' dir='ltr'><strong>plane</strong></span> <span class='ocrx_word' id='word_1_616' title='bbox 2741 3935 3068 4005; x_wconf 87' lang='lat' dir='ltr'><strong>penitusque</strong></span> <span class='ocrx_word' id='word_1_617' title='bbox 3109 3931 3422 3988; x_wconf 89' lang='lat' dir='ltr'><strong>necessario</strong></span> 
     </span>
    </p>
   </div>
   <div class='ocr_carea' id='block_1_85' title="bbox 1840 4025 3423 4098">
    <p class='ocr_par' dir='ltr' id='par_1_85' title="bbox 1840 4025 3423 4098">
     <span class='ocr_line' id='line_1_85' title="bbox 1840 4025 3423 4098; baseline -0.003 -15"><span class='ocrx_word' id='word_1_618' title='bbox 1840 4029 2011 4086; x_wconf 85' lang='lat' dir='ltr'><strong>fuisse</strong></span> <span class='ocrx_word' id='word_1_619' title='bbox 2051 4029 2378 4085; x_wconf 87' lang='lat' dir='ltr'><strong>adhibenda.</strong></span> <span class='ocrx_word' id='word_1_620' title='bbox 2428 4026 2625 4082; x_wconf 87' lang='lat' dir='ltr'><strong>Verum</strong></span> <span class='ocrx_word' id='word_1_621' title='bbox 2660 4026 2926 4098; x_wconf 91' lang='lat' dir='ltr'><strong>quidquid</strong></span> <span class='ocrx_word' id='word_1_622' title='bbox 2957 4027 3029 4080; x_wconf 92' lang='lat' dir='ltr'><strong>sit</strong></span> <span class='ocrx_word' id='word_1_623' title='bbox 3061 4025 3131 4080; x_wconf 91' lang='lat' dir='ltr'><strong>de</strong></span> <span class='ocrx_word' id='word_1_624' title='bbox 3163 4035 3328 4080; x_wconf 75' lang='lat' dir='ltr'><strong>certa:</strong></span> <span class='ocrx_word' id='word_1_625' title='bbox 3367 4033 3423 4078; x_wconf 87' lang='lat' dir='ltr'><strong>et</strong></span> 
     </span>
    </p>
   </div>
   <div class='ocr_carea' id='block_1_86' title="bbox 1836 4111 3420 4193">
    <p class='ocr_par' dir='ltr' id='par_1_86' title="bbox 1836 4111 3420 4193">
     <span class='ocr_line' id='line_1_86' title="bbox 1836 4111 3420 4193; baseline -0.008 -16"><span class='ocrx_word' id='word_1_626' title='bbox 1836 4122 2051 4177; x_wconf 63' lang='lat' dir='ltr'><strong>invictae</strong></span> <span class='ocrx_word' id='word_1_627' title='bbox 2076 4117 2561 4193; x_wconf 87' lang='lat' dir='ltr'><strong>demonstrationis</strong></span> <span class='ocrx_word' id='word_1_628' title='bbox 2584 4116 2835 4180; x_wconf 90' lang='lat' dir='ltr'><strong>nomine,</strong></span> <span class='ocrx_word' id='word_1_629' title='bbox 2871 4115 2939 4170; x_wconf 89' lang='lat' dir='ltr'><strong>ad</strong></span> <span class='ocrx_word' id='word_1_630' title='bbox 2973 4114 3080 4168; x_wconf 89' lang='lat' dir='ltr'><strong>vim</strong></span> <span class='ocrx_word' id='word_1_631' title='bbox 3113 4111 3420 4183; x_wconf 84' lang='lat' dir='ltr'><strong>argumenti</strong></span> 
     </span>
    </p>
   </div>
   <div class='ocr_carea' id='block_1_87' title="bbox 1836 4207 3420 4277">
    <p class='ocr_par' dir='ltr' id='par_1_87' title="bbox 1836 4207 3420 4277">
     <span class='ocr_line' id='line_1_87' title="bbox 1836 4207 3420 4277; baseline -0.007 -7"><span class='ocrx_word' id='word_1_632' title='bbox 1836 4215 2204 4271; x_wconf 90' lang='lat' dir='ltr'><strong>attendamus.</strong></span> <span class='ocrx_word' id='word_1_633' title='bbox 2243 4212 2376 4267; x_wconf 89' lang='lat' dir='ltr'><strong>Illud</strong></span> <span class='ocrx_word' id='word_1_634' title='bbox 2403 4221 2584 4266; x_wconf 88' lang='lat' dir='ltr'><strong>autem</strong></span> <span class='ocrx_word' id='word_1_635' title='bbox 2622 4225 2730 4265; x_wconf 90' lang='lat' dir='ltr'><strong>non</strong></span> <span class='ocrx_word' id='word_1_636' title='bbox 2762 4209 2948 4264; x_wconf 89' lang='lat' dir='ltr'><strong>minus</strong></span> <span class='ocrx_word' id='word_1_637' title='bbox 2977 4218 3170 4264; x_wconf 90' lang='lat' dir='ltr'><strong>contra</strong></span> <span class='ocrx_word' id='word_1_638' title='bbox 3208 4207 3420 4277; x_wconf 87' lang='lat' dir='ltr'><strong>ipsum-</strong></span> 
     </span>
    </p>
   </div>
   <div class='ocr_carea' id='block_1_88' title="bbox 1836 4301 3418 4376">
    <p class='ocr_par' dir='ltr' id='par_1_88' title="bbox 1836 4301 3418 4376">
     <span class='ocr_line' id='line_1_88' title="bbox 1836 4301 3418 4376; baseline -0.003 -14"><span class='ocrx_word' id='word_1_639' title='bbox 1836 4318 1946 4363; x_wconf 90' lang='lat' dir='ltr'><strong>met</strong></span> <span class='ocrx_word' id='word_1_640' title='bbox 1979 4307 2261 4374; x_wconf 68' lang='lat' dir='ltr'><strong>Dallaeum,</strong></span> <span class='ocrx_word' id='word_1_641' title='bbox 2299 4321 2463 4376; x_wconf 90' lang='lat' dir='ltr'><strong>quam</strong></span> <span class='ocrx_word' id='word_1_642' title='bbox 2507 4315 2697 4360; x_wconf 89' lang='lat' dir='ltr'><strong>contra</strong></span> <span class='ocrx_word' id='word_1_643' title='bbox 2736 4320 2839 4359; x_wconf 90' lang='lat' dir='ltr'><strong>nos</strong></span> <span class='ocrx_word' id='word_1_644' title='bbox 2883 4303 3099 4358; x_wconf 90' lang='lat' dir='ltr'><strong>militat.</strong></span> <span class='ocrx_word' id='word_1_645' title='bbox 3145 4301 3418 4370; x_wconf 84' lang='lat' dir='ltr'><strong>Epistolas</strong></span> 
     </span>
    </p>
   </div>
   <div class='ocr_carea' id='block_1_89' title="bbox 1837 4395 3419 4470">
    <p class='ocr_par' dir='ltr' id='par_1_89' title="bbox 1837 4395 3419 4470">
     <span class='ocr_line' id='line_1_89' title="bbox 1837 4395 3419 4470; baseline -0.003 -14"><span class='ocrx_word' id='word_1_646' title='bbox 1837 4401 2103 4470; x_wconf 89' lang='lat' dir='ltr'><strong>siquidem</strong></span> <span class='ocrx_word' id='word_1_647' title='bbox 2134 4399 2428 4454; x_wconf 88' lang='lat' dir='ltr'><strong>nonnullas</strong></span> <span class='ocrx_word' id='word_1_648' title='bbox 2450 4397 2519 4452; x_wconf 90' lang='lat' dir='ltr'><strong>ab</strong></span> <span class='ocrx_word' id='word_1_649' title='bbox 2542 4396 2750 4468; x_wconf 88' lang='lat' dir='ltr'><strong>lgnatio</strong></span> <span class='ocrx_word' id='word_1_650' title='bbox 2773 4406 2962 4451; x_wconf 90' lang='lat' dir='ltr'><strong>nostro</strong></span> <span class='ocrx_word' id='word_1_651' title='bbox 2987 4396 3220 4465; x_wconf 92' lang='lat' dir='ltr'><strong>scriptas</strong></span> <span class='ocrx_word' id='word_1_652' title='bbox 3248 4395 3419 4452; x_wconf 90' lang='lat' dir='ltr'><strong>fuisse</strong></span> 
     </span>
    </p>
   </div>
   <div class='ocr_carea' id='block_1_90' title="bbox 147 4487 3418 4559">
    <p class='ocr_par' dir='ltr' id='par_1_90' title="bbox 147 4487 3418 4559">
     <span class='ocr_line' id='line_1_90' title="bbox 147 4487 3418 4559; baseline -0 -14"><span class='ocrx_word' id='word_1_653' title='bbox 147 4505 299 4545; x_wconf 88' lang='lat' dir='ltr'><strong>suam</strong></span> <span class='ocrx_word' id='word_1_654' title='bbox 335 4488 672 4544; x_wconf 87' lang='lat' dir='ltr'><strong>sententiam</strong></span> <span class='ocrx_word' id='word_1_655' title='bbox 703 4490 1040 4554; x_wconf 87' lang='lat' dir='ltr'><strong>exaraverit;</strong></span> <span class='ocrx_word' id='word_1_656' title='bbox 1083 4505 1103 4540; x_wconf 73' lang='grc' dir='ltr'>ι</span> <span class='ocrx_word' id='word_1_657' title='bbox 1139 4489 1192 4543; x_wconf 91' lang='lat' dir='ltr'><strong>id</strong></span> <span class='ocrx_word' id='word_1_658' title='bbox 1221 4496 1276 4544; x_wconf 88' lang='lat' dir='ltr'><strong>et</strong></span> <span class='ocrx_word' id='word_1_659' title='bbox 1305 4489 1360 4544; x_wconf 93' lang='lat' dir='ltr'><strong>in</strong></span> <span class='ocrx_word' id='word_1_660' title='bbox 1391 4487 1579 4545; x_wconf 55' lang='lat' dir='ltr'><strong>[renati</strong></span> <span class='ocrx_word' id='word_1_661' title='bbox 1613 4507 1730 4544; x_wconf 86' lang='lat' dir='ltr'><strong>ma—</strong></span> <span class='ocrx_word' id='word_1_662' title='bbox 1762 4487 1806 4540; x_wconf 88' lang='lat' dir='ltr'><strong>D</strong></span> <span class='ocrx_word' id='word_1_663' title='bbox 1834 4490 1924 4548; x_wconf 83' lang='lat' dir='ltr'><strong>ille</strong></span> <span class='ocrx_word' id='word_1_664' title='bbox 1957 4493 2101 4548; x_wconf 90' lang='lat' dir='ltr'><strong>ultro</strong></span> <span class='ocrx_word' id='word_1_665' title='bbox 2130 4492 2419 4547; x_wconf 86' lang='lat' dir='ltr'><strong>concedit?</strong></span> <span class='ocrx_word' id='word_1_666' title='bbox 2453 4509 2472 4542; x_wconf 73' lang='grc' dir='ltr'>ι</span> <span class='ocrx_word' id='word_1_667' title='bbox 2501 4490 2636 4556; x_wconf 80' lang='lat' dir='ltr'><strong>Quis</strong></span> <span class='ocrx_word' id='word_1_668' title='bbox 2676 4491 2846 4557; x_wconf 91' lang='lat' dir='ltr'><strong>enim,</strong></span> <span class='ocrx_word' id='word_1_669' title='bbox 2894 4489 3071 4559; x_wconf 93' lang='lat' dir='ltr'><strong>inquit</strong></span> <span class='ocrx_word' id='word_1_670' title='bbox 3098 4489 3164 4555; x_wconf 84' lang='grc'><strong>⁷³,</strong></span> <span class='ocrx_word' id='word_1_671' title='bbox 3195 4498 3302 4543; x_wconf 92' lang='lat' dir='ltr'><strong>tam</strong></span> <span class='ocrx_word' id='word_1_672' title='bbox 3337 4489 3418 4545; x_wconf 83' lang='lat' dir='ltr'><strong>fa-</strong></span> 
     </span>
    </p>
   </div>
   <div class='ocr_carea' id='block_1_91' title="bbox 147 4579 1730 4654">
    <p class='ocr_par' dir='ltr' id='par_1_91' title="bbox 147 4579 1730 4654">
     <span class='ocr_line' id='line_1_91' title="bbox 147 4579 1730 4654; baseline 0.003 -18"><span class='ocrx_word' id='word_1_673' title='bbox 147 4597 245 4637; x_wconf 87' lang='lat' dir='ltr'><strong>nus</strong></span> <span class='ocrx_word' id='word_1_674' title='bbox 270 4581 510 4646; x_wconf 85' lang='lat' dir='ltr'><strong>veniret,</strong></span> <span class='ocrx_word' id='word_1_675' title='bbox 542 4588 597 4634; x_wconf 92' lang='lat' dir='ltr'><strong>et</strong></span> <span class='ocrx_word' id='word_1_676' title='bbox 621 4579 714 4634; x_wconf 91' lang='lat' dir='ltr'><strong>diu</strong></span> <span class='ocrx_word' id='word_1_677' title='bbox 757 4589 884 4634; x_wconf 90' lang='lat' dir='ltr'><strong>ante</strong></span> <span class='ocrx_word' id='word_1_678' title='bbox 923 4589 1112 4634; x_wconf 89' lang='lat' dir='ltr'><strong>nostra</strong></span> <span class='ocrx_word' id='word_1_679' title='bbox 1162 4589 1409 4654; x_wconf 87' lang='lat' dir='ltr'><strong>tempora</strong></span> <span class='ocrx_word' id='word_1_680' title='bbox 1446 4581 1730 4641; x_wconf 82' lang='lat' dir='ltr'><strong>intercide-</strong></span> 
     </span>
    </p>
   </div>
   <div class='ocr_carea' id='block_1_92' title="bbox 146 4672 1726 4746">
    <p class='ocr_par' dir='ltr' id='par_1_92' title="bbox 146 4672 1726 4746">
     <span class='ocr_line' id='line_1_92' title="bbox 146 4672 1726 4746; baseline 0.001 -18"><span class='ocrx_word' id='word_1_681' title='bbox 146 4685 283 4729; x_wconf 62' lang='grc' dir='ltr'><strong>γει.»</strong></span> <span class='ocrx_word' id='word_1_682' title='bbox 339 4672 575 4727; x_wconf 81' lang='lat' dir='ltr'><strong>Nullum</strong></span> <span class='ocrx_word' id='word_1_683' title='bbox 630 4673 865 4743; x_wconf 86' lang='lat' dir='ltr'><strong>quippe,</strong></span> <span class='ocrx_word' id='word_1_684' title='bbox 904 4672 1052 4743; x_wconf 90' lang='lat' dir='ltr'><strong>quod</strong></span> <span class='ocrx_word' id='word_1_685' title='bbox 1104 4672 1476 4742; x_wconf 90' lang='lat' dir='ltr'><strong>interciderit,</strong></span> <span class='ocrx_word' id='word_1_686' title='bbox 1532 4675 1726 4746; x_wconf 87' lang='lat' dir='ltr'><strong>lgnatii</strong></span> 
     </span>
    </p>
   </div>
   <div class='ocr_carea' id='block_1_93' title="bbox 147 4763 1726 4837">
    <p class='ocr_par' dir='ltr' id='par_1_93' title="bbox 147 4763 1726 4837">
     <span class='ocr_line' id='line_1_93' title="bbox 147 4763 1726 4837; baseline 0.002 -16"><span class='ocrx_word' id='word_1_687' title='bbox 147 4767 407 4836; x_wconf 84' lang='lat' dir='ltr'><strong>scriptum</strong></span> <span class='ocrx_word' id='word_1_688' title='bbox 442 4763 678 4820; x_wconf 74' lang='lat' dir='ltr'><strong>Dallzeus</strong></span> <span class='ocrx_word' id='word_1_689' title='bbox 706 4765 988 4835; x_wconf 89' lang='lat' dir='ltr'><strong>assignare</strong></span> <span class='ocrx_word' id='word_1_690' title='bbox 1012 4775 1211 4836; x_wconf 89' lang='lat' dir='ltr'><strong>potest,</strong></span> <span class='ocrx_word' id='word_1_691' title='bbox 1235 4767 1290 4820; x_wconf 93' lang='lat' dir='ltr'><strong>iu</strong></span> <span class='ocrx_word' id='word_1_692' title='bbox 1319 4782 1430 4837; x_wconf 90' lang='lat' dir='ltr'><strong>quo</strong></span> <span class='ocrx_word' id='word_1_693' title='bbox 1458 4771 1726 4824; x_wconf 88' lang='lat' dir='ltr'><strong>sententia</strong></span> 
     </span>
    </p>
   </div>
   <div class='ocr_carea' id='block_1_94' title="bbox 148 4857 1722 4929">
    <p class='ocr_par' dir='ltr' id='par_1_94' title="bbox 148 4857 1722 4929">
     <span class='ocr_line' id='line_1_94' title="bbox 148 4857 1722 4929; baseline 0.005 -17"><span class='ocrx_word' id='word_1_694' title='bbox 148 4859 230 4914; x_wconf 83' lang='lat' dir='ltr'><strong>illa</strong></span> <span class='ocrx_word' id='word_1_695' title='bbox 261 4861 438 4916; x_wconf 89' lang='lat' dir='ltr'><strong>fuerit</strong></span> <span class='ocrx_word' id='word_1_696' title='bbox 470 4857 708 4928; x_wconf 88' lang='lat' dir='ltr'><strong>scripta;</strong></span> <span class='ocrx_word' id='word_1_697' title='bbox 750 4858 845 4913; x_wconf 88' lang='lat' dir='ltr'><strong>sed</strong></span> <span class='ocrx_word' id='word_1_698' title='bbox 878 4873 980 4913; x_wconf 92' lang='lat' dir='ltr'><strong>nos</strong></span> <span class='ocrx_word' id='word_1_699' title='bbox 1016 4859 1302 4929; x_wconf 85' lang='lat' dir='ltr'><strong>epistolam</strong></span> <span class='ocrx_word' id='word_1_700' title='bbox 1328 4861 1395 4914; x_wconf 91' lang='lat' dir='ltr'><strong>ad</strong></span> <span class='ocrx_word' id='word_1_701' title='bbox 1425 4859 1722 4928; x_wconf 77' lang='lat' dir='ltr'><strong>Romanos,</strong></span> 
     </span>
    </p>
   </div>
   <div class='ocr_carea' id='block_1_95' title="bbox 147 4949 1723 5020">
    <p class='ocr_par' dir='ltr' id='par_1_95' title="bbox 147 4949 1723 5020">
     <span class='ocr_line' id='line_1_95' title="bbox 147 4949 1723 5020; baseline 0.002 -18"><span class='ocrx_word' id='word_1_702' title='bbox 147 4949 231 5003; x_wconf 88' lang='lat' dir='ltr'><strong>ubi</strong></span> <span class='ocrx_word' id='word_1_703' title='bbox 265 4965 494 5020; x_wconf 87' lang='lat' dir='ltr'><strong>semper</strong></span> <span class='ocrx_word' id='word_1_704' title='bbox 533 4949 762 5016; x_wconf 82' lang='lat' dir='ltr'><strong>exstitit,</strong></span> <span class='ocrx_word' id='word_1_705' title='bbox 803 4949 1173 5020; x_wconf 88' lang='lat' dir='ltr'><strong>assiguamus.</strong></span> <span class='ocrx_word' id='word_1_706' title='bbox 1232 4949 1408 5006; x_wconf 89' lang='lat' dir='ltr'><strong>Porro</strong></span> <span class='ocrx_word' id='word_1_707' title='bbox 1451 4961 1632 5006; x_wconf 84' lang='lat' dir='ltr'><strong>autem</strong></span> <span class='ocrx_word' id='word_1_708' title='bbox 1675 4954 1723 5007; x_wconf 89' lang='lat' dir='ltr'><strong>si</strong></span> 
     </span>
    </p>
   </div>
   <div class='ocr_carea' id='block_1_96' title="bbox 145 5043 1722 5112">
    <p class='ocr_par' dir='ltr' id='par_1_96' title="bbox 145 5043 1722 5112">
     <span class='ocr_line' id='line_1_96' title="bbox 145 5043 1722 5112; baseline 0.003 -18"><span class='ocrx_word' id='word_1_709' title='bbox 145 5045 264 5112; x_wconf 90' lang='lat' dir='ltr'><strong>quid</strong></span> <span class='ocrx_word' id='word_1_710' title='bbox 301 5046 358 5098; x_wconf 89' lang='lat' dir='ltr'><strong>in</strong></span> <span class='ocrx_word' id='word_1_711' title='bbox 413 5044 522 5098; x_wconf 87' lang='lat' dir='ltr'><strong>hoc</strong></span> <span class='ocrx_word' id='word_1_712' title='bbox 551 5051 874 5112; x_wconf 85' lang='lat' dir='ltr'><strong>argumento</strong></span> <span class='ocrx_word' id='word_1_713' title='bbox 903 5043 977 5097; x_wconf 92' lang='lat' dir='ltr'><strong>sit</strong></span> <span class='ocrx_word' id='word_1_714' title='bbox 1003 5043 1244 5109; x_wconf 90' lang='lat' dir='ltr'><strong>roboris,</strong></span> <span class='ocrx_word' id='word_1_715' title='bbox 1271 5053 1416 5098; x_wconf 90' lang='lat' dir='ltr'><strong>certe</strong></span> <span class='ocrx_word' id='word_1_716' title='bbox 1454 5059 1522 5098; x_wconf 95' lang='lat' dir='ltr'><strong>eo</strong></span> <span class='ocrx_word' id='word_1_717' title='bbox 1557 5043 1722 5098; x_wconf 89' lang='lat' dir='ltr'><strong>inuu-</strong></span> 
     </span>
    </p>
   </div>
   <div class='ocr_carea' id='block_1_97' title="bbox 145 5133 1720 5205">
    <p class='ocr_par' dir='ltr' id='par_1_97' title="bbox 145 5133 1720 5205">
     <span class='ocr_line' id='line_1_97' title="bbox 145 5133 1720 5205; baseline 0.001 -15"><span class='ocrx_word' id='word_1_718' title='bbox 145 5151 295 5192; x_wconf 70' lang='lat' dir='ltr'><strong>merae</strong></span> <span class='ocrx_word' id='word_1_719' title='bbox 320 5135 687 5205; x_wconf 89' lang='lat' dir='ltr'><strong>antiquorum</strong></span> <span class='ocrx_word' id='word_1_720' title='bbox 728 5133 955 5191; x_wconf 89' lang='lat' dir='ltr'><strong>Patrum</strong></span> <span class='ocrx_word' id='word_1_721' title='bbox 995 5135 1408 5192; x_wconf 81' lang='lat' dir='ltr'><strong>lucubrationes</strong></span> <span class='ocrx_word' id='word_1_722' title='bbox 1439 5136 1720 5202; x_wconf 80' lang='lat' dir='ltr'><strong>excidant,</strong></span> 
     </span>
    </p>
   </div>
   <div class='ocr_carea' id='block_1_98' title="bbox 145 5227 1721 5299">
    <p class='ocr_par' dir='ltr' id='par_1_98' title="bbox 145 5227 1721 5299">
     <span class='ocr_line' id='line_1_98' title="bbox 145 5227 1721 5299; baseline 0.003 -19"><span class='ocrx_word' id='word_1_723' title='bbox 145 5242 356 5286; x_wconf 77' lang='lat' dir='ltr'><strong>necesse</strong></span> <span class='ocrx_word' id='word_1_724' title='bbox 385 5237 499 5285; x_wconf 84' lang='lat' dir='ltr'><strong>est.</strong></span> <span class='ocrx_word' id='word_1_725' title='bbox 527 5227 654 5284; x_wconf 83' lang='lat' dir='ltr'><strong>Illas</strong></span> <span class='ocrx_word' id='word_1_726' title='bbox 681 5229 883 5299; x_wconf 90' lang='lat' dir='ltr'><strong>quippe</strong></span> <span class='ocrx_word' id='word_1_727' title='bbox 910 5244 942 5282; x_wconf 90' lang='lat' dir='ltr'><strong>a</strong></span> <span class='ocrx_word' id='word_1_728' title='bbox 969 5229 1326 5299; x_wconf 88' lang='lat' dir='ltr'><strong>scriptoribus</strong></span> <span class='ocrx_word' id='word_1_729' title='bbox 1351 5229 1721 5284; x_wconf 89' lang='lat' dir='ltr'><strong>celeberrimis</strong></span> 
     </span>
    </p>
   </div>
   <div class='ocr_carea' id='block_1_99' title="bbox 143 5322 1718 5392">
    <p class='ocr_par' dir='ltr' id='par_1_99' title="bbox 143 5322 1718 5392">
     <span class='ocr_line' id='line_1_99' title="bbox 143 5322 1718 5392; baseline 0.003 -19"><span class='ocrx_word' id='word_1_730' title='bbox 143 5322 285 5378; x_wconf 85' lang='lat' dir='ltr'><strong>citari</strong></span> <span class='ocrx_word' id='word_1_731' title='bbox 326 5323 380 5379; x_wconf 85' lang='lat' dir='ltr'><strong>si</strong></span> <span class='ocrx_word' id='word_1_732' title='bbox 427 5322 658 5388; x_wconf 82' lang='lat' dir='ltr'><strong>dixeris,</strong></span> <span class='ocrx_word' id='word_1_733' title='bbox 688 5323 834 5378; x_wconf 90' lang='lat' dir='ltr'><strong>illico</strong></span> <span class='ocrx_word' id='word_1_734' title='bbox 867 5330 1161 5392; x_wconf 87' lang='lat' dir='ltr'><strong>reponctur</strong></span> <span class='ocrx_word' id='word_1_735' title='bbox 1208 5337 1316 5377; x_wconf 93' lang='lat' dir='ltr'><strong>non</strong></span> <span class='ocrx_word' id='word_1_736' title='bbox 1357 5337 1472 5390; x_wconf 91' lang='lat' dir='ltr'><strong>eas,</strong></span> <span class='ocrx_word' id='word_1_737' title='bbox 1514 5338 1637 5392; x_wconf 74' lang='lat' dir='ltr'><strong>qua:</strong></span> <span class='ocrx_word' id='word_1_738' title='bbox 1664 5324 1718 5379; x_wconf 92' lang='lat' dir='ltr'><strong>in</strong></span> 
     </span>
    </p>
   </div>
   <div class='ocr_carea' id='block_1_100' title="bbox 143 5411 1721 5485">
    <p class='ocr_par' dir='ltr' id='par_1_100' title="bbox 143 5411 1721 5485">
     <span class='ocr_line' id='line_1_100' title="bbox 143 5411 1721 5485; baseline 0 -17"><span class='ocrx_word' id='word_1_739' title='bbox 143 5429 328 5472; x_wconf 84' lang='lat' dir='ltr'><strong>manus</strong></span> <span class='ocrx_word' id='word_1_740' title='bbox 354 5423 583 5472; x_wconf 83' lang='lat' dir='ltr'><strong>nostras</strong></span> <span class='ocrx_word' id='word_1_741' title='bbox 611 5414 980 5485; x_wconf 88' lang='lat' dir='ltr'><strong>pervenerint,</strong></span> <span class='ocrx_word' id='word_1_742' title='bbox 996 5413 1100 5485; x_wconf 74' lang='lat' dir='ltr'><strong>sed</strong></span> <span class='ocrx_word' id='word_1_743' title='bbox 1135 5411 1293 5479; x_wconf 90' lang='lat' dir='ltr'><strong>alias,</strong></span> <span class='ocrx_word' id='word_1_744' title='bbox 1319 5428 1443 5483; x_wconf 64' lang='lat' dir='ltr'><strong>quae</strong></span> <span class='ocrx_word' id='word_1_745' title='bbox 1472 5413 1565 5468; x_wconf 91' lang='lat' dir='ltr'><strong>diu</strong></span> <span class='ocrx_word' id='word_1_746' title='bbox 1595 5425 1721 5469; x_wconf 89' lang='lat' dir='ltr'><strong>ante</strong></span> 
     </span>
    </p>
   </div>
   <div class='ocr_carea' id='block_1_101' title="bbox 141 5505 1720 5578">
    <p class='ocr_par' dir='ltr' id='par_1_101' title="bbox 141 5505 1720 5578">
     <span class='ocr_line' id='line_1_101' title="bbox 141 5505 1720 5578; baseline 0.001 -19"><span class='ocrx_word' id='word_1_747' title='bbox 141 5519 313 5564; x_wconf 79' lang='lat' dir='ltr'><strong>nostra</strong></span> <span class='ocrx_word' id='word_1_748' title='bbox 351 5518 606 5578; x_wconf 73' lang='lat' dir='ltr'><strong>tempora</strong></span> <span class='ocrx_word' id='word_1_749' title='bbox 655 5507 1051 5572; x_wconf 85' lang='lat' dir='ltr'><strong>intercideriut,</strong></span> <span class='ocrx_word' id='word_1_750' title='bbox 1100 5506 1170 5562; x_wconf 89' lang='lat' dir='ltr'><strong>ab</strong></span> <span class='ocrx_word' id='word_1_751' title='bbox 1214 5506 1320 5562; x_wconf 89' lang='lat' dir='ltr'><strong>illis</strong></span> <span class='ocrx_word' id='word_1_752' title='bbox 1367 5506 1588 5574; x_wconf 89' lang='lat' dir='ltr'><strong>citatas,</strong></span> <span class='ocrx_word' id='word_1_753' title='bbox 1633 5505 1720 5563; x_wconf 91' lang='lat' dir='ltr'><strong>vel</strong></span> 
     </span>
    </p>
   </div>
   <div class='ocr_carea' id='block_1_102' title="bbox 142 5599 1715 5670">
    <p class='ocr_par' dir='ltr' id='par_1_102' title="bbox 142 5599 1715 5670">
     <span class='ocr_line' id='line_1_102' title="bbox 142 5599 1715 5670; baseline 0.001 -17"><span class='ocrx_word' id='word_1_754' title='bbox 142 5601 319 5655; x_wconf 86' lang='lat' dir='ltr'><strong>saltem</strong></span> <span class='ocrx_word' id='word_1_755' title='bbox 350 5601 514 5655; x_wconf 89' lang='lat' dir='ltr'><strong>citari</strong></span> <span class='ocrx_word' id='word_1_756' title='bbox 548 5600 814 5670; x_wconf 83' lang='lat' dir='ltr'><strong>potuisse.</strong></span> <span class='ocrx_word' id='word_1_757' title='bbox 842 5599 978 5666; x_wconf 85' lang='lat' dir='ltr'><strong>Quis</strong></span> <span class='ocrx_word' id='word_1_758' title='bbox 1002 5615 1184 5654; x_wconf 90' lang='lat' dir='ltr'><strong>autem</strong></span> <span class='ocrx_word' id='word_1_759' title='bbox 1209 5615 1318 5655; x_wconf 89' lang='lat' dir='ltr'><strong>non</strong></span> <span class='ocrx_word' id='word_1_760' title='bbox 1348 5599 1528 5655; x_wconf 87' lang='lat' dir='ltr'><strong>videat</strong></span> <span class='ocrx_word' id='word_1_761' title='bbox 1550 5617 1715 5670; x_wconf 92' lang='lat' dir='ltr'><strong>quam</strong></span> 
     </span>
    </p>
   </div>
   <div class='ocr_carea' id='block_1_103' title="bbox 615 5717 1193 5788">
    <p class='ocr_par' dir='ltr' id='par_1_103' title="bbox 615 5717 1193 5788">
     <span class='ocr_line' id='line_1_103' title="bbox 615 5717 1193 5788; baseline 0.002 -15"><span class='ocrx_word' id='word_1_762' title='bbox 615 5719 659 5751; x_wconf 82' lang='grc'><strong>⁸⁷</strong></span> <span class='ocrx_word' id='word_1_763' title='bbox 688 5734 810 5788; x_wconf 88' lang='lat' dir='ltr'><strong>cap.</strong></span> <span class='ocrx_word' id='word_1_764' title='bbox 851 5717 949 5780; x_wconf 79' lang='lat'><strong>56,</strong></span> <span class='ocrx_word' id='word_1_765' title='bbox 981 5735 1032 5788; x_wconf 91' lang='lat' dir='ltr'><strong>p.</strong></span> <span class='ocrx_word' id='word_1_766' title='bbox 1053 5718 1193 5774; x_wconf 60' lang='lat'><strong>9152.</strong></span> 
     </span>
    </p>
   </div>
   <div class='ocr_carea' id='block_1_104' title="bbox 547 5789 1106 5861">
    <p class='ocr_par' dir='ltr' id='par_1_104' title="bbox 547 5789 1106 5861">
     <span class='ocr_line' id='line_1_104' title="bbox 547 5789 1106 5861; baseline -0.002 -16"><span class='ocrx_word' id='word_1_767' title='bbox 547 5792 593 5823; x_wconf 78' lang='grc'><strong>⁷⁸</strong></span> <span class='ocrx_word' id='word_1_768' title='bbox 623 5806 746 5861; x_wconf 84' lang='lat' dir='ltr'><strong>cap.</strong></span> <span class='ocrx_word' id='word_1_769' title='bbox 776 5791 865 5855; x_wconf 79' lang='lat'><strong>56,</strong></span> <span class='ocrx_word' id='word_1_770' title='bbox 893 5805 947 5858; x_wconf 87' lang='lat' dir='ltr'><strong>p.</strong></span> <span class='ocrx_word' id='word_1_771' title='bbox 981 5789 1106 5844; x_wconf 74' lang='lat'><strong>450.</strong></span> 
     </span>
    </p>
   </div>
   <div class='ocr_carea' id='block_1_105' title="bbox 1838 4581 3416 4654">
    <p class='ocr_par' dir='ltr' id='par_1_105' title="bbox 1838 4581 3416 4654">
     <span class='ocr_line' id='line_1_105' title="bbox 1838 4581 3416 4654; baseline -0.002 -12"><span class='ocrx_word' id='word_1_772' title='bbox 1838 4597 1966 4643; x_wconf 91' lang='lat' dir='ltr'><strong>tuus</strong></span> <span class='ocrx_word' id='word_1_773' title='bbox 1996 4597 2100 4654; x_wconf 90' lang='lat' dir='ltr'><strong>est,</strong></span> <span class='ocrx_word' id='word_1_774' title='bbox 2133 4595 2192 4640; x_wconf 91' lang='lat' dir='ltr'><strong>ut</strong></span> <span class='ocrx_word' id='word_1_775' title='bbox 2220 4601 2342 4640; x_wconf 90' lang='lat' dir='ltr'><strong>eum</strong></span> <span class='ocrx_word' id='word_1_776' title='bbox 2376 4584 2664 4652; x_wconf 90' lang='lat' dir='ltr'><strong>scripsisse</strong></span> <span class='ocrx_word' id='word_1_777' title='bbox 2689 4583 2900 4653; x_wconf 90' lang='lat' dir='ltr'><strong>aliquas</strong></span> <span class='ocrx_word' id='word_1_778' title='bbox 2932 4583 3161 4653; x_wconf 66' lang='lat' dir='ltr'><strong>neget?»</strong></span> <span class='ocrx_word' id='word_1_779' title='bbox 3190 4581 3416 4639; x_wconf 88' lang='lat' dir='ltr'><strong>Fatetur</strong></span> 
     </span>
    </p>
   </div>
   <div class='ocr_carea' id='block_1_106' title="bbox 1833 4671 3415 4735">
    <p class='ocr_par' dir='ltr' id='par_1_106' title="bbox 1833 4671 3415 4735">
     <span class='ocr_line' id='line_1_106' title="bbox 1833 4671 3415 4735; baseline -0.002 0"><span class='ocrx_word' id='word_1_780' title='bbox 1833 4681 1998 4735; x_wconf 85' lang='lat' dir='ltr'><strong>etiam</strong></span> <span class='ocrx_word' id='word_1_781' title='bbox 2050 4679 2268 4734; x_wconf 89' lang='lat' dir='ltr'><strong>easdem</strong></span> <span class='ocrx_word' id='word_1_782' title='bbox 2314 4676 2487 4731; x_wconf 89' lang='lat' dir='ltr'><strong>fuisse</strong></span> <span class='ocrx_word' id='word_1_783' title='bbox 2523 4695 2542 4726; x_wconf 74' lang='grc' dir='ltr'>ι</span> <span class='ocrx_word' id='word_1_784' title='bbox 2573 4675 2640 4729; x_wconf 92' lang='lat' dir='ltr'><strong>ad</strong></span> <span class='ocrx_word' id='word_1_785' title='bbox 2676 4689 2791 4729; x_wconf 89' lang='lat' dir='ltr'><strong>rem</strong></span> <span class='ocrx_word' id='word_1_786' title='bbox 2835 4671 3207 4730; x_wconf 84' lang='lat' dir='ltr'><strong>Christianam</strong></span> <span class='ocrx_word' id='word_1_787' title='bbox 3257 4677 3415 4732; x_wconf 87' lang='lat' dir='ltr'><strong>valde</strong></span> 
     </span>
    </p>
   </div>
   <div class='ocr_carea' id='block_1_107' title="bbox 1836 4765 3413 4838">
    <p class='ocr_par' dir='ltr' id='par_1_107' title="bbox 1836 4765 3413 4838">
     <span class='ocr_line' id='line_1_107' title="bbox 1836 4765 3413 4838; baseline -0.001 -14"><span class='ocrx_word' id='word_1_788' title='bbox 1836 4771 2059 4836; x_wconf 66' lang='lat' dir='ltr'><strong>utiles,»</strong></span> <span class='ocrx_word' id='word_1_789' title='bbox 2099 4768 2434 4838; x_wconf 88' lang='lat' dir='ltr'><strong>proindeque</strong></span> <span class='ocrx_word' id='word_1_790' title='bbox 2480 4765 2717 4836; x_wconf 83' lang='lat' dir='ltr'><strong>plurima</strong></span> <span class='ocrx_word' id='word_1_791' title='bbox 2764 4767 2818 4821; x_wconf 91' lang='lat' dir='ltr'><strong>in</strong></span> <span class='ocrx_word' id='word_1_792' title='bbox 2865 4767 2947 4821; x_wconf 91' lang='lat' dir='ltr'><strong>eis</strong></span> <span class='ocrx_word' id='word_1_793' title='bbox 2979 4767 3258 4822; x_wconf 86' lang='lat' dir='ltr'><strong>exstitisse</strong></span> <span class='ocrx_word' id='word_1_794' title='bbox 3291 4768 3413 4822; x_wconf 90' lang='lat' dir='ltr'><strong>loca</strong></span> 
     </span>
    </p>
   </div>
   <div class='ocr_carea' id='block_1_108' title="bbox 1831 4855 3412 4927">
    <p class='ocr_par' dir='ltr' id='par_1_108' title="bbox 1831 4855 3412 4927">
     <span class='ocr_line' id='line_1_108' title="bbox 1831 4855 3412 4927; baseline -0.002 -12"><span class='ocrx_word' id='word_1_795' title='bbox 1831 4868 2020 4915; x_wconf 83' lang='lat' dir='ltr'><strong>contra</strong></span> <span class='ocrx_word' id='word_1_796' title='bbox 2056 4860 2237 4912; x_wconf 87' lang='lat' dir='ltr'><strong>varios</strong></span> <span class='ocrx_word' id='word_1_797' title='bbox 2257 4857 2551 4927; x_wconf 74' lang='lat' dir='ltr'><strong>lgnatianae</strong></span> <span class='ocrx_word' id='word_1_798' title='bbox 2576 4857 2753 4911; x_wconf 56' lang='lat' dir='ltr'><strong>aetatis</strong></span> <span class='ocrx_word' id='word_1_799' title='bbox 2787 4857 3093 4923; x_wconf 64' lang='lat' dir='ltr'><strong>haereticos,</strong></span> <span class='ocrx_word' id='word_1_800' title='bbox 3128 4873 3270 4926; x_wconf 91' lang='lat' dir='ltr'><strong>quos</strong></span> <span class='ocrx_word' id='word_1_801' title='bbox 3301 4855 3412 4912; x_wconf 88' lang='lat' dir='ltr'><strong>lre-</strong></span> 
     </span>
    </p>
   </div>
   <div class='ocr_carea' id='block_1_109' title="bbox 1831 4944 3413 5019">
    <p class='ocr_par' dir='ltr' id='par_1_109' title="bbox 1831 4944 3413 5019">
     <span class='ocr_line' id='line_1_109' title="bbox 1831 4944 3413 5019; baseline -0.003 -15"><span class='ocrx_word' id='word_1_802' title='bbox 1831 4965 1982 5004; x_wconf 71' lang='lat' dir='ltr'><strong>naeus</strong></span> <span class='ocrx_word' id='word_1_803' title='bbox 2015 4958 2204 5019; x_wconf 88' lang='lat' dir='ltr'><strong>postea</strong></span> <span class='ocrx_word' id='word_1_804' title='bbox 2234 4946 2451 5002; x_wconf 87' lang='lat' dir='ltr'><strong>refellit.</strong></span> <span class='ocrx_word' id='word_1_805' title='bbox 2476 4944 2647 5000; x_wconf 89' lang='lat' dir='ltr'><strong>Porro</strong></span> <span class='ocrx_word' id='word_1_806' title='bbox 2671 4946 2862 5000; x_wconf 86' lang='lat' dir='ltr'><strong>eadem</strong></span> <span class='ocrx_word' id='word_1_807' title='bbox 2893 4947 3051 5016; x_wconf 90' lang='lat' dir='ltr'><strong>plane</strong></span> <span class='ocrx_word' id='word_1_808' title='bbox 3074 4948 3413 5003; x_wconf 82' lang='lat' dir='ltr'><strong>demonstra-</strong></span> 
     </span>
    </p>
   </div>
   <div class='ocr_carea' id='block_1_110' title="bbox 1828 5039 3408 5112">
    <p class='ocr_par' dir='ltr' id='par_1_110' title="bbox 1828 5039 3408 5112">
     <span class='ocr_line' id='line_1_110' title="bbox 1828 5039 3408 5112; baseline 0 -16"><span class='ocrx_word' id='word_1_809' title='bbox 1828 5043 1998 5109; x_wconf 88' lang='lat' dir='ltr'><strong>tione,</strong></span> <span class='ocrx_word' id='word_1_810' title='bbox 2028 5057 2195 5112; x_wconf 91' lang='lat' dir='ltr'><strong>quam</strong></span> <span class='ocrx_word' id='word_1_811' title='bbox 2237 5041 2440 5096; x_wconf 91' lang='lat' dir='ltr'><strong>claram</strong></span> <span class='ocrx_word' id='word_1_812' title='bbox 2478 5049 2533 5094; x_wconf 88' lang='lat' dir='ltr'><strong>et</strong></span> <span class='ocrx_word' id='word_1_813' title='bbox 2578 5039 2837 5094; x_wconf 90' lang='lat' dir='ltr'><strong>invictam</strong></span> <span class='ocrx_word' id='word_1_814' title='bbox 2873 5039 3110 5097; x_wconf 65' lang='lat' dir='ltr'><strong>Dallteus</strong></span> <span class='ocrx_word' id='word_1_815' title='bbox 3142 5050 3322 5107; x_wconf 89' lang='lat' dir='ltr'><strong>vocat,</strong></span> <span class='ocrx_word' id='word_1_816' title='bbox 3355 5041 3408 5096; x_wconf 89' lang='lat' dir='ltr'><strong>id</strong></span> 
     </span>
    </p>
   </div>
   <div class='ocr_carea' id='block_1_111' title="bbox 1828 5130 3409 5203">
    <p class='ocr_par' dir='ltr' id='par_1_111' title="bbox 1828 5130 3409 5203">
     <span class='ocr_line' id='line_1_111' title="bbox 1828 5130 3409 5203; baseline -0.003 -15"><span class='ocrx_word' id='word_1_817' title='bbox 1828 5133 2028 5189; x_wconf 87' lang='lat' dir='ltr'><strong>falsum</strong></span> <span class='ocrx_word' id='word_1_818' title='bbox 2057 5150 2180 5189; x_wconf 90' lang='lat' dir='ltr'><strong>esse</strong></span> <span class='ocrx_word' id='word_1_819' title='bbox 2227 5134 2306 5189; x_wconf 93' lang='lat' dir='ltr'><strong>sic</strong></span> <span class='ocrx_word' id='word_1_820' title='bbox 2348 5131 2639 5189; x_wconf 86' lang='lat' dir='ltr'><strong>evincitur.</strong></span> <span class='ocrx_word' id='word_1_821' title='bbox 2677 5130 2785 5187; x_wconf 89' lang='lat' dir='ltr'><strong>Eas</strong></span> <span class='ocrx_word' id='word_1_822' title='bbox 2823 5133 2967 5187; x_wconf 92' lang='lat' dir='ltr'><strong>enim</strong></span> <span class='ocrx_word' id='word_1_823' title='bbox 3014 5133 3258 5203; x_wconf 84' lang='lat' dir='ltr'><strong>lgnatius</strong></span> <span class='ocrx_word' id='word_1_824' title='bbox 3299 5148 3409 5186; x_wconf 84' lang='lat' dir='ltr'><strong>non</strong></span> 
     </span>
    </p>
   </div>
   <div class='ocr_carea' id='block_1_112' title="bbox 1825 5225 3409 5299">
    <p class='ocr_par' dir='ltr' id='par_1_112' title="bbox 1825 5225 3409 5299">
     <span class='ocr_line' id='line_1_112' title="bbox 1825 5225 3409 5299; baseline -0.003 -14"><span class='ocrx_word' id='word_1_825' title='bbox 1825 5231 2045 5299; x_wconf 85' lang='lat' dir='ltr'><strong>scripsit</strong></span> <span class='ocrx_word' id='word_1_826' title='bbox 2064 5229 2341 5298; x_wconf 88' lang='lat' dir='ltr'><strong>epistolas,</strong></span> <span class='ocrx_word' id='word_1_827' title='bbox 2369 5244 2602 5298; x_wconf 79' lang='lat' dir='ltr'><strong>quarunt</strong></span> <span class='ocrx_word' id='word_1_828' title='bbox 2631 5227 2942 5282; x_wconf 90' lang='lat' dir='ltr'><strong>testimonia</strong></span> <span class='ocrx_word' id='word_1_829' title='bbox 2968 5225 3204 5282; x_wconf 66' lang='lat' dir='ltr'><strong>lreuaaus</strong></span> <span class='ocrx_word' id='word_1_830' title='bbox 3226 5227 3280 5280; x_wconf 92' lang='lat' dir='ltr'><strong>in</strong></span> <span class='ocrx_word' id='word_1_831' title='bbox 3306 5242 3409 5281; x_wconf 92' lang='lat' dir='ltr'><strong>suo</strong></span> 
     </span>
    </p>
   </div>
   <div class='ocr_carea' id='block_1_113' title="bbox 1824 5318 3409 5390">
    <p class='ocr_par' dir='ltr' id='par_1_113' title="bbox 1824 5318 3409 5390">
     <span class='ocr_line' id='line_1_113' title="bbox 1824 5318 3409 5390; baseline 0 -14"><span class='ocrx_word' id='word_1_832' title='bbox 1824 5323 2090 5377; x_wconf 80' lang='lat' dir='ltr'><strong>Adversus</strong></span> <span class='ocrx_word' id='word_1_833' title='bbox 2133 5322 2354 5376; x_wconf 74' lang='lat' dir='ltr'><strong>Iurreses</strong></span> <span class='ocrx_word' id='word_1_834' title='bbox 2398 5335 2564 5390; x_wconf 82' lang='lat' dir='ltr'><strong>Opere</strong></span> <span class='ocrx_word' id='word_1_835' title='bbox 2610 5329 2802 5375; x_wconf 90' lang='lat' dir='ltr'><strong>contra</strong></span> <span class='ocrx_word' id='word_1_836' title='bbox 2850 5335 2981 5387; x_wconf 91' lang='lat' dir='ltr'><strong>eos,</strong></span> <span class='ocrx_word' id='word_1_837' title='bbox 3023 5335 3165 5390; x_wconf 91' lang='lat' dir='ltr'><strong>quos</strong></span> <span class='ocrx_word' id='word_1_838' title='bbox 3211 5318 3409 5376; x_wconf 87' lang='lat' dir='ltr'><strong>refellit</strong></span> 
     </span>
    </p>
   </div>
   <div class='ocr_carea' id='block_1_114' title="bbox 1826 5415 3404 5488">
    <p class='ocr_par' dir='ltr' id='par_1_114' title="bbox 1826 5415 3404 5488">
     <span class='ocr_line' id='line_1_114' title="bbox 1826 5415 3404 5488; baseline -0.004 -12"><span class='ocrx_word' id='word_1_839' title='bbox 1826 5421 2114 5478; x_wconf 76' lang='lat' dir='ltr'><strong>luereticos</strong></span> <span class='ocrx_word' id='word_1_840' title='bbox 2141 5436 2252 5474; x_wconf 90' lang='lat' dir='ltr'><strong>non</strong></span> <span class='ocrx_word' id='word_1_841' title='bbox 2291 5417 2560 5474; x_wconf 89' lang='lat' dir='ltr'><strong>adhibuit.</strong></span> <span class='ocrx_word' id='word_1_842' title='bbox 2596 5417 2760 5488; x_wconf 86' lang='lat' dir='ltr'><strong>Atqui</strong></span> <span class='ocrx_word' id='word_1_843' title='bbox 2795 5415 3033 5471; x_wconf 56' lang='lat' dir='ltr'><strong>[renatus</strong></span> <span class='ocrx_word' id='word_1_844' title='bbox 3063 5415 3210 5470; x_wconf 91' lang='lat' dir='ltr'><strong>nulla</strong></span> <span class='ocrx_word' id='word_1_845' title='bbox 3248 5416 3404 5470; x_wconf 89' lang='lat' dir='ltr'><strong>testi-</strong></span> 
     </span>
    </p>
   </div>
   <div class='ocr_carea' id='block_1_115' title="bbox 1825 5507 3406 5582">
    <p class='ocr_par' dir='ltr' id='par_1_115' title="bbox 1825 5507 3406 5582">
     <span class='ocr_line' id='line_1_115' title="bbox 1825 5507 3406 5582; baseline -0.004 -13"><span class='ocrx_word' id='word_1_846' title='bbox 1825 5515 2008 5569; x_wconf 89' lang='lat' dir='ltr'><strong>monia</strong></span> <span class='ocrx_word' id='word_1_847' title='bbox 2037 5528 2105 5567; x_wconf 81' lang='lat' dir='ltr'><strong>ex</strong></span> <span class='ocrx_word' id='word_1_848' title='bbox 2136 5512 2202 5567; x_wconf 90' lang='lat' dir='ltr'><strong>iis</strong></span> <span class='ocrx_word' id='word_1_849' title='bbox 2233 5511 2504 5582; x_wconf 89' lang='lat' dir='ltr'><strong>epistolis,</strong></span> <span class='ocrx_word' id='word_1_850' title='bbox 2539 5525 2677 5580; x_wconf 86' lang='lat' dir='ltr'><strong>quas</strong></span> <span class='ocrx_word' id='word_1_851' title='bbox 2711 5508 2943 5564; x_wconf 78' lang='lat' dir='ltr'><strong>Dallaeus</strong></span> <span class='ocrx_word' id='word_1_852' title='bbox 2972 5507 3237 5579; x_wconf 88' lang='lat' dir='ltr'><strong>lgnatium</strong></span> <span class='ocrx_word' id='word_1_853' title='bbox 3267 5509 3406 5563; x_wconf 64' lang='lat' dir='ltr'><strong>serio</strong></span> 
     </span>
    </p>
   </div>
   <div class='ocr_carea' id='block_1_116' title="bbox 1824 5601 3405 5675">
    <p class='ocr_par' dir='ltr' id='par_1_116' title="bbox 1824 5601 3405 5675">
     <span class='ocr_line' id='line_1_116' title="bbox 1824 5601 3405 5675; baseline -0.004 -15"><span class='ocrx_word' id='word_1_854' title='bbox 1824 5605 2000 5675; x_wconf 89' lang='lat' dir='ltr'><strong>psisse</strong></span> <span class='ocrx_word' id='word_1_855' title='bbox 2025 5604 2276 5668; x_wconf 85' lang='lat' dir='ltr'><strong>allirmat,</strong></span> <span class='ocrx_word' id='word_1_856' title='bbox 2301 5604 2355 5658; x_wconf 92' lang='lat' dir='ltr'><strong>in</strong></span> <span class='ocrx_word' id='word_1_857' title='bbox 2397 5617 2497 5658; x_wconf 92' lang='lat' dir='ltr'><strong>suo</strong></span> <span class='ocrx_word' id='word_1_858' title='bbox 2528 5601 2794 5656; x_wconf 87' lang='lat' dir='ltr'><strong>adversus</strong></span> <span class='ocrx_word' id='word_1_859' title='bbox 2826 5601 3060 5656; x_wconf 58' lang='lat' dir='ltr'><strong>haereses</strong></span> <span class='ocrx_word' id='word_1_860' title='bbox 3083 5615 3247 5670; x_wconf 88' lang='lat' dir='ltr'><strong>opere</strong></span> <span class='ocrx_word' id='word_1_861' title='bbox 3271 5613 3405 5656; x_wconf 82' lang='lat' dir='ltr'><strong>con-</strong></span> 
     </span>
    </p>
   </div>
   <div class='ocr_carea' id='block_1_117' title="bbox 1292 5717 1739 5795">
    <p class='ocr_par' dir='ltr' id='par_1_117' title="bbox 1292 5720 1739 5791">
     <span class='ocr_line' id='line_1_117' title="bbox 1292 5720 1739 5791; baseline 0.002 -16"><span class='ocrx_word' id='word_1_862' title='bbox 1292 5720 1336 5752; x_wconf 80' lang='grc'>⁸⁸</span> <span class='ocrx_word' id='word_1_863' title='bbox 1368 5734 1490 5789; x_wconf 91' lang='lat' dir='ltr'><strong>cap.</strong></span> <span class='ocrx_word' id='word_1_864' title='bbox 1524 5720 1614 5790; x_wconf 77' lang='lat'><strong>35,</strong></span> <span class='ocrx_word' id='word_1_865' title='bbox 1645 5735 1698 5791; x_wconf 67' lang='grc' dir='ltr'><strong>ε).</strong></span> <span class='ocrx_word' id='word_1_866' title='bbox 1729 5743 1739 5767; x_wconf 68' lang='grc' dir='ltr'><strong><em>ι</em></strong></span> 
     </span>
    </p>
   </div>
   <div class='ocr_carea' id='block_1_118' title="bbox 1844 5717 3400 5795">
    <p class='ocr_par' dir='ltr' id='par_1_118' title="bbox 1844 5717 3400 5795">
     <span class='ocr_line' id='line_1_118' title="bbox 1844 5717 3400 5795; baseline -0.004 -15"><span class='ocrx_word' id='word_1_867' title='bbox 1844 5765 1858 5780; x_wconf 91' lang='grc'><strong><em>.</em></strong></span> <span class='ocrx_word' id='word_1_868' title='bbox 1936 5724 1980 5756; x_wconf 71' lang='grc' dir='ltr'>σθ</span> <span class='ocrx_word' id='word_1_869' title='bbox 2010 5739 2133 5794; x_wconf 86' lang='lat' dir='ltr'><strong>cap.</strong></span> <span class='ocrx_word' id='word_1_870' title='bbox 2165 5721 2360 5795; x_wconf 75' lang='lat' dir='ltr'><strong>55,p.</strong></span> <span class='ocrx_word' id='word_1_871' title='bbox 2411 5722 2541 5778; x_wconf 76' lang='grc'>456.</span> <span class='ocrx_word' id='word_1_872' title='bbox 2617 5719 2832 5774; x_wconf 69' lang='lat' dir='ltr'><strong>“laid.</strong></span> <span class='ocrx_word' id='word_1_873' title='bbox 2910 5719 2954 5750; x_wconf 75' lang='grc' dir='ltr'><strong>τι</strong></span> <span class='ocrx_word' id='word_1_874' title='bbox 2987 5717 3130 5774; x_wconf 85' lang='lat' dir='ltr'><strong>Ibid.</strong></span> <span class='ocrx_word' id='word_1_875' title='bbox 3206 5720 3251 5752; x_wconf 72' lang='grc' dir='ltr'><strong>τι·</strong></span> <span class='ocrx_word' id='word_1_876' title='bbox 3279 5735 3400 5790; x_wconf 80' lang='lat' dir='ltr'><strong>cap.</strong></span> 
     </span>
    </p>
   </div>
  </div>
