3834 6214
450 261 550 316 487

1507 254 1564 309 S.
1607 254 1956 312 lGNA'l‘lUS.
1992 286 2060 295 -—
2098 256 2636 314 PROLEGOMENA,

3595 266 3692 322 683

450 387 535 433 tra
578 374 890 433 confutatos
921 394 952 433 a
993 392 1053 434 se
1100 378 1389 434 haereticos
1434 378 1704 432 adhibuit.
1758 376 1902 447 Ergo
1947 379 2031 433 hae
2057 384 2105 439 Α
2134 378 2251 436 Hoc
2279 380 2463 450 itaque
2510 381 2887 436 testimonium
2914 380 3189 452 Origenis,
3213 383 3345 452 quia
3375 381 3507 438 illud
3540 388 3695 440 annis

446 458 691 539 epistolae
721 470 771 525 ei
800 471 958 541 plane
997 470 1289 540 incognitae
1332 468 1574 525 fuerunt.
1613 468 1756 540 Ergo
1786 468 2030 537 lgnatius

448 561 591 627 illas,
626 561 892 631 quidquid
935 561 1169 617 Dallaa‘us
1209 561 1429 627 dixerit,
1463 576 1589 617 vere
1628 576 1739 617 non
1784 562 2025 632 scripsit.

447 649 566 717 Qua
614 661 793 706 autem
849 652 1203 723 responsione
1245 652 1361 719 hoc
1407 660 1794 723 argumentum
1856 652 2031 709 solvet

448 743 702 809 Dallaaus,
721 744 911 799 eadem
934 755 987 800 et
1014 760 1115 801 nos
1143 745 1348 799 claram
1376 755 1433 799 et
1463 744 1723 800 invictam
1748 743 1898 801 illius
1927 746 2025 802 de-

448 838 898 892 monstrationem
928 838 1224 893 solvemus.

516 928 767 982 Attamen
813 927 1070 984 Dallaeani
1106 930 1412 1000 argumenti
1440 929 1771 985 solutionem
1800 928 1871 984 ab
1905 928 2027 999 ipso

446 1033 555 1073 non
594 1030 997 1088 exspectamus.
1031 1019 1447 1091 Respondemus
1474 1021 1622 1075 enim
1669 1019 1868 1076 falsum
1899 1035 2027 1077 esse

445 1110 499 1164 in
539 1110 728 1183 lgnatii
758 1114 1002 1182 epistolis
1046 1113 1281 1183 plurima
1309 1128 1597 1169 occurrere
1624 1114 1765 1181 loca,
1802 1129 1926 1184 quae
1954 1114 2025 1169 ab

443 1201 646 1258 [renato
669 1204 720 1257 in
743 1220 843 1259 suo
869 1205 1008 1258 libro
1039 1206 1296 1259 Adversus
1321 1206 1541 1261 haereses
1566 1205 1873 1262 adhibenda
1904 1204 2026 1262 fue-

444 1295 574 1350 rint.
609 1294 727 1350 Non
756 1298 943 1353 debuit
968 1299 1238 1367 siquidem
1266 1298 1504 1354 Irenaeus
1546 1313 1609 1353 ea
1651 1300 1833 1370 potius
1861 1300 2022 1355 adhi-

445 1388 592 1453 bere,
626 1404 791 1458 quam
835 1391 939 1445 alia
970 1389 1303 1456 testimonia,
1330 1406 1452 1459 quae
1484 1390 1689 1461 passim
1719 1403 2023 1447 occurrunt

444 1480 499 1534 in
528 1480 756 1550 epistola
780 1481 1064 1548 Barnabae,
1097 1482 1150 1535 in
1197 1482 1464 1553 apologiis
1496 1481 1761 1549 Quadrati
1800 1493 1854 1539 et
1897 1483 2024 1539 Ari-

444 1574 623 1641 stidis,
664 1576 719 1629 in
760 1576 979 1645 scriptis
1022 1575 1345 1643 Apollinarii
1392 1575 1853 1646 Hierapolitarum
1901 1576 2019 1647 epi-

442 1668 616 1736 scOpi,
653 1666 903 1738 Agrippa
922 1708 936 1732 ,
969 1667 1241 1723 Melitonis
1259 1709 1273 1732 ,
1296 1667 1660 1739 Athenagora:
1681 1668 2022 1738 aliorumque

441 1757 871 1827 quamplurium,
903 1757 997 1827 qui
1029 1758 1315 1813 haereticos
1338 1773 1478 1828 quos
1530 1756 1767 1815 Irenaeus
1800 1758 2016 1828 refellit,

440 1850 802 1906 disertissime
852 1850 1187 1922 redarguunt
1227 1860 1282 1906 et
1315 1860 1652 1922 oppugnant.
1697 1853 1809 1907 (Zur
1837 1863 2018 1909 autem

440 1941 679 1997 lrenaaus
725 1958 825 1997 nec
860 1943 952 1997 illa
992 1944 1175 1998 omnia
1208 1951 1287 1999 tot
1325 1952 1715 2014 tantorumque
1754 1945 2019 2013 virorum,

439 2050 541 2090 nec
568 2034 763 2106 lgnatii
811 2036 1121 2091 testimonia
1164 2036 1493 2101 adhibuerit,
1519 2036 1566 2092 si
1609 2052 1846 2107 quaeras,
1880 2038 2022 2094 ratio

440 2128 495 2182 in
536 2137 787 2197 promptu
835 2137 938 2185 est.
996 2128 1072 2183 Ex
1125 2129 1431 2186 innumeris
1480 2130 1760 2184 enimvero
1800 2128 2018 2185 Patrum

438 2218 575 2273 locis
605 2219 851 2288 quaedam
882 2219 1214 2290 paucissima
1244 2236 1368 2275 cum
1405 2220 1496 2275 ille
1531 2231 1724 2276 contra
1759 2222 2018 2290 haereses,

440 2326 579 2381 quas
623 2309 844 2376 refutat,
893 2311 1177 2374 citaverit,
1210 2311 1336 2368 inde
1375 2312 1648 2383 colligitur
1686 2313 1832 2369 aliud
1866 2327 2019 2381 sane,

440 2416 603 2471 quam
630 2417 695 2455 ex
722 2401 979 2456 continua
1010 2400 1232 2457 Patrum
1261 2403 1555 2458 traditione
1584 2405 1821 2460 haereses
1847 2420 2021 2475 expu-

440 2493 640 2564 gnandi
668 2492 839 2549 fuisse
870 2495 1018 2550 illius
1050 2495 1415 2565 propositum.
1444 2494 1511 2551 Et
1534 2511 1666 2551 vero
1697 2512 1869 2564 pauca
1899 2504 2022 2552 tan-

442 2583 724 2637 tummodo
773 2581 997 2638 Patrum
1036 2584 1154 2640 loca
1201 2584 1326 2639 ideo
1363 2584 1568 2653 retulit,
1612 2586 1700 2641 vel
1741 2587 1872 2656 quia
1915 2586 2020 2656 ipsi

439 2682 599 2727 erant
627 2672 693 2726 ad
718 2688 963 2740 manum,
995 2674 1079 2729 vel
1111 2675 1242 2744 quia
1275 2675 1593 2730 eorumdem
1617 2673 1842 2730 Patrum
1878 2676 2019 2732 scri-

438 2775 529 2835 pta
555 2766 824 2822 haereticis
847 2783 1046 2838 magno
1068 2776 1227 2822 erant
1250 2767 1309 2823 in
1338 2768 1533 2838 pretio,
1555 2769 1702 2823 sicut
1729 2767 2019 2842 Polycarpi

438 2861 667 2929 cpistola
694 2859 917 2915 Florino
946 2879 959 2916 :
984 2860 1068 2915 vel
1090 2860 1327 2931 denique
1352 2861 1476 2916 aliis
1501 2863 1568 2916 de
1593 2862 1776 2917 causis
1796 2877 1862 2917 ex
1885 2870 2023 2918 tem-

440 2964 594 3020 pore,
627 2966 735 3019 quo
770 2950 1065 3015 scribebat,
1097 2958 1193 3005 aut
1218 2965 1285 3006 ex
1316 2965 1419 3006 suo
1445 2951 1531 3006 vel
1580 2951 2022 3008 adversariorum

438 3042 657 3113 ingenio
685 3042 887 3112 petitis.

1041 3174 1271 3230 CAPUT
1313 3173 1403 3230 Vl.

438 3283 803 3323 ARGUMENTUI
844 3281 1118 3331 QUARTUM,
1154 3284 1221 3321 EX
1256 3283 1503 3323 ORIGENIS
1550 3283 1874 3324 TESTIIONIO
1916 3284 2015 3323 DE-

510 3354 779 3401 SUMPTUM,
814 3354 878 3390 AB
913 3353 1357 3393 ADVERSARIORUM
1382 3353 1803 3395 EXCEPTIONIBUS
1835 3355 2014 3395 VINDI-

508 3422 705 3463 CATUR.

442 3519 471 3593 ᾗ
511 3522 558 3576 1.
598 3520 926 3591 Proponitur
970 3521 1325 3575 testimonium
1373 3520 1644 3592 Origenis,
1677 3532 1726 3577 et
1770 3539 1803 3577 a
1841 3525 2015 3593 prima

896 3594 1198 3662 exceptione
1235 3593 1556 3647 vindicatur.

509 3705 773 3759 Invictum
828 3704 1017 3760 lrenmi
1059 3706 1434 3760 testimonium
1483 3705 1683 3775 excipit
1715 3705 2015 3761 auctoritas

437 3795 710 3866 Origeuis,
751 3797 844 3865 qui
886 3797 1170 3866 epistolas,
1216 3811 1355 3865 quas
1403 3796 1768 3864 defendimus,
1803 3795 2013 3866 lgnatio

437 3888 643 3955 absque
677 3886 783 3940 ulla
817 3885 901 3941 vel
930 3887 1151 3941 minima
1182 3887 1519 3941 dubitatione
1550 3887 1761 3942 tribuit.
1787 3886 1840 3943 ls
1867 3888 2013 3942 enim

435 3977 602 4031 verba
634 3977 848 4047 lgnatii,
881 3994 947 4033 ex
981 3979 1209 4048 epistola
1241 3980 1306 4034 ad
1334 3978 1597 4048 Ephesios
1631 3987 1907 4048 excerpta,
1938 3980 2018 4035 sic

436 4068 623 4123 laudat
646 4068 732 4121 τις
766 4086 784 4119 ‹
818 4068 1106 4139 Eleganter
1159 4070 1214 4123 in
1268 4071 1553 4140 cujusdam
1605 4071 1865 4142 martyris
1897 4072 2015 4140 epi-

435 4160 577 4218 ttola
605 4161 867 4229 scriptum
901 4161 1094 4230 reperi,
1123 4159 1388 4231 lgnatium
1414 4161 1539 4216 dico
1563 4162 1875 4232 episcopum
1905 4162 2018 4215 An-

438 4252 655 4307 tiochiae
688 4263 810 4322 post
837 4250 1057 4306 Petrum
1092 4253 1415 4318 secundum,
1439 4252 1531 4323 qui
1560 4253 1614 4306 in
1642 4252 2018 4323 persecutione

438 4344 624 4399 Romae
650 4344 912 4414 pugnavit
942 4344 1007 4396 ad
1040 4344 1244 4398 bestias
1272 4362 1285 4398 :
1313 4344 1610 4413 principem
1641 4344 1823 4398 saeculi
1852 4342 2015 4412 hujus

2133 473 2352 528 circiter
2382 482 2602 527 centum
2640 482 2696 528 et
2720 473 3080 543 quadraginta
3127 484 3250 545 post
3286 474 3479 545 lgnatii
3512 474 3692 529 necem

2131 565 2351 635 scriptis
2377 565 2643 628 tradebat,
2672 563 3047 620 frustraneum
3087 566 3224 620 erit?
3249 564 3389 632 Quid
3419 566 3585 635 igitur
3614 566 3694 620 lict

2129 655 2198 712 de
2239 663 2319 710 tot
2363 655 2875 725 antiquissimorum
2923 654 3149 711 Patrum
3194 665 3248 710 et
3292 655 3622 711 testimoniis
3649 665 3698 711 et

2129 744 2622 811 lucubrationibus,
2656 761 2892 815 quorum
2940 745 3034 800 vix
3086 745 3301 802 duobus
3343 754 3468 815 post
3510 761 3693 800 eorum

2129 846 2362 892 mortem
2407 838 2623 893 saeculis
2672 837 2875 893 alicubi
2930 836 3073 893 facta
3111 845 3197 893 est
3230 838 3467 892 mentio?
3500 836 3699 891 Deinde

2127 931 2375 1002 epistolae
2396 930 2613 1004 lgnatii,
2647 941 2708 988 ut
2729 932 2991 999 diximus,
3015 932 3070 986 in
3099 932 3452 987 ecclesiarum
3486 933 3699 988 scriniis

2128 1025 2572 1091 asservabantur,
2597 1024 2690 1079 ubi
2716 1039 2811 1079 eas
2831 1021 3096 1093 Origenes
3118 1032 3173 1078 et
3199 1024 3396 1094 legere,
3425 1032 3479 1077 et
3502 1027 3700 1079 exscri-

2127 1117 2278 1184 bere,
2307 1126 2363 1172 et
2392 1118 2552 1187 cujus
2589 1124 2777 1173 essent
2821 1126 2974 1171 certo
3015 1116 3219 1171 certius
3256 1115 3471 1170 edoceri
3506 1116 3697 1184 potuit.

2127 1209 2270 1277 Quid
2315 1224 2468 1278 ergo,
2502 1207 2549 1263 si
2595 1208 2711 1262 haec
2740 1206 2902 1263 annis
2931 1206 3034 1260 MO
3067 1216 3191 1276 post
3230 1205 3423 1276 lgnatii
3472 1217 3697 1262 mortem

2126 1317 2186 1357 se
2211 1299 2530 1371 pmstitisse
2555 1298 2806 1367 allirmet,
2834 1314 3017 1353 serum
3046 1299 3153 1353 erit
3190 1306 3246 1353 et
3276 1297 3436 1353 inane
3467 1298 3592 1368 ejus
3628 1306 3702 1352 tc-

2126 1393 2481 1449 stimonium?
2518 1392 2692 1460 Quam
2715 1407 2846 1446 vero
2874 1391 3011 1445 falsa
3042 1391 3113 1445 sit
3134 1391 3249 1445 haec
3283 1390 3572 1445 Dallaaauas
3596 1392 3702 1444 eri;

2128 1486 2261 1543 tices
2302 1485 2508 1556 regula,
2534 1484 2658 1540 inde
2688 1494 2839 1539 certo
2886 1483 3130 1553 colligas,
3156 1482 3302 1552 quod
3331 1480 3476 1536 [ilius
3515 1481 3702 1537 senior

2124 1594 2156 1634 a
2187 1586 2342 1648 patre
2369 1593 2474 1634 suo
2509 1577 2726 1633 seniore
2755 1584 3138 1630 testamentum
3175 1574 3361 1643 proavi
3396 1574 3483 1629 sui
3524 1575 3703 1643 potuit

2124 1667 2392 1738 accipere,
2426 1666 2571 1737 quod
2617 1675 2771 1736 pater
2818 1681 2952 1720 suus
2999 1664 3069 1719 ab
3119 1664 3266 1719 illius
3299 1663 3555 1718 similiter
3601 1679 3702 1717 avo

2122 1760 2342 1816 seniore
2373 1768 2678 1829 acceperat.
2718 1757 2980 1828 Nunquid
3005 1772 3134 1827 ergo
3170 1756 3217 1811 si
3251 1756 3398 1812 ﬁlius
3431 1756 3522 1810 ille
3548 1771 3703 1811 asse-

2121 1861 2208 1907 rat
2237 1867 2268 1907 a
2294 1867 2353 1908 se
2380 1852 2763 1922 repraesentari
2787 1850 2978 1922 proavi
3007 1850 3092 1906 sui
3124 1847 3701 1919 testamentum,quod

2120 1952 2277 2014 pater
2317 1943 2438 2014 ejus
2468 1944 2538 1998 ab
2566 1959 2669 1998 avo
2697 1959 2756 1999 se
2794 1942 3070 2012 accepisse
3106 1942 3412 1997 certissime
3459 1941 3705 1996 aﬂirma-

2121 2035 2235 2101 bat,
2266 2049 2451 2089 serum
2484 2033 2589 2088 erit
2610 2042 2665 2088 et
2693 2032 3063 2088 frustraneum
3104 2032 3250 2087 illius
3288 2032 3704 2087 testimonium?

2120 2126 2315 2183 Nullus
2340 2136 2486 2182 certe
2515 2126 2569 2181 id
2592 2126 2820 2191 dixerit;
2846 2127 3099 2195 quamvis
3121 2125 3306 2194 plures
3338 2125 3395 2178 in
3426 2124 3531 2177 hoc
3556 2133 3700 2177 tem-

2120 2220 2270 2290 poris
2291 2219 2596 2284 intervallo,
2629 2234 2794 2287 quam
2824 2220 2952 2272 anni
2983 2218 3200 2273 circiter
3229 2224 3447 2271 centum
3475 2227 3528 2270 et
3559 2232 3706 2284 qua-

2121 2314 2367 2383 draginta
2413 2313 2555 2368 elabi
2589 2311 2885 2382 potuerint.
2932 2309 3067 2377 Quis
3101 2320 3281 2364 autem
3328 2310 3534 2364 abnuat
3583 2310 3703 2377 epi-

2123 2407 2293 2463 stolas
2318 2406 2533 2479 lgnatii,
2551 2422 2674 2478 quas
2702 2421 2919 2462 sacrum
2950 2406 3085 2460 tanti
3118 2402 3371 2476 martyris
3394 2408 3702 2458 testamen-

2125 2515 2240 2557 tum
2273 2510 2449 2567 erant,
2482 2500 2579 2555 uni
2604 2509 2659 2555 et
2688 2499 2846 2555 alteri
2870 2499 3110 2568 probatae
3139 2497 3262 2552 tidei
3289 2482 3404 2553 viro
3429 2497 3499 2552 de
3527 2513 3701 2552 manu

2122 2595 2178 2649 in
2203 2608 2426 2648 manum
2449 2591 2701 2660 traditas,
2725 2591 2968 2662 potuisse
2988 2591 3058 2645 ab
3085 2589 3181 2644 illo
3202 2590 3505 2660 posteriore
3528 2590 3700 2646 alicui

2122 2684 2381 2755 deinceps
2410 2684 2486 2738 ita
2518 2681 2844 2749 transmitti;
2876 2688 2937 2735 ut
2974 2681 3061 2736 hic
3092 2695 3185 2734 eas
3216 2680 3286 2734 ab
3317 2678 3528 2750 lgnatio
3570 2695 3703 2737 vere

2125 2780 2359 2849 scriptas
2391 2776 2565 2834 fuisse
2591 2777 2743 2833 omni
2767 2775 3174 2832 asseveratione
3201 2773 3474 2829 aﬂirmare
3499 2784 3701 2844 potue-

2123 2871 2229 2927 rit?
2258 2868 2370 2926 Ncc
2420 2884 2606 2926 serum
2652 2868 2820 2941 igitur
2859 2882 2963 2924 nec
3004 2866 3370 2922 h-ustraneum
3409 2867 3515 2921 erit
3548 2867 3701 2922 illius

2123 2963 2520 3020 testimonium.

2045 3080 2087 3139 ρ
2192 3053 2396 3111 Verum
2444 3053 2691 3126 pressius
2721 3068 3017 3124 urgeamus
3060 3050 3344 3115 Dallaaum,
3377 3060 3543 3121 atque
3568 3066 3697 3104 eum

2119 3147 2226 3203 sibi
2254 3148 2358 3218 ipsi
2382 3160 2492 3201 non
2515 3146 2693 3200 solum
2723 3143 3120 3209 contradicere,
3156 3143 3250 3198 sed
3277 3143 3511 3213 ipsomet
3530 3143 3699 3197 etiam

2118 3246 2281 3306 teste,
2295 3253 2453 3294 veras
2477 3236 2673 3309 lgnatii
2700 3236 2963 3306 epistolas
2988 3236 3055 3290 ab
3077 3234 3311 3305 Origene
3332 3234 3491 3290 citari
3518 3244 3703 3288 osten-

2117 3333 2335 3388 damus.
2390 3331 2655 3386 Concedit
2707 3330 2798 3384 ille
2848 3328 3133 3400 Origencm
3189 3328 3413 3382 laudare
3472 3327 3701 3396 quidem

2118 3424 2310 3496 lgnatii
2357 3423 2680 3494 epistolam,
2713 3422 2808 3478 sed
2855 3423 3053 3478 serius.
3110 3420 3202 3475 Vel
3233 3434 3364 3488 ergo
3407 3434 3598 3473 veram
3645 3428 3703 3471 et

2118 3514 2409 3587 genuinam
2438 3511 2629 3583 lgnatii
2654 3512 2964 3582 epistolam,
2987 3512 3072 3565 vel
3095 3510 3458 3565 adulterinam
3483 3507 3698 3563 citavit.

2116 3608 2283 3678 Atqui
2313 3624 2381 3664 ex
2411 3609 2645 3677 ipsomet
2686 3606 2885 3660 Dallaao
2906 3620 2983 3660 eae
3009 3619 3147 3674 quas
3175 3610 3331 3659 vocat
3359 3602 3702 3657 adulterinas

2117 3699 2312 3771 lgnatii
2341 3700 2622 3771 epistolas,
2659 3698 2819 3769 longe
2839 3706 2966 3767 post
2993 3695 3243 3766 Origcnis
3278 3704 3503 3749 mortem
3534 3695 3700 3749 edita.-

2118 3793 2359 3850 fuerunt.
2395 3791 2658 3863 Origenes
2685 3807 2816 3862 ergo
2848 3804 2957 3846 non
2998 3790 3118 3854 has,
3144 3789 3239 3845 sed
3270 3803 3454 3842 veram
3487 3796 3542 3842 et
3571 3803 3699 3857 ger-

2118 3901 2336 3941 manam
2388 3884 2581 3957 lgnatii
2625 3884 2911 3954 epistolam
2956 3882 3162 3937 citavit.
3224 3879 3367 3950 Ergo
3410 3896 3520 3935 nun
3572 3896 3705 3935 sera

2118 3987 2248 4034 sunt
2276 3978 2394 4049 ejus
2422 3977 2701 4049 praesidia,
2729 3991 2852 4048 quae
2893 3975 3005 4047 jam
3040 3976 3110 4031 ab
3139 3975 3296 4030 initio
3329 3973 3549 4030 stetisse
3602 3989 3706 4030 nes

2118 4087 2272 4128 08588
2293 4079 2399 4126 est.

2122 4183 2149 4256 ξ
2179 4183 2239 4239 ll.
2274 4182 2557 4256 Refutatur
2577 4181 2806 4256 secunda
2829 4180 3084 4256 exceptio,
3116 4176 3480 4256 ubinhomilias
3510 4173 3706 4245 Orige-

2189 4257 2270 4309 m's
2301 4248 2361 4307 iri
2386 4252 2584 4307 Lucam
2616 4253 2680 4304 ab
2703 4268 2762 4305 eo
2792 4248 3019 4314 scriptas
3048 4266 3159 4303 esse
3183 4248 3584 4302 demonstratur
3604 4286 3617 4303 .
3656 4256 3705 4297 et

2186 4325 2614 4380 adversariorum
2641 4322 3016 4384 obiectionibus
3046 4320 3407 4387 respondetur.

436 4434 594 4489 latuit
623 4433 912 4504 virginitas
936 4432 1140 4500 Mariae,
1179 4433 1336 4487 latuit
1364 4443 1586 4503 propter
1606 4431 1829 4502 Joseph,
1852 4450 1871 4484 ›
1901 4439 2006 4486 etc.
2043 4415 2090 4475 υ
2187 4438 2343 4494 pater
2388 4437 2548 4507 igitur
2581 4450 2746 4505 quam
2777 4449 2915 4488 vana
2966 4432 3213 4501 falsaque
3264 4433 3337 4486 εξι
3360 4431 3535 4500 prima
3570 4428 3709 4485 Dat-

436 4528 669 4582 Dall.eus
716 4537 897 4580 autem
939 4526 1067 4579 huic
1101 4525 1536 4580 luculentissimo
1565 4523 1811 4594 Origenis
1854 4522 2008 4578 testi—

436 4622 622 4675 munio
651 4621 758 4674 duo
789 4619 1035 4689 opponit,
1073 4633 1267 4688 nempe
1295 4615 1664 4672 frustraneum
1700 4615 1830 4669 illud
1863 4628 2008 4679 esse,

434 4729 536 4767 nec
568 4714 637 4767 ab
671 4711 905 4783 Origene
940 4710 1263 4780 profectum.
1310 4711 1421 4765 Cur
1463 4724 1591 4777 ergo
1622 4709 1720 4762 viri
1762 4707 2009 4763 omnium

434 4809 594 4874 longe
627 4804 987 4859 eruditissimi
1035 4803 1437 4868 testimonium,
1484 4802 1540 4855 in
1576 4801 1663 4855 his
1705 4814 1826 4868 quze
1859 4808 2009 4854 certo

432 4897 551 4968 ipse
584 4911 915 4966 cognoscere
950 4905 1183 4965 poterat,
1212 4895 1581 4949 frustraneum
1616 4893 1734 4946 est?
1760 4890 2011 4959 Respon—

432 4988 524 5040 det
574 4985 803 5041 DJULBUS
829 4987 874 5018 ⁷³
903 5003 916 5039 :
947 5006 965 5037 ι
995 4984 1224 5040 Frustra
1269 4982 1522 5053 Origcuis
1558 4983 1814 5037 homilias
1852 4981 2012 5035 annis

432 5081 653 5135 circiter
683 5088 900 5134 centum
932 5091 985 5133 et
1016 5078 1382 5148 quadraginta
1423 5086 1547 5147 post
1578 5076 1830 5130 ultimum
1868 5090 2014 5128 mar-

432 5173 566 5245 tyris
593 5172 783 5240 lgnatii
810 5180 1086 5225 certamen
1106 5171 1339 5239 scriptas
1365 5170 1707 5223 recitaut.....
1733 5181 1853 5221 sera
1883 5176 2013 5220 sunt

430 5278 482 5322 et
512 5268 695 5321 inania
733 5264 1142 5334 lgnatianorum
1174 5264 1447 5334 praesidia,
1467 5279 1589 5333 quae
1613 5262 1726 5333 jam
1759 5263 1829 5316 ab
1853 5261 2008 5315 initio

431 5359 647 5413 stetisse
691 5371 915 5410 necesse
937 5363 1040 5419 est,
1074 5355 1120 5409 si
1159 5363 1213 5408 et
1251 5370 1397 5408 nunc
1432 5361 1579 5408 stare
1608 5354 1826 5408 debent.
1875 5351 2008 5417 Quae

430 5450 575 5501 enim
608 5450 676 5502 ab
704 5448 859 5503 initio
883 5464 990 5501 non
1016 5448 1324 5509 valuerunt,
1350 5463 1410 5501 ea
1439 5447 1687 5501 homines
1712 5444 2011 5514 sapientis-

432 5540 554 5595 simi
584 5547 759 5592 tractu
809 5539 1071 5606 temporis
1107 5538 1489 5592 convalescere
1531 5552 1692 5607 posse
1727 5540 1949 5606 negant.
1984 5553 2002 5586 ι

505 5649 549 5680 ⁷⁸
580 5648 776 5704 liomil.
809 5649 862 5716 6,
892 5651 945 5703 in
973 5648 1105 5705 Luc.
1182 5652 1226 5684 ⁷⁸
1257 5666 1378 5721 cap.
1412 5650 1510 5717 54,
1541 5665 1595 5719 p.
1626 5642 1752 5704 43S.
1830 5649 1875 5681 ⁷⁸
1911 5663 2012 5719 cap

1505 5744 1539 5775 δ

2116 4533 2199 4587 laei
2241 4531 2307 4586 ad
2345 4528 2597 4599 Origenis
2640 4529 3019 4581 auctoritatem
3051 4526 3334 4594 responsio
3365 4543 3377 4577 :
3409 4524 3709 4579 videamus

2117 4638 2185 4676 an
2228 4619 2467 4676 secunda
2502 4618 2727 4686 majoris
2760 4617 2831 4671 sit
2870 4615 3129 4685 ponderis
3166 4623 3221 4668 et
3254 4614 3565 4669 soliditatis.
3594 4612 3713 4667 Ne-

2116 4718 2207 4780 gat
2254 4709 2346 4763 ille
2394 4709 2759 4775 hanc,quam
2811 4706 3130 4772 laudamus,
3178 4704 3424 4774 aliasque
3465 4713 3709 4760 caeteras

2116 4798 2363 4869 ejusdem
2395 4796 2649 4867 Origenis
2688 4797 2745 4849 in
2778 4794 2981 4850 Lucam
3014 4796 3266 4850 homilias
3298 4795 3367 4849 ab
3410 4795 3529 4864 ipso
3569 4810 3711 4864 pro-

2116 4889 2287 4945 fectas
2336 4903 2478 4943 esse.
2532 4887 2600 4942 At
2651 4888 2756 4941 illa:
2795 4887 2866 4941 ab
2900 4887 3156 4942 omnibus
3196 4885 3485 4941 catholicis
3530 4899 3711 4956 atque

2116 4980 2284 5034 etiam
2333 4978 2684 5033 beterodoxis
2709 4993 2833 5032 cum
2868 4978 3325 5047 protestantibus,
3353 4989 3470 5031 tum
3511 4977 3712 5031 Calvi-

2118 5072 2298 5138 nistis,
2332 5087 2442 5126 uno
2469 5080 2697 5140 excepto
2735 5070 2981 5139 ejusdem
3023 5069 3205 5123 Dallaai
3234 5067 3545 5133 defensore,
3572 5068 3711 5123 Oni-

2117 5164 2241 5235 geni
2273 5163 2646 5217 ascribuntur.
2685 5161 2810 5216 llaec
2839 5170 3021 5216 tamen
3053 5161 3308 5216 Dallzeum
3345 5161 3581 5230 ejusque
3604 5164 3711 5215 de-

2115 5254 2392 5309 fensorem
2423 5254 2561 5308 nihil
2578 5263 2886 5321 morantur,
2912 5262 3075 5322 atque
3094 5262 3287 5307 contra
3310 5268 3500 5306 omnes
3524 5253 3708 5309 etiam

2114 5348 2465 5404 doctissimos
2506 5347 2822 5416 scriptores,
2871 5350 3091 5405 easdem
3138 5344 3392 5400 homilias
3440 5344 3709 5415 Origenis

2116 5440 2310 5495 [tntum
2360 5453 2482 5493 esse
2522 5446 2837 5508 peruegant.
2873 5437 3087 5503 Quibus
3124 5452 3253 5507 ergo
3286 5437 3599 5491 rationibus
3644 5439 3711 5491 id

2118 5531 2463 5597 inlicientur,
2507 5530 2819 5585 audiamus.
2856 5547 2876 5581 ι
2926 5527 3100 5596 Sane,
3142 5527 3321 5599 iuluit
3366 5527 3701 5597 Daunus",

2019 5686 2033 5703 .
2068 5647 2169 5716 54,
2201 5663 2324 5719 pag.
2356 5647 2482 5704 459.
