3852 6206
143 293 245 349 ιεθ

1114 296 1177 353 ι).
1217 293 1508 353 NOURRII
1542 293 2020 351 DISSERTATIO.
2057 327 2126 336 ——
2171 294 2353 351 PARS
2387 293 2430 349 Ι.

3284 298 3392 357 490

141 426 317 473 totum.
340 418 481 474 illud
508 416 861 475 homiliarum
889 419 944 475 in
979 419 1182 477 Lucam
1211 437 1351 493 opus
1390 421 1715 477 Latinorum
1746 426 1793 484 Α
1820 428 2000 476 menta
2021 420 2091 478 ab
2121 421 2243 489 ipso
2279 418 2454 475 Grzeci
2500 418 2742 475 auctoris
2791 425 2943 475 textu
2975 418 3394 476 discriminare'!

142 511 413 567 natalium
446 512 665 567 indiciis
689 521 880 567 scatet.
915 531 934 565 ι
972 512 1256 584 Longum,
1291 524 1474 585 putas,
1517 516 1717 571 horum

141 604 515 666 indiciorum,
566 602 710 658 sicut
754 604 811 658 in
860 604 984 661 aliis
1024 604 1144 675 ipse
1189 615 1368 671 amat,
1403 606 1716 679 catalogum

139 697 349 751 texuit?
376 695 542 753 Nullo
576 696 781 751 modo:
826 711 924 752 sex
956 704 1166 752 tantum
1212 698 1432 754 illorum
1470 702 1719 771 exempla

136 793 395 857 exhibet,
434 805 559 861 qua:
595 804 729 845 sane
756 788 886 859 quia
914 804 1017 845 nec
1040 789 1211 845 multa
1238 800 1367 846 sunt
1389 805 1490 847 nec
1529 792 1716 861 longa,

136 885 207 939 iis
254 881 645 939 examinandis
697 881 980 951 paulisper
1034 882 1413 937 immoremur.
1470 876 1716 937 Primum

135 974 452 1029 desumitur
481 987 551 1026 ex
596 970 822 1025 homilia
849 970 903 1025 5.
941 988 960 1021 σ
988 968 1103 1039 Ego
1130 980 1313 1027 autem
1355 971 1542 1042 alogos
1569 987 1716 1028 sum.

136 1065 296 1132 Quod
332 1065 462 1119 licet
500 1062 730 1118 Latinus
769 1062 926 1117 aliter
958 1064 1325 1131 expresserit,
1362 1072 1545 1119 tamen
1590 1078 1719 1134 pro-

132 1158 252 1229 prie
305 1153 598 1212 transferri
636 1160 823 1225 potest
866 1152 1059 1223 absque
1101 1169 1358 1221 sermone,
1396 1155 1509 1208 sine
1550 1156 1719 1209 ratio-

132 1266 214 1303 ne.
253 1267 277 1301 ι
303 1244 620 1303 Secundum
670 1261 739 1300 ex
780 1244 1007 1301 humilia
1050 1253 1250 1300 sexta:
1300 1263 1320 1297 ‹
1373 1246 1509 1314 Ave,
1540 1246 1717 1316 gratia

130 1336 293 1405 plena
324 1353 339 1389 :
375 1335 526 1405 quod
567 1332 756 1389 Graece
794 1332 995 1389 dicitur
1025 1334 1471 1405 κεχαριτωμένη,
1511 1334 1606 1389 ubi
1660 1335 1716 1389 in

130 1427 443 1497 Scripturis
476 1425 607 1481 alibi
638 1426 863 1496 legerim
884 1466 899 1493 ,
932 1438 1043 1479 non
1085 1426 1365 1480 recordor.
1412 1445 1432 1478 ι
1469 1424 1714 1481 Tertium

127 1535 194 1575 ex
228 1518 465 1573 bomilia
504 1517 575 1573 16
609 1536 624 1573 :
677 1534 698 1569 ι
738 1516 980 1572 Cadaver
1021 1517 1225 1588 quippe
1265 1532 1297 1572 a
1337 1532 1469 1573 casu
1511 1532 1715 1573 nomen

128 1611 363 1682 accepit.
406 1629 428 1663 ι
468 1609 740 1676 Quartum
763 1624 830 1665 ex
852 1610 1041 1666 bomil.
1067 1609 1160 1677 22,
1187 1610 1280 1665 ubi
1308 1608 1576 1681 Origenes
1598 1611 1717 1666 haec

126 1702 319 1769 verba,
358 1720 378 1753 ι
420 1710 709 1757 vertantur
743 1702 802 1757 in
831 1701 1069 1772 lapides,
1108 1721 1128 1756 ι
1154 1703 1449 1760 edisserit:
1484 1721 1504 1756 ι
1535 1703 1715 1772 Roga-

1822 510 2081 568 Plurimae
2114 528 2248 568 sane
2279 512 2526 583 ejusdem
2567 512 2783 583 generis
2811 509 3119 568 additiones
3170 512 3227 565 in
3264 528 3394 583 0pc-

1823 616 1945 655 rum
1982 598 2167 655 lrenzei
2194 599 2382 655 Latina
2410 600 2681 668 versione,
2712 616 2875 672 quam
2908 602 3082 656 solam
3106 601 3393 672 habemus,

1822 702 2160 748 occurrunt:
2208 694 2394 749 nullus
2449 702 2630 748 tamen
2670 693 2723 747 in
2771 708 2834 749 ea
2878 708 2909 749 a
2967 693 3157 751 Graeco
3205 693 3392 753 lrenaei

1822 790 1976 838 textu
2016 783 2375 839 discernenda
2421 783 2693 839 haesitavit
2744 800 3027 856 unquam,
3066 795 3161 842 aut
3217 786 3392 845 falsus

1821 884 1922 932 est.

1890 967 2079 1040 Neque
2107 970 2348 1035 dixeris,
2380 969 2526 1040 quod
2558 969 2603 1024 si
2638 968 2935 1025 fatentibus
2968 970 3162 1038 nobis,
3208 972 3396 1043 aliqua

1821 1061 1892 1117 ab
1921 1062 2217 1130 interprete
2251 1060 2393 1115 facta
2425 1060 2536 1115 sint
2575 1060 2968 1127 additamenta,
2999 1061 3068 1116 ab
3097 1062 3192 1116 illo
3222 1064 3388 1118 etiam

1820 1167 1907 1219 ea,
1932 1168 2054 1223 quae
2097 1167 2200 1221 pro
2238 1150 2434 1223 lgnatii
2459 1152 2707 1221 epistolis
2730 1152 3041 1217 citavimus,
3070 1155 3239 1208 textui
3268 1153 3392 1209 Ori-

1820 1244 1974 1315 genis
2008 1242 2171 1313 adjici
2211 1244 2474 1314 potuisse.
2521 1241 2656 1298 Nam
2699 1254 2905 1300 certum
2944 1255 3027 1301 est
3054 1246 3246 1300 harum
3282 1246 3393 1302 llo-

1819 1335 2097 1391 miliarum
2128 1334 2483 1404 interpretem
2513 1349 2622 1388 non
2650 1347 2773 1389 esse
2803 1333 3059 1389 Ruﬁnum
3078 1375 3093 1396 .
3129 1343 3189 1389 ut
3230 1335 3394 1390 Blon-

1817 1426 1995 1482 dellus
2035 1427 2405 1493 ariolabatur,
2454 1425 2547 1481 sed
2595 1424 2981 1497 Hieronymum
3003 1469 3018 1493 ,
3052 1427 3214 1483 sicuti
3244 1428 3392 1498 ipsc-

1818 1531 1930 1574 met
1954 1517 2403 1591 Hieronymus",
2436 1525 2489 1573 et
2512 1516 2654 1572 idem
2678 1518 2907 1575 Ruﬁnus
2927 1520 2974 1552 "
3002 1520 3246 1590 ejusdem
3272 1521 3371 1576 llic

1819 1608 2032 1680 ronymi
2066 1608 2243 1679 hostis
2287 1606 2695 1663 infensissimus
2725 1616 3013 1663 testantur.
3062 1609 3133 1665 At
3178 1618 3392 1666 constat

1819 1698 2211 1771 Hieronymum
2243 1714 2419 1770 pauca
2454 1700 2510 1753 in
2538 1700 2654 1756 suis
2684 1697 3135 1771 Origenianorum
3162 1716 3390 1771 operum

127 1804 235 1859 tur,
268 1793 478 1863 inquit,
504 1793 672 1861 Deus,
707 1803 769 1849 ut
796 1794 1075 1864 paulisper
1114 1802 1506 1850 convertantur
1540 1793 1596 1849 in
1629 1794 1711 1848 la-
1743 1772 1786 1828 Β
1813 1790 2159 1846 versiouibus
2184 1789 2493 1856 addidisse;
2528 1805 2649 1859 quae
2679 1806 2707 1844 a
2731 1789 2928 1845 Ruﬁno
2953 1791 3214 1847 adnotata
3237 1802 3387 1849 sunt.

126 1886 320 1957 pidcs;
358 1886 467 1941 hoc
494 1886 643 1940 enim
687 1885 910 1942 Graecus
959 1901 1142 1943 sermo
1183 1886 1585 1957 signiﬁcantius
1617 1901 1710 1942 so-

124 1988 240 2033 nat.
286 1996 305 2029 ι
345 1975 618 2042 Quintum
651 1991 721 2032 ex
754 1974 943 2031 bomil.
972 1975 1042 2030 '55
1072 1994 1085 2029 :
1118 1992 1137 2026 α
1171 1973 1291 2030 Non
1323 1990 1449 2030 cum
1475 1974 1709 2031 articulo

124 2069 439 2139 principem
466 2068 672 2139 posuit,
703 2083 774 2123 ne
808 2078 1020 2123 certum
1071 2067 1347 2123 videretur
1375 2066 1665 2124 ostendere
1691 2084 1706 2121 :

124 2160 218 2214 sed
248 2159 377 2214 sine
408 2159 647 2215 articulo
672 2200 687 2227 ,
722 2167 785 2214 ut
814 2174 846 2214 e
895 2158 1145 2230 pluribus
1191 2174 1364 2213 unum
1398 2173 1521 2214 esse
1550 2171 1710 2212 mon-

121 2259 374 2305 straret:
433 2250 580 2320 quod
624 2250 770 2320 apud
812 2248 1032 2305 Graecos
1074 2248 1250 2320 magis
1303 2247 1647 2318 intelligitur.
1684 2265 1703 2298 ι

121 2340 357 2396 Sextum
386 2356 457 2397 ex
479 2340 669 2395 eadem
692 2341 919 2396 bomil.:
958 2358 978 2392 ι
1014 2339 1387 2407 Quadrantem
1415 2339 1500 2394 vel
1529 2336 1712 2393 novis-

119 2432 331 2487 simum
366 2434 684 2500 minutum;
711 2433 860 2503 quod
888 2432 1075 2488 Graece
1102 2440 1267 2488 tenue
1308 2431 1417 2487 dici
1440 2438 1639 2502 potest.
1684 2448 1706 2481 ι

121 2525 333 2581 Verum
370 2526 443 2580 de
470 2526 576 2581 hoc
596 2539 828 2580 numero
860 2524 1083 2579 tertium
1110 2524 1419 2593 exemplum
1462 2523 1586 2579 tolli
1612 2522 1708 2577 de-

119 2621 244 2686 bet;
290 2618 530 2673 Latinus
562 2618 708 2672 enim
760 2618 1029 2687 interpres
1068 2617 1235 2672 verba
1281 2611 1468 2673 Graeca
1509 2615 1712 2689 πτῶμα

118 2716 227 2788 γὰρ
265 2715 383 2770 ἀπὸ
413 2713 676 2775 πτώσεως
702 2712 917 2781 λέγεται
938 2751 953 2776 ,
985 2711 1073 2765 his
1105 2709 1317 2765 Latinis
1354 2710 1557 2782 optime
1594 2711 1714 2767 red-

119 2812 261 2866 didit
294 2828 310 2864 :
354 2828 375 2861 ι
416 2810 667 2865 Cadaver
702 2808 901 2877 quippe
946 2821 976 2861 a
1014 2820 1146 2861 casu
1171 2818 1371 2859 nomen
1417 2803 1646 2875 accepit.
1686 2823 1704 2855 ι

119 2903 175 2958 ln
208 2913 429 2974 quarto
475 2902 643 2956 etiam
675 2899 927 2970 exemplo
975 2897 1114 2953 nihil
1153 2896 1418 2961 occurrit,
1453 2897 1598 2966 quod
1644 2897 1711 2953 ad

117 2992 385 3067 Origenis
414 2992 919 3063 interpretationem
948 3005 1059 3045 non
1085 2989 1374 3060 pertineat.
1401 2987 1541 3054 Quid
1564 2989 1711 3044 enim

118 3088 386 3158 prohibet
410 3085 712 3154 quominus
735 3082 803 3137 ab
835 3079 1070 3152 Origene
1098 3080 1347 3151 quaedam
1375 3079 1429 3134 in
1463 3078 1712 3135 Graecum

120 3179 301 3235 Exodi
328 3179 584 3244 verbum,
620 3190 731 3245 quo
757 3173 1044 3228 Hebraeum
1072 3173 1425 3241 reddebatur,
1458 3174 1569 3229 sint
1608 3174 1710 3228 ob-

120 3280 371 3337 servata,
404 3284 529 3340 qua:
554 3283 655 3338 pro
683 3266 861 3322 ofﬁcio
894 3280 995 3320 suo
1023 3266 1292 3336 interpres
1317 3264 1513 3320 Latina
1547 3264 1714 3320 fecit?

118 3364 406 3420 Ceterum
443 3359 815 3415 concedamus
860 3356 1061 3411 Dallaeo
1105 3357 1273 3412 verba
1314 3358 1408 3411 illa
1458 3372 1581 3427 qua:
1611 3372 1710 3426 pa-

119 3456 371 3511 renthesi
410 3453 486 3509 ibi
517 3452 867 3518 clauduntur,
901 3466 1023 3507 esse
1045 3451 1114 3506 ab
1140 3449 1435 3519 interprete
1476 3449 1709 3518 adjecta.

120 3548 393 3614 Quinimo
418 3544 773 3599 concedimus
809 3543 887 3597 illi
915 3542 969 3595 in
1013 3550 1252 3612 quatuor
1280 3539 1403 3596 aliis
1444 3538 1711 3608 exemplis

122 3642 225 3694 alia
257 3653 391 3693 esse
429 3637 595 3691 verba
625 3634 848 3690 similia.
887 3632 993 3688 Sed
1044 3647 1171 3688 cum
1224 3631 1494 3701 interpres
1522 3630 1612 3684 illa
1652 3640 1713 3685 ut

122 3731 404 3788 versionis
457 3743 572 3784 sua:
613 3728 879 3781 rationem
912 3723 1203 3788 redderet,
1246 3723 1332 3777 vel
1371 3732 1432 3777 ut
1469 3721 1712 3777 auctoris

120 3824 203 3878 sui
257 3830 512 3877 mentem
562 3818 767 3875 clarius
807 3816 1063 3887 aperiret,
1093 3815 1179 3869 vel
1220 3822 1278 3869 ut
1313 3813 1379 3868 iis
1407 3814 1500 3883 qui
1525 3811 1712 3867 Graece

122 3914 490 3979 nesciebant,
538 3908 723 3964 omnia
756 3908 1004 3978 planiora
1038 3905 1248 3961 faceret
1272 3912 1328 3959 et
1350 3904 1709 3969 evidentiora,

120 4008 296 4061 textui
320 4002 582 4073 Origenis
609 4000 913 4071 adjicienda
938 4014 1061 4053 esse
1087 3997 1393 4068 putaverit;
1424 3997 1560 4051 nihil
1586 3996 1711 4051 inde

120 4108 315 4155 contra
345 4097 575 4152 Grarcos
601 4093 769 4164 hujus
801 4094 980 4163 operis
1008 4091 1217 4146 natales
1262 4091 1558 4161 quidquam
1601 4089 1713 4143 eﬁi—

122 4208 245 4247 cere
279 4197 545 4261 possunt.
584 4186 651 4241 Et
690 4201 750 4241 re
801 4186 1022 4256 quidem
1051 4199 1182 4238 vera
1229 4184 1284 4237 in
1339 4183 1529 4238 iisdem
1577 4182 1712 4237 locis

124 4288 313 4340 omnia
340 4281 682 4351 Origeniana
711 4288 858 4343 sunt,
894 4287 949 4333 et
993 4277 1251 4332 Latinum
1283 4277 1502 4346 sapiunt
1544 4275 1713 4331 inter-

123 4389 357 4449 pretem.
415 4373 559 4428 lllud
610 4380 790 4427 autem
840 4385 907 4424 ex
940 4384 1007 4424 eo
1036 4368 1353 4424 conﬁrmari
1387 4376 1569 4438 potest
1593 4374 1711 4420 tum

1809 1885 2150 1955 Quapropter
2178 1897 2305 1939 cum
2335 1883 2480 1938 inter
2512 1883 2603 1938 illa
2629 1884 3006 1940 testimonium
3033 1926 3049 1951 ,
3083 1885 3233 1955 quod
3258 1902 3362 1957 pro

1810 1978 2058 2043 tulimus,
2082 1976 2308 2032 minime
2332 1986 2685 2032 recenseatur
2704 2016 2722 2042 ,
2754 1976 2887 2031 illud
2908 1993 3035 2033 vere
3059 1977 3129 2033 ab
3152 1977 3389 2049 Origene

1809 2067 2113 2140 profectum
2149 2082 2273 2123 esse
2318 2069 2444 2138 quis
2485 2083 2728 2139 unquam
2769 2068 2875 2123 nisi
2910 2077 3115 2124 temere
3143 2079 3197 2125 et
3244 2070 3385 2127 falso

1810 2175 2009 2231 negare
2031 2160 2272 2215 audeat?

1883 2249 2197 2307 Secundum
2247 2251 2432 2308 Dallzei
2476 2261 2850 2319 momentum,
2883 2268 2996 2323 quo
3041 2255 3143 2310 has
3176 2255 3233 2309 in
3278 2254 3390 2316 Lu-

1810 2360 1930 2401 cam
1958 2344 2228 2401 Homilias
2259 2345 2510 2418 Origenis
2542 2360 2665 2402 esse
2689 2355 2880 2416 negat,
2909 2346 2995 2402 his
3023 2348 3205 2404 verbis
3248 2364 3385 2406 con-

1810 2437 2012 2507 cipitur
2036 2438 2085 2471 ⁸⁰
2121 2456 2136 2493 :
2172 2456 2191 2490 ο
2224 2436 2330 2493 Sed
2368 2448 2422 2493 et
2462 2439 2532 2494 ab
2566 2439 2687 2510 ipso
2714 2437 2965 2509 Origenis
3007 2441 3198 2511 genio,
3237 2457 3390 2501 more

1811 2542 1878 2584 ac
1908 2542 2073 2585 sensu
2101 2530 2354 2599 quaedam
2400 2538 2529 2585 sunt
2576 2530 2634 2585 in
2678 2529 2870 2585 eodem
2915 2536 3081 2602 opere
3126 2532 3327 2588 aliena.
3363 2551 3385 2587 ι

1811 2623 1972 2689 Quod
2011 2624 2232 2694 quidem
2279 2624 2478 2695 triplici
2533 2624 2748 2679 ratione
2807 2626 3095 2682 ostendere
3135 2635 3386 2683 conatur.

1814 2714 2022 2771 Harum
2052 2716 2229 2786 prima
2259 2724 2364 2783 est,
2394 2716 2657 2787 Spiritum
2689 2727 2944 2774 sanctum
2974 2719 3083 2774 dici
3114 2721 3332 2775 tertiam
3358 2736 3387 2777 a

1812 2806 1977 2862 Patrc
2017 2814 2073 2862 et
2099 2806 2241 2861 Filio
2274 2821 2563 2875 personam
2591 2826 2604 2862 :
2644 2825 2666 2860 ι
2700 2808 2826 2875 Qui.
2870 2808 3053 2880 inquit
3072 2810 3140 2877 ⁸³,
3171 2811 3254 2867 sic
3276 2810 3389 2869 dis-

1814 2903 2019 2958 tinctus
2070 2915 2316 2970 persona:
2365 2900 2420 2954 in
2464 2899 2666 2957 divinis
2721 2916 2896 2968 usus,
2928 2902 2998 2956 ab
3039 2899 3291 2973 Origene,
3339 2906 3389 2961 si

1816 2995 1955 3049 bene
1991 2992 2250 3059 memini,
2286 2992 2498 3048 alienus
2525 3000 2628 3047 est.
2664 3011 2681 3043 ι
2730 2989 2835 3046 Sed
2880 2993 3020 3048 bene
3052 3009 3164 3049 non
3194 2996 3388 3051 memi-

1742 3105 1784 3164 c
1818 3085 1934 3150 nit,
1969 3093 2062 3138 aut
2096 3084 2235 3139 bene
2272 3098 2382 3139 non
2425 3083 2629 3153 legerat
2672 3082 2787 3137 haec
2818 3080 3069 3154 Origenis
3098 3084 3263 3141 verba
3295 3085 3340 3118 ⁸³
3369 3106 3385 3144 :

1818 3197 1837 3229 ι
1878 3176 1989 3231 Nos
2025 3183 2203 3232 autem
2244 3175 2338 3245 qui
2368 3184 2477 3230 tres
2507 3189 2773 3245 personas
2794 3174 3032 3241 Patrem,
3065 3184 3121 3233 et
3162 3176 3388 3247 Filium,

1812 3279 1975 3338 atque
2026 3266 2292 3338 Spiritum
2336 3276 2583 3322 sanctum
2630 3282 2753 3323 esse
2797 3268 3094 3324 credimus.
3135 3286 3154 3321 ›
3200 3268 3388 3341 Neque

1814 3363 1981 3417 etiam
2030 3361 2170 3415 bene
2203 3359 2451 3414 meminit
2489 3360 2558 3413 ab
2597 3361 2788 3415 eodem
2837 3360 3068 3432 Origene
3105 3362 3388 3420 Christum

1812 3454 1938 3508 alibi
1972 3452 2233 3523 appellari
2260 3451 2509 3523 δεύτερον
2536 3451 2687 3517 Θεόν,
2719 3469 2739 3502 ι
2772 3454 3074 3509 secundum
3091 3454 3263 3511 Deum
3279 3455 3379 3511 ⁸³.)

1809 3542 1997 3614 Neque
2050 3543 2268 3598 tandem
2320 3543 2458 3598 bene
2511 3543 2760 3599 meminit
2800 3543 3192 3618 Hieronymum
3244 3547 3389 3604 scri-

1809 3634 1985 3705 psisse
2006 3634 2073 3689 ad
2096 3634 2317 3688 Avitum
2345 3634 2412 3701 “,
2429 3634 2483 3688 in
2509 3634 2615 3690 hoc
2635 3634 2924 3707 Origenem
2941 3652 3179 3705 errasse,
3200 3640 3346 3710 quod
3368 3658 3385 3695 :

1817 3743 1836 3775 c
1872 3725 2115 3781 Tertium
2147 3725 2411 3794 dignitate
2440 3734 2494 3781 et
2540 3727 2752 3783 honore
2778 3735 2907 3798 post
2940 3728 3157 3786 Patrem
3203 3740 3259 3787 et
3294 3732 3387 3787 Fi-

1812 3817 1945 3871 lium
1984 3817 2179 3872 asserit
2219 3816 2482 3887 Spiritum
2513 3827 2904 3874 sanctum......
2940 3818 3138 3875 Filium
3167 3837 3389 3893 quoque

1815 3908 2083 3962 minorem
2125 3906 2321 3974 Patre,
2352 3923 2418 3963 eo
2466 3908 2613 3979 quod
2652 3910 2927 3966 secundus
2970 3911 3037 3966 ab
3077 3911 3170 3967 illo
3198 3913 3298 3981 sit,
3332 3923 3387 3970 et

1815 3998 2080 4069 Spiritum
2111 4012 2359 4055 sanctum
2388 4000 2704 4056 inferiorem
2727 4001 2889 4069 Filio,
2920 4021 2939 4054 ι
2969 4012 3075 4058 etc.
3109 4002 3210 4070 Qui
3237 4006 3384 4061 enim

1812 4090 2013 4147 asserit
2044 4090 2308 4159 Spiritum
2345 4100 2596 4147 sanctum
2631 4107 2753 4148 esse
2791 4094 3012 4149 tertium
3039 4094 3301 4165 dignitate
3332 4082 3389 4154 et

1812 4182 2041 4246 honore,
2069 4180 2269 4236 Filium
2289 4197 2419 4236 vero
2435 4182 2732 4238 secundum
2770 4192 2824 4237 et
2863 4182 3023 4240 Patre
3044 4185 3383 4253 inferiorem,

1817 4272 1886 4327 ab
1934 4271 2028 4327 illo
2072 4287 2206 4328 sane
2239 4291 2257 4324 ι
2296 4273 2587 4329 distinctus
2629 4289 2878 4346 personae
2916 4275 2973 4331 in
3014 4277 3215 4333 divinis
3251 4294 3386 4333 usus

1818 4364 2030 4419 alienus
2058 4382 2077 4415 ι
2111 4378 2219 4418 non
2255 4373 2359 4419 est.

124 4472 270 4541 quod
303 4470 629 4526 additiones
656 4464 1009 4536 paucissimae
1033 4464 1177 4529 sint;
1209 4470 1322 4517 tum
1355 4461 1502 4532 quod
1528 4460 1711 4515 homi-
1743 4449 1789 4504 Ι)
1890 4452 2140 4509 Secunda
2170 4453 2351 4509 Dallaei
2383 4455 2523 4510 ratio
2561 4455 2784 4526 majoris
2825 4472 2933 4511 non
2965 4466 3047 4512 est
3086 4458 3382 4528 ponderis:

126 4560 195 4615 lia
238 4561 441 4630 quinta
490 4565 547 4611 et
594 4564 768 4619 sexta,
817 4553 961 4607 unde
1003 4553 1113 4607 duo
1165 4552 1323 4607 nobis
1376 4551 1712 4621 objiciuntur

126 4651 397 4721 exempla,
431 4663 755 4719 germanum
783 4644 1037 4716 Origenis
1069 4659 1207 4713 opus
1242 4659 1365 4699 esse
1387 4644 1515 4699 hinc
1553 4643 1711 4698 colli~

128 4754 303 4813 gatur,
344 4742 502 4814 quod
544 4740 869 4795 Ambrosius
892 4778 907 4801 ,
938 4747 998 4792 ut
1025 4736 1152 4792 alibi
1189 4737 1428 4792 diximus
1450 4738 1521 4803 ",
1554 4737 1711 4807 plura

128 4850 193 4888 ex
226 4836 306 4890 eis
340 4840 403 4890 in
446 4848 605 4889 suam
650 4832 929 4903 Evangelii
962 4831 1262 4888 secundum
1293 4829 1497 4884 Lucam
1536 4843 1708 4899 expo-

130 4928 381 4982 sitionem
410 4924 793 4979 transfuderit.

196 5020 597 5075 Verumtamen
637 5017 945 5073 Dallaeanus
986 5016 1241 5072 defensor
1266 5025 1419 5086 urget
1457 5015 1570 5068 haec
1607 5012 1705 5066 ad-

129 5111 429 5167 ditamenta
470 5111 518 5166 si
553 5109 777 5164 Latinos
820 5109 1028 5164 natales
1070 5124 1177 5163 non
1232 5115 1506 5177 arguunt,
1558 5104 1706 5158 nulla

125 5204 234 5274 jam
260 5205 313 5259 iu
342 5204 668 5260 Graecorum
701 5202 957 5272 operibus
980 5241 994 5264 ,
1026 5215 1261 5271 quorum
1294 5198 1574 5252 versiones
1602 5194 1707 5250 La-

128 5296 269 5350 tinas
307 5304 533 5349 tantum
583 5291 882 5359 habemus,
905 5306 1033 5345 vera
1067 5304 1131 5344 ac
1160 5289 1395 5359 genuina
1437 5287 1642 5355 scripta
1674 5300 1706 5339 a

129 5388 325 5456 Spuriis
354 5399 528 5456 posse
557 5384 793 5453 amplius
820 5382 1052 5438 secerni.
1084 5380 1190 5435 Sed
1226 5380 1359 5435 levis
1392 5379 1621 5433 omnino
1651 5384 1707 5432 et

130 5482 343 5536 inﬁrma
386 5490 475 5535 est
521 5477 641 5533 haec
668 5478 852 5531 vallati
886 5475 1155 5531 defensio.
1207 5472 1348 5541 Quid
1382 5473 1527 5527 enim
1574 5469 1708 5523 viris

129 5575 289 5627 etiam
326 5571 672 5628 tardioribus
700 5567 938 5635 facilius,
969 5583 1133 5638 quam
1163 5565 1477 5636 huiusmodi
1506 5562 1713 5617 addita-

1822 4563 1841 4598 ι
1880 4543 2067 4615 Neque
2098 4545 2187 4601 hic
2209 4546 2348 4615 ejus,
2382 4554 2442 4600 ut
2468 4547 2681 4617 opinor,
2717 4549 2913 4618 inquit,
2946 4564 3065 4605 mos
3090 4558 3173 4604 est
3194 4566 3379 4621 perso-

1816 4657 1937 4702 nas,
1959 4640 2106 4711 quod
2139 4640 2241 4695 iste
2270 4656 2378 4694 non
2413 4641 2581 4696 semel
2613 4640 2766 4707 facit,
2804 4642 3062 4698 inducere
3086 4643 3279 4713 longos
3304 4648 3388 4702 vel

1814 4735 1957 4789 inter
1985 4749 2044 4790 se
2064 4734 2148 4788 vel
2178 4734 2321 4803 apud
2344 4733 2513 4788 Deum
2538 4750 2818 4789 sermones
2840 4742 3101 4791 serentes.
3133 4754 3152 4786 ι
3182 4734 3382 4792 Verum

1814 4826 1976 4882 sicuti
2005 4825 2158 4896 prius
2183 4826 2271 4880 ille
2296 4840 2404 4881 non
2440 4827 2577 4882 bene
2608 4826 2971 4892 meminit,ita
3005 4842 3104 4882 nec
3138 4828 3227 4882 hic
3248 4829 3386 4883 bene

1816 4917 2091 4988 opinatur.
2109 4918 2400 4973 Enimvero
2430 4919 2681 4988 quamvis
2718 4919 2976 4974 audacter
2997 4919 3197 4974 dixerit
3224 4938 3243 4969 σ
3274 4935 3384 4973 ηοη

1815 5010 2003 5075 semel,
2042 5028 2061 5061 ι
2095 5010 2203 5064 (1υο
2229 5011 2610 5064 tantummodo
2651 5010 2848 5064 borum
2892 5008 3100 5079 profert
3133 5011 3378 5080 exempla

1815 5116 2162 5167 sermonum;
2198 5101 2291 5171 qui
2324 5102 2585 5171 quoniam
2617 5116 2727 5155 non
2772 5102 2954 5171 longi,
3006 5112 3065 5156 ut
3100 5103 3217 5171 ipse
3251 5116 3377 5155 con-

1815 5190 2071 5247 ﬁdentius
2117 5200 2430 5259 asseverat,
2463 5192 2555 5247 sed
2588 5192 2779 5248 breves
2808 5194 3033 5247 omnino
3061 5202 3223 5261 sunt,
3260 5194 3383 5249 illos

1815 5284 1951 5354 ipsis
1980 5283 2230 5355 Origenis
2258 5285 2462 5351 verbis,
2494 5286 2638 5355 quod
2666 5283 2851 5339 forsan
2878 5284 3111 5341 Dallaeus
3150 5302 3258 5340 non
3284 5301 3384 5340 au-

1814 5392 1910 5431 sus
1950 5386 2064 5441 est,
2106 5377 2347 5448 integros
2381 5378 2913 5446 repraesentabimus.
2951 5375 3171 5431 Primus
3198 5377 3384 5446 itaque

1814 5470 1896 5524 sic
1926 5485 1984 5523 sc
2018 5470 2180 5523 habet
2213 5488 2227 5523 :
2267 5489 2285 5521 ς
2324 5468 2644 5539 Respondeo
2672 5470 2791 5535 tibi,
2822 5470 2998 5539 inquit
3025 5466 3288 5538 Origenes
3312 5468 3380 5533 ⁸⁸,

1814 5574 1848 5615 o
1888 5561 2189 5629 versipellis
2228 5568 2283 5614 et
2313 5576 2545 5629 nequam
2571 5601 2585 5625 ,
2618 5561 2711 5630 qui
2754 5576 2841 5615 me
2874 5567 3083 5614 tentare
3119 5574 3228 5613 non
3269 5575 3384 5613 me-

194 5689 609 5747 ”Admonit.in
647 5688 885 5757 Exposit.
919 5688 974 5742 in
1010 5687 1138 5743 Luc.
1213 5683 1557 5757 "Praefatdn
1586 5683 1682 5757 has
1717 5680 1904 5757 horniI.
1978 5679 2366 5757 f'ininvcfliu.
2502 5694 2623 5757 cap.
2649 5676 2950 5747 3zi,p.459.
3027 5674 3383 5731 “liomilJb'.

130 5764 176 5797 ⁸⁸
204 5773 337 5818 tom.
370 5760 476 5825 νι,
516 5762 572 5813 in
608 5750 771 5812 Joan.
848 5759 893 5789 ⁸³
924 5759 1017 5813 lib.
1050 5775 1082 5813 ν
1150 5759 1271 5815 adv.
1305 5756 1445 5812 Cels.
1519 5753 1568 5786 ⁸⁸⁵
1590 5754 1707 5809 eois

1820 5752 1888 5815 9,
1919 5750 1988 5805 ad
2022 5752 2163 5804 Arii.
2242 5752 2285 5782 ⁸⁵
2321 5750 2511 5804 homil.
2541 5750 2630 5803 29.

421 5855 701 5915 Person.
749 5852 867 5917 Cn.
916 5860 987 5921 V.

2993 5839 3067 5899 16
