3852 6206
498 228 704 320 ιη’

1569 266 1627 324 S.
1670 266 2024 328 IGNATIUS.
2061 301 2129 310 -
2165 268 2700 334 PROLEGOMENA.

3659 294 3752 349 ﬂii

499 389 628 445 tuis.
670 383 828 446 llius
858 397 942 446 est
961 389 1127 461 spanis
1146 405 1330 447 sermo
1363 389 1481 457 Dei,
1507 391 1601 462 qui
1633 392 1872 448 viviﬁcat
1903 393 2088 448 homi-
2120 397 2167 454 Α
2268 395 2334 452 Et
2366 413 2426 454 re
2453 399 2676 469 quidem
2709 416 2836 458 vera
2882 401 3182 477 Origenes,
3219 414 3358 465 teste
3404 405 3750 484 Hieronymo,

498 503 645 542 nem.
695 505 714 540 ι
769 485 1056 543 Secundus
1106 502 1238 542 vero
1264 487 1346 543 ⁸⁰ι
1383 506 1402 541 ι
1450 487 1516 541 Et
1550 490 1932 560 unusquisque
1979 505 2079 544 no-

2187 485 2292 545 has
2343 489 2605 548 homilias
2652 493 2843 564 junior
2890 499 3225 568 composuit.
3269 519 3290 553 ι
3335 500 3555 571 Fateor,
3590 506 3753 576 inquit

495 589 672 637 suum
703 596 891 638 secum
909 581 1074 638 habet
1102 581 1478 637 adversarium
1501 582 1889 648 cohaerentem,
1918 583 2079 654 cujus
2182 579 2274 636 ille
2295 581 2364 647 ",
2395 583 2502 639 alia
2540 595 2672 640 sunt
2695 586 2875 642 virilia
2910 589 3053 658 ejus,
3088 599 3142 646 et
3171 597 3471 651 senectutis
3502 597 3746 653 seria.....

495 691 636 746 opus
674 682 761 733 est
793 674 996 732 ducere
1037 691 1146 732 nos
1179 675 1249 731 ad
1287 675 1630 747 principem,
1676 687 1730 732 et
1769 676 1950 732 dicere
1984 695 1998 732 :
2031 673 2076 732 Ο

2180 681 2312 728 tunc
2345 673 2532 732 videre
2566 681 2786 749 poterit,
2819 682 2932 737 imo
2981 699 3083 753 per
3124 700 3225 742 vos
3273 685 3522 744 Romana
3568 691 3745 763 lingua

493 770 772 841 princeps,
829 769 982 824 verbi
1029 769 1204 839 gratia
1259 768 1413 836 regni
1463 768 1780 838 Persarum,
1834 770 1939 826 iste
1981 773 2076 841 qui
2179 773 2499 834 Cognoscet,
2535 778 2805 837 quantum
2841 771 2974 826 boni
3003 783 3058 829 et
3085 783 3212 832 ante
3241 777 3517 847 nescierit,
3544 788 3598 836 et
3621 781 3752 838 scire

494 862 688 919 subter
715 869 835 918 erat
855 861 990 928 tibi,
1034 877 1196 927 eum,
1243 871 1305 916 ut
1339 876 1480 932 opus
1509 870 1662 929 erat,
1711 863 2004 918 custodivi.
2047 883 2066 916 ι

493 953 636 1020 Quid
658 954 746 1011 his
771 953 1120 1010 sermonibus
1153 953 1239 1008 vel
1272 953 1456 1010 minus
1485 953 1740 1025 longum,
1777 954 1864 1010 vel
1898 955 2072 1027 magis

481 1046 881 1118 ‘Origenianum
908 1047 1208 1103 desiderari
1241 1047 1453 1118 potest?

559 1136 744 1194 Tertia
778 1138 1017 1209 denique
1054 1138 1239 1196 Dallaei
1286 1139 1426 1195 ratio
1463 1138 1545 1195 sic
1569 1139 1914 1212 pnponitur.
1955 1141 2069 1194 Au-

475 1241 610 1289 =ctor
659 1231 1012 1287 homiliarum
1068 1231 1401 1287 Sadducatos
1451 1231 1578 1288 inde
1639 1235 1858 1304 arguit,
1918 1234 2067 1304 quod

472 1325 738 1396 quaedam
773 1325 941 1380 Isaia:
962 1333 1017 1380 et
1041 1323 1383 1380 Psalmorum
1407 1324 1582 1392 verba
1603 1342 1622 1376 ς
1653 1325 2009 1396 corporaliter
2039 1344 2059 1378 ›

485 1419 855 1490 explicarent,
887 1433 1011 1489 quae
1044 1417 1161 1488 ipse
1191 1417 1465 1488 spirituali
1498 1431 1664 1473 sensu
1697 1416 2065 1488 interpretan-

482 1512 552 1567 da
587 1526 710 1567 esse
731 1511 1030 1565 arbitratur
1061 1527 1074 1562 :
1111 1527 1131 1561 ι
1168 1507 1300 1575 Qua:
1330 1509 1538 1576 omnia,
1565 1508 1746 1580 inquit
1764 1505 1834 1576 ⁸⁷,
1865 1525 2064 1580 corpo-

481 1605 672 1661 raliter
701 1605 1135 1676 intelligentibus
1169 1603 1484 1661 Sadducteis
1507 1646 1522 1671 ,
1566 1605 1662 1675 qui
1693 1615 1851 1660 erant
1879 1607 2061 1663 nortio

478 1697 832 1767 Iudaeorum,
869 1699 1002 1754 dicit
1039 1697 1333 1754 Salvator:
1383 1697 1611 1754 Nescitis
1629 1693 2007 1770 Scripturas”.
2032 1716 2052 1750 ι

477 1795 668 1867 Atqui,
687 1794 765 1850 ait
788 1793 1042 1861 Dallzeus,
1073 1794 1177 1849 hoc
1202 1802 1411 1865 pugnat
1436 1809 1561 1850 cum
1591 1793 1845 1865 Origene,
1876 1793 1972 1865 qui
1997 1793 2054 1850 in

476 1887 730 1958 genuinis
763 1885 1033 1958 Operibus
1065 1886 1203 1943 alios
1236 1883 1444 1942 Veteris
1471 1885 1830 1954 TeSIamenti,
1859 1896 2055 1957 praeter

474 1979 679 2051 Moysis
708 1979 880 2034 libros
907 1978 963 2034 in
995 1993 1261 2034 cauonem
1309 1976 1743 2071 scripturarum,
1778 1993 1809 2034 a
1835 1974 2052 2071 Saddu-

473 2071 600 2127 catis
627 2071 795 2141 recipi
821 2070 1118 2126 inﬁciatur.
1156 2068 1264 2126 Sed
1294 2069 1443 2126 aliud
1471 2079 1556 2126 est
1574 2070 1776 2126 librum
1810 2068 2050 2142 aliquem

469 2162 970 2234 mchripturarum
998 2162 1198 2220 ascribi
1239 2177 1530 2228 canonetn,
1579 2162 1731 2218 aliud
1755 2179 1888 2220 vero
1927 2164 2049 2235 ejus

470 2258 634 2313 verba
686 2257 1046 2328 corporaliter
1095 2256 1346 2327 intelligi.
1396 2255 1579 2312 Unum
1627 2257 1683 2312 in
1733 2257 2048 2316 Sadducaeis

469 2353 788 2424 perstringit
831 2360 1023 2408 auctor
1057 2359 1277 2419 noster,
1321 2366 1431 2407 non
1457 2367 1588 2408 vero
1630 2352 1896 2419 alterum;
1925 2369 2047 2424 pro-

466 2445 702 2516 indeque
749 2443 1002 2516 Origenis
1053 2444 1337 2502 sententiae
1385 2444 1538 2500 nullo
1583 2445 1748 2502 modo
1790 2447 2046 2504 adversa-

466 2548 576 2594 Illl‘.
1479 2559 1483 2562 ’

536 2633 635 2689 llic
690 2633 908 2704 magnis
973 2633 1173 2688 animis
1225 2633 1464 2705 insurgit
1519 2633 1704 2690 Dallaei
1759 2634 2038 2704 defensor,

462 2726 851 2796 contenditque
883 2725 1214 2782 Sudducaeos
1249 2727 1396 2796 quod
1425 2725 1772 2782 Psalmorum
1802 2737 1858 2783 et
1883 2727 2040 2785 Isaia

461 2817 628 2872 verba
667 2817 1019 2888 corpolariter
1058 2816 1457 2887 intelligerent,
1483 2832 1596 2872 non
1631 2817 1741 2873 alio
1768 2833 1932 2874 sensu
1968 2819 2038 2875 ab

457 2908 650 2963 eodem
690 2918 916 2964 auctore
962 2908 1164 2976 notari,
1215 2910 1322 2965 nisi
1352 2909 1484 2980 quia
1527 2911 1631 2966 hos
1658 2911 1830 2968 libros
1853 2913 1928 2968 ab
1953 2914 2036 2968 eis

455 2999 514 3054 in
565 2999 972 3071 Scripturarum
1008 3015 1278 3057 canonem
1323 3012 1572 3074 receptos
1603 3003 1743 3061 falso
1771 3006 1876 3061 sibi
1911 3021 2034 3077 per-

2087 1747 2130 1807 B

2179 871 2327 912 nunc
2368 861 2618 930 coeperit.
2659 878 2680 913 ι
2719 862 2790 916 At
2833 863 3018 920 Dallaai
3067 865 3325 925 defensor
3367 871 3625 927 audacter
3671 888 3750 927 re-

2174 950 2409 1018 spondet
2455 966 2674 1009 errasse
2711 953 3129 1029 Hieronymum,
3169 959 3513 1034 aﬂirmatque
3544 982 3564 1016 r
3601 980 3750 1021 sexa-

2173 1044 2399 1110 genario
2427 1045 2692 1116 majorem
2732 1063 2857 1105 esse
2890 1050 3216 1122 Origenem,
3241 1054 3372 1110 dum
3399 1072 3537 1113 suas
3574 1058 3748 1114 homi—

2171 1129 2276 1189 lias
2323 1135 2492 1191 scribi
2535 1153 2732 1208 passus
2766 1150 2869 1196 est.
2915 1160 2934 1195 ι
2992 1142 3049 1198 ld
3083 1157 3268 1201 autem
3300 1162 3360 1204 se
3394 1150 3615 1206 solertia
3644 1166 3745 1208 sua

2171 1227 2464 1296 agnovisse
2513 1229 2600 1285 bis
2643 1232 2914 1302 gloriatur
2961 1236 3143 1292 verbis
3176 1238 3258 1292 "z
3299 1256 3326 1291 ί
3365 1240 3524 1307 Quod
3556 1257 3586 1297 α
3621 1243 3748 1300 viris

2167 1315 2344 1374 doctis
2377 1319 2821 1380 animadversum
2857 1327 3101 1396 quidem,
3134 1345 3244 1385 non
3279 1340 3461 1388 autem
3496 1344 3750 1391 accurate

2167 1423 2532 1481 perpensum,
2579 1430 2681 1471 nec
2729 1427 2924 1474 exacte
2964 1421 3328 1490 ponderatum
3373 1425 3564 1482 mirari
3614 1428 3747 1486 satis

2166 1513 2414 1570 nequeo;
2451 1518 2577 1559 cum
2611 1513 2794 1562 tamen
2829 1507 2884 1562 id
2917 1508 3127 1566 diserte
3159 1521 3390 1569 testettsr
3421 1515 3741 1574 Eusebius.

2165 1589 2468 1652 Audiamus
2514 1612 2649 1669 ergo
2682 1599 2885 1657 diserta
2934 1603 3025 1660 illa
3059 1603 3281 1663 Eusebii
3314 1609 3522 1666 verba:
3567 1630 3587 1664 ι
3626 1611 3745 1669 Ori-

2163 1700 2349 1755 genes,
2385 1687 2565 1758 inquit
2602 1689 2870 1749 Eusebius
2891 1695 2958 1762 ⁹¹,
2996 1699 3114 1772 jam
3153 1703 3511 1771 sexagenario
3543 1705 3740 1776 major,

2161 1788 2346 1848 utpote
2378 1781 2472 1851 qui
2503 1796 2567 1837 ex
2606 1783 2865 1842 diuturna
2899 1791 3292 1848 exercitatione
3325 1796 3628 1853 maximum
3659 1799 3742 1856 di-

2155 1871 2311 1926 cendi
2345 1888 2508 1928 usum
2544 1875 2648 1930 sibi
2685 1890 3094 1959 comparasset,
3129 1885 3421 1943 conciones
3459 1905 3600 1959 quas
3643 1892 3741 1948 ha—

2153 1961 2316 2019 bebat
2348 1966 2414 2020 ad
2449 1957 2734 2038 populum,
2766 1987 2796 2026 a
2832 1974 3062 2030 notariis
3093 1977 3270 2048 excipi
3299 1957 3578 2050 permisit,
3605 1999 3736 2041 cum

2153 2053 2206 2109 id
2240 2065 2369 2112 ante
2404 2059 2519 2114 ﬁeri
2554 2078 2833 2133 nunquam
2858 2069 3243 2125 concessisset.
3285 2081 3305 2124 s’
3336 2070 3442 2128 Sed
3475 2075 3736 2134 defensor

2152 2146 2242 2202 ille
2275 2151 2823 2224 perspicacissimus,
2859 2159 2954 2228 qui
2981 2147 3131 2218 viros
3146 2161 3335 2219 doctos
3357 2165 3581 2222 incuria:
3599 2183 3736 2225 con-

2147 2238 2390 2310 demnat,
2426 2243 2614 2302 debuit
2645 2252 2958 2309 accuratius
2989 2255 3295 2324 ponderare
3310 2258 3451 2328 haec,
3479 2265 3738 2336 quaipso

2147 2330 2300 2400 citat,
2333 2331 2555 2391 Eusebii
2587 2339 2753 2396 ver-ba
2783 2359 2798 2397 :
2839 2361 2859 2395 ι
2880 2343 3282 2415 Conciones...,
3313 2366 3344 2406 a
3377 2330 3606 2411 notariis
3633 2330 3734 2414 ex-

2145 2423 2253 2494 cipi
2291 2428 2561 2497 permisit.
2604 2447 2624 2484 ›
2659 2431 2873 2490 Etenim
2917 2437 3050 2494 dicit
3081 2441 3300 2510 quidem
3336 2443 3411 2499 ibi
3458 2445 3733 2507 Eusebius

2143 2510 2432 2589 Origenem
2454 2537 2564 2577 non
2597 2527 2919 2595 permisisse
2940 2531 3240 2589 conciones
3274 2550 3404 2592 suas
3433 2553 3463 2592 a
3494 2542 3734 2598 notariis

2141 2611 2349 2683 excipi;
2387 2616 2480 2671 sed
2504 2617 2594 2673 ille
2619 2617 2909 2692 Origenem
2943 2623 3124 2694 ipsum
3156 2640 3254 2683 eas
3287 2637 3412 2685 ante
3447 2635 3732 2705 sexagesi-

2140 2717 2287 2759 mum
2317 2708 2496 2764 aatatis
2535 2725 2649 2765 suae
2693 2725 2900 2769 annum
2955 2732 3121 2772 manu
3159 2721 3380 2791 propria
3429 2725 3729 2796 scripsisse

2138 2811 2250 2851 non
2281 2799 2575 2856 inﬁciatur.
2612 2801 2802 2875 Neque
2828 2807 2994 2863 etiam
3029 2821 3191 2881 negat
3219 2812 3364 2878 illas.
3389 2816 3511 2887 ipso
3551 2819 3728 2876 invito

2135 2885 2394 2961 Origene,
2419 2893 2487 2948 ab
2512 2895 2637 2952 aliis
2663 2900 3043 2971 transcriptas.
3074 2901 3348 2962 Praeterea
3390 2885 3610 2965 certum
3638 2921 3724 2968 est

2135 2977 2451 3053 Origenem,
2487 3000 2613 3042 cum
2657 2989 2878 3060 juvenis
2905 3003 3086 3063 esset,
3117 2999 3412 3056 conciones
3454 3002 3724 3060 habuisse

457 3106 727 3150 suaserat.
763 3093 945 3162 Quasi
978 3109 1114 3150 vero
1149 3095 1337 3151 nullus
1373 3072 1500 3151 cum
1543 3097 1657 3153 ullo
1707 3072 1933 3153 auctore
1964 3098 2033 3155 de
2058 3087 2103 3149 C
2136 3072 2204 3126 ad
2249 3075 2552 3144 populum;
2601 3079 2656 3135 id
2707 3083 2856 3138 enim
2899 3101 3016 3140 ηοη
3066 3087 3369 3147 ἀὲαἳιθηῐυν
3411 3093 3723 3152 θάνοι-εειῆὶ

456 3187 681 3257 scriptis
716 3186 1071 3259 corpolariter
1111 3187 1440 3254 intellectis,
1483 3188 1591 3245 nisi
1623 3189 1691 3245 de
1718 3191 1850 3246 solis
1881 3189 2030 3247 Scri-

451 3284 629 3352 ptu'a:
654 3293 826 3336 sacra:
848 3279 1006 3335 libris
1033 3279 1385 3350 expostulare
1411 3282 1619 3353 queat?
1650 3283 1877 3352 Quoties
1898 3286 2031 3342 scri-

451 3375 594 3446 ptori
626 3374 762 3429 illud
802 3373 939 3429 vitio
968 3374 1222 3440 vertitur,
1275 3373 1425 3444 quod
1460 3376 1753 3432 illustrium
1783 3378 2026 3435 virorum

450 3467 686 3537 scripta,
721 3481 846 3537 quae
891 3465 947 3521 in
991 3467 1168 3538 pretio
1199 3466 1458 3523 omnibus
1486 3482 1610 3525 esse
1637 3468 1873 3538 debent,
1901 3484 2028 3526 cor-

445 3559 730 3630 poraliter,
757 3569 814 3618 et
840 3560 910 3618 ad
930 3559 1168 3616 litteram
1195 3561 1582 3633 scrupulosius
1611 3563 2026 3636 interpretetur?

445 3650 634 3708 Potuit
659 3665 790 3723 ergo
825 3650 1089 3724 Origenes
1121 3651 1451 3712 Saddueaaos
1495 3655 1702 3714 idcirco
1729 3661 2020 3732 castigare,

444 3745 574 3815 quia
617 3744 771 3801 Isaiae
807 3754 864 3800 et
909 3744 1218 3803 Psalmistae
1261 3748 1456 3816 libros,
1502 3764 1644 3819 quos
1687 3762 1813 3823 post
1856 3769 2020 3810 suum

443 3833 744 3910 Scriptura:
772 3855 1037 3897 canonem
1071 3841 1242 3911 pluris
1272 3842 1451 3901 facere
1482 3845 1753 3904 debebant
1821 3865 2017 3924 corpo-

438 3932 631 3988 raliter
665 3933 1057 4005 intelligerent.
1138 3985 1164 4011 ,

506 4024 668 4083 Nulla
694 4036 780 4084 est
805 4028 980 4101 igitur
1008 4028 1204 4086 barum
1239 4031 1594 4090 homiliarum
1621 4039 1866 4095 auctoris
1888 4055 2012 4096 cum

436 4119 673 4192 Origene
704 4135 916 4192 pugna,
957 4123 1107 4178 nulla
1138 4123 1300 4194 plane
1330 4126 1627 4184 dissensio.
1662 4129 1863 4186 Verum
1908 4133 2013 4188 etsi

435 4214 769 4272 adversariis
815 4217 1022 4272 nostris
1058 4217 1285 4274 daretur
1318 4220 1557 4292 aliquam
1606 4222 1748 4279 inter
1778 4239 1876 4280 eos
1910 4226 2012 4280 hac

433 4306 501 4360 de
524 4321 582 4361 re
611 4304 782 4363 fuisse
806 4310 1248 4379 repugnantiam,
1274 4327 1406 4367 num
1429 4315 1694 4370 continuo
1721 4316 1804 4373 ha:
1827 4316 2012 4374 homi-

432 4401 519 4456 lias
547 4399 766 4472 Origeni
800 4401 1183 4472 abjudieandae
1212 4405 1370 4460 sunt?
1405 4404 1665 4477 Nunquid
1711 4411 2008 4482 scriptores
2039 4431 2084 4488 ι)

429 4494 596 4548 etiam
627 4493 988 4550 eruditissimi
1012 4495 1086 4550 ita
1111 4495 1215 4552 sibi
1249 4512 1464 4568 semper
1495 4510 1770 4570 constant,
1794 4505 2009 4560 omnia-

428 4601 536 4655 que
567 4585 622 4640 in
655 4586 826 4640 variis
857 4601 1048 4641 eorum
1080 4588 1369 4657 operibus,
1397 4606 1518 4660 quae
1544 4592 1776 4649 diversis
1812 4596 1880 4650 de
1912 4611 2005 4652 ar-

427 4677 706 4749 gumentis
736 4685 791 4732 et
830 4677 1064 4734 diversis
1104 4681 1443 4749 temporibus
1496 4686 1801 4755 composita
1842 4699 2002 4757 sunt,

426 4767 503 4823 ita
529 4767 634 4824 sibi
664 4768 946 4824 cohaerent
966 4813 980 4837 ,
1007 4777 1066 4823 ut
1096 4771 1245 4826 nulla
1273 4787 1460 4828 secum
1492 4779 1790 4844 pugnantia
1811 4787 1862 4833 et
1898 4780 2005 4836 sibi

425 4864 659 4921 invicem
703 4866 980 4922 contraria
1013 4868 1367 4940 scripserint?
1410 4867 1669 4944 Nunquid
1705 4874 2001 4945 aliquando

423 4959 672 5015 seniores
723 4957 853 5014 facti
890 4974 955 5016 ac
997 4961 1303 5032 doctiores,
1338 4979 1401 5024 ea
1450 4981 1561 5022 non
1614 4974 1996 5041 emendarunt,

419 5067 542 5122 qua:
567 5052 816 5122 juniores
851 5061 1017 5124 atque
1059 5055 1427 5125 imperitiores
1467 5068 1697 5148 certum,
1730 5071 1854 5122 esse
1886 5084 1999 5126 cre-

2133 3168 2346 3234 nostri,
2398 3171 2547 3242 quod
2591 3189 2656 3229 ex
2691 3176 2872 3234 allatis
2907 3177 3128 3236 Eusebii
3190 3186 3372 3242 verbis
3435 3188 3726 3246 evidenter

2132 3258 2425 3331 colligitur.
2457 3263 2628 3337 Atqui
2657 3267 2758 3324 has
2781 3270 2921 3327 inter
2943 3277 3240 3333 conciones
3272 3278 3400 3347 illae,
3419 3279 3488 3335 de
3510 3281 3724 3351 quibus

2131 3353 2345 3420 agitur,
2383 3355 2626 3414 homilias
2667 3360 2868 3418 debent
2918 3368 3113 3436 procul
3161 3368 3332 3426 dubio
3383 3373 3720 3441 numerari;

2128 3457 2254 3499 cum
2289 3446 2411 3505 illas
2440 3450 2508 3505 ab
2538 3451 2774 3524 Origene
2795 3455 2997 3526 juvene
3014 3464 3394 3529 pronuntiatas
3425 3479 3536 3520 non
3561 3464 3724 3524 solus

2126 3528 2510 3610 Hieronymus,
2531 3543 2625 3598 sed
2659 3554 2713 3600 et
2744 3546 2920 3602 eidem
2944 3546 3278 3624 Hieronymo
3300 3554 3722 3618 infensissimus

2123 3625 2358 3688 Ruﬁnus
2385 3643 2700 3692 constanter
2731 3650 3065 3708 assererem,
3100 3660 3200 3701 nec
3221 3643 3490 3707 Eusebius
3516 3666 3718 3710 eorum

2125 3719 2408 3778 sententiae
2441 3724 2553 3781 ullo
2581 3727 2746 3784 modo
2765 3730 3107 3804 refragetur.

2191 3809 2425 3870 Constat
2460 3815 2627 3889 igitur
2668 3819 2768 3877 has
2817 3822 3076 3882 homilias
3119 3828 3418 3897 genuinum
3451 3831 3719 3907 Origenis

2120 3918 2260 3974 opus
2317 3921 2475 3976 esse;
2535 3912 2873 3984 proindequc
2933 3916 3206 3975 invictum
3260 3930 3376 3978 stat
3423 3924 3548 3996 ejus
3599 3944 3716 3999 pro

2117 3992 2313 4068 lgnatii
2342 4000 2589 4070 epistolis
2615 4004 3012 4063 testimonium.
3051 4007 3319 4068 Ultimum
3353 3992 3538 4073 tamen
3581 3992 3720 4078 Eal-

2115 4085 2253 4143 lazus
2279 4089 2472 4155 telum,
2507 4092 2654 4161 quod
2678 4094 2810 4150 alibi
2840 4096 2897 4151 in
2932 4095 3261 4168 Eusebium,
3296 4103 3387 4160 hic
3416 4105 3470 4160 in
3513 4105 3720 4181 Origo.

2115 4177 2201 4234 nis
2231 4181 2610 4238 auctoritatem
2631 4185 2714 4241 sic
2739 4195 3102 4258 contorquet:
3133 4209 3153 4242 ‹
3187 4189 3390 4262 Unum,
3424 4177 3713 4269 inquiti”,

2114 4268 2308 4324 addam
2340 4281 2578 4359 gnotatu,
2621 4282 2684 4329 ut
2713 4276 2847 4330 mihi
2886 4277 3109 4347 quidem
3145 4281 3382 4349 videtur,
3432 4284 3720 4359 dignissi—

2115 4372 2290 4426 mum,
2338 4357 2638 4418 Eusebium
2679 4365 2934 4423 videlicet
2979 4384 3088 4425 non
3137 4373 3476 4432 omissurum
3500 4357 3720 4439 luisse

2113 4448 2367 4521 Origenis
2403 4468 2504 4523 pro
2528 4453 2826 4526 lgnatianis
2851 4461 3253 4531 testimonium,
3297 4468 3346 4523 si
3374 4484 3572 4525 eorum
3607 4474 3720 4529 ali-

2109 4543 2233 4598 cubi
2262 4545 2592 4634 mentionem
2620 4548 2861 4607 fecisset.
2894 4573 2914 4607 ι
2953 4553 3059 4614 Sed
3089 4556 3225 4612 nihil
3257 4557 3371 4628 illo,
3413 4563 3562 4632 quod
3593 4581 3718 4635 pu-

2107 4643 2185 4690 tat
2230 4629 2420 4692 notatu
2466 4639 2886 4715 dignissimum,
2931 4660 3258 4720 argumento
3305 4629 3480 4710 levius
3523 4629 3718 4728 att-lue

2107 4725 2399 4784 inﬁrmius.
2435 4728 2691 4803 Nunquid
2719 4737 2866 4792 enim
2901 4737 3173 4798 Eusebius
3210 4745 3397 4799 omnia
3433 4725 3712 4818 Origenis

2105 4825 2160 4873 et
2193 4821 2619 4890 apostolicorum
2651 4825 2919 4896 virorum,
2966 4831 3311 4904 aliorumque
3346 4833 3576 4893 Patrum
3631 4842 3715 4898 de

2103 4908 2297 4980 lgnatii
2327 4914 2574 4983 epistolis
2603 4919 2916 4975 testimonia
2953 4923 3009 4976 in
3032 4923 3331 4982 Historiam
3366 4942 3527 4985 suam
3551 4947 3714 4989 con-

2103 5001 2310 5071 gessit?
2335 5001 2529 5063 Nullus
2551 5007 2798 5076 profecto
2819 5010 2917 5066 ibit
2937 5010 3151 5070 inﬁcias
3176 5016 3331 5086 plura
3364 5019 3434 5073 ab
3454 5034 3525 5075 eo
3549 5037 3713 5092 prae-

2100 5095 2383 5164 termissa;
2427 5113 2528 5154 nec
2566 5100 2774 5157 idcirco
2814 5111 2998 5159 tamen
3031 5106 3223 5162 eadem
3261 5106 3489 5166 Patrum
3517 5128 3713 5184 opera

2103 5183 2195 5252 iis,
2227 5202 2260 5241 a
2288 5189 2491 5258 quibus
2521 5192 2720 5264 scripta
2751 5206 2900 5264 sunt,
2931 5197 3178 5253 censebit
3197 5214 3319 5256 esse
3357 5183 3714 5274 abiudicati-

2102 5277 2192 5333 da.
2231 5279 2476 5351 Denique
2505 5281 2778 5342 Eusebius
2799 5302 2900 5358 pro
2923 5286 3122 5360 lgnatii
3159 5291 3409 5362 epistolis
3435 5302 3711 5355 auctori-

2100 5377 2265 5424 tatem
2294 5369 2581 5445 Polycarpi
2615 5385 2670 5431 et
2701 5375 2922 5446 lreuaai,
2957 5379 3159 5438 citasse
3203 5392 3520 5454 contentus,
3574 5407 3708 5447 non

2099 5460 2255 5530 plura
2283 5466 2656 5534 posteriorum
2682 5466 2910 5527 Patrum
2939 5473 3254 5531 testimonia
3277 5481 3706 5540 accumulanda

2095 5567 2218 5609 esse
2246 5570 2463 5628 aequum
2491 5561 2724 5630 putavit.

1760 5681 1897 5736 χιιι,
1933 5670 2025 5732 29.
2101 5675 2149 5710 ³⁹
2181 5675 2400 5752 Prolog.
2431 5681 2487 5738 in
2524 5681 2626 5741 has
2673 5684 2868 5744 homil.
2945 5690 2992 5724 ”
3023 5705 3150 5764 pag.
3184 5691 3310 5750 106.
3392 5695 3438 5728 ⁹¹
3477 5694 3706 5764 Euseb-

416 5145 603 5200 didere
624 5146 647 5199 l
668 5143 818 5202 Nihil
839 5161 971 5218 ergo
1001 5148 1229 5215 mirum,
1260 5150 1307 5206 si
1341 5143 1636 5225 Origenes,
1681 5159 1775 5228 qui
1805 5159 1996 5231 junior

416 5236 516 5293 bas
552 5239 808 5294 homilias
843 5240 898 5294 in
937 5241 1218 5311 publicum
1264 5245 1544 5314 emiserat,
1593 5249 1648 5304 in
1693 5251 1761 5308 iis
1785 5253 1992 5326 aliquid

413 5328 481 5384 de
520 5327 836 5389 Sadducaeis
869 5332 1102 5404 dixerit,
1142 5339 1291 5408 quod
1336 5349 1526 5411 postea
1561 5344 1744 5401 senior
1768 5357 1823 5404 et
1848 5351 1993 5419 peri-

413 5421 520 5476 tior
562 5423 774 5495 factus,
818 5437 1127 5486 correctum
1175 5446 1298 5490 esse
1342 5435 1576 5494 voluerit
1625 5447 1681 5496 et
1737 5445 1994 5500 emenda-

414 5523 550 5574 tum.

481 5639 527 5671 ιι
561 5641 866 5720 ho_nt_il.35.
943 5649 999 5720 ιζ
1024 5649 1213 5707 homil.
1278 5654 1370 5711 59.
1448 5658 1494 5691 ιο
1528 5657 1722 5720 Matth.

409 5709 503 5765 lib.
528 5726 581 5767 vr
615 5711 784 5783 Hist,
817 5732 936 5790 cap.
969 5718 1055 5776 36.
1135 5724 1180 5755 "
1218 5709 1505 5797 pagelOS.
