3852 6206
151 379 262 435 ωδ

263 499 292 571 ς
322 498 413 556 III.
445 499 610 554 Aliud
644 498 886 572 Origenis
912 501 1272 556 testimonium
1299 499 1632 570 expenditur.

220 588 491 646 Nonnulli
527 591 675 646 aliud
699 607 800 662 pro
824 591 1016 646 iisdem
1046 591 1241 663 lgnatii
1273 591 1521 662 epistolis
1546 588 1743 646 aﬂ‘erre

151 683 338 738 solent
365 681 618 752 Origenis
654 683 1063 751 testimonium,
1094 683 1241 756 quod
1279 683 1365 737 his
1396 682 1579 737 verbis
1608 681 1744 753 legi-

150 776 307 831 tur”
336 795 351 831 :
376 797 394 826 ι
413 774 526 830 Nec
548 784 680 844 puto
700 775 845 845 quod
869 775 1076 845 culpari
1105 775 1299 845 possit,
1327 775 1374 830 si
1396 775 1522 844 quis
1544 772 1738 840 Deum,

149 867 302 922 sicut
325 864 572 924 Joannes
608 868 956 934 cbaritatem,
996 868 1071 922 ita
1113 867 1230 938 ipse
1269 881 1514 922 amorem
1561 866 1742 922 nomi-

156 967 270 1013 net.
309 959 559 1029 Denique
603 957 830 1013 memini
878 959 1118 1028 aliquem
1149 967 1467 1014 sanctorum
1509 957 1738 1025 dixisse,

153 1047 429 1121 lgnatiurn
473 1051 716 1117 nomine,
755 1051 823 1106 de
869 1051 1091 1107 Christo
1126 1069 1140 1106 :
1176 1050 1330 1106 Meus
1371 1064 1527 1106 amor
1561 1049 1743 1107 cruci-

153 1142 299 1198 fixus
327 1151 434 1198 est.
467 1161 487 1194 δ
526 1142 631 1199 Sed
662 1152 847 1198 utrum
881 1158 1008 1199 vere
1045 1143 1300 1215 Origenis
1327 1144 1402 1200 sit
1435 1147 1541 1200 hoc
1575 1158 1740 1214 opus,

153 1235 339 1290 adhuc
390 1236 495 1292 sub
522 1236 712 1306 judice
753 1237 823 1293 lis
863 1246 968 1293 est.
1020 1235 1255 1304 Quidam
1301 1237 1580 1292 enimvero
1613 1251 1741 1292 cum

152 1327 392 1384 Erasmo
416 1330 546 1384 illud
571 1346 603 1385 a
626 1339 778 1386 tanto
800 1332 1028 1388 doctore
1051 1332 1320 1411 scriptum
1349 1347 1472 1388 esse
1499 1332 1742 1389 infician-

152 1432 280 1486 tur,
323 1434 442 1478 tum
479 1424 626 1494 quod
666 1443 686 1478 ι
725 1425 780 1480 in
826 1425 1057 1496 prologo
1114 1425 1248 1482 citat
1291 1426 1544 1492 Graecos,
1593 1429 1742 1484 velut

151 1517 368 1574 alienos
398 1537 412 1573 :
446 1536 464 1570 ι
504 1529 618 1572 tum
650 1535 670 1570 ι
698 1533 763 1572 cx
793 1518 1243 1588 interpretatione
1281 1519 1522 1585 amoris,
1557 1519 1742 1574 chari-

151 1610 306 1677 tatis,
335 1611 653 1666 dilectionis
680 1619 735 1666 et
769 1611 1063 1680 cupidinis.
1099 1631 1118 1664 ι
1147 1599 1258 1667 Alii
1283 1627 1412 1667 vero
1437 1613 1736 1682 genuinum

152 1699 304 1754 illius
335 1698 510 1754 fetum
533 1714 655 1754 esse
680 1700 938 1769 probant,
967 1716 1035 1756 ex
1062 1701 1229 1774 stylo,
1259 1716 1326 1757 ex
1349 1702 1650 1774 allegoriis,
1683 1711 1740 1758 et

153 1789 515 1861 tropologicis
555 1791 1030 1861 expositionibus,
1074 1790 1132 1846 in
1173 1807 1312 1863 quas
1344 1794 1415 1848 ab
1460 1794 1739 1850 historicis

1131 377 1195 431 D.
1237 373 1528 432 NOURRll
1563 368 2043 429 DlSSERTATlO.
2075 399 2146 410 —
2180 366 2362 423 PARS
2398 366 2438 422 l.

1769 492 2338 556 Areverendissimus
2395 489 2652 547 Csserius
2717 489 2947 557 Latine,
3007 489 3421 548 eruditissimus

3314 365 3418 425 494

1844 582 2075 640 Vossius
2097 582 2308 650 Gracce,
2348 597 2416 638 ex
2446 582 2602 637 libris
2630 581 2720 636 ille
2745 580 3087 652 Anglicanis,
3126 581 3216 636 hic
3241 579 3418 637 Medi-

1841 678 1971 732 ctels
2019 675 2327 732 ediderunt.
2361 691 2382 728 ι
2438 672 2530 730 Sic
2563 675 2653 730 ille
2689 675 2910 728 tandem
2955 673 3240 742 concedit,
3271 672 3421 744 quod

1841 769 1993 823 nullo
2043 783 2287 837 unquam
2326 767 2492 821 modo
2549 781 2750 831 negare
2797 775 3028 836 poterat.
3096 764 3204 821 Sed
3259 766 3418 838 quid,

1841 869 2025 932 putas,
2044 860 2111 915 de
2130 858 2471 915 celeberrimi
2491 856 2743 914 Historiae
2769 858 3154 914 ecclesiastica:
3175 857 3422 929 parentis
3477 925 3484 945 δ

1843 953 2114 1010 sententia
2149 952 2510 1023 pronuntiat?
2540 949 2738 1006 Paucis
2775 967 2892 1006 rem
2932 951 3186 1017 absolvit,
3210 949 3424 1006 scilicet

1842 1043 1997 1098 illum
2037 1061 2056 1096 ι
2083 1043 2291 1114 judicio
2331 1042 2418 1097 his
2459 1043 2528 1098 de
2556 1042 2805 1113 epistolis
2845 1042 3045 1098 falsum
3082 1057 3226 1099 esse.
3255 1061 3275 1095 ι
3310 1040 3424 1099 Nec

1841 1134 2044 1190 Dallteo
2073 1136 2209 1191 satis
2235 1143 2318 1191 est
2340 1133 2637 1190 Eusebium
2661 1135 2867 1191 erroris
2897 1135 3297 1202 condemnare;
3323 1135 3423 1192 sed

1843 1243 1970 1284 eum
2000 1227 2166 1283 etiam
2213 1241 2463 1282 errorum
2505 1227 2785 1294 omnium,
2816 1227 2873 1282 in
2913 1243 3054 1298 quos
3095 1227 3188 1283 alii
3229 1235 3423 1299 postea

1841 1318 2084 1388 prolapsi
2114 1325 2262 1382 sunt,
2290 1333 2445 1372 reum
2471 1316 2621 1373 facit.
2653 1337 2671 1369 ι
2701 1316 2992 1383 Eusebius,
3016 1318 3215 1388 inquit,
3238 1317 3424 1374 omnis

1839 1409 1908 1464 de
1938 1407 2232 1480 lgnatianis
2266 1407 2474 1464 erroris
2506 1407 2650 1476 fons,
2683 1409 2778 1480 qui
2804 1409 2932 1466 hinc
2961 1409 3138 1480 primo
3169 1417 3420 1477 exortus,

1841 1500 2109 1557 latissime
2136 1510 2328 1571 postea
2351 1499 2579 1567 eﬁ'usns,
2613 1515 2749 1571 pene
2774 1515 2967 1556 omnes
2987 1500 3289 1557 Christiani
3316 1517 3422 1557 no-

1841 1591 2008 1646 minis
2062 1591 2305 1646 eruditos
2348 1592 2606 1663 pervasit.
2640 1610 2659 1644 ι
2697 1589 2809 1647 Cur
2852 1607 2983 1663 ergo
3027 1600 3140 1648 tam
3191 1593 3424 1664 turpiter

1843 1680 2214 1738 hallucinatus
2260 1690 2346 1738 est
2390 1681 2709 1738 Eusebius?
2764 1682 3022 1753 Nunquid
3075 1683 3166 1739 ille
3216 1684 3422 1754 ingenii

1841 1771 2309 1842 excellentissimi,
2327 1781 2382 1828 et
2404 1789 2633 1829 summa:
2651 1774 2982 1830 eruditionis
3006 1773 3110 1842 vir,
3141 1776 3210 1832 ad
3235 1775 3422 1832 discu-

150 1881 640 1951 explanationibus
690 1884 935 1939 excurrit
973 1899 1088 1939 :ex
1132 1886 1419 1941 sententiis
1462 1885 1550 1943 his
1577 1888 1737 1958 plane

1843 1864 2057 1920 tiendas
2090 1865 2284 1936 lgnatii
2335 1865 2598 1936 epistolas
2641 1867 2825 1937 segnis
2875 1867 2978 1923 fuit
3004 1876 3060 1923 et
3109 1867 3295 1936 iners,
3322 1869 3421 1940 qui

151 1972 542 2029 consimilibus
562 1983 617 2030 et
645 1975 943 2046 germanis,
978 1991 1101 2046 quae
1124 1990 1192 2030 ex
1224 1976 1438 2032 duabus
1470 1977 1734 2047 homiliis,

150 2066 220 2120 ab
251 2065 597 2138 Hieronymo
635 2065 889 2122 Latinam
927 2067 984 2122 in
1027 2067 1270 2141 linguam
1317 2071 1600 2128 conversis
1644 2087 1738 2127 oc-

149 2167 423 2226 currunt;
445 2174 512 2215 ex
540 2160 786 2217 melioris
811 2168 956 2216 notae
977 2161 1388 2232 manuscriptis,
1415 2161 1506 2217 ubi
1537 2177 1737 2218 nomen

151 2247 408 2320 Origenis
426 2251 760 2322 prmﬁgitur;
791 2253 944 2308 exiis
971 2253 1172 2324 quibus
1194 2253 1456 2326 Origenes
1479 2253 1738 2325 frequens

150 2343 331 2398 utitur
377 2341 778 2400 Hebraicorum
831 2347 1120 2402 nominum
1167 2345 1736 2418 interpretationibus,

149 2447 203 2493 et
231 2437 479 2492 aliorum
518 2452 746 2508 operum
794 2455 1020 2495 suorum
1062 2440 1450 2508 citationibus;
1501 2441 1738 2512 denique

148 2530 284 2601 quia
317 2545 419 2587 eas
449 2529 678 2587 Ruﬁnus
709 2530 902 2588 Latine
937 2532 1214 2598 reddidit,
1244 2541 1410 2602 atque
1435 2534 1636 2589 eaedem
1663 2541 1745 2590 to-

150 2639 376 2679 morum
403 2623 612 2689 decem,
642 2639 783 2694 quos
809 2623 864 2679 in
889 2624 1179 2680 Canticum
1201 2627 1423 2695 scripsit
1450 2623 1735 2698 Origenes,

150 2726 368 2786 partem
401 2716 761 2772 constituant.
810 2717 893 2772 Ad
938 2716 1154 2773 Erasmi
1180 2725 1364 2773 autem
1415 2728 1738 2790 argumenta

151 2809 500 2880 respondent
529 2809 600 2864 ab
622 2809 840 2865 illarum
872 2818 1098 2866 auctore
1140 2809 1298 2866 citari
1327 2811 1549 2881 quidem
1588 2811 1739 2866 Grai-

152 2915 269 2966 cos,
295 2901 400 2958 sed
431 2909 493 2956 ut
524 2916 689 2969 suos,
716 2917 826 2956 non
855 2911 916 2959 ut
942 2902 1154 2958 alienos
1196 2901 1304 2956 nisi
1339 2901 1632 2971 religione;
1672 2915 1740 2957 ac

152 2994 450 3048 nominum
473 2993 794 3050 Latinorum
821 2995 1298 3066 interpretationes
1332 3009 1364 3050 a
1393 2993 1594 3050 Ruﬁno
1628 3003 1741 3051 tex-

154 3086 234 3141 tui
270 3086 537 3158 Origenis
589 3087 762 3144 fuisse
793 3081 1035 3146 additas.
1087 3088 1352 3156 Quamvis
1392 3095 1577 3146 autem
1621 3090 1739 3146 hate

1839 1971 1948 2011 non
1979 1958 2157 2012 solum
2191 1973 2383 2014 earum
2419 1968 2652 2030 tempus,
2681 1967 2738 2014 et
2759 1975 2856 2016 eos
2876 1961 2972 2031 qui
3009 1961 3063 2016 in
3097 1961 3207 2018 illis
3239 1963 3423 2019 nomi-

1836 2059 2076 2117 nantur,
2105 2048 2314 2106 'sedulo
2357 2052 2658 2120 observat;
2709 2068 2901 2108 verum
2959 2054 3126 2110 etiam
3179 2070 3244 2110 ea
3297 2071 3422 2126 qua:

1839 2152 2029 2199 auctor
2050 2144 2336 2212 citaverat,
2362 2159 2423 2200 se
2455 2146 2875 2202 accuratissime
2893 2146 3242 2204 examinasse
3268 2148 3425 2204 testi-

1839 2234 2053 2292 ﬁcatur.
2087 2234 2291 2292 Scribit
2321 2236 2570 2294 enim“:
2607 2256 2627 2290 ι
2660 2237 2719 2292 1η
2743 2238 2974 2309 epistola
3004 2240 3073 2295 ad
3107 2239 3420 2312 Smyrnaaos

1837 2326 1906 2382 de
1934 2325 2222 2384 Servatore
2267 2337 2461 2384 nostro
2509 2328 2774 2401 loquens,
2811 2329 3062 2400 quaedam
3107 2328 3228 2400 ejus
3255 2328 3421 2386 verba

1839 2420 2067 2488 recitat,
2097 2436 2220 2491 quae
2261 2421 2404 2478 unde
2433 2422 2725 2493 acceperit,
2749 2421 2963 2494 ignoro.
3000 2441 3020 2476 ι
3060 2421 3294 2480 Dallaeus
3323 2437 3421 2480 ne-

1839 2527 1948 2584 que
1977 2514 2281 2586 ingenium,
2316 2531 2496 2587 neque
2524 2515 2866 2588 diligentiam
2903 2515 3129 2574 Eusebii
3151 2531 3419 2589 asperna-

1842 2613 1932 2660 tur
1956 2624 1970 2661 :
1995 2607 2091 2663 sed
2122 2625 2141 2660 ι
2167 2608 2469 2675 hominem,
2504 2607 2686 2680 inquit
2705 2608 2776 2674 ’⁷,
2807 2608 3061 2680 geminus
3083 2610 3270 2666 animo
3293 2624 3421 2682 per-

1839 2707 2030 2768 ceptus
2077 2700 2145 2756 de
2174 2699 2380 2758 Irenaeo
2411 2716 2478 2757 ac
2517 2700 2818 2774 Polycarpo
2846 2717 3002 2758 error
3043 2710 3420 2760 transversum

1839 2790 1972 2862 egit,
2006 2798 2062 2847 et
2103 2807 2225 2862 qua:
2246 2792 2413 2848 notha
2436 2801 2596 2851 erant
2625 2802 2680 2850 et
2710 2793 2997 2850 subdititia
3018 2835 3035 2862 ,
3062 2809 3128 2850 ea
3156 2810 3258 2866 pro
3290 2811 3422 2853 vero

1839 2879 2140 2954 lgnatianis
2203 2885 2495 2942 admittere
2549 2885 2786 2956 subegit.
2819 2905 2838 2938 ›
2891 2886 3066 2954 Quem
3112 2896 3296 2944 autem
3348 2889 3425 2950 do

1841 2973 2053 3031 Irenaeo
2081 2976 2384 3046 perceperit
2409 2991 2655 3032 errorem
2693 2977 2776 3032 sic
2802 2977 2948 3034 idem
2972 2975 3210 3036 Dallazus
3234 2979 3419 3050 declin-

1841 3076 1929 3124 rat
1950 3086 1963 3123 :
1987 3085 2006 3119 ‹
2026 3065 2122 3123 ille
2142 3068 2289 3137 quod
2313 3083 2434 3138 qua:
2452 3067 2721 3140 ignatium
2739 3068 2940 3126 dixisse
2961 3069 3126 3126 refert
3153 3069 3416 3142 lrenazus,

154 3177 346 3248 opinio
378 3193 492 3232 non
521 3178 842 3248 spernendis
881 3178 1158 3234 rationum
1190 3179 1485 3234 momentis
1521 3179 1734 3234 ﬁrmata

1840 3160 2029 3216 eadem
2058 3159 2113 3214 in
2151 3158 2404 3232 epistolis
2439 3173 2662 3231 quoque
2687 3159 2890 3231 scripta
2927 3160 3161 3231 legerat,
3191 3161 3334 3218 falsa
3361 3171 3418 3220 et

154 3270 446 3337 videatur,
495 3271 910 3329 observavimus
950 3280 1133 3328 tamen
1167 3270 1297 3327 alibi
1324 3271 1372 3304 ’δ
1406 3279 1582 3328 totum
1627 3272 1736 3328 hoc

156 3376 294 3431 opus
331 3361 477 3416 nihil
512 3363 660 3418 aliud
691 3362 1021 3419 Cassiodoro
1051 3363 1256 3431 videri,
1300 3379 1467 3434 quam
1499 3363 1735 3420 duarum

155 3452 414 3527 Origenis
435 3456 493 3510 in
520 3455 746 3512 Cantica
772 3457 1148 3525 homiliarum,
1183 3458 1253 3514 ab
1278 3455 1611 3530 Hieronymo
1629 3456 1736 3512 La-

153 3550 269 3604 tine
293 3549 636 3606 redditarum
667 3550 1171 3622 ampliﬁcationem.
1199 3549 1546 3622 Quapropter
1577 3563 1736 3619 aequo

151 3647 458 3718 cujuslibet
477 3646 677 3703 sinceri
713 3657 767 3702 et
796 3646 994 3720 integri
1018 3647 1480 3719 bominisjudicio
1511 3648 1737 3720 permit-

153 3740 325 3795 timus
356 3740 417 3794 in
447 3754 604 3806 eam,
639 3755 806 3810 quam
837 3741 1110 3797 veriorem
1136 3741 1470 3807 crediderit,
1501 3740 1580 3796 ire
1610 3755 1737 3796 sen-

153 3833 428 3898 tentiam;
468 3847 570 3888 nec
597 3832 971 3889 testimonium
1005 3848 1074 3890 ex
1103 3833 1189 3891 his
1240 3833 1486 3888 bomiliis
1514 3833 1739 3889 desum-

154 3934 348 3996 ptum,
391 3926 538 3982 ultra
570 3940 736 3997 quam
773 3941 872 3998 par
903 3935 1019 3994 est,
1061 3927 1365 3998 urgendum
1391 3940 1514 3983 esse
1542 3939 1736 3982 cense-

155 4039 304 4079 111118.

757 4137 986 4197 CAPUT
1025 4136 1138 4194 Vll.

159 4270 529 4310 ARGUNENTU!
570 4270 783 4309 εειτωί
816 4271 886 4309 EX
928 4271 1064 4311 ALIIS
1097 4269 1384 4310 INNUIEBIS
1423 4267 1738 4310 εοιιιρτοιι-

225 4342 358 4389 sus,
403 4340 539 4389 quos
578 4341 894 4381 aovensann
933 4341 1222 4383 EPISTOLAS
1261 4340 1482 4381 lGNA'I‘lO
1519 4338 1738 4380 Αωυυι-

224 4413 394 4451 CASSI
433 4412 752 4464 FATBNTUR,
793 4412 1135 4452 DESUIPTUI.

1841 3251 1994 3308 inani
2049 3251 2232 3322 specie
2271 3251 2526 3320 delusus,
2575 3254 2839 3324 epistolas
2891 3269 3116 3325 quoque
3148 3255 3416 3312 Irenaeum

1835 3341 2064 3407 vidisse,
2092 3349 2148 3397 et
2171 3341 2334 3398 etiam
2358 3345 2506 3414 quod
2532 3344 2776 3402 crassius
2804 3354 2890 3403 est
2913 3357 2967 3402 et
2987 3346 3416 3407 inexcusabilius

1838 3447 2180 3489 memorasse
2208 3433 2542 3505 imaginatus
2570 3446 2672 3492 est.
2705 3454 2724 3489 ι
2755 3435 2831 3492 De
2856 3435 3158 3510 Polycarpo
3185 3448 3366 3497 autem
3395 3457 3411 3496 :

1846 3541 1867 3576 ι
1901 3522 2109 3580 Similis
2135 3523 2372 3594 ejusest,
2424 3525 2591 3582 verba
2621 3526 2962 3596 Dallaaisunt,
3013 3530 3230 3586 tametsi
3256 3530 3416 3587 venia

1839 3615 2054 3686 dignior
2091 3615 2148 3671 in
2183 3614 2486 3688 Polycarpo
2537 3618 2866 3687 oscitantia,
2920 3634 3034 3676 non
3083 3622 3414 3680 attendentia

1836 3706 1948 3763 duo
1970 3706 2063 3763 illa
2101 3722 2226 3778 qua:
2255 3706 2509 3764 recitavit
2534 3708 2684 3774 loca,
2721 3719 2909 3781 aperte
2939 3712 3080 3768 inter
3106 3727 3167 3770 se
3195 3728 3414 3786 pugna-

1840 3812 1921 3855 re.
1951 3815 1972 3851 ι
2006 3799 2078 3854 At
2097 3813 2232 3856 sane
2257 3807 2408 3854 tanta
2428 3839 2446 3868 ,
2473 3808 2536 3855 ut
2560 3809 2850 3872 putamus,
2889 3803 3158 3860 evidentia
3185 3805 3416 3862 demon-

1839 3889 2136 3947 stravimus
2158 3891 2301 3961 apud
2335 3889 2600 3947 Irenaeum
2630 3891 2856 3947 verbum
2882 3894 3020 3948 dixit
3045 3893 3188 3950 idem
3216 3911 3416 3953 sonare

1837 3998 1906 4039 ac
1941 3983 2176 4054 scripsit,
2221 3983 2537 4053 nullamque
2569 3983 2625 4037 in
2672 3984 2856 4040 verbis
2905 3983 3101 4058 lgnatii
3143 4002 3266 4044 esse
3306 4004 3413 4060 pu-

1837 4090 2040 4147 gnam;
2082 4083 2144 4130 ut
2191 4074 2454 4132 Dallaeum
2499 4075 2730 4146 ejusque
2779 4076 3125 4134 defensorem
3173 4079 3413 4152 duplicis

1838 4164 2138 4223 Eusebium
2165 4181 2458 4224 accusasse
2501 4167 2706 4223 erroris
2747 4167 2931 4239 pigere
2975 4168 3170 4227 debeat
3207 4179 3263 4226 et
3305 4188 3411 4243 pu-

1837 4258 1987 4315 dere.
2015 4259 2318 4325 Addamus,
2346 4260 2393 4316 si
2415 4260 2585 4325 lubet,
2608 4260 2718 4314 duo
2745 4258 2836 4314 illa
2866 4260 3007 4329 loca,
3032 4276 3155 4332 quae
3177 4261 3412 4320 Dallants

1839 4347 1984 4404 inter
2025 4365 2086 4406 se
2131 4365 2378 4422 pugnare
2425 4349 2680 4418 alIirmat,
2712 4350 2780 4405 ab
2820 4349 3056 4407 Eusebio
3103 4353 3268 4409 citata
3300 4370 3411 4411 non

1840 4437 2034 4496 fuisse.
2073 4437 2178 4496 Sed
2231 4440 2481 4512 quamvis
2531 4455 2702 4496 unum
2741 4442 2826 4496 vel
2874 4450 3171 4513 utrumque
3219 4445 3290 4501 ab
3343 4461 3412 4502 eo

161 4509 188 4582 ς
213 4509 253 4565 l.
284 4512 672 4582 Argumentum
695 4525 760 4565 ea:
788 4509 1002 4565 Eusebii
1033 4511 1354 4566 auctoritate
1374 4511 1729 4581 desumptum.

1842 4509 2464 4602 transcriptum'fuerit,
2492 4532 2773 4603 probabile
2815 4541 2996 4588 tamen
3047 4509 3158 4589 non
3210 4544 3296 4592 est
3329 4536 3414 4592 vi-

230 4626 650 4699 Disputavimus
696 4627 960 4682 hactenus
992 4626 1060 4681 de
1090 4625 1418 4682 testimoniis
1460 4625 1734 4696 antiquis-

164 4720 433 4776 simorum
465 4717 713 4784 Patrum,
735 4721 937 4790 quibus
973 4717 1235 4789 epistolas
1266 4717 1459 4789 lgnatii
1485 4717 1734 4788 incognio

165 4821 241 4869 tas
271 4813 452 4869 fuisse
499 4811 731 4867 Dallaeus
760 4813 992 4882 ejusque
1035 4809 1291 4866 defensor
1315 4811 1454 4865 mira
1493 4809 1735 4879 singula-

165 4905 316 4976 rique
360 4903 734 4960 obstinatione
779 4902 1136 4957 contendunt.
1179 4898 1337 4956 Nunc
1386 4899 1454 4955 de
1486 4900 1556 4956 iis
1595 4899 1737 4956 scri-

162 5000 413 5070 ptoribus
441 4997 742 5068 agendum,
783 5009 815 5050 a
844 4995 1045 5066 quibus
1079 4994 1301 5050 easdem
1351 5002 1408 5049 et
1441 4993 1653 5066 agnitas
1681 5000 1738 5049 et

162 5091 366 5164 lgnatio
388 5089 682 5146 attributas
699 5087 801 5160 ipsi
825 5103 924 5144 sua
948 5095 1141 5158 sponte
1161 5085 1506 5142 conﬁtentur.
1523 5084 1730 5140 Horum

162 5185 557 5257 antesignanus
591 5189 675 5236 est
697 5179 964 5236 Eusebius
997 5173 1387 5245 Caesariensis,
1419 5177 1487 5233 de
1513 5193 1625 5250 quo
1649 5177 1733 5234 sic

161 5273 496 5331 Dallzeus":
535 5289 554 5324 ι
596 5271 852 5326 Fatemur
883 5268 1178 5324 Eusebium
1204 5268 1325 5324 illas
1351 5268 1466 5324 sive
1497 5284 1588 5324 sex
1621 5268 1735 5324 sive

161 5377 392 5438 Septem,
434 5379 575 5436 quas
613 5370 878 5429 recenset,
903 5360 1165 5431 epistolas
1195 5375 1514 5432 agnoscere,
1539 5375 1604 5416 ac
1633 5374 1733 5430 pro

159 5475 278 5514 vere
301 5453 608 5528 lgnatianis
634 5452 855 5508 habere.
892 5449 1078 5522 Neque
1099 5450 1515 5506 dissimulamus
1544 5465 1639 5506 eas
1665 5449 1734 5505 de

158 5552 358 5621 quibus
385 5546 477 5602 ille
499 5544 664 5600 verba
693 5542 845 5611 facit,
875 5543 974 5598 has
1016 5543 1168 5614 ipsas
1188 5542 1362 5599 fuisse
1389 5542 1584 5610 videri,
1615 5556 1738 5613 quas

159 5640 242 5696 his
299 5639 491 5697 hodie-
516 5635 831 5693 nominibus
870 5633 1367 5702 circumferuntur,
1399 5634 1588 5706 quales
1631 5649 1742 5698 eas,

1841 4640 1964 4680 rum
1988 4623 2546 4694 perspicacissimum,
2579 4623 2674 4695 qui
2705 4632 2855 4679 tanta
2890 4623 3173 4696 diligentia
3202 4626 3409 4699 episto-

1835 4716 1920 4773 las
1971 4716 2165 4790 lgnatii
2214 4719 2653 4786 examinaverat,
2701 4719 2847 4775 hanc
2885 4717 2932 4774 si
2981 4734 3105 4790 qua:
3153 4729 3300 4778 esset
3353 4724 3411 4780 in

1836 4806 2082 4879 ejusdem
2126 4806 2320 4880 lgnatii
2357 4807 2557 4875 verbis,
2588 4822 2618 4862 a
2652 4822 2731 4874 se,
2777 4807 2857 4861 uti
2889 4807 3110 4876 dicitur,
3145 4812 3412 4867 transcri-

1837 4903 1987 4973 ptis,
2030 4910 2275 4971 apertam
2319 4915 2430 4956 non
2459 4899 2910 4956 animadvertisse
2963 4905 3408 4974 repugnantiam.

1836 4991 1954 5047 lmo
1983 4991 2241 5047 omnibus
2263 4998 2474 5048 certum
2504 4990 2676 5046 videri
2702 4990 2863 5047 debet
2891 4991 2981 5048 illa
3013 4993 3206 5064 lgnatii
3241 4998 3408 5052 verba

1838 5099 2027 5141 secum
2081 5083 2286 5154 optime
2333 5084 2640 5152 cohaerere,
2683 5099 2806 5154 qua:
2845 5082 3117 5143 Eusebius
3156 5087 3299 5145 inter
3348 5106 3410 5146 se

1834 5179 2078 5247 pugnare
2111 5189 2221 5230 non
2253 5176 2548 5246 perspexit.

1904 5268 2136 5324 Constat
2193 5278 2458 5338 praeterea
2493 5265 2789 5323 Eusebium
2845 5281 2914 5322 ex
2965 5267 3186 5339 aliquo,
3241 5286 3406 5342 quem

1830 5372 2001 5429 penes
2048 5372 2107 5412 se
2149 5357 2445 5423 habuerat,
2483 5371 2650 5412 manu
2687 5365 2911 5412 cxarato
2945 5357 3133 5413 codice
3170 5361 3406 5430 prolixa,

1831 5465 1954 5520 quze
1982 5464 2050 5504 ex
2080 5448 2328 5520 epistolis
2353 5447 2648 5520 lgnatianis
2668 5448 2959 5518 exscripsit
2985 5449 3136 5517 loca,
3159 5449 3216 5504 in
3245 5466 3405 5508 suam

1831 5559 1997 5615 quam
2024 5557 2169 5599 anno
2197 5541 2336 5610 326,
2377 5551 2472 5598 aut
2497 5542 2652 5614 juxta
2683 5540 2939 5596 Dallteum
2958 5540 3084 5608 550,
3115 5542 3285 5599 edidit
3321 5546 3407 5601 hi-

1838 5637 2066 5692 storiam
2111 5635 2470 5707 trapstulisse.
2525 5631 2688 5705 Atqui
2735 5648 2800 5690 ex
2847 5632 3038 5688 eodem
3074 5631 3274 5689 Dallaao
3324 5636 3408 5692 hae

223 5762 270 5795 ”
298 5758 500 5815 Homil.
533 5758 588 5811 in
615 5756 773 5812 Cant.
825 5754 874 5788 ’⁸
904 5753 1181 5811 Admonit.
1206 5754 1260 5812 in
1289 5754 1384 5812 lib.
1417 5754 1651 5812 Ambros
1708 5744 1783 5812 De
1825 5753 1984 5811 Isaac
2013 5763 2064 5810 et
2087 5755 2256 5822 anim,
2312 5768 2357 5802 at
2409 5769 2529 5822 cap.
2565 5750 2655 5826 ὅθί,
2689 5768 2740 5825 p.
2776 5749 2904 5807 “2.
2978 5752 3025 5786 "
3057 5751 3153 5808 lib.
3185 5767 3246 5808 tu
3301 5751 3405 5808 Ili-

157 5841 310 5901 stor.,
335 5845 459 5903 cap.
485 5828 574 5884 36.
650 5828 695 5860 "
729 5841 853 5899 pag.
898 5826 1022 5882 445.
