3852 6206
427 303 530 359 498

1489 301 1548 356 S.
1587 301 1939 359 IGNATIUS.
1985 336 2051 343 —
2093 303 2626 360 PROLEGOMENA.

3577 304 3674 361 496

428 423 624 495 lgnatll
663 425 907 496 epistola
955 425 1105 482 circa
1149 424 1312 481 ﬁnem
1346 425 1531 481 saeculi
1565 425 1744 494 tertii,
1781 427 1867 480 vel
1897 426 2004 480 inl-
2029 433 2077 490 Α
2109 426 2487 482 testimonium
2540 425 2766 496 lgnatii,
2803 425 2874 484 ab
2928 423 3234 479 Athanasio
3267 423 3672 493 transcriptum,

427 517 567 572 tium
599 517 814 587 quarti,
850 517 904 572 id
935 526 1020 572 est
1071 517 1218 572 circa
1263 532 1467 572 annum
1511 515 1638 584 300,
1669 516 1920 572 exierunt
1949 517 2006 572 in

428 609 627 665 lucem.
655 608 842 665 Codex
892 610 1058 680 igitur
1098 610 1188 664 ille
1211 651 1228 678 ,
1257 623 1368 679 quo
1399 625 1533 665 usus
1585 617 1671 665 est
1711 594 2004 678 Eusebius,

425 703 515 756 vix
550 710 676 756 ante
731 701 956 772 triginta
1008 716 1184 756 annos
1235 701 1393 771 juxta
1442 700 1626 755 Dallaai
1690 701 2005 771 opinionem

425 801 685 847 exaratus
732 791 930 847 fuerat.
957 790 1242 858 Quomodo
1291 807 1422 864 ergo
1459 793 1541 847 vir
1594 791 1684 846 ille
1713 792 2008 862 sagacissi-

428 899 585 948 mus,
615 882 708 952 qui
759 890 842 938 tot
871 884 1283 954 manuscriptos
1326 884 1548 940 codices
1576 885 1888 953 evolverat,
1923 893 2006 940 tot

424 974 755 1030 lustraverat
807 975 1208 1043 bibliothecas,
1267 975 1429 1032 ﬁdem
1479 977 1840 1047 manuscripti
1889 985 2002 1032 tam

424 1067 662 1123 recentis
715 1077 1027 1138 suspectam
1076 1084 1187 1124 non
1243 1068 1477 1124 habuit?
1508 1069 1620 1124 Cur
1661 1069 1798 1124 alios
1843 1078 2002 1126 vetu-

423 1161 619 1217 stiores
667 1175 799 1216 cura
835 1163 998 1217 solita
1029 1178 1138 1217 non
1184 1162 1474 1234 quaesivit?
1501 1164 1613 1220 Cur
1657 1163 1892 1235 denique
1936 1179 2002 1219 ea

423 1253 609 1308 omnia
644 1254 952 1309 recentiora
1006 1253 1299 1325 dogmata,
1337 1271 1460 1326 quae
1513 1253 1748 1313 Dallaaus
1808 1258 1864 1312 in
1914 1256 2001 1312 his

422 1344 669 1414 epistolis
720 1344 1118 1415 deprehendit,
1177 1346 1416 1404 haereses
1473 1348 1736 1405 nimirum
1791 1350 1999 1422 lgnatio

426 1435 799 1504 posteriores,
846 1435 1065 1508 aliaque
1119 1439 1443 1509 quamplura
1498 1449 1624 1511 post
1663 1457 1787 1497 emn
1837 1458 1994 1508 nata,

422 1527 628 1582 nullam
662 1527 765 1598 ipsi
798 1543 866 1584 ne
897 1529 981 1584 vel
1016 1529 1298 1586 minimam
1328 1532 1550 1602 quidem
1581 1533 1650 1589 de
1680 1537 1995 1594 earumdem

423 1619 780 1690 epistolarum
817 1622 1200 1691 suppositione
1231 1623 1542 1694 injecerunt
1586 1629 1998 1697 suspicionem?

423 1709 617 1767 Nullus
652 1719 799 1768 certe
828 1713 1079 1771 sincerus
1115 1716 1362 1771 veritatis
1407 1727 1642 1785 amator,
1674 1721 1787 1774 haec
1809 1723 1993 1777 omnia

420 1802 705 1859 credibilia
733 1818 858 1860 esse
894 1805 998 1861 sibi
1037 1822 1281 1876 unquam
1323 1810 1712 1878 persuadebit:
1753 1814 1848 1868 sed
1877 1815 1999 1869 nul-

421 1891 535 1948 lum
560 1893 628 1948 ab
654 1891 894 1950 Eusebio
926 1907 1240 1966 perceptum
1263 1899 1332 1954 de
1368 1899 1573 1956 Irenaeo
1601 1911 1656 1957 et
1692 1901 1998 1977 Polycarpo

419 1999 665 2041 errorem
701 1994 996 2057 agnoscet,
1025 1988 1236 2058 hasque
1280 1991 1540 2060 epistolas
1589 2009 1778 2050 verum
1809 2011 1875 2051 ac
1901 2013 1996 2070 ge-

421 2075 654 2131 nuinum
678 2073 872 2147 lgnatii
905 2091 1044 2148 opus
1071 2094 1195 2135 esse
1224 2079 1369 2137 ultro
1399 2083 1676 2140 fatebitur.

419 2187 448 2260 ξ
480 2188 540 2244 ll.
586 2188 886 2245 Secundum
927 2205 1296 2263 argumentum
1335 2214 1401 2254 ea:
1430 2200 1714 2256 Athanasii
1761 2203 1995 2259 Alexan-

807 2263 949 2316 drini
977 2267 1276 2321 testimonio
1303 2268 1605 2326 deductum.

489 2348 628 2405 Cum
660 2348 918 2407 Dallaeani
960 2361 1112 2410 tanta
1157 2358 1461 2427 pertinacia
1509 2363 1842 2418 contendant
1882 2363 1996 2421 Eu-

418 2441 633 2498 sebium
664 2458 787 2499 esse
812 2441 1019 2500 fontem
1057 2465 1077 2499 ‹
1110 2449 1293 2505 omnis
1324 2451 1391 2507 de
1437 2451 1736 2523 lgnatianis
1770 2457 1994 2526 erroris,

417 2535 510 2604 qui
533 2551 672 2606 pene
693 2551 885 2593 omnes
911 2537 1212 2597 Christiani
1243 2547 1486 2603 nominis
1518 2549 1764 2606 eruditos
1798 2568 1995 2622 perva-

416 2628 524 2692 sit;
556 2646 575 2680 ι
609 2629 746 2684 nihil
776 2640 925 2689 certe
954 2633 1157 2690 mirum
1194 2637 1242 2692 si
1286 2652 1479 2695 omnes
1515 2639 1628 2696 fere
1652 2655 1776 2712 post
1820 2644 1996 2702 Euse-

417 2717 568 2773 bium
605 2721 932 2792 scriptores,
961 2739 1030 2780 ex
1072 2727 1208 2794 hoc,
1235 2744 1398 2800 quem
1437 2742 1755 2803 corruptum
1785 2738 1993 2808 dicunt,

417 2808 571 2866 fante
604 2827 759 2867 suam
783 2813 851 2869 de
879 2813 1075 2886 lgnatii
1099 2819 1348 2888 epistolis
1391 2825 1716 2881 sententiam
1747 2828 1997 2886 hausisse

419 2918 706 2974 perperam
751 2918 1088 2966 asseverent.
1135 2911 1248 2969 Hos
1273 2914 1439 2986 igitur
1475 2917 1750 2987 opinionis
1793 2931 1997 2979 nostra:

414 2994 903 3062 praestantissimos
937 3009 1259 3071 assertores,
1311 3013 1476 3075 atque
1517 3011 1698 3065 omnis
1736 3012 1912 3068 atatis
1940 3022 1996 3070 et

414 3083 740 3141 eruditionis
771 3087 918 3144 viros
960 3089 1212 3146 deserere
1251 3094 1468 3160 coacti,
1508 3096 1597 3151 vix
1630 3097 1864 3154 duorum
1897 3108 2067 3178 autc

415 3174 582 3229 trium
605 3177 877 3246 quasdam,
927 3180 1006 3235 uti
1040 3180 1214 3248 aiunt,
1236 3193 1418 3240 errata
1461 3187 1742 3257 minuere,
1771 3192 1858 3247 vel
1893 3208 1993 3248 au-

416 3266 729 3323 ctoritatem
760 3269 976 3325 elevare
1009 3282 1301 3329 conantur.
1335 3273 1554 3333 Primus
1598 3279 1739 3335 inter
1769 3297 1866 3339 eos
1897 3284 1994 3340 do-

415 3355 593 3410 ctrina
642 3367 699 3412 et
748 3359 945 3416 merito
990 3362 1195 3418 eminet
1243 3363 1614 3436 Athanasius,
1651 3370 1995 3431 Alexandriae

415 3445 730 3516 episcopus,
764 3449 860 3518 qui
891 3449 1181 3520 epistolam
1216 3451 1412 3524 lgnatii
1444 3457 1514 3512 ad
1546 3456 1815 3529 Ephesios
1841 3463 1992 3521 hunc

414 3535 599 3593 laudat
630 3538 684 3593 in
717 3539 943 3595 modum
967 3541 1052 3598 "z
1095 3561 1115 3594 ι
1148 3541 1394 3616 Ignatius
1421 3557 1550 3618 post
1579 3553 1858 3620 apostolos
1887 3556 1995 3612 An-

417 3629 635 3684 tiochia:
657 3631 881 3700 praesul,
906 3641 962 3688 et
988 3645 1197 3707 martyr
1245 3636 1473 3706 Christi,
1512 3641 1568 3696 in
1593 3643 1840 3713 epistolis
1876 3648 1994 3704 suis

415 3719 484 3774 de
512 3718 745 3776 Domino
774 3722 850 3776 ita
874 3723 1095 3782 locutus
1125 3735 1242 3784 est:
1275 3727 1429 3786 Unus
1460 3741 1543 3787 est
1582 3735 1829 3792 medicus
1872 3754 1993 3794 car-

415 3811 557 3867 nalis
586 3821 642 3867 et
678 3813 978 3884 spiritalis,
1011 3818 1229 3888 genitus
1272 3829 1327 3876 et
1357 3821 1658 3893 ingenitus,
1689 3827 1743 3883 in
1771 3828 1994 3888 homine

416 3901 580 3969 Deus,
605 3904 660 3958 in
689 3915 864 3960 morte
890 3908 999 3963 vita
1021 3925 1170 3980 vera,
1199 3927 1265 3967 ex
1293 3911 1460 3970 Maria
1487 3926 1539 3973 et
1560 3917 1689 3975 Deo.
1714 3939 1732 3973 ι
1759 3919 1992 3980 Dallzeus

420 3994 512 4048 ubi
546 3995 650 4051 hoc
699 3997 987 4055 Athanasii
1037 4003 1414 4062 testimonium
1463 4011 1748 4080 expendit,
1791 4013 1992 4071 fatetur

416 4088 572 4142 illum
600 4088 656 4142 in
688 4103 755 4145 eo
807 4106 916 4146 non
940 4107 1228 4164 peccasse,
1261 4099 1407 4168 quod
1454 4102 1734 4172 egregium
1785 4105 1988 4174 locum,

417 4194 598 4235 causae
624 4195 738 4239 sua:
775 4181 1149 4251 utilissimum,
1207 4204 1370 4258 quem
1400 4205 1467 4246 ex
1514 4191 1709 4263 lgnatii
1745 4195 1990 4266 epistolis

417 4280 613 4327 nactus
638 4270 798 4342 ferat,
826 4273 948 4344 ejus
989 4279 1213 4334 nomine
1243 4280 1564 4337 laudaverit.
1596 4283 1820 4356 Magnas
1844 4292 1990 4344 certe

415 4362 751 4421 Athanasius
803 4364 1004 4422 Dallaao
1034 4408 1049 4432 ,
1101 4370 1249 4440 quod
1293 4387 1420 4427 eum
1477 4388 1507 4427 a
1537 4384 1798 4444 peccato,
1841 4379 1988 4448 quod

2111 518 2166 572 in
2205 518 2299 572 illa
2334 516 2558 573 Eusebii
2587 518 2823 573 Historia
2868 531 2975 572 non
3013 516 3298 586 reperitur.
3349 515 3675 570 Athanasius

2108 609 2276 679 igitur
2302 610 2434 664 illud
2466 625 2533 663 ex
2563 609 2670 664 alio
2706 609 2995 678 scriptore,
3022 608 3108 662 vel
3147 624 3213 662 ex
3246 607 3431 676 aliquo
3476 607 3679 675 episto-

2106 700 2284 754 larum
2317 699 2512 770 lgnatii
2551 699 2932 768 manuscripto
2954 699 3142 754 codice
3173 705 3454 752 mutuatus
3475 704 3579 752 est.
3612 695 3678 751 At

2105 806 2172 845 ex
2195 790 2392 860 quovis
2422 789 2778 845 doctissimus
2806 789 2896 844 ille
2920 789 3118 859 praesul
3149 787 3281 842 illud
3305 786 3496 856 lgnatii
3526 787 3678 841 testi-

2106 883 2353 936 monium
2398 883 2704 952 acceperit,
2740 882 2857 952 ipse
2898 881 3218 936 utrumlibet
3247 888 3408 935 tantae
3440 881 3679 950 antiqui-

2103 974 2234 1030 tatis
2257 983 2313 1029 et
2339 975 2684 1030 auctoritatis
2711 974 3080 1040 existimavit,
3111 982 3173 1028 ut
3197 974 3323 1028 inde
3354 973 3676 1028 catholicam

2105 1066 2268 1122 fidem
2297 1067 2562 1123 adversus
2600 1066 2930 1122 Arianorum
2973 1067 3216 1138 argutias
3245 1073 3302 1121 et
3350 1065 3676 1120 subtilitates

2103 1169 2223 1217 tuto
2264 1159 2470 1215 muniri
2501 1168 2556 1215 et
2599 1158 2817 1216 defendi
2845 1174 3007 1230 posse
3048 1173 3370 1230 persuasum
3402 1157 3675 1212 habuerit.

2102 1255 2299 1324 Liquet
2326 1253 2489 1321 igitur
2513 1261 2568 1308 et
2595 1261 2818 1309 constat
2839 1252 3197 1306 Athanasium
3222 1266 3334 1305 non
3363 1267 3430 1307 ex
3456 1249 3678 1307 Eusebii

2096 1343 2357 1410 Historia,
2391 1343 2486 1399 sed
2526 1359 2592 1398 ex
2628 1343 2812 1414 aliquo
2841 1341 3162 1398 veneranda:
3193 1342 3535 1411 antiquitatis
3557 1358 3678 1397 mo-

2098 1438 2371 1504 nimento,
2396 1437 2754 1507 epistularum
2801 1435 3040 1500 illarum,
3068 1449 3206 1504 quas
3234 1433 3440 1504 lgnatio
3464 1433 3678 1500 tribuit,

2099 1533 2300 1586 cit-asse
2325 1529 2724 1585 testimonium.
2751 1527 2996 1597 Denique
3023 1526 3316 1582 Eusebium
3343 1527 3400 1580 in
3439 1527 3678 1582 citandis

2098 1623 2294 1694 lgnatii
2340 1623 2590 1695 epistolis
2648 1623 2801 1678 nullo
2831 1622 2994 1677 modo
3044 1635 3261 1675 errasse
3307 1619 3675 1676 ostendimus.

2097 1717 2326 1773 Frustra
2379 1715 2544 1787 igitur
2595 1714 2930 1771 Athanasius
2971 1713 3041 1769 ab
3094 1713 3188 1768 illo
3238 1712 3463 1768 delusus
3502 1711 3680 1768 fuisse

2097 1811 2319 1868 dicitur.

2099 1945 2130 2020 ς
2159 1943 2247 2000 ΙΙΙ.
2293 1942 2530 1999 Tertium
2556 1949 2922 2020 argumentum
2953 1939 3282 2020 enloannis
3309 1937 3678 2008 Chrysostomi

2588 2013 2906 2067 auctoritate
2927 2013 3182 2066 elicitum.

2165 2128 2526 2184 Athanasium
2562 2125 2813 2197 proxime
2844 2132 3067 2180 secutus
3103 2130 3189 2177 est
3223 2119 3678 2191 Cbrysostomus,

2101 2223 2194 2291 qui
2220 2221 2273 2276 in
2305 2221 2576 2286 oratione,
2591 2234 2756 2290 quam
2786 2215 3094 2272 Antiochiae
3111 2213 3178 2269 de
3199 2211 3386 2284 lgnatii
3411 2210 3680 2280 martyrio

2096 2315 2311 2382 habuit,
2345 2314 2427 2369 sic
2456 2313 2700 2384 loquitur
2718 2313 2766 2345 ”
2792 2328 2808 2365 :
2839 2328 2858 2361 ‹
2885 2307 3039 2364 Unde
3067 2307 3172 2362 hoc
3200 2299 3258 2359 fit
3281 2303 3632 2374 perspicuum
3655 2302 3681 2353 2

2097 2407 2182 2463 Ex
2212 2409 2396 2464 verbis
2423 2422 2542 2478 quae
2565 2405 2871 2493 moriturus
2899 2402 3247 2473 loquebatur.
3273 2400 3412 2454 Cum
3441 2398 3592 2454 enim
3621 2399 3678 2454 id

2097 2515 2271 2570 genus
2298 2491 2583 2570 supplicii
2608 2497 2714 2554 sibi
2749 2495 3096 2552 subeundum
3124 2507 3246 2549 esse
3274 2491 3636 2546 intellexisset
3660 2508 3676 2544 :

2097 2589 2232 2657 Ego,
2287 2590 2486 2660 inquit,
2521 2589 2661 2658 feras
2710 2587 2838 2641 illas
2867 2584 3445 2656 adjuvaremancce
3500 2597 3674 2638 vero:

2111 2680 2250 2750 Ἐγὼ
2265 2682 2374 2734 τῶν
2395 2681 2620 2736 ἐκείνων
2643 2678 2893 2749 ὀναίμην,
2916 2677 3086 2745 ἔλεγε.
3105 2676 3236 2742 Qua:
3245 2674 3464 2745 quidem
3481 2671 3678 2729 Graeca

2097 2774 2262 2829 verba
2279 2789 2345 2829 ex
2363 2772 2552 2844 lgnatii
2585 2770 2814 2842 epistola
2830 2771 2897 2824 ad
2921 2767 3200 2823 Romanos
3235 2765 3523 2833 desumpta
3547 2777 3679 2818 esse

2096 2881 2259 2921 nemo
2316 2881 2428 2920 non
2471 2863 2634 2920 videt.
2673 2861 2924 2916 Attamen
2966 2859 3200 2915 Dallazus
3234 2855 3518 2913 contendit
3555 2854 3674 2885 *καί

2094 2958 2548 3032 Chrysostomum
2599 2973 2620 3008 ι
2674 2953 2816 3009 nihil
2871 2951 3069 3023 lgnatii
3129 2949 3409 3022 proprium
3476 2955 3677 3018 praeter

2095 3035 2415 3124 passionem
2465 3050 2686 3112 dicere,
2733 3062 2798 3102 ex
2828 3061 2940 3116 qua
2975 3044 3067 3098 illa
3114 3042 3236 3113 ejus
3288 3040 3452 3095 verba
3506 3038 3681 3093 refert

2098 3158 2264 3219 atque
2294 3145 2628 3217 amplificat:
2666 3161 2685 3196 ι
2719 3142 2774 3196 id
2805 3149 2909 3207 est,
2933 3139 3089 3210 juxta
3124 3136 3306 3192 Dallasi
3331 3134 3679 3204 opinionem,

2095 3243 2549 3313 Chrysostomum
2582 3236 2699 3291 haec
2727 3234 2894 3289 verba
2925 3247 3034 3287 non
3066 3246 3132 3286 ex
3177 3227 3420 3299 epistolis
3453 3225 3678 3296 lgnatii,

2097 3333 2194 3389 sed
2216 3349 2280 3388 ex
2308 3329 2556 3400 martyrii
2589 3327 2766 3397 ipsius
2789 3323 2943 3379 Actis
2965 3329 3187 3392 accepta
3215 3317 3438 3375 referre.
3467 3314 3680 3372 Verum

2096 3424 2151 3478 id
2176 3421 2401 3476 omnino
2451 3418 2656 3473 falsum
2691 3430 2812 3471 esse
2845 3413 2972 3468 inde
2996 3413 3110 3482 jam
3147 3407 3680 3472 demonstravimus,

2096 3517 2244 3586 quod
2285 3514 2453 3570 verba
2506 3513 2597 3566 illa
2631 3524 2743 3566 non
2786 3509 2841 3562 in
2872 3507 3020 3562 veris
3048 3513 3103 3560 et
3150 3501 3382 3559 sinceris
3421 3498 3682 3570 martyrii

2097 3607 2364 3679 lgnatiani
2393 3605 2564 3670 Actis,
2604 3605 2698 3660 sed
2728 3598 3110 3658 tantummodo
3143 3595 3198 3650 in
3241 3593 3592 3663 interpolatis
3623 3600 3684 3646 et

2096 3700 2392 3771 corruptis,
2415 3708 2469 3754 et
2491 3697 2887 3768 Cbrysostomo
2916 3691 3135 3762 penitus
3161 3687 3484 3757 incognitis,
3514 3699 3682 3756 repe-

2095 3795 2331 3848 riantur.

2167 3908 2341 3966 Instat
2368 3916 2548 3963 tamen
2581 3901 2856 3958 Dallzeus‘
2884 3916 2898 3954 :
2932 3917 2951 3950 ι
2982 3896 3097 3952 Cur
3120 3909 3232 3950 non
3264 3892 3480 3962 aliquas
3507 3905 3575 3945 ex
3608 3888 3686 3944 iis

2093 4004 2341 4075 epistolis
2369 4043 2385 4068 ,
2420 4000 2660 4055 maxime
2703 3993 3006 4051 laudabiles
3057 3988 3355 4046 sententias
3376 4026 3392 4052 ,
3424 3998 3587 4054 asque
3611 3997 3688 4037 ac

2094 4099 2244 4154 illam
2269 4095 2530 4166 martyris
2565 4107 2661 4147 ore
2686 4089 2956 4160 prolatam
2985 4084 3202 4149 recitat,
3231 4077 3586 4136 suavissimis
3613 4089 3690 4130 ac

2092 4187 2479 4263 pulcherrimis
2500 4185 2700 4239 divinae
2731 4196 2846 4237 sua:
2873 4175 3203 4248 eloquentiae
3242 4171 3470 4228 ﬂoribus
3499 4184 3686 4230 orna-

2093 4285 2231 4340 tas?»
2267 4280 2375 4336 Sed
2399 4279 2516 4333 htec
2548 4293 2578 4331 a
2603 4275 2826 4340 Dallaao,
2852 4279 3016 4326 tanta:
3039 4263 3365 4324 eruditionis
3387 4264 3532 4329 viro,
3561 4271 3692 4318 tam

2092 4372 2289 4446 frigide
2325 4367 2634 4441 objicienda
2696 4379 2807 4420 non
2850 4369 3009 4418 erant
3035 4400 3052 4426 ,
3079 4359 3281 4429 quippe
3326 4355 3421 4426 qui
3455 4354 3696 4446 nescire

419 4456 628 4511 nullum
661 4473 784 4514 esse
831 4468 1067 4529 poterat,
1097 4463 1408 4520 urbanitate
1441 4473 1547 4519 tam
1597 4445 1876 4538 singulari
1893 4486 1990 4526 ex-
2020 4465 2065 4521 D
2096 4480 2202 4520 non
2235 4469 2448 4533 poterat
2477 4458 2620 4530 apud
2657 4457 2914 4526 antiquos
2943 4452 3155 4515 Patres,
3180 4448 3276 4519 qui
3307 4445 3696 4517 pauegyricas

418 4556 592 4613 cuset,
622 4547 850 4604 haberet
880 4552 1107 4622 gratias,
1141 4554 1187 4608 si
1215 4554 1396 4624 ipsum
1421 4557 1684 4613 continuo
1705 4570 1993 4631 propterea

416 4651 527 4690 non
553 4649 858 4708 accusaret,
900 4643 1046 4712 quod
1084 4647 1408 4714 gravissima
1439 4647 1805 4718 disputatione
1831 4667 1994 4708 occu-

416 4737 615 4798 patus,
664 4739 935 4787 ostentata
967 4735 1073 4789 sibi
1103 4735 1173 4790 ab
1217 4735 1456 4793 Eusebio
1484 4737 1623 4793 falsa
1651 4737 1843 4809 lgnatii
1894 4759 1994 4798 au-

416 4818 669 4874 ctoritate
724 4822 948 4878 delusus
1002 4825 1092 4880 sit.
1131 4823 1336 4880 Verum
1378 4841 1488 4897 quo
1546 4828 1635 4883 ille
1671 4842 1992 4902 argumento

415 4913 818 4970 demonstrabit
853 4916 1217 4972 Athanasium
1247 4919 1316 4973 ab
1360 4919 1599 4978 Eusebio
1627 4922 1798 4979 fuisse
1835 4926 1988 4981 delu-

416 5004 581 5058 sum?
609 5003 907 5077 Postquam
952 5009 1237 5063 enimvero
1266 5009 1492 5067 historia
1522 5011 1742 5068 Eusebii
1771 5015 1989 5086 vulgata

413 5097 716 5162 est,statim
739 5098 1098 5166 Athanasius,
1134 5100 1322 5156 relicta
1343 5103 1696 5172 Alexandria,
1729 5103 1888 5177 longe
1919 5107 1990 5162 ab

417 5185 654 5242 Eusebio
687 5189 802 5246 fere
840 5206 1056 5262 semper
1079 5191 1259 5250 abfuit
1279 5236 1293 5261 ,
1331 5205 1495 5266 atque
1517 5195 1811 5252 Historiam
1840 5197 1991 5267 ejus-

415 5279 544 5334 dem
563 5280 785 5338 Eusebii
810 5284 864 5338 in
892 5300 1090 5341 manus
1127 5287 1248 5357 ejus
1291 5304 1573 5358 nunquam
1610 5291 1827 5346 venisse
1855 5306 1988 5346 vero

415 5385 499 5426 est
549 5375 911 5431 simillimum.
944 5378 1197 5433 Attamen
1241 5389 1360 5435 esto
1409 5379 1500 5435 illa
1525 5381 1579 5434 in
1627 5396 1821 5438 manus
1865 5382 1986 5452 ejus

416 5468 648 5522 venerit.
701 5467 847 5523 Nihil
897 5486 1028 5526 sane
1080 5472 1206 5527 inde
1248 5473 1500 5528 conficiet
1554 5473 1808 5530 Dallasus.
1846 5472 1985 5530 Nam

486 5620 532 5697 ’_‘_‘
565 5621 641 5674 De
671 5624 855 5697 synod.
886 5624 1055 5697 Arim.
1089 5637 1138 5682 et
1175 5625 1402 5696 Seleuc.,
1442 5642 1494 5697 p.
1537 5629 1662 5696 922,
1698 5630 1830 5686 edit.
1856 5629 2041 5688 iParis.

447 5684 545 5755 35,
572 5705 629 5760 p.
662 5684 784 5748 tis.
877 5697 898 5726 ι
930 5695 1060 5750 una.

2095 4559 2164 4614 de
2197 4557 2548 4628 martyribus,
2574 4553 2808 4622 aliisque
2835 4551 2969 4606 viris
2995 4543 3360 4604 sanctissimis
3387 4540 3698 4596 orationes

2096 4651 2428 4714 habuerunt,
2463 4647 2519 4701 iu
2555 4659 2710 4700 more
2735 4657 2846 4698 non
2876 4639 3051 4697 fuisse
3087 4652 3156 4692 ex
3189 4647 3383 4690 eorum
3421 4631 3698 4702 epistolis

2096 4747 2182 4800 vel
2217 4744 2436 4814 scriptis
2478 4743 2711 4798 recitare
2747 4759 2766 4791 ι
2795 4737 3108 4794 iaudabiles
3150 4733 3455 4791 sententias
3483 4771 3501 4797 ,
3537 4745 3696 4787 sua-

2097 4832 2338 4888 vissimis
2391 4845 2456 4885 ac
2499 4827 2886 4900 pulcherrimis
2933 4827 3133 4880 divinae
3177 4837 3290 4878 suae
3343 4821 3701 4890 eloquentia:

2095 4922 2324 4978 floribus
2369 4930 2646 4976 ornatas.»
2683 4918 2921 4990 Legatur
2946 4917 3272 4988 panegyrica
3293 4913 3597 4983 Augustini
3625 4915 3701 4969 iu

2095 5015 2430 5085 Cyprianum
2457 5013 2666 5080 oratio,
2705 5013 2955 5083 legantur
2985 5010 3107 5064 alia:
3135 5008 3204 5063 ab
3245 5005 3369 5061 aliis
3409 5003 3702 5060 Patribus

2094 5111 2366 5172 perorata:
2388 5144 2403 5169 ,
2431 5118 2497 5158 ac
2547 5103 2603 5157 in
2637 5103 2718 5158 eis
2763 5101 3066 5156 laudabiles
3099 5112 3287 5154 eorum
3343 5104 3700 5161 sententias,

2094 5213 2232 5267 quas
2267 5198 2323 5251 in
2356 5194 2753 5268 Chrysostomo
2805 5195 2876 5249 de
2931 5192 3144 5263 lgnatio
3194 5199 3386 5246 nostro
3434 5188 3700 5246 Dallteus

2094 5293 2406 5355 desiderat,
2446 5290 2708 5346 recitatae
2754 5289 2940 5345 nullus
2974 5287 3232 5357 reperiet.
3258 5283 3466 5338 Deinde
3496 5282 3698 5355 Chry.

2094 5399 2371 5440 sosmmus
2400 5386 2542 5439 hanc
2584 5384 2760 5438 solam
2789 5397 2857 5438 ex
2902 5381 3094 5452 lgnatii
3138 5377 3383 5449 epistolis
3415 5376 3690 5445 pulcher.

2093 5476 2290 5531 rimam
2339 5477 2661 5532 sententiam
2688 5474 3058 5531 deflorandam
3107 5486 3231 5528 esse
3257 5481 3513 5535 censuit,
3567 5484 3710 5524 non

2149 5633 2194 5666 η
2224 5631 2415 5688 homil.
2460 5631 2549 5690 42,
2597 5642 2635 5688 t.
2675 5633 2716 5701 1,
2761 5627 3330 5701 cdit.Paris.,p.506.
3411 5632 3528 5699 ¹⁰⁰,¹
3555 5649 3710 5695 cap.
