3852 6206
187 307 295 364 497
1153 303 1215 358 D.
1259 297 1551 359 NOURRII
1590 295 2074 355 DlSSERTATIO.
2112 330 2183 342 —
2219 298 2424 356 PARS.
2464 299 2510 356 Ι.
3357 306 3466 368 498

191 431 319 488 ideo
359 432 748 503 tantum'quia
790 445 1070 488 summum
1121 429 1243 502 ejus
1289 444 1388 500 pro
1435 427 1656 485 Christo
1684 443 1782 498 pa-
1812 422 1860 481 Δ
1887 425 2007 493 Quo
2039 425 2185 482 enim
2225 436 2384 498 pacto
2422 426 2598 484 sancti
2644 425 2793 482 illius
2835 427 3078 484 doctoris
3123 427 3178 484 in
3227 437 3465 487 mentem

191 523 368 580 tiendi
412 524 670 580 ardorem
722 525 1069 595 apertissime
1118 523 1481 591 ostendebat,
1513 523 1608 579 sed
1653 523 1784 592 quia
1889 519 2079 575 venire
2122 519 2320 590 potuit,
2368 529 2428 575 ut
2477 521 2700 589 scripta,
2747 534 2870 590 quae
2917 520 2988 576 ab
3035 519 3467 595 lgnatiofatanto

191 632 316 673 eam
365 635 591 689 quoque
629 618 697 674 ad
727 594 1083 675 celebrandas
1124 617 1259 673 tanti
1291 617 1552 689 martyris
1594 616 1785 672 laudes
1888 621 2164 684 martyre,
2224 629 2386 684 quem
2443 615 2653 672 honore
2705 617 2951 672 maximo
3003 594 3464 689 pros'5équehatur,

191 710 376 781 magis
418 711 730 768 conducere
758 711 1061 767 arbitratus
1097 720 1203 766 est.
1243 708 1489 780 Denique
1518 709 1603 764 vel
1641 709 1780 775 sola,

188 819 361 872 quam
394 819 563 874 supra
594 804 971 871 exhibuimus,
1010 803 1372 875 epistolarum
1403 802 1599 875 lgnatii
1643 819 1780 858 ana-

187 895 292 966 lysi
319 910 433 950 non
460 896 696 951 obscure
726 897 1006 968 colligitur
1018 895 1476 968 Chrysostomum
1497 911 1564 953 ex
1588 895 1780 952 iisdem

187 1001 252 1041 ea
284 986 706 1056 desumpsisse,
734 1003 859 1058 quae
885 987 1090 1042 ibidem
1119 987 1287 1054 dicit,
1312 987 1478 1043 urbes
1525 985 1594 1042 ad
1639 1000 1780 1058 quas

185 1076 438 1150 lgnatius
473 1093 577 1134 suo
599 1079 654 1135 in
677 1079 874 1135 itinere
905 1080 1213 1136 diversatus
1238 1088 1344 1146 est,
1370 1079 1522 1134 illum
1551 1099 1564 1133 :
1598 1097 1617 1130 ι
1640 1077 1779 1134 Cum

186 1185 395 1241 magno
436 1181 751 1226 commeatu
789 1172 1097 1242 dimisisse,
1151 1172 1408 1245 precibus
1453 1179 1508 1228 et
1552 1170 1780 1242 legatio-

187 1260 353 1318 nibus
379 1261 562 1332 ipsum
595 1263 938 1333 adjuvantes.
974 1282 993 1317 ι

258 1351 615 1426 Subjungere
665 1356 751 1412 his
788 1371 1086 1428 possumus
1137 1357 1390 1413 eumdem
1443 1357 1777 1430 Chrysosto-

185 1461 339 1500 mum
395 1448 504 1502 alia
548 1448 604 1502 in
637 1449 890 1506 oratione
938 1451 1105 1506 verba
1138 1451 1368 1522 lgnatii,
1394 1466 1516 1521 qua:
1558 1465 1625 1505 ex
1656 1449 1777 1519 ejus

180 1539 251 1593 ad
303 1537 679 1611 Polycarpum
731 1542 965 1612 epistola
1016 1551 1302 1598 mutuatus
1359 1542 1572 1612 fuerat,
1629 1543 1778 1599 hunc

182 1630 444 1687 hausisse
484 1632 539 1686 in
578 1633 874 1689 modum':
907 1653 926 1687 ι
956 1633 1250 1705 Propterea
1292 1635 1492 1691 nobilis
1535 1635 1619 1691 vir
1651 1636 1777 1707 qui-

179 1721 311 1778 dam
343 1737 418 1777 ex
451 1724 753 1793 veteribus,
781 1725 872 1780 cui
910 1739 1113 1781 nomen
1139 1725 1405 1797 lgnatius,
1435 1727 1640 1798 quique
1679 1743 1773 1782 sa-

175 1812 436 1869 ocrdotio
462 1814 631 1868 simul
657 1823 713 1870 et
741 1815 1006 1888 martyrio
1028 1817 1321 1872 decoratus
1349 1815 1470 1881 fuit,
1495 1815 1560 1872 ad
1585 1832 1771 1877 sacer-

178 1905 371 1960 dotem
405 1907 703 1977 quemdam
731 1909 1002 1976 scribens,
1032 1909 1282 1966 dicebat:
1317 1927 1336 1960 ‹
1357 1907 1505 1964 Nihil
1529 1909 1649 1966 sine
1677 1919 1773 1966 tua

180 2000 470 2055 voluntate
523 2008 767 2072 geratur,
822 2017 1002 2073 neque
1050 2002 1186 2057 item
1217 2003 1518 2074 quidquam
1565 2004 1774 2074 absque

181 2089 274 2146 Dei
328 2090 511 2148 facias
575 2093 876 2150 voluntate.
941 2114 962 2148 ι
1015 2093 1133 2150 Νοη
1185 2095 1480 2151 difﬁtemur
1544 2111 1774 2166 negasse

178 2183 485 2242 nonnullos
534 2184 678 2240 hanc
732 2185 1039 2242 orationem
1086 2186 1260 2243 fuisse
1293 2204 1326 2244 a
1367 2187 1772 2263 Chrysostomo

182 2275 515 2346 profectam.
576 2275 778 2333 Verum
838 2279 957 2335 haec
1014 2279 1092 2334 illi
1129 2280 1394 2337 tribuitur
1443 2296 1475 2337 a
1531 2281 1772 2352 Photio,

178 2365 434 2424 Adriano
463 2370 644 2440 primo
685 2386 905 2427 summo
937 2372 1218 2443 pontiﬁce,
1252 2373 1558 2444 Epiphanio
1587 2374 1774 2431 diaco-

177 2473 270 2525 no,
297 2469 355 2514 et
387 2461 634 2517 secundo
665 2462 900 2519 concilio
922 2461 1178 2534 Nicaano;
1214 2479 1279 2520 ac
1307 2476 1569 2536 praeterea
1594 2466 1766 2538 Chryo

178 2549 418 2604 sostomi
457 2551 632 2622 stylus
661 2551 715 2606 in
751 2567 816 2609 ea
849 2553 1018 2609 micat
1054 2563 1110 2611 et
1139 2557 1476 2626 agnoscitur.
1528 2555 1774 2629 Denique

177 2644 228 2699 id
261 2644 480 2700 certius
508 2646 682 2701 asseri
715 2657 914 2717 potest,
949 2665 1018 2704 ex
1051 2665 1164 2721 quo
1197 2650 1314 2706 haec
1341 2651 1520 2707 oratio
1562 2653 1772 2723 absque

175 2738 400 2792 lacunis
435 2745 491 2792 et
511 2737 754 2796 hiatibus
787 2740 845 2795 in
864 2740 1076 2797 Savillii
1095 2742 1339 2800 editione
1368 2744 1580 2816 integra
1604 2744 1772 2816 prod-

177 2827 239 2882 iit
267 2829 327 2882 in
370 2827 578 2884 lucem.

178 2937 207 3010 ς
245 2937 338 2994 lV.
389 2940 659 3006 Quartum
701 2950 1071 3026 argumentum
1116 2959 1181 2999 ea:
1235 2943 1554 3015 Hieronymi
1612 2944 1766 3000 testi-

745 3029 924 3066 monio
955 3024 1201 3083 petitum.

1884 705 2132 774 profecta
2164 721 2285 762 esse
2315 707 2544 773 sciebat,
2583 709 2813 779 ipsemet
2834 721 3246 779 aspernaretur.
3274 709 3468 768 Restat

1882 799 2049 872 igitur
2086 807 2148 855 ut
2177 799 2422 870 epistola:
2469 801 2686 870 lgnatii,
2717 802 2764 858 si
2801 803 3103 874 aliquando
3139 819 3236 860 eas
3266 802 3464 860 Hiero—

1881 909 2080 965 nymus
2131 909 2239 949 non
2289 895 2598 965 spreverit,
2645 896 2752 968 ipsi
2794 895 3001 952 fuerint
3043 897 3354 969 incognitae.
3393 897 3465 953 At

1880 986 2159 1057 quomodo
2190 987 2293 1043 illre
2321 989 2589 1059 epistolae,
2618 1005 2759 1060 quas
2785 990 2972 1046 tandiu
2995 991 3064 1046 ab
3083 989 3294 1062 lgnatio
3323 990 3465 1046 scri-

1878 1087 2003 1149 ptas
2034 1079 2205 1135 fuisse
2234 1095 2334 1150 pro
2367 1088 2518 1138 certo
2550 1082 2764 1151 habuit,
2791 1093 3095 1154 potuerunt
3123 1085 3229 1155 ipsi
3268 1093 3462 1155 postea

1877 1171 1996 1228 ﬁeri
2027 1173 2355 1245 incognitae?

1967 1263 2228 1320 Dallteum
2288 1274 2471 1321 tamen
2521 1267 2639 1323 haec
2689 1268 2963 1337 paradoxa
3019 1278 3456 1341 propugnantem

1876 1373 2197 1428 sequamur.
2249 1357 2514 1430 lgnatius,
2555 1361 2734 1432 inquit
2763 1362 2883 1426 ille,
2929 1362 3016 1418 his
3045 1363 3294 1432 epistolis
3334 1365 3454 1434 cpi-

1876 1465 2169 1521 scoporum
2225 1469 2351 1509 cum
2397 1455 2733 1528 presbyteris
2784 1457 3010 1513 damnat
3058 1458 3452 1528 aequalitatem,

1873 1560 2039 1614 quam
2079 1545 2447 1619 Hieronymus
2503 1567 2523 1600 ‹
2549 1549 2832 1605 mordicus
2871 1551 3077 1620 passim
3127 1551 3387 1609 defendit.
3423 1574 3446 1606 ι

1873 1633 1952 1689 Ex
1996 1651 2106 1706 qua
2155 1639 2442 1710 utriusque
2489 1640 2856 1712 discrepantia
2911 1643 3003 1698 ille
3039 1644 3222 1699 statim
3280 1644 3455 1701 infert

1873 1725 2266 1802 Hieronymum
2315 1732 2414 1788 has
2454 1732 2719 1802 epistolas
2767 1749 2878 1790 non
2925 1736 3226 1803 habuisse,
3291 1757 3309 1790 ι
3350 1754 3453 1810 pro

1873 1834 2006 1874 vero
2023 1820 2127 1874 viri
2155 1822 2440 1892 apostolici
2470 1821 2584 1879 fetu
2603 1865 2618 1892 ,
2644 1825 2728 1880 vel
2756 1827 2997 1882 nondum
3027 1827 3081 1882 in
3108 1829 3176 1884 iis
3203 1829 3305 1885 ista
3338 1838 3450 1886 tam

1873 1911 2046 1967 multa
2069 1910 2260 1978 fuisse,
2287 1929 2410 1984 quae
2440 1914 2606 1972 hodie
2629 1916 2696 1972 de
2725 1917 3071 1989 episcopatus
3103 1923 3448 1994 necessitate,

1873 2015 1926 2060 et
1950 2020 2063 2076 pra:
2101 2005 2476 2078 presbyteratu
2512 2009 2833 2065 excellentia
2884 2011 3136 2081 legimus.
3165 2032 3184 2066 ι
3246 2013 3450 2074 Verum

1871 2099 2046 2155 amba
2091 2099 2321 2170 hujusce
2366 2105 2864 2172 argumentationis
2892 2116 3077 2177 partes
3110 2107 3262 2166 falsa:
3293 2121 3446 2177 sunt,

1867 2199 1928 2247 et
1969 2191 2036 2248 ad
2079 2192 2357 2263 probanda
2394 2193 2580 2252 Dallati
2620 2199 2897 2268 paradoxa
2955 2200 3184 2256 omnino
3228 2203 3447 2274 ineptae.

1830 2317 1834 2324 -
1871 2281 1952 2337 Ac
1977 2283 2214 2352 primum
2262 2287 2484 2356 quidem
2537 2292 2944 2362 consequentia
2990 2290 3206 2351 falsitas
3245 2312 3314 2354 eo
3361 2300 3451 2356 de-

1873 2385 2224 2445 monstratur,
2253 2380 2398 2450 quod
2425 2382 2618 2438 eodem
2649 2396 2968 2456 argumento
2995 2390 3212 2460 probari
3241 2404 3446 2462 posset,

1869 2481 1933 2523 ea
1961 2471 2145 2526 omnia
2174 2474 2528 2545 antiquorum
2553 2477 2778 2535 Patrum
2808 2482 3012 2554 scripta
3039 2484 3214 2541 eidem
3248 2486 3446 2544 Hiero-

1873 2575 2038 2633 nymo
2077 2563 2266 2634 ignota
2309 2576 2406 2624 aut
2447 2579 2629 2641 spreta
2675 2571 2884 2640 fuisse,
2928 2577 2984 2630 in
3017 2579 3224 2649 quibus
3259 2581 3446 2653 aliqua

1872 2653 2097 2724 opinio,
2156 2671 2322 2728 quam
2381 2661 2506 2718 illec
2557 2664 2835 2722 mordicus
2875 2669 3080 2737 passim
3122 2666 3383 2735 defendit,
3415 2690 3434 2722 ι

1850 2747 2121 2803 ‘damnata
2147 2747 2363 2820 legitur.
2389 2749 2548 2818 Quod
2573 2767 2706 2810 sane
2725 2753 3084 2811 falsissimum
3110 2771 3234 2814 esse
3257 2773 3442 2825 nemo,

1856 2842 1938 2901 ;'ne
1995 2838 2114 2908 ipse
2166 2841 2386 2911 quidem
2446 2843 2702 2910 Dallaaus,
2763 2849 3060 2917 negaverit.
3098 2848 3244 2915 Quot
3295 2851 3443 2908 enim

1868 2929 2018 2984 verbi
2049 2933 2223 3002 gratia
2253 2931 2516 3006 Origenes
2549 2936 2605 2992 in
2631 2939 2888 3008 operibus
2916 2939 3034 2996 suis
3061 2940 3291 2997 damnat
3319 2943 3442 3014 opi-

1798 3026 1802 3041 ‘
1856 3019 2083 3090 ’niones,
2115 3039 2253 3094 quas
2286 3025 2651 3101 Hieronymus
2677 3045 2697 3080 ί
2721 3032 2998 3091 mordicus
3013 3034 3219 3104 passim
3249 3035 3442 3090 defen-

247 3123 328 3179 De
355 3121 678 3198 Hieronymi
707 3127 853 3182 circa
878 3128 1100 3183 easdem
1122 3127 1315 3200 lgnatii
1351 3131 1525 3186 nostri
1557 3132 1762 3203 cpisto-

1874 3110 2041 3203 dit?»
2072 3110 2326 3186 Nunquid
2353 3115 2586 3176 Dallaeus
2641 3130 2788 3177 recte
2849 3123 2973 3178 inde
3027 3126 3315 3182 concludet
3375 3144 3440 3184 ea

176 3216 257 3271 las
280 3216 560 3271 sententia
592 3232 693 3272 cur
718 3217 867 3272 litem
898 3229 1116 3275 moveat
1138 3218 1393 3288 Dallaeus,
1415 3222 1551 3278 satis
1571 3223 1763 3279 mirari

175 3328 288 3367 non
320 3327 648 3383 possumus.
676 3311 819 3381 Quid
844 3315 992 3370 enim
1021 3317 1088 3371 de
1113 3316 1183 3372 iis
1218 3317 1304 3372 vir
1335 3317 1427 3373 ille
1457 3317 1766 3374 eruditissi-

176 3418 302 3456 mus
324 3402 591 3470 senserit,
624 3413 734 3458 tam
767 3413 954 3474 aperte
982 3406 1259 3473 declarat,
1285 3415 1346 3463 ut
1388 3407 1528 3463 nihil
1561 3409 1762 3468 clarius
1821 3409 1832 3416 ’

175 3495 485 3550 desiderari
537 3511 702 3566 posse
748 3495 983 3554 Dallazus
1027 3499 1146 3569 ipse
1199 3499 1472 3556 fateatur:
1524 3519 1542 3553 ι
1573 3501 1764 3558 Hiero-

177 3601 402 3656 uymus,
436 3585 676 3657 inquit",
710 3589 804 3658 qui
833 3597 1108 3646 errantem
1129 3589 1425 3647 Eusebium
1455 3608 1566 3648 non
1594 3592 1764 3648 semel

176 3686 406 3732 secutus
453 3685 562 3745 est,
603 3679 796 3734 eadem
828 3695 1052 3751 quoque
1081 3682 1149 3738 de
1179 3681 1388 3754 lgnatio
1423 3692 1478 3740 et
1518 3685 1764 3756 epistolis

176 3770 295 3838 ejus
329 3769 496 3825 dixit.
532 3789 550 3824 ι
591 3771 659 3825 Et
687 3774 852 3842 paulo
891 3786 1045 3846 post:
1085 3794 1105 3828 ‹
1138 3774 1360 3832 Eusebii
1398 3779 1762 3848 omnesjudi-

175 3865 346 3927 cium,
375 3862 750 3939 Hieronymus
784 3869 949 3923 etiam
988 3871 1156 3925 verba
1193 3881 1415 3928 secutus
1436 3879 1538 3928 est.
1569 3890 1589 3926 ι
1617 3871 1764 3928 Loca

176 3965 364 4010 autem
401 3957 738 4026 scriptorum
764 3956 1103 4033 Hieronymi,
1129 3963 1223 4017 ubi
1249 3961 1472 4020 Eusebii
1493 3963 1764 4035 judicium

176 4059 229 4104 et
251 4052 451 4116 verba,
482 4060 623 4107 teste
665 4051 889 4120 Dallaao,
928 4062 1152 4111 secutus
1193 4063 1298 4122 est,
1330 4056 1422 4112 hic
1453 4056 1766 4114 describere

178 4155 285 4192 non
315 4149 401 4195 est
435 4154 695 4204 necesse,
749 4147 864 4196 tum
910 4142 1040 4212 quia
1090 4141 1395 4213 prolixiora
1448 4153 1612 4208 sunt,
1645 4153 1763 4196 tum

180 4231 305 4298 quia
347 4231 423 4286 de
468 4231 559 4286 his
605 4231 866 4288 fatentem
905 4233 1164 4288 Dallatum
1197 4235 1485 4291 habemus.
1525 4233 1767 4290 Suﬁiciet

180 4323 367 4394 itaque
409 4322 710 4379 adnotasse
738 4340 799 4380 ea
830 4325 1056 4394 reperiri
1099 4326 1338 4397 primum
1377 4327 1433 4382 in
1466 4327 1608 4382 libro
1645 4327 1766 4398 ejus

178 4415 451 4472 adversus
485 4414 816 4483 Helvidium,
859 4433 1020 4486 quem
1046 4433 1203 4495 anno
1253 4417 1362 4472 585
1401 4425 1498 4472 aut
1541 4417 1647 4472 584
1677 4417 1768 4473 ille

177 4509 498 4580 composuit
529 4526 545 4563 :
591 4509 788 4565 deinde
841 4510 896 4564 in
926 4509 1187 4581 Catalogo
1219 4513 1554 4581 scriptorum
1592 4510 1768 4566 eccle~

179 4603 566 4668 siasticorum,
589 4617 752 4671 quem
783 4618 928 4658 anno
948 4603 1056 4658 ’592
1072 4603 1216 4672 juris
1240 4603 1368 4659 fecit
1387 4619 1511 4660 esse
1535 4605 1763 4674 publici,

177 4693 420 4764 denique
473 4693 533 4745 in
575 4690 870 4747 Comment.
908 4694 966 4746 in
1012 4692 1271 4758 Ναυῆ),
1295 4709 1436 4764 quos
1484 4707 1594 4749 non
1637 4704 1768 4749 ante

180 4799 388 4838 annum
418 4781 532 4838 598
568 4782 686 4853 ipse
706 4798 928 4854 quoque
951 4783 1007 4838 in
1037 4784 1215 4840 lucem
1237 4784 1444 4839 emisit.
1464 4784 1541 4839 Ex
1564 4785 1766 4854 quibus

185 4885 364 4945 aperte
393 4883 454 4931 et
497 4875 788 4945 perspicue
827 4877 1184 4946 intelligimus
1232 4895 1398 4950 quam
1447 4887 1762 4934 constanter

185 4967 558 5039 Hieronymus
607 4967 664 5022 in
706 4983 807 5024 sua
849 4967 916 5024 de
961 4970 1270 5027 tribuendis
1317 4970 1527 5043 lgnatio
1572 4979 1764 5028 nostro

184 5061 432 5130 epistolis
472 5059 745 5116 sententia
781 5060 1235 5130 perseveraverit.

246 5156 317 5207 At
349 5150 596 5207 Dallaeus
625 5151 720 5222 qui
753 5151 868 5207 haec
909 5167 1039 5207 vera
1085 5168 1210 5208 esse
1256 5152 1530 5221 concedit,
1571 5153 1761 5209 eodem

185 5253 362 5301 tamen
402 5244 461 5298 in
496 5243 640 5298 libro
666 5242 936 5299 afﬁrmare
965 5259 1077 5299 non
1109 5244 1324 5300 dubitat
1345 5245 1368 5278 ⁸
1394 5264 1408 5300 :
1445 5264 1464 5296 ‹
1499 5243 1605 5315 Ipsi
1635 5243 1766 5301 Hie-

186 5352 417 5409 ronymo
460 5345 557 5390 aut
603 5337 789 5406 ignota
832 5346 927 5392 aut
971 5345 1154 5407 spreta
1199 5337 1371 5394 fuisse
1409 5339 1583 5394 videri
1626 5337 1762 5406 haec,

185 5446 301 5498 qua:
341 5429 513 5484 hodie
550 5438 768 5484 exstant
810 5429 1114 5500 lgnatiana.
1147 5449 1167 5483 ι
1226 5429 1613 5487 Verumtamen
1647 5446 1768 5486 cer-

185 5521 462 5578 tissimum
513 5533 602 5576 est
648 5520 840 5592 lgnatii
891 5524 1154 5593 epistolas
1206 5524 1276 5578 ah
1317 5522 1673 5596 Hieronymo,
1717 5525 1766 5580 si

189 5630 306 5670 vere
333 5631 434 5671 eas
463 5613 660 5686 lgnatii
692 5631 814 5671 esse
840 5618 1117 5688 cognovit,
1164 5626 1377 5688 spretae
1422 5632 1534 5672 non
1568 5615 1761 5674 fuisse.

1863 3202 2115 3277 Origenis
2136 3221 2298 3280 Opera
2326 3209 2657 3286 Hieronymo
2689 3233 2710 3268 ι
2732 3215 2922 3286 ignota
2937 3226 3226 3289 autspreta
3245 3219 3438 3287 fuisse,

1861 3299 2202 3356 velnondum
2217 3301 2270 3357 in
2285 3301 2352 3358 iis
2365 3303 2469 3359 ista
2493 3313 2602 3360 tam
2632 3307 2802 3362 multa
2823 3325 2947 3380 quae
2969 3309 3128 3367 hodie
3143 3311 3399 3382 legimus?
3418 3333 3437 3364 ι

1933 3391 2025 3460 At,
2058 3393 2296 3464 inquies,
2330 3412 2425 3454 eas
2453 3398 2646 3454 saltem
2675 3400 2964 3470 opiniones
2995 3403 3064 3459 de
3093 3405 3443 3474 episcopatus

1864 3485 2224 3555 necessitate,
2280 3497 2336 3543 et
2397 3505 2510 3559 prae
2560 3493 2940 3565 presbyteratu
3003 3496 3325 3552 excellentia
3384 3497 3440 3552 in

1865 3574 2060 3647 lgnatii
2103 3577 2356 3648 epistolis
2383 3579 2751 3656 Hieronymus
2797 3587 3022 3655 sprevit,
3052 3589 3137 3643 vel
3167 3589 3273 3643 illa:
3305 3605 3444 3644 non-

1864 3667 1996 3724 dum
2039 3669 2116 3725 ibi
2168 3671 2506 3743 legebantur.
2579 3673 2732 3744 Esto,
2790 3679 3074 3746 spreverit.
3129 3677 3272 3746 Quid
3316 3679 3442 3735 inde

1866 3761 2120 3818 conﬁciet
2167 3763 2436 3821 Dallteus?
2491 3765 2633 3822 Num
2683 3768 2887 3824 idcirco
2933 3770 3037 3826 alia
3084 3771 3268 3826 omnia
3319 3787 3443 3842 qua

1867 3853 2238 3928 Hieronymus
2267 3858 2321 3913 in
2353 3858 2548 3930 lgnatii
2588 3860 2857 3930 epistolis,
2909 3863 3052 3919 sicut
3079 3873 3138 3918 et
3168 3865 3222 3918 in
3252 3861 3443 3936 Orige-

1868 3949 1955 4004 nis
1982 3949 2240 4019 operibus
2276 3967 2557 4022 nunquam
2603 3954 2808 4023 arguit,
2842 3954 3042 4010 ibidem
3086 3971 3302 4026 semper
3331 3971 3441 4013 non

1865 4041 2164 4110 exstitisse,
2191 4043 2275 4100 vel
2303 4059 2368 4100 ea
2411 4046 2708 4115 aliquando
2738 4064 2838 4118 pro
2871 4049 3100 4105 minime
3144 4050 3444 4122 lgnatianis

1865 4144 1921 4190 et
1944 4133 2286 4207 Origenianis
2318 4139 2387 4194 ab
2415 4137 2746 4212 Hieronymo
2791 4142 2991 4211 rejecta
3038 4143 3210 4198 fuisse
3256 4143 3444 4198 dicen-

1867 4227 1999 4282 dum
2025 4229 2141 4284 est?
2170 4227 2366 4286 Nullus
2395 4247 2527 4286 sane
2549 4243 2746 4304 praeter
2771 4235 3072 4291 Dallzeanos
3096 4235 3170 4290 ita
3195 4250 3441 4306 unquam

1868 4322 2359 4392 argumentabitur.

1942 4413 2148 4469 Deinde
2179 4413 2377 4471 falsum
2405 4425 2489 4472 est
2525 4417 2673 4472 illam
2714 4419 3030 4489 Opinionem
3060 4420 3130 4475 de
3155 4420 3441 4492 episcopa-

1871 4513 1962 4560 tus
2007 4505 2374 4572 necessitate,
2423 4514 2478 4560 ct
2529 4521 2640 4576 prae
2684 4507 3058 4578 presbyteratu
3097 4508 3420 4564 excellentia

1867 4611 1992 4666 qua:
2034 4597 2213 4666 prima
2264 4595 2548 4653 Dallmante
2602 4598 3092 4668 argumentationis
3150 4615 3279 4668 pars
3337 4607 3440 4666 est,

1869 4688 2027 4744 aliter
2063 4689 2132 4744 ab
2160 4687 2514 4762 Hieronymo.
2548 4706 2714 4760 quam
2746 4692 2814 4745 ab
2837 4689 3046 4762 lgnatio
3095 4701 3286 4748 nostro
3330 4701 3443 4748 tra-

1867 4781 2028 4837 ctari.
2073 4781 2130 4837 ld
2170 4797 2304 4838 sane
2332 4783 2632 4854 scriptores
2659 4783 2965 4839 doctissimi
3013 4797 3140 4838 cum
3180 4783 3442 4838 catholici

1867 4884 1984 4932 tum
2009 4885 2374 4948 protestantes
2403 4876 2573 4932 variis
2624 4875 3126 4951 dissertationibus,
3178 4875 3443 4932 adversus

1866 4969 2207 5026 Blondellum
2265 4968 2616 5026 Calviuistam
2683 4968 2877 5034 editis,
2935 4966 3292 5023 invictissime
3350 4967 3442 5022 de-

1867 5071 2263 5122 monstrarunt.
2317 5062 2530 5130 Quibus
2581 5077 2709 5117 vero
2755 5077 2852 5132 per
2898 5061 3070 5117 otium
3099 5076 3212 5116 non
3255 5059 3442 5115 licebit

1867 5158 2278 5216 lucubrationes
2307 5157 2431 5212 illas
2475 5157 2750 5220 evolvere,
2782 5156 2982 5211 adeant
3028 5155 3208 5226 ipsum
3239 5150 3438 5208 Hiero-

1867 5265 2090 5323 nymum
2113 5249 2274 5319 epist.
2301 5247 2427 5310 i,ad
2452 5245 2825 5315 Heliodorum;
2849 5248 3010 5317 epist.
3033 5245 3158 5314 5,ad
3185 5245 3438 5316 Nepotia-

1867 5357 2024 5409 num,-
2077 5340 2237 5410 epist.
2263 5337 2433 5405 27,ad
2466 5339 2813 5394 Eustochium
2867 5340 3026 5410 epist.
3057 5337 3146 5402 6‘8,
3166 5338 3238 5393 ad
3277 5335 3451 5392 Thea-

1866 5435 2090 5505 phitum,
2119 5434 2475 5489 Commentar.
2513 5433 2568 5486 in
2599 5449 2718 5502 cap.
2745 5449 2816 5487 vn
2864 5431 3102 5498 Hichm,
3135 5439 3191 5486 et
3222 5444 3340 5500 cap.
3371 5445 3440 5483 1.x

1867 5528 2056 5593 Isaiae,
2091 5527 2302 5598 Dialog.
2334 5529 2584 5582 adversus
2636 5524 2872 5596 Lucifer.
2921 5533 2977 5580 et
3003 5524 3100 5579 lib.
3137 5539 3155 5578 ι
3188 5525 3440 5576 adversus

1865 5619 2347 5688 Iovinian.,atque
2375 5617 2446 5670 iis
2475 5615 2530 5670 in
2562 5616 2698 5672 locis
2715 5615 3125 5673 sanctissimum
3160 5613 3443 5670 doctorem

253 5731 272 5762 ³
306 5731 506 5788 homil.
549 5731 629 5788 De
669 5749 772 5787 uno
801 5732 1149 5804 Legislatore.
1179 5736 1200 5768 ⁴
1233 5752 1352 5808 cap.
1383 5735 1484 5804 '55,
1523 5753 1576 5809 p.
1605 5737 1728 5793 446.
1807 5737 1828 5772 ⁸
1861 5752 1980 5807 cap.
2005 5735 2034 5790 7
2068 5746 2120 5790 et
2150 5735 2203 5789 9.
2281 5733 2301 5766 °
2333 5748 2455 5804 cap.
2485 5732 2518 5788 8
2541 5740 2596 5789 ct
2620 5732 2675 5788 9.
