3834 6214
373 333 482 390 ωε)

1456 327 1516 386 S.
1558 325 1911 387 IGNATIUS.
1943 353 2014 370 —
2044 324 2579 386 PROLEGOMENA.

376 464 444 511 ue
468 453 820 528 episcopatus
843 452 1192 523 necessitate,
1220 459 1276 510 et
1308 465 1422 522 pra:
1451 452 1838 525 presbyteratu
1872 467 1970 507 ex-
1993 455 2048 516 Α
2072 451 2332 510 Pati-ibus
2359 453 2617 522 deducta,
2657 466 2925 526 pugnare,
2965 466 3171 524 easque
3209 448 3457 507 funditus
3497 463 3643 504 ever

311 525 346 622 ξ
379 525 634 604 cellentia
658 525 868 606 eadem
909 548 1074 620 plane
1120 563 1185 605 ac
1211 546 1484 620 lgnatium
1527 553 1781 602 nostrum
1824 545 1963 601 scri-

381 641 560 713 psisse
588 640 897 698 clarissime
929 641 1280 712 perspicient.

451 730 796 803 Quapropter
826 748 939 789 non
967 733 1207 803 amplius
1247 730 1558 787 audiendus
1585 739 1670 787 est
1697 727 1958 798 Dallaeus,

379 823 475 891 qui
523 838 720 880 rursus
760 823 927 879 hasce
968 821 1161 894 lgnatii
1205 821 1466 895 epistolas
1504 819 1838 894 Hieronymo
1877 821 1963 877 in-

378 913 632 983 cognitas
674 911 851 970 fuisse
887 913 1014 969 inde
1043 913 1278 984 probare
1321 921 1578 980 conatur,
1612 913 1760 983 quod
1801 911 1962 984 Igna-

379 1005 490 1060 tius
526 1003 716 1060 dicat"
742 1004 1024 1062 Christum
1059 1020 1092 1061 a
1122 1003 1356 1062 mortuis
1400 1006 1775 1062 resurrexisse
1816 1005 1964 1060 dilu-

380 1094 530 1163 culo,
576 1092 944 1168 Hieronymus
1002 1112 1136 1153 vero
1167 1096 1192 1129 ⁸
1233 1115 1248 1152 :
1281 1115 1301 1150 σ
1341 1094 1609 1153 Dominus
1663 1096 1966 1152 resurrexit

381 1190 543 1258 hora,
576 1203 687 1261 qua
717 1189 836 1260 ipse
871 1189 1065 1257 voluit,
1096 1197 1150 1246 et
1177 1204 1300 1260 quae
1328 1189 1465 1245 nulli
1501 1188 1818 1243 mortalium
1868 1202 1964 1244 co-

379 1280 530 1351 gnita
575 1289 679 1336 est.
729 1298 749 1332 ι
801 1280 892 1345 At,
939 1279 1122 1351 inquit
1166 1279 1420 1354 Dallaeus,
1465 1277 1730 1335 doctrinae
1771 1277 1964 1350 lg’natii

379 1373 520 1430 adeo
547 1373 906 1443 repugnantia
933 1370 1327 1443 Hieronymum
1357 1370 1649 1442 scripsisse
1671 1371 1967 1427 verisimile

382 1481 493 1521 non
517 1475 622 1521 est.
654 1465 762 1520 Sed
792 1464 897 1520 hoc
925 1472 1311 1535 argumentum
1337 1463 1528 1521 eodem
1559 1478 1625 1520 ac
1651 1463 1966 1535 praecedens

381 1559 612 1615 ruinoso
647 1571 712 1612 ac
741 1556 1042 1612 falsissimo
1090 1557 1287 1613 nititur
1336 1557 1712 1613 fundamento.
1759 1553 1968 1611 Deinde

382 1647 478 1708 illa
522 1651 714 1719 verba,
758 1665 882 1721 qua:
925 1649 1116 1721 objicit
1147 1648 1414 1718 Dallaeus,
1465 1666 1578 1706 non
1631 1650 1687 1707 in
1729 1649 1874 1706 veris
1903 1663 1968 1705 ac

387 1743 646 1817 genuinis
681 1742 876 1815 lgnatii
918 1743 1192 1813 epistolis,
1233 1743 1329 1801 sed
1362 1744 1418 1799 in
1449 1757 1640 1800 earum
1677 1741 1971 1814 interpola-

383 1835 629 1894 tionibus
655 1835 1027 1907 reperiuntur.

457 1926 576 1985 Hac
612 1927 804 1984 eadem
857 1927 1219 1999 responsione
1245 1925 1560 1998 exploditur
1599 1925 1748 1981 aliud
1781 1922 1970 1980 Dallaei

387 2030 776 2089 momentum,
846 2036 958 2092 quo
1035 2035 1202 2076 rursu
1298 2018 1692 2091 Hieronymum
1755 2018 1825 2073 de
1881 2016 1971 2073 his

387 2115 583 2190 lgnatii
616 2113 866 2186 epistolis
889 2112 1102 2184 judicio
1134 2111 1335 2169 falsum
1367 2127 1491 2168 esse
1517 2119 1694 2186 urget.
1732 2108 1973 2181 Opponit

386 2221 631 2278 namque
689 2205 782 2260 illa
838 2203 1016 2261 sancti
1066 2203 1312 2260 doctoris
1361 2202 1526 2259 verba
1555 2203 1618 2256 ἐ
1658 2220 1678 2255 ι
1711 2199 1970 2272 Nunquid

387 2314 501 2357 non
539 2312 836 2371 possumus
873 2296 971 2353 tibi
1013 2304 1186 2354 totam
1228 2303 1474 2352 veterum
1511 2294 1842 2365 scriptorum
1878 2307 1970 2349 se-

389 2394 527 2450 riem
564 2405 1033 2460 commemorare,
1078 2388 1351 2461 lgnatium
1374 2429 1389 2455 ,
1427 2386 1786 2461 Polycarpum
1808 2429 1824 2456 ,
1861 2385 1974 2442 Ire-

387 2500 594 2553 naeum,
637 2483 916 2540 Iustinum
967 2491 1287 2554 martyrem,
1341 2482 1652 2552 multosque
1675 2481 1815 2536 alios
1836 2493 1972 2550 apo-

389 2577 620 2636 stolicos
676 2583 731 2632 et
782 2575 1103 2646 eloquentes
1132 2573 1314 2643 viros,
1363 2571 1456 2644 qui
1510 2572 1773 2629 adversus
1807 2570 1975 2626 Ebio-

391 2687 541 2736 nem.
574 2681 630 2728 et
655 2670 999 2727 Theodotum
1023 2668 1372 2738 Byzantium,
1398 2675 1453 2723 et
1477 2665 1826 2722 Valentinum
1857 2665 1977 2720 haec

391 2765 585 2822 eadem
631 2764 951 2828 sentientes,
993 2761 1156 2832 plena
1208 2759 1491 2830 sapientia:
1513 2757 1797 2815 volumina
1841 2769 1976 2812 con-

394 2855 757 2926 scripserunt.
795 2870 814 2904 ι
859 2850 1024 2921 Atqui
1052 2849 1322 2905 Theodoti
1353 2863 1577 2916 nomen,
1608 2848 1686 2902 ait
1716 2845 1972 2911 Dalltens,

393 2963 508 3004 non
539 2947 594 3002 in
623 2945 748 3001 aliis
780 2944 1112 3014 scriptorum
1140 2941 1412 3008 omnium,
1443 2955 1583 3010 quos
1616 2939 1853 2995 eximius
1882 2939 1976 2994 ille

393 3040 588 3096 doctor
621 3043 1036 3104 commemorat,
1068 3033 1350 3106 operibus,
1387 3032 1494 3089 nisi
1534 3031 1588 3086 in
1619 3034 1752 3089 solis
1778 3031 1975 3104 lgnatii

392 3131 643 3204 epistolis
685 3129 926 3200 reperire
975 3137 1077 3184 est.
1145 3125 1509 3198 Hieronymus
1564 3139 1694 3194 ergo
1729 3125 1974 3196 loquitur
1999 3157 2044 3218 α

393 3224 465 3280 de
489 3222 734 3296 lgnatio;
767 3221 862 3292 qui
892 3235 1015 3279 cum
1044 3227 1172 3275 ante
1203 3217 1544 3274 Theodotum
1577 3217 1796 3285 obierit,
1844 3218 1974 3274 inde

395 3314 633 3373 Dallteus
682 3313 935 3370 eumdem
967 3310 1362 3384 Hieronymum
1423 3325 1639 3366 errasse
1669 3309 1972 3367 concludit.
2055 3348 2062 3356 -

395 3409 468 3466 At
500 3406 767 3464 Theodoti
799 3421 998 3462 nomen
1032 3405 1090 3461 in
1117 3403 1424 3459 litterarum
1460 3400 1656 3471 lgnatii
1683 3401 1980 3473 interpola-

396 3501 646 3559 tionibus
695 3500 962 3557 duntaxat
989 3498 1296 3556 adhibitum
1325 3504 1427 3552 est.
1459 3494 1825 3569 Hieronymus
1850 3511 1980 3568 ergo

397 3593 476 3652 ibi
505 3608 613 3649 non
646 3592 713 3648 ad
749 3591 1021 3664 lgnatium
1060 3589 1340 3655 collineat,
1375 3586 1471 3644 sed
1500 3585 1567 3642 ad
1598 3585 1767 3640 alium
1795 3601 1982 3656 quem-

398 3687 571 3760 piam,
599 3693 729 3756 puta
779 3681 1046 3740 Irenaeum
1073 3681 1163 3738 vel
1192 3680 1430 3752 aliquem
1459 3693 1528 3734 ex
1567 3678 1659 3746 iis,
1689 3692 1829 3750 quos
1856 3693 1983 3750 apo-

399 3777 628 3836 stolicos
658 3775 809 3831 viros
845 3773 1001 3840 dicit,
1042 3785 1295 3846 quosque
1327 3770 1396 3827 ad
1427 3769 1700 3844 Theodoti
1737 3778 1982 3841 tempora

401 3867 722 3942 pervenisse
750 3866 934 3922 nullus
969 3867 1208 3938 ignorat.

476 3959 649 4017 Instat
700 3969 880 4016 tamen
918 3957 1104 4014 Dallati
1150 3955 1428 4022 defensor,
1492 3955 1671 4012 donec
1717 3953 1768 4011 is
1819 3969 1982 4025 quem

404 4053 777 4124 Hieronymus
817 4049 1049 4118 notavit,
1095 4050 1435 4121 designetur,
1468 4047 1662 4104 eodem
1707 4047 1834 4118 jure
1862 4046 1987 4101 Dal-

402 4147 541 4203 laeus
570 4161 697 4201 eum
732 4144 1000 4216 lgnatium
1052 4142 1222 4199 fuisse
1268 4141 1549 4197 aﬁlrmare
1612 4139 1835 4211 poterit,
1873 4153 1987 4209 quo

405 4237 501 4295 alii
538 4238 707 4293 alium
762 4235 1064 4293 indicatum
1091 4249 1215 4291 esse
1262 4233 1478 4289 volunt.
1533 4231 1822 4303 Egregiam
1853 4247 1988 4288 sane

404 4329 592 4387 Dallzei
649 4327 1064 4392 defensionem!
1131 4342 1254 4400 quae
1299 4323 1553 4382 eumdem
1602 4323 1866 4379 Dallaaum
1920 4339 1986 4380 eo

405 4432 733 4495 argumento
770 4422 837 4479 ad
871 4421 1146 4490 opinionis
1175 4435 1290 4477 suae
1318 4419 1791 4476 conﬁrmationem
1822 4433 1983 4473 usum

2073 552 2208 602 tere.
2260 544 2376 602 Hoc
2415 545 2602 616 itaque
2642 559 2810 602 sensu
2845 545 2916 601 ab
2955 542 3200 615 lgnatio,
3238 550 3294 597 et
3319 539 3666 612 Polycarpo,

2068 647 2166 696 aut
2194 638 2319 694 aliis
2348 637 2614 695 adversus
2642 636 2986 699 Theodotum
3014 637 3177 709 plena
3207 633 3489 706 sapientia:
3515 647 3667 688 eou-

2071 729 2277 800 scripta
2324 727 2497 786 fuisse
2537 730 2818 786 volumina
2851 728 3218 798 Hieronymus
3255 727 3404 784 haud
3450 726 3664 783 imme-

2067 822 2177 878 rito
2210 837 2482 892 asserere,
2510 822 2820 894 litterisque
2843 822 3107 878 mandare
3134 819 3330 891 potuit.

2107 934 2136 1010 ᾗ
2178 933 2246 991 γ.
2293 934 2554 992 Ultimum
2591 946 2960 1064 argunzent‘um
2997 950 3064 991 ea:
3101 934 3226 990 aliis
3265 929 3623 1003 scriptoribus

2731 1023 2758 1064 ε
2783 1025 2853 1063 act
2881 1024 2992 1064 um.

2731 1023 2992 1064 ettcuum.

2141 1146 2300 1216 Quod
2346 1146 2418 1204 ad
2457 1155 2689 1204 caeteros
2731 1160 2927 1202 omnes
2970 1151 3098 1216 post
3137 1141 3538 1214 Hieronymum
3585 1137 3669 1195 ad

2067 1251 2257 1300 nostra
2295 1255 2474 1313 usque
2514 1247 2764 1310 tempora
2806 1238 3104 1308 scriptores
3143 1243 3374 1305 spectat,
3405 1233 3510 1288 hos
3542 1245 3670 1288 uno

2067 1343 2282 1390 tantum
2315 1341 2370 1389 et
2409 1331 2583 1388 altero
2613 1345 2683 1389 ne
2711 1328 3010 1401 quidquam
3042 1327 3306 1398 exceptis,
3348 1333 3562 1382 nostra:
3589 1323 3670 1379 de

2067 1425 2265 1500 lgnatii
2321 1425 2572 1495 epistolis
2631 1423 2916 1482 sententia:
2965 1419 3364 1491 subscripsisse
3415 1417 3671 1474 Danaus

2067 1518 2300 1589 ejusque
2341 1515 2598 1573 defensor
2653 1514 2942 1570 fatentur:
2982 1511 3417 1579 «Athanasium,
3471 1508 3671 1579 inquit

2071 1611 2310 1668 Dallaeus
2336 1609 2403 1680 ιο,
2447 1607 2842 1680 Hieronymum
2883 1614 2939 1662 et
2980 1604 3389 1661 Theodoretum
3415 1643 3432 1670 ,
3474 1600 3671 1656 multo

2069 1719 2203 1761 vero
2247 1705 2416 1760 etiam
2465 1703 2652 1760 minus
2701 1699 2844 1756 alios
2891 1698 3012 1756 istis
3067 1697 3400 1754 recentiores
3427 1692 3674 1750 Eusebii

1999 1811 2046 1868 Β
2075 1794 2230 1851 falsae
2273 1795 2342 1850 de
2381 1791 2680 1864 lgnatianis
2723 1789 3028 1860 suspicioni
3100 1804 3170 1844 ex
3211 1789 3450 1858 quadam
3481 1785 3674 1842 animi

2071 1888 2445 1959 simplicitate,
2489 1885 2703 1956 absque
2747 1882 2873 1940 dolo
2911 1880 3082 1948 malo,
3123 1880 3220 1936 sed
3249 1879 3459 1949 absque
3501 1884 3673 1932 certa

2070 1981 2284 2038 ratione
2316 1979 2679 2042 adhaerentes,
2709 1993 2730 2030 ι
2770 1983 2879 2030 etc.
2939 1971 3062 2029 Non
3096 1979 3183 2027 est
3220 1971 3386 2042 igitur
3424 1981 3673 2024 necesse

2071 2075 2166 2133 hic
2227 2073 2580 2146 singulorum
2630 2067 2838 2126 referre
2899 2063 3211 2121 testimonia
3259 2080 3274 2122 :
3330 2062 3426 2120 sed
3473 2075 3673 2132 opera:

2069 2167 2308 2240 pretium
2352 2172 2439 2220 est
2476 2163 2703 2220 brevem
2743 2171 2936 2216 eorum
2983 2155 3294 2226 catalogum
3341 2161 3568 2221 texere;
3604 2160 3675 2208 ut

2071 2275 2267 2319 omnes
2296 2257 2486 2314 audito
2512 2253 2952 2325 uniuscujusque
2981 2251 3223 2318 nomine,
3254 2246 3372 2319 qui,
3399 2255 3669 2318 quante-

2073 2369 2185 2427 que
2211 2349 2558 2409 auctoritatis
2598 2347 2826 2414 fuerint,
2857 2355 2913 2401 et
2939 2359 3108 2415 quam
3135 2341 3400 2397 invictum
3431 2356 3498 2395 ex
3525 2354 3670 2409 per-

2072 2456 2238 2519 petua
2266 2459 2459 2500 eorum
2489 2440 2786 2498 traditione
2808 2438 2877 2494 ad
2899 2435 3224 2493 asserendas
3250 2431 3443 2504 lgnatii
3479 2431 3670 2487 nostri

2073 2539 2359 2610 epistolas,
2406 2541 2792 2608 argumentum
2835 2530 3091 2597 ducatur,
3128 2526 3341 2599 possint
3383 2533 3535 2581 certo
3573 2523 3672 2580 di-

2074 2643 2362 2704 gnoscere.

2145 2722 2351 2790 Quinto
2378 2721 2544 2793 igitur
2574 2717 2835 2776 Ecclesiae
2863 2714 3067 2774 saeculo
3094 2711 3446 2785 proferuntur
3475 2708 3668 2764 Theo-

2075 2820 2304 2877 doretus
2343 2817 2503 2888 epist.
2533 2815 2603 2870 ad
2644 2813 2894 2870 Monach.
2922 2808 3284 2876 Constantin.,
3317 2804 3536 2875 Dialog.
3571 2801 3668 2858 ln—

2076 2911 2319 2980 cont'us.,
2333 2909 2550 2980 Dialog.
2569 2906 2788 2978 lmpat.,
2812 2903 3027 2976 Dialog.
3044 2899 3362 2966 lmmutab.,
3377 2897 3473 2952 ubi
3497 2895 3663 2967 plura

2076 3021 2144 3063 ex
2178 3005 2262 3060 his
2293 3003 2543 3074 epistolis
2590 2999 2905 3057 testimonia
2953 2996 3220 3053 adversus
3261 2992 3350 3050 sui
3391 2988 3668 3060 temporis

2077 3095 2370 3152 hereticos
2413 3093 2780 3164 transcripsit.
2843 3090 2979 3146 Item
3014 3088 3267 3146 Gelasius
3317 3086 3374 3141 in
3400 3084 3512 3140 ﬁne
3559 3082 3663 3138 lib.

2079 3191 2158 3248 De
2179 3187 2386 3244 duabus
2421 3187 2633 3242 naturis
2673 3186 2729 3239 in
2753 3183 2989 3240 Christo.

2154 3278 2321 3336 Sexto
2346 3277 2548 3334 saeculo
2588 3276 2650 3332 Β.
2678 3275 2914 3346 Ephrem
2944 3270 3255 3343 patriarcha
3280 3267 3668 3324 Antiochenus

2079 3371 2220 3430 libro
2255 3369 2329 3426 De
2356 3371 2524 3427 sacris
2552 3368 2850 3426 Antiochia:
2889 3365 3090 3439 legibus
3124 3366 3191 3431 “,
3221 3362 3313 3418 ubi
3350 3361 3671 3418 Severianis

2081 3463 2276 3536 lgnatii
2330 3464 2505 3521 nostri
2531 3461 2919 3518 auctoritatem
2975 3458 3222 3530 opponit.
3279 3455 3468 3512 Gildas
3495 3454 3665 3526 epist.

2084 3561 2161 3617 De
2196 3559 2406 3616 excidio
2429 3555 2750 3612 Britannice.
2794 3551 2981 3610 Johius
3027 3549 3335 3606 monachus
3362 3548 3436 3604 De
3467 3547 3672 3604 Incar-

2083 3664 2201 3710 nat.
2232 3654 2299 3708 ¹¹.
2366 3649 2632 3707 Leontius
2658 3647 2998 3703 Bizantinus-
3021 3647 3116 3701 lib.
3157 3644 3231 3698 De
3260 3654 3390 3703 sect.
3415 3644 3535 3698 Act.
3579 3660 3670 3711 ιη,

2083 3748 2178 3805 ubi
2227 3746 2513 3803 haereticos
2567 3742 2952 3799 auctoritatem
2993 3738 3213 3810 lgnatii,
3248 3752 3358 3793 non
3403 3751 3566 3792 secus
3606 3750 3676 3793 ac

2084 3840 2310 3906 Irenaei,
2353 3835 2557 3895 Justini
2597 3835 2942 3904 aliorumque
2996 3829 3220 3886 Patrum
3262 3829 3538 3900 recepisse
3581 3835 3672 3885 te-

2085 3943 2282 3991 statur.

2178 4025 2425 4096 Septimo
2483 4022 2685 4081 saeculo
2756 4017 3087 4076 Anastasius
3150 4015 3458 4074 monachus
3527 4014 3678 4071 libro

2098 4118 2376 4192 Ὀδηγῶν,
2427 4116 2522 4172 ubi
2577 4114 2829 4171 eumdem
2885 4113 3273 4170 haereticorum
3331 4121 3675 4165 consensum

2087 4219 2375 4267 memorat.
2399 4209 2702 4264 Antiochus
2733 4208 2988 4263 monach.
3019 4203 3292 4260 Palaestin.
3326 4201 3520 4258 homil.
3544 4200 3675 4254 124.

2088 4303 2223 4360 Item
2263 4302 2536 4358 Maximus
2581 4301 2773 4369 abbas,
2825 4310 2881 4356 et
2919 4299 3240 4355 Theodotus
3288 4293 3579 4367 presbyter
3605 4291 3676 4357 ⁸³,

2090 4395 2187 4452 ubi
2237 4394 2304 4450 de
2347 4393 2591 4467 Dionysii
2635 4391 2974 4463 Areopagitze
3034 4388 3295 4460 operibus
3354 4384 3677 4455 disputant,

404 4475 528 4573 εεξθ
573 4516 874 4582 comend“,
907 4475 1227 4588 τηυοδηδιί
1275 4516 1451 4587 magis
1493 4512 1558 4568 ad
1602 4527 1782 4578 suam,
1821 4525 1986 4580 quam
2017 4511 2076 4569 η-
2094 4489 2469 4545 testimonium
2525 4485 2719 4556 lgnatii
2767 4484 2968 4552 nostri,
3011 4482 3115 4539 etsi
3156 4493 3348 4536 eorum
3391 4475 3682 4533 sententiae

407 4607 475 4664 ad
508 4605 952 4662 adversariorum
1004 4607 1332 4662 sententiam
1381 4603 1760 4661 stabiliendum
1798 4593 1985 4670 aptium

402 4714 529 4755 esse
559 4700 866 4770 prolitetur.
906 4697 1178 4753 Praeterea
1221 4711 1345 4751 cum
1377 4693 1646 4749 Theodoti
1685 4706 1884 4746 nomen
1929 4689 1985 4745 in

406 4791 682 4862 genuinis,
727 4800 789 4846 ut
816 4790 1079 4858 diximus,
1131 4788 1324 4859 lgnatii
1362 4786 1639 4857 epistolis,
1681 4798 1789 4838 non
1837 4783 1988 4838 inve-

407 4884 614 4949 niatur,
665 4883 832 4939 alium
875 4882 1104 4938 omnino
1155 4883 1226 4937 ab
1265 4879 1599 4951 Hieronymo
1640 4877 1988 4946 designatum

407 4977 586 5034 fuisse
613 4991 840 5033 necesse
867 4985 973 5032 est.

477 5068 668 5141 Neque
697 5069 945 5125 dixeris:
989 5067 1198 5123 Saltem
1244 5076 1438 5122 auctor
1475 5071 1666 5121 noster
1699 5061 1988 5129 Theodoti,

410 5164 622 5236 lgnatio
677 5161 1024 5228 recentioris,
1069 5175 1311 5216 errorem
1360 5159 1542 5229 arguit
1590 5167 1645 5214 et
1687 5157 1993 5228 impugnat.

409 5255 546 5310 Nam
587 5263 722 5325 quot
765 5254 1145 5309 haereticorum
1194 5266 1433 5317 errores,
1489 5259 1782 5321 antequam
1829 5247 1992 5302 iidem

414 5348 655 5404 haeretici
710 5347 765 5402 in
824 5347 1000 5402 lucem
1057 5345 1190 5401 editi
1245 5343 1520 5411 fuissent,
1578 5343 1633 5398 in
1672 5350 1991 5398 sanctorum

408 5439 633 5495 Patrum
682 5439 860 5506 libris,
910 5439 1077 5493 tacito
1122 5453 1310 5494 eorum
1349 5437 1574 5491 nomine
1623 5434 1992 5491 refelluntur?

411 5530 530 5586 Mos
561 5540 748 5586 autem
790 5529 917 5585 inde
956 5529 1187 5584 invaluit
1227 5537 1420 5584 contra
1452 5528 1688 5582 haereses
1718 5526 1991 5595 posterio-

414 5624 568 5678 ribus
610 5623 825 5680 saeculis
871 5631 1023 5677 ortas
1069 5621 1387 5688 traditione,
1437 5636 1467 5675 a
1509 5619 1705 5689 primis
1733 5617 1994 5674 Ecclesiae

2095 4598 2438 4655 repugnans,
2496 4595 2596 4651 pro
2634 4590 2783 4636 certo
2807 4593 2872 4634 ac
2896 4577 3121 4632 minime
3139 4574 3308 4630 dubio
3357 4573 3678 4629 admittunt.

2167 4675 2374 4731 Octavo
2415 4673 2617 4730 saeculo
2652 4670 2892 4726 Joannes
2928 4667 3302 4724 Damascenus
3348 4665 3403 4720 in
3439 4664 3535 4719 lib.
3565 4661 3685 4717 Pa-

2097 4766 2297 4834 rallel.,
2320 4764 2656 4822 etAntonius
2685 4763 2930 4834 ejusdem
2952 4759 3298 4826 Damasceni,
3322 4767 3384 4815 ut
3410 4755 3681 4823 creditur,

2097 4861 2404 4933 discipulus
2434 4861 2489 4914 in
2518 4858 2757 4914 Melissa.

2169 4955 2323 5010 Nono
2367 4954 2568 5011 smculo
2601 4951 2851 5006 Andreas
2876 4947 3427 5020 Hierosolymitanus,
3457 4944 3684 5000 Creten-

2098 5048 2242 5104 sium
2279 5048 2743 5119 archiepiscopus,
2785 5031 2976 5101 homil.
3020 5043 3056 5098 2
3096 5043 3151 5097 in
3188 5040 3484 5095 Nativitate
3511 5040 3682 5092 beata:

2103 5135 3043 5209 Marica.FreculpltusLexoviensis
3087 5135 3142 5189 in
3177 5132 3412 5199 Histor.,
3446 5129 3681 5185 Michael

2099 5235 2365 5308 Syngclus
2397 5234 2450 5286 in
2478 5231 2732 5286 Encomio
2762 5231 2986 5301 Dionys.
3018 5229 3211 5297 Areop.

2171 5330 2394 5385 Decimo
2442 5325 2646 5383 saeculo
2674 5323 3073 5396 Metaphrastcs
3109 5323 3163 5378 in
3195 5321 3442 5392 martyrii
3483 5319 3679 5392 lgnatii

2099 5423 2270 5480 nostri
2305 5421 2475 5476 Actis.

2172 5517 2471 5574 Undecimo
2497 5515 2695 5572 saeculo
2727 5523 2918 5574 auctor
2943 5514 3188 5570 locorum
3215 5509 3589 5570 communium
3624 5508 3680 5564 in

2100 5613 2435 5668 Bibliotheca
2468 5609 2788 5666 Oxouiensi.

483 5740 777 5811 'Epist.ud
801 5738 963 5793 Trnll.
1032 5736 1371 5811 {Epishotl
1398 5737 1590 5811 Habiti.
1667 5741 1686 5773 ⁸
1723 5737 1853 5794 Adv.
1886 5738 2104 5796 Ilelvid.
2184 5736 2226 5768 ¹⁰
2263 5746 2383 5804 cap.
2418 5729 2515 5799 36,
2545 5744 2597 5800 ν.
2632 5724 2758 5782 448.
2817 5725 2855 5757 ¹¹
2892 5723 3052 5797 Apud
3080 5721 3241 5780 Phot.
3278 5720 3334 5776 in
3361 5720 3494 5777 Bibl.
3521 5735 3676 5775 num.

416 5813 543 5868 328.
569 5806 581 5811 ’
625 5815 666 5844 ¹¹
704 5811 844 5866 Ibid.
872 5825 1024 5864 num.
1057 5806 1180 5864 532.
1262 5809 1305 5840 ¹³
1343 5806 1487 5863 Ibid.
