3852 6206
150 322 247 377 501

218 440 562 501 Duodecimo
590 438 790 499 saeculo
815 435 1093 498 Honorius
1118 436 1656 510 Augustodunensis.

225 535 451 592 Decimo
490 534 652 591 tertio
684 531 887 591 saculo
909 530 1131 588 Nicetas
1169 530 1465 587 Cbouiates
1509 531 1565 587 in
1593 530 1735 587 The-

1128 313 1191 373 D.
1233 310 1528 372 NOURRll
1560 310 2048 372 DlSSERTATlO.
2078 344 2149 356 --
2182 310 2367 370 PARS
2404 311 2447 368 I.

1760 441 1808 498 Α
1832 446 1940 503 est,
1968 451 2077 493 non
2101 436 2324 494 alterius
2351 434 2637 508 cujusdam
2666 436 3017 506 recentioris,
3046 436 3195 512 quod
3219 451 3415 509 sugge-

1841 545 1963 587 rere
2002 530 2330 587 videbantur
2370 530 2621 602 quaedam
2674 546 2706 587 a
2760 547 2979 589 summo
3011 532 3133 588 viro
3168 532 3415 588 Gerardo

150 643 342 697 sauro,
390 624 663 699 Georgius
698 624 1089 696 Pachymeres,
1118 630 1176 678 et
1202 622 1477 680 Robertus
1519 622 1735 678 Lincol—
1804 619 1822 655 η
1844 620 2036 679 Vossio
2075 622 2129 680 in
2158 638 2261 679 suo
2283 622 2351 679 de
2376 622 2580 680 Graecis
2616 624 2979 696 scriptoribus
3004 639 3171 697 Opere
3205 624 3370 680 allata
3397 641 3411 689 ;

152 720 365 778 niensis
388 720 701 791 episcopus,
732 725 964 789 uterque
989 715 1109 773 suis
1136 715 1193 771 in
1218 714 1437 788 Dionys.
1464 715 1732 789 Areopag.

138 806 593 865 Gemmeutariis.

218 897 450 956 Decimo
482 906 681 969 quarto
733 895 938 953 saculo
989 894 1329 967 Nicephorus
1379 895 1626 952 Calixtus
1677 896 1735 951 in

153 990 367 1046 Hister.
416 990 515 1045 lib.
551 1006 634 1057 Ill,
677 1005 798 1060 cap.
827 988 918 1055 l9,
975 996 1142 1059 atque
1196 987 1290 1044 alii
1344 988 1734 1059 quamplurimi

148 1097 273 1139 cum
300 1081 415 1139 hoc
456 1078 819 1138 saeculo'tum
862 1081 1293 1151 posterioribus,
1338 1083 1434 1150 qui
1472 1083 1734 1153 quoniam

147 1174 373 1230 cuilibet
416 1182 548 1230 sunt
589 1174 757 1242 obvii,
791 1174 862 1230 iis
896 1173 1216 1245 singillatim
1262 1174 1599 1245 appellandis
1642 1191 1735 1231 su-

146 1264 532 1336 persedemus.

205 1355 331 1411 Jam
360 1372 495 1412 vero
516 1371 585 1412 ex
614 1355 987 1413 eruditissima
1021 1362 1100 1411 tot
1132 1356 1355 1411 testium
1387 1355 1570 1411 omnis
1601 1364 1733 1410 aeta-

144 1447 214 1502 tis
239 1453 297 1503 et
324 1446 664 1502 conditionis
697 1444 1045 1500 multitudine
1077 1445 1203 1514 quis
1242 1459 1349 1500 non
1383 1444 1529 1499 videt
1558 1459 1731 1514 pauca

140 1555 265 1597 esse
307 1540 672 1610 antiquorum
700 1538 926 1593 Patrum
974 1552 1166 1607 opera,
1200 1552 1323 1606 quae
1362 1552 1464 1592 suo
1503 1551 1734 1607 quaeque

140 1630 356 1686 auctori
384 1630 662 1701 pluribus,
692 1645 857 1699 quam
900 1630 1019 1686 istae
1047 1629 1244 1699 Ignatii
1280 1629 1546 1699 epistolae,
1578 1629 1732 1683 testi-

140 1722 245 1779 bus
279 1722 666 1778 vindicentur?
691 1720 898 1776 Deinde
938 1736 1100 1777 nemo
1143 1735 1417 1792 unquam,
1464 1720 1570 1776 nisi
1606 1719 1732 1775 Dal-

1836 716 1999 787 idque
2020 715 2191 772 solide
2222 723 2277 772 et
2299 715 2417 774 fuse
2439 717 2781 774 demonstrat
2807 717 3215 774 eruditissimus
3244 715 3412 785 Guar,

1834 825 1995 880 quem
2027 810 2205 877 adeat,
2232 810 2279 866 si
2306 809 2431 881 quis
2464 810 2643 866 adhuc
2668 810 2899 867 dubitet.
2931 828 2953 864 ι
2998 810 3286 867 Adivimus
3310 826 3413 867 nos

1832 899 2266 955 eruditissimum
2313 898 2547 965 Goar",
2595 907 2759 969 atque
2811 899 2929 955 haec
2982 898 3259 969 ipsissima
3289 897 3411 968 ejus

1832 991 2021 1060 verba,
2051 1007 2174 1062 quae
2200 992 2537 1048 contrarium
2571 992 2735 1063 plane
2764 990 3096 1063 signiﬁcant,
3135 990 3407 1061 legimus:

1840 1104 1859 1141 ι
1914 1085 2229 1142 Canonicus
2296 1099 2583 1140 sacrorum
2648 1084 2942 1168 librorum“
2980 1083 3275 1141 laterculus
3339 1084 3410 1151 ad

1832 1177 2342 1249 Chronographiam
2370 1176 2509 1232 nihil
2549 1187 2826 1247 spectans,
2860 1175 3075 1232 librarii
3123 1174 3405 1248 πάρεργον

1829 1272 2128 1344 judicatur.
2166 1291 2185 1324 ι
2234 1269 2351 1325 Non
2401 1271 2573 1327 solide
2607 1272 2774 1341 igitur
2806 1254 2858 1326 et
2890 1269 3009 1325 fuse
3050 1267 3141 1324 ille
3171 1268 3404 1323 demon-

1834 1375 1990 1432 strat,
2029 1364 2137 1420 sed
2167 1364 2328 1434 plane
2372 1363 2698 1435 penitusque
2732 1367 2894 1435 uega't
2940 1364 3083 1419 hanc
3112 1361 3405 1417 Stichome-

1835 1458 1993 1510 triam
2024 1453 2311 1527 Nicephori
2341 1471 2480 1527 opus
2508 1469 2660 1523 esse;
2687 1463 2742 1511 et
2767 1456 2910 1511 hanc
2932 1454 3137 1510 claram
3167 1466 3404 1510 certant-

1831 1565 1938 1620 que
1984 1550 2264 1604 sententiae
2301 1564 2414 1605 sua:
2451 1548 2659 1619 profert
2701 1549 2969 1604 rationem
2993 1588 3009 1615 ,
3057 1548 3203 1619 quod
3233 1547 3404 1603 nimi-

1830 1656 1951 1695 rum
1978 1640 2069 1694 illa
2088 1639 2155 1694 ad
2177 1637 2465 1710 Nicephori
2484 1639 2986 1711 Chrmmgrapbiam
3010 1639 3147 1693 nihil
3175 1646 3401 1709 spectet.

1832 1733 1890 1788 ld
1923 1748 2057 1788 sane
2079 1748 2204 1787 cum
2227 1732 2397 1803 probe
2427 1732 2750 1804 intelligeret
2773 1732 2955 1788 Dallaei
2977 1730 3230 1787 defensor
3260 1745 3405 1786 nova

139 1814 299 1869 ιεδηί
342 1829 547 1870 sensus
585 1814 771 1879 homo,
803 1827 934 1868 vero
961 1812 1146 1867 credet
1181 1826 1304 1867 esse
1332 1811 1511 1867 simile
1539 1826 1729 1866 omnes
1762 1823 1805 1881 Β
1833 1827 2075 1893 ι-εηίοηθν
2128 1834 2184 1881 ει
2231 1826 2451 1895 quidem
2493 1826 2694 1879 mirum
2740 1825 2794 1880 in
2843 1826 3066 1881 modum
3113 1824 3399 1894 singulari.

139 1908 373 1963 omnino
404 1906 506 1962 bos
534 1906 832 1976 scriptores
863 1906 930 1959 eo
954 1904 1217 1960 caecitatis
1251 1904 1339 1959 vel
1387 1904 1729 1976 negligentiae

139 1999 436 2054 devenisse
457 1998 524 2065 ’⁸,
562 2016 582 2052 ι
616 2008 675 2051 ιιι
698 1995 920 2052 Eusebii
950 1995 1102 2051 falsae
1130 1997 1198 2051 de
1224 1995 1524 2067 lgnatianis
1554 1995 1729 2065 suspi-

138 2089 284 2144 cioni
323 2104 399 2143 ex
441 2087 680 2158 quadam
732 2086 901 2141 animi
950 2084 1302 2156 simplicitate
1350 2085 1558 2156 absque
1599 2085 1728 2141 dolo

139 2180 305 2248 malo,
338 2179 441 2236 sed
470 2179 680 2249 absque
709 2186 856 2233 certa
895 2178 1111 2233 ratione
1142 2196 1161 2230 ι
1196 2176 1547 2232 adhaeserint.
1582 2175 1729 2233 Prae-

140 2281 285 2328 terea
312 2287 420 2327 cur
447 2270 714 2338 haeretici,
741 2270 943 2343 quibus
964 2268 1278 2327 testimonia
1306 2268 1505 2339 lgnatii
1536 2284 1604 2325 ex
1640 2270 1728 2327 his

139 2363 390 2433 epistolis
423 2362 737 2433 desumpta,
765 2362 833 2417 ad
863 2361 1189 2417 refellendas
1218 2376 1410 2417 eorum
1441 2362 1727 2431 opiniones

139 2455 571 2526 objiciebanttu',
626 2455 708 2511 nil
754 2456 823 2511 de
875 2470 1069 2510 earum
1138 2453 1379 2510 falsitate
1432 2454 1728 2528 aliquando

139 2548 410 2619 suspicati
448 2556 601 2615 sunt,
640 2547 891 2618 nihilque
916 2562 1160 2617 unquam
1198 2547 1268 2602 ad
1309 2562 1501 2603 eorum
1540 2557 1730 2601 aucto-

139 2641 358 2696 ritatem
414 2640 773 2708 elevandam,
824 2638 1216 2705 minuendam,
1261 2646 1357 2693 aut
1403 2639 1457 2692 in
1500 2638 1725 2694 dubium

138 2730 517 2787 revocandam
561 2730 881 2786 adinvenire
923 2729 1007 2785 vel
1044 2730 1359 2800 excogitare
1396 2731 1730 2800 potuerunt?

136 2822 250 2878 Cur
295 2824 544 2894 denique
588 2823 643 2877 bi
693 2837 887 2878 omnes
939 2823 1237 2891 scriptores
1290 2830 1344 2877 et
1382 2822 1639 2879 catholici
1675 2830 1731 2880 et

139 2915 423 2979 bat-elici,
461 2923 627 2986 atque
667 2915 704 2969 ii
738 2929 974 2985 quorum
1025 2913 1247 2985 plurimi
1297 2914 1589 2979 intererat.
1630 2914 1730 2970 bas

140 3008 405 3077 epistolas
466 3006 778 3077 repudiare,
831 3006 899 3061 ad
954 3020 1050 3062 eas
1108 3004 1320 3075 lgnatio
1370 3005 1730 3062 vindicandas

143 3110 296 3155 tanto
334 3113 619 3153 consensu
650 3098 1065 3168 conspirarunt;
1106 3097 1213 3153 nisi
1241 3097 1371 3167 quia
1394 3096 1515 3152 illas
1538 3112 1725 3153 verum

140 3203 191 3248 et
212 3192 522 3263 genuinum
548 3189 742 3261 lgnatii
764 3206 903 3260 opus
924 3205 1047 3246 esse
1069 3189 1393 3247 certissimis
1421 3189 1726 3245 rationibus

140 3297 470 3353 persuasum
500 3280 725 3337 omnino
754 3281 1034 3336 habuere?

735 3413 967 3470 CAPUT
1005 3413 1141 3469 VIII.

137 3550 528 3593 IESPOXDETUB
566 3548 872 3589 OBJECTIONI
912 3549 979 3587 EX
1017 3546 1299 3587 NICEPHORI
1338 3548 1408 3587 ΒΤ
1448 3546 1724 3587 ΑΝΑδτΔειι

651 3619 975 3659 TESTIIUNIO
1014 3618 1246 3657 ΡΕΤΙΤΔΕ.

141 3716 169 3789 ς
204 3715 248 3771 1.
292 3714 666 3788 Nicephorum
704 3731 808 3770 non
842 3731 954 3771 esse
991 3724 1262 3769 auctorem
1302 3713 1723 3770 Stichometriaz.

203 3831 289 3887 Ex
324 3831 401 3887 iis
431 3831 591 3901 ipsis,
636 3846 776 3901 quos
822 3830 1124 3887 adversarii
1160 3830 1320 3887 nobis
1355 3831 1551 3887 deinde
1581 3831 1726 3901 obji-

138 3923 309 3989 ciunt,
344 3922 719 3992 scriptoribus
748 3937 955 3977 novum
994 3932 1322 3993 argumento
1351 3931 1545 3979 nostro
1583 3938 1725 3992 pon-

137 4017 237 4071 dus
266 4024 325 4071 et
349 4014 532 4070 robur
559 4013 786 4071 accedit.
835 4012 988 4081 Quos
1021 4014 1190 4080 enim,
1224 4028 1432 4085 quaeso,
1471 4014 1728 4069 eruditis-

138 4106 311 4172 sime,
343 4118 522 4175 quam
563 4101 945 4173 produximus,
981 4109 1062 4157 tot
1100 4100 1344 4156 virorum
1391 4099 1727 4155 multitudini

140 4195 475 4267 opponunt?
536 4194 686 4249 Duos
735 4194 821 4249 vel
879 4196 1064 4263 petius
1121 4207 1293 4248 unum
1349 4180 1728 4246 tantummodo

139 4300 426 4345 auctorem
455 4327 471 4355 ,
526 4285 820 4356 quemdam
872 4285 1083 4341 scilicet
1138 4298 1514 4355 anonymum,
1563 4297 1727 4352 quem

139 4379 375 4437 Danaus
406 4378 554 4436 falso
583 4387 739 4449 putat
766 4377 938 4435 fuisse
964 4376 1331 4447 Nicephorum
1359 4375 1726 4446 patriarcham

138 4472 838 4543 Coustantinopolitanum,
868 4479 923 4526 et
941 4469 1320 4535 Anastasium,
1354 4468 1447 4539 qui
1476 4466 1726 4523 Graecum

140 4564 435 4637 Nioephori
464 4564 555 4620 vel
575 4564 760 4634 potius
792 4562 1049 4633 anonymi
1081 4576 1222 4631 opus
1251 4559 1442 4615 Latine
1470 4558 1724 4626 reddidit,

143 4660 237 4727 vel,
258 4663 307 4714 si
352 4657 526 4725 velis,
562 4665 622 4713 ut
659 4655 907 4727 loquitur
933 4652 1120 4708 Dallzei
1150 4652 1425 4721 defensor,
1456 4650 1550 4722 qui
1593 4650 1723 4706 illud

148 4770 166 4801 ι
192 4751 503 4823 adoptavit.
540 4767 559 4803 ι
594 4747 973 4805 Examinanda
999 4754 1083 4803 est
1110 4746 1274 4817 igitur
1302 4745 1465 4815 hujus
1488 4744 1724 4814 scripto-

144 4842 212 4898 ris
238 4841 556 4898 auctoritas
583 4848 640 4895 et
662 4839 1057 4896 testimonium.
1088 4836 1273 4891 Primo
1303 4836 1535 4892 Dallaeus
1564 4834 1727 4891 Nice-

145 4933 376 5001 phorum
441 4930 855 4988 liberalissimis
908 4937 1071 4988 ornat
1126 4929 1418 4995 laudibus,
1478 4936 1533 4983 et
1578 4928 1728 4983 hunc

147 5022 455 5081 Dallaaanus
472 5021 731 5080 defensor
758 5023 954 5078 «ictum
969 5042 987 5076 ι
1005 5021 1188 5077 ηοὶιίει
1210 5020 1464 5076 lethalem
1483 5038 1503 5074 ι
1523 5019 1728 5077 inferre

144 5130 423 5175 asseverat
457 5116 526 5173 ".
557 5115 667 5172 Sed
695 5116 813 5182 ubi,
847 5116 1063 5183 amabo,
1089 5115 1175 5171 vir
1208 5113 1299 5170 ille
1334 5112 1569 5171 summis
1597 5115 1724 5170 lau-

144 5208 294 5266 dibus
348 5207 664 5275 ornandus,
718 5207 887 5262 ictum
924 5207 1181 5262 lethalem
1214 5206 1373 5262 nobis
1413 5205 1641 5261 intulit?
1668 5205 1727 5262 In

147 5295 545 5365 Stichometria,
590 5297 879 5368 inquiunt,
934 5312 1057 5369 qua:
1104 5296 1325 5368 quidem
1382 5296 1520 5350 nihil
1577 5296 1727 5353 aliud

144 5407 299 5459 quam
344 5390 729 5462 fragmentum
762 5397 875 5457 est,
913 5388 981 5444 ad
1015 5389 1219 5445 calcem
1262 5386 1729 5459 Cbrouograpbim

144 5480 437 5554 Nieepbori
483 5496 517 5537 a
549 5482 778 5537 .ibrario
802 5481 988 5552 aliquo
1018 5480 1315 5552 adjectum.
1364 5478 1598 5536 Dallaeus
1627 5497 1726 5535 au—

142 5585 241 5630 tetu
264 5574 649 5645 Nicephorum
685 5575 830 5631 illius
860 5582 1137 5629 auctorem
1167 5587 1288 5629 esse
1316 5572 1458 5628 miro
1486 5573 1724 5643 quodam

146 5677 468 5737 argumento
493 5674 806 5739 propugnat
832 5666 911 5723 “z
954 5684 972 5719 ι
996 5665 1170 5737 Hujus
1220 5665 1395 5735 ipsius
1430 5664 1720 5736 Nirepbori

223 5772 423 5830 “Dall.
440 5786 563 5844 cap.
581 5771 672 5838 56,
695 5786 747 5843 ι).
766 5772 889 5831 448.

1830 1919 2075 1975 eamdem
2108 1916 2538 1974 Stichometriam
2565 1917 2874 1989 Nicephoro
2905 1919 3255 1973 vetustiorem
3281 1932 3404 1973 esse

1831 2010 2160 2080 suspicatur.
2197 2029 2218 2064 ε
2240 2007 2580 2077 Vehementi,
2624 2010 2802 2080 inquit
2827 2012 2891 2078 ¹⁸,
2926 2012 3191 2068 sollicitor
3221 2014 3404 2084 suspi—

1829 2103 2007 2171 cione,
2052 2111 2113 2157 ut
2150 2103 2369 2158 credam
2417 2104 2602 2170 istam,
2654 2119 2762 2174 qua
2805 2103 2873 2161 de
2922 2106 3159 2177 agimus,
3191 2105 3403 2162 Sticho-

1830 2196 2075 2250 metriam
2105 2192 2415 2265 Nicephoro
2459 2196 2578 2266 ipso
2617 2197 2968 2254 vetustiorem
3013 2215 3158 2256 esse.
3187 2198 3403 2269 Nemini

1830 2286 1973 2342 enim
2006 2303 2196 2343 eorum
2230 2288 2324 2359 qui
2357 2289 2472 2344 haec
2513 2289 2692 2345 studia
2727 2290 2813 2346 vel
2839 2293 3071 2349 summis
3108 2292 3279 2350 labris
3308 2294 3405 2349 de-

1831 2386 2158 2447 gustarunt,
2196 2378 2365 2433 latere
2406 2387 2537 2449 puto
2578 2379 2776 2434 horum
2820 2379 3186 2437 indiculorum
3238 2397 3401 2437 usum

1829 2468 1923 2524 diu
1956 2479 2083 2526 alite
2114 2469 2481 2542 Nicephorum
2514 2471 2836 2527 obtinuisse.
2867 2472 2913 2527 A
2936 2487 3068 2529 vero
3097 2472 3262 2545 igitur
3287 2488 3401 2529 non

1830 2562 2088 2618 abhorret
2131 2559 2498 2632 Nicephorum
2547 2562 2977 2618 Stichometriam
3010 2563 3172 2620 istam
3206 2581 3238 2619 a
3264 2564 3404 2620 scri-

1829 2663 1988 2723 ptore
2031 2668 2092 2710 se
2128 2652 2425 2709 admodum
2466 2653 2765 2710 vetustiore
2795 2654 3056 2712 habuisse
3099 2655 3183 2711 vel
3218 2657 3403 2727 potius

1829 2761 1951 2802 eam
1990 2746 2046 2801 in
2075 2746 2223 2801 calce
2247 2746 2613 2816 antiquissimi
2640 2761 2923 2802 sacrorum
2950 2747 3215 2803 librorum
3250 2748 3405 2804 codi-

1829 2836 2161 2903 cisnactam
2198 2834 2302 2890 sibi
2326 2835 2637 2904 adoptasse,
2684 2850 2908 2908 sumque
2940 2834 3409 2908 Chronograpbiae

1830 2926 2228 2985 subtexuisse.»
2261 2924 2457 2982 Verum
2483 2936 2543 2981 ut
2566 2927 2859 2983 vehemens
2884 2926 3187 2985 defensoris
3221 2930 3410 2999 suspis

1829 3017 1916 3072 cio
1948 3016 2152 3087 aliquid
2189 3015 2480 3072 soliditatis
2517 3015 2761 3083 haberet,
2796 3017 2900 3085 ipsi
2938 3017 3118 3088 primo
3161 3019 3402 3088 proban-

1830 3109 1960 3164 dum
1993 3116 2112 3163 erat
2137 3107 2339 3162 nullam
2388 3105 2829 3162 Stichometriam
2865 3106 3173 3178 Nicephoro
3212 3125 3403 3165 recen-

1828 3203 2025 3261 tiorem
2070 3216 2212 3268 esse,
2242 3201 2335 3256 sed
2367 3214 2558 3257 omnes
2584 3216 2697 3256 non
2734 3201 2914 3257 solum
2957 3201 3051 3257 illo
3078 3203 3403 3259 vetustiores

1827 3308 1969 3363 esse,
2005 3292 2098 3349 sed
2128 3310 2147 3343 ι
2181 3293 2474 3348 admodum
2509 3293 2855 3350 vetustiores.
2881 3313 2900 3347 ι
2939 3293 3142 3349 Deinde
3164 3295 3267 3363 ipsi
3301 3296 3403 3351 ad-

1826 3390 1937 3445 huc
1979 3387 2469 3444 demonstrandum
2510 3396 2630 3443 erat
2661 3389 2912 3444 eumdem
2953 3389 3254 3445 indiculum
3291 3406 3400 3446 non

1829 3492 1859 3531 a
1900 3476 2155 3540 librario,
2194 3475 2288 3532 sed
2345 3491 2377 3530 a
2422 3474 2731 3546 Nicephoro
2774 3477 2893 3547 ipso
2936 3478 3405 3551 Chronographiae

1829 3582 1942 3623 sum
1991 3565 2421 3637 superadditum.
2463 3566 2554 3621 ille
2604 3576 2784 3621 autem
2833 3576 3085 3623 neutrum
3134 3569 3245 3624 ulla
3295 3585 3401 3624 un-

1827 3674 1991 3731 quam
2014 3658 2224 3714 ratione
2256 3658 2525 3729 probabit.
2559 3657 2764 3714 Contra
2791 3674 2940 3725 vero,
2972 3660 3065 3731 qui
3095 3663 3404 3716 manuscri-

1826 3762 1950 3823 ptos
1982 3751 2199 3807 codices
2230 3752 2317 3807 vel
2356 3751 2584 3808 minimo
2618 3752 2799 3807 studio
2832 3754 3179 3823 pervolutare
3202 3754 3401 3823 solent,

1828 3845 1867 3900 ii
1894 3852 2045 3900 certo
2093 3842 2296 3899 certius
2337 3852 2609 3899 noverunt
2654 3844 3003 3901 librariorum
3037 3860 3247 3901 morem
3278 3863 3403 3906 esse

1827 3935 1931 3993 hos
1965 3933 2256 4002 indiculos,
2284 3934 2499 4005 aliaque
2526 3935 2797 4005 ejusmodi
2842 3937 3043 4008 scripta
3073 3938 3188 3994 sive
3211 3954 3403 3996 recen-

1828 4028 1967 4083 tiora
1997 4027 2113 4083 sive
2142 4027 2441 4081 vetustiora
2483 4026 2539 4080 in
2567 4028 2862 4095 librorum,
2891 4043 3032 4103 quos
3060 4030 3401 4101 describunt,

1828 4118 1939 4174 ﬁne
1988 4132 2129 4188 saepe
2180 4117 2380 4188 saepius
2430 4118 2685 4188 adjicere.
2751 4118 2926 4176 Porro
2977 4130 3157 4177 autem
3208 4123 3402 4181 demus

1828 4210 2048 4278 Dallaeo,
2072 4210 2219 4280 quod
2243 4218 2423 4265 tamen
2454 4210 2651 4266 falsum
2679 4214 2941 4279 est,banc
2973 4212 3405 4272 Stichometriam

1829 4315 1861 4357 a
1883 4298 2188 4370 Nicephoro
2220 4300 2532 4370 patriarcha
2559 4299 2729 4359 fuisse
2751 4303 2986 4372 editam;
3016 4304 3209 4361 demus
3234 4307 3400 4363 etiam

1828 4389 1949 4462 ejus
1973 4390 2269 4457 defensori,
2307 4390 2453 4461 quod
2487 4392 2603 4461 ipse
2632 4408 2914 4464 nunquam
2947 4395 3224 4464 probabit,
3252 4396 3400 4452 illam

1760 4498 1804 4555 ι)
1828 4495 1964 4551 opus
1994 4495 2116 4537 esse
2145 4481 2387 4537 auctoris
2430 4478 2738 4552 Nicephoro
2778 4482 2898 4552 ipso
2925 4482 3217 4541 admodum
3247 4498 3402 4543 vetu-

1827 4573 2043 4641 stioris;
2103 4575 2350 4645 nunquid
2397 4575 2561 4631 unius
2605 4573 2927 4647 Nicephori‘,
2981 4579 3066 4633 vel
3110 4580 3399 4650 cujusdam

1829 4666 2088 4738 anonymi
2120 4676 2174 4723 et
2220 4666 2483 4738 incogniti
2514 4667 2803 4739 scriptoris
2840 4669 3121 4739 judicium-
3153 4671 3316 4727 clarae
3347 4684 3403 4728 et

1827 4758 2064 4814 evidenti
2108 4759 2356 4816 omnium
2404 4761 2585 4818 omnis
2629 4761 2806 4817 aetatis
2849 4761 3297 4819 doctissimorum
3346 4773 3403 4821 et

1830 4850 2245 4907 notissimorum
2313 4851 2559 4907 virorum
2631 4853 2915 4909 sententia:
3005 4852 3402 4923 praeferendum

1827 4947 1910 4997 est
1933 4939 1956 4992 ?

1869 5031 1896 5104 ᾗ
1930 5031 1991 5087 ll.
2035 5030 2189 5087 Hauc
2235 5030 2853 5157 Stichomeyiantlunihil
2888 5032 3087 5101 oﬂicere
3128 5034 3368 5103 epistolis

2546 5119 2647 5157 ana
2675 5118 2735 5157 ιι.

2545 5118 2735 5172 gnam.

1903 5190 2008 5248 Sed
2044 5209 2161 5266 age,
2185 5194 2561 5250 auctoritatem
2592 5202 2646 5250 et
2677 5192 3046 5249 testimonium
3074 5193 3239 5265 hujus
3268 5196 3406 5251 scri-

1828 5286 2024 5357 ptoris,
2055 5289 2369 5358 quicunque
2403 5287 2621 5341 tandem
2652 5286 2744 5341 ille
2772 5284 2956 5354 fuerit,
2997 5288 3397 5343 examinemus.

1827 5378 1880 5435 ls
1917 5378 2100 5434 varios
2132 5379 2395 5435 librorum
2439 5395 2608 5435 sacrae
2638 5378 2936 5449 Scriptura:
2969 5381 3277 5450 composuit
3308 5395 3404 5435 ca—

1829 5474 2061 5545 talogus,
2090 5473 2291 5543 quibus
2320 5482 2672 5529 recensentur
2698 5492 2712 5528 :
2739 5474 2791 5527 l°
2822 5471 3034 5528 Veteris
3063 5472 3400 5530 Testamenti

1829 5566 1984 5633 libri;
2021 5566 2078 5620 2°
2107 5565 2243 5622 Novi
2269 5565 2603 5621 Testamenti
2625 5584 2638 5633 ;
2657 5570 2743 5625 5ο(
2762 5566 2893 5634 Quae
2910 5578 3016 5619 non
3042 5564 3403 5620 admittuntur

1830 5657 2041 5716 Veteris
2072 5657 2405 5715 Testamenti
2442 5658 2771 5730 Scripturaa;
2803 5658 2858 5711 4ο
2887 5656 3019 5723 Quae
3051 5654 3263 5713 Veteris
3297 5653 3403 5712 τοι

981 5783 1023 5814 ¹⁸
1058 5795 1180 5853 pag.
1214 5781 1304 5836 ll.
1382 5781 1424 5813 ¹⁶
1458 5795 1574 5852 cap.
1606 5779 1660 5848 ι,
1690 5794 1725 5851 p

1832 5778 1900 5834 ιδ.
1984 5779 2024 5810 ¹⁷
2060 5776 2117 5832 lu
2156 5776 2410 5835 Adnotat.
2443 5792 2494 5847 p.
2529 5774 2615 5833 88.
2698 5774 2739 5808 ³⁸
2776 5789 2901 5845 pag.
2941 5768 3025 5825 Η.
3064 5822 3067 5827 .
