3852 6206
461 340 566 398 505

1529 340 1588 396 S.
1630 339 1981 396 lGNATlUS.
2017 372 2085 380 —
2123 336 2656 396 PROLEGOMENA.

3607 331 3711 390 504

463 452 719 512 stamenti
746 456 1055 530 apocrypha
1091 472 1412 525 censemus;
1447 458 1503 514 5°
1528 457 1662 524 Quae
1685 457 1822 515 Novi
1850 457 2042 516 Testa-
2069 461 2114 518 Α
2141 457 2492 532 confugiunt,
2524 467 2587 514 ut
2613 455 2805 515 saltem
2841 461 2994 511 muta
3034 468 3099 510 ac
3127 451 3307 511 silenti
3341 451 3712 524 quorumdam

463 547 633 602 menti
690 558 820 604 sunt
876 549 1211 623 apocrypha.
1257 553 1562 626 iAtquazin
1589 551 1691 606 hoc
1742 552 2036 622 posteriori

463 641 658 698 ordine
687 641 878 714 lgnatii
904 642 1183 714 epistolas,
1203 652 1297 699 aut
1329 644 1532 716 potius,
1557 654 1619 700 ut
1636 645 1752 716 ipse
1773 645 2036 717 loquitur,

461 733 768 790 doctrinam
797 735 1102 791 collocavit.
1141 733 1342 791 Verum
1386 737 1502 794 haec
1541 739 1784 795 auctoris
1820 737 2035 796 Sticho-

461 826 665 880 metrim
706 826 866 882 verba
897 836 950 882 et
979 826 1366 900 inscriptiones
1413 830 1553 886 nihil
1601 831 1838 886 innuunt
1886 833 2035 889 aliud

459 934 626 990 quam
654 917 845 991 lgnatii
877 920 1134 991 epistolas
1162 922 1304 978 inter
1336 923 1646 996 apocrypha
1674 922 1812 979 Novi
1845 923 2038 983 Testa-

459 1009 628 1064 menti
673 1025 799 1066 esse
844 1010 1194 1082 rejiciendas,
1227 1013 1333 1070 hoc
1386 1024 1608 1080 est,eas
1656 1016 1798 1072 inter
1848 1034 2034 1077 sacros

457 1097 595 1156 Novi
623 1100 957 1160 Testamenti
985 1104 1155 1162 libros
1195 1122 1307 1182 non
1335 1123 1458 1163 esse
1481 1110 1870 1166 numerandas.
1900 1110 2034 1167 Eam

458 1194 652 1262 procul
697 1193 865 1252 dubio
896 1197 968 1252 ob
1011 1212 1236 1254 causam
1287 1201 1622 1256 mentionem
1669 1201 1799 1258 facit
1845 1218 2033 1260 eorum

458 1287 839 1344 tantummodo
881 1290 1171 1360 librorum,
1201 1293 1296 1363 qui
1327 1295 1702 1364 apostolorum
1750 1303 1845 1350 aut
1871 1296 2035 1366 quin-

457 1393 566 1449 que
600 1381 917 1436 eorumdem
951 1382 1348 1454 discipulorum
1397 1401 1598 1442 nomen
1646 1387 2030 1458 praeferebant,

455 1487 706 1544 quosque
734 1488 801 1529 eo
830 1475 1052 1530 nomine
1083 1477 1402 1546 imprudens
1447 1480 1812 1548 quorumdam
1856 1481 2033 1552 pietas

455 1578 626 1620 sacrae
673 1563 810 1620 Novi
860 1563 1195 1624 Testamenti
1247 1568 1544 1640 Scriptura:
1584 1572 1787 1628 ascribi
1839 1574 2032 1630 volue-

455 1665 562 1712 rat.

525 1748 616 1816 At,
651 1747 905 1821 inquiunt
931 1749 1212 1820 Dallazani,
1241 1763 1434 1811 auctor
1465 1755 1555 1812 ille
1583 1757 1844 1827 epistolas
1871 1757 2030 1830 lgna—

455 1841 516 1894 tii
554 1841 743 1896 eodem
773 1859 1005 1900 numero
1039 1845 1315 1903 habendas
1345 1861 1466 1904 esse
1487 1858 1692 1915 censet,
1721 1869 1740 1902 ‹
1772 1866 1838 1906 ac
1867 1850 2032 1909 Itine-

455 1934 598 1989 raria
643 1933 809 2003 Petri,
847 1934 1072 1994 Joannis
1115 1948 1170 1994 et
1211 1937 1456 2008 Thomas,
1491 1957 1613 2012 qua:
1644 1959 1710 2000 ex
1737 1945 2030 2004 deterrimo

454 2042 652 2098 genere
703 2031 1142 2101 apocryphorum
1178 2051 1197 2084 ι
1264 2049 1387 2089 esse
1448 2037 1649 2106 smpius
1709 2038 2024 2096 decantant.

457 2116 611 2174 Unde
640 2118 804 2175 iidem
829 2122 1089 2179 audacter
1117 2125 1451 2181 concludunt
1477 2145 1490 2181 :
1519 2145 1538 2180 ‹
1572 2126 1771 2184 Eadem
1807 2141 2030 2188 senten-

452 2209 528 2265 tia
558 2210 816 2267 damnata
863 2223 1158 2286 notataque
1196 2215 1368 2274 fuisse
1403 2217 1716 2290 lgnatiana,
1749 2223 1816 2277 ad
1848 2224 2027 2280 labem

450 2311 614 2374 atque
635 2303 990 2375 ignominiam
1021 2309 1427 2378 sempiternam.
1454 2330 1473 2364 ι
1504 2312 1609 2369 Sed
1641 2330 1735 2371 eos
1762 2316 2030 2387 objectio-

449 2396 536 2451 nis
557 2397 723 2452 toties
749 2400 991 2469 repetita:
1013 2401 1216 2470 pudere
1243 2403 1537 2474 aliquando
1560 2405 1856 2464 debuisset.
1896 2409 2026 2480 Epi-

450 2487 605 2542 stolas
650 2488 920 2560 siquidem
959 2489 1151 2564 lgnatii
1201 2494 1431 2551 sincerae
1460 2512 1523 2554 ac
1559 2498 1680 2553 sine
1723 2500 2024 2572 interpola-

448 2579 712 2648 tionibus,
738 2598 876 2653 quas
908 2585 1052 2642 solas
1091 2585 1454 2656 defendimus,
1483 2591 1622 2646 nihil
1653 2593 1758 2648 nisi
1803 2609 2022 2663 sanum,

445 2671 812 2728 orthodoxum
871 2684 927 2732 et
968 2677 1293 2734 Christianis
1324 2682 1531 2752 totique
1561 2681 1816 2740 Ecclesia:
1845 2686 2025 2742 utilis»

447 2762 670 2829 simum,
699 2773 754 2820 et
776 2767 1012 2822 maxime
1038 2766 1380 2826 fructuosum
1410 2775 1869 2844 complectuntur.
1900 2776 2024 2834 Non

445 2863 742 2925 potuerunt
775 2873 906 2929 ergo
936 2874 1060 2914 cum
1107 2860 1174 2916 iis
1215 2863 1589 2934 scriptis,qu:e
1609 2883 1626 2918 ι
1651 2881 1715 2921 ex
1729 2867 2024 2926 deterrimo

444 2962 643 3017 genere
691 2951 1130 3023 apocryphorum
1165 2971 1184 3006 ν
1209 2954 1461 3022 somniis,
1483 2959 1895 3031 mendaciisque
1935 2979 2024 3018 re-

443 3037 608 3108 ferta,
633 3048 690 3096 et
717 3042 882 3098 certis
924 3045 1149 3102 venenis
1189 3046 1435 3119 inspersa
1471 3052 1860 3116 sunt,ceadcm
1891 3069 2021 3110 sen-

2141 552 2464 608 auctoritate
2500 551 2658 608 vanis
2688 549 2806 606 suis
2833 548 3242 605 velitationibus
3262 545 3443 602 locum
3469 546 3713 616 aliquem

2137 644 2358 700 dedisse
2383 643 2693 700 videantur.
2720 641 2954 698 Dalleus
2977 641 3163 711 itaque
3183 654 3380 710 magna
3413 638 3713 694 verborum

2137 751 2336 808 pompa
2392 746 2777 808 argumentum
2823 749 2987 790 suum
3045 732 3360 802 negativum
3427 731 3712 801 proponit,

2135 831 2282 900 quod
2316 829 2458 885 hanc
2498 829 2555 884 in
2582 826 2815 882 formam
2861 836 3033 883 totum
3066 827 3348 882 reducitur
3375 844 3388 880 :
3412 843 3432 877 ι
3458 824 3712 892 Constat,

2137 921 2316 993 inquit
2343 921 2432 976 ille
2457 921 2524 984 ι’,
2555 920 2677 984 has,
2707 936 2844 991 quas
2873 919 3037 976 hodie
3081 919 3314 990 legimus
3351 917 3636 988 epistolas,
3666 916 3714 972 si

2137 1028 2265 1068 vere
2294 1010 2487 1083 lgnatii
2529 1019 2679 1075 sunt,
2721 1026 2832 1065 non
2876 1009 3119 1080 potuisse
3158 1023 3268 1063 uon
3299 1021 3420 1063 esse
3454 1007 3715 1062 omnibus

2135 1105 2282 1160 illius
2322 1113 2376 1159 et
2422 1103 2685 1174 proximae
2725 1100 2982 1171 deinceps
3031 1098 3312 1156 memoriae
3357 1098 3712 1162 Christianis,

2135 1195 2433 1268 praesertim
2462 1209 2591 1250 vero
2622 1193 2878 1249 litteratis
2916 1201 2970 1249 et
3019 1192 3272 1259 eruditis,
3302 1191 3350 1246 si
3379 1191 3473 1260 qui
3502 1199 3713 1255 essent;

2135 1287 2472 1344 notissimas.
2512 1287 2583 1342 At
2621 1287 2706 1344 bis
2733 1288 2891 1358 plane
2921 1285 3250 1356 penitusque
3289 1284 3503 1355 ignotas
3540 1281 3717 1338 fuisse

2135 1381 2236 1437 has
2283 1396 2496 1448 omnes,
2529 1395 2668 1452 quas
2720 1395 2868 1434 nunc
2913 1377 3202 1444 habemus,
3242 1374 3436 1446 Ignatii
3487 1375 3718 1430 nomine

2135 1472 2426 1544 inscriptas
2461 1472 2744 1543 epistolas,
2775 1471 3016 1542 ipsorum
3063 1485 3186 1542 qua:
3218 1478 3517 1540 supersunt
3547 1483 3717 1539 Opera

2135 1564 2291 1632 satis,
2317 1571 2376 1620 ut
2411 1564 2546 1618 mihi
2581 1565 2801 1635 quidem
2843 1565 3076 1630 videtur,
3114 1572 3351 1635 arguunt
3376 1579 3442 1620 ac
3475 1564 3716 1620 demon-

2135 1666 2329 1712 strant.
2357 1656 2498 1728 Ergo
2523 1659 2831 1713 necessario
2863 1656 2998 1712 illud
3017 1672 3240 1728 quoque
3267 1655 3414 1726 quod
3440 1671 3545 1710 nos
3578 1670 3719 1710 con-

2134 1752 2428 1820 tendimus,
2461 1752 2831 1809 confitendum
2858 1763 2962 1819 est,
2985 1751 3245 1822 epistolas
3268 1751 3390 1806 illas
3427 1764 3717 1820 nunquam

2134 1843 2305 1901 fuisse
2351 1847 2420 1901 ab
2450 1844 2662 1918 lgnatio
2707 1845 2960 1916 scriptas.
2987 1863 3006 1898 ι
3046 1844 3251 1899 Verum
3290 1858 3456 1914 quam
3491 1843 3716 1896 infirma

2134 1939 2529 2010 nugatoriaque
2558 1939 2629 1993 sit
2662 1938 2777 1994 haec
2806 1937 3230 2010 argumentatio,
3255 1952 3320 1992 eo
3344 1936 3544 1991 invicte
3574 1950 3718 1990 con-

2131 2031 2331 2098 ficitur,
2365 2031 2536 2100 quod,
2568 2031 2614 2087 si
2645 2031 2859 2088 roboris
2893 2030 3097 2100 aliquid
3128 2030 3348 2095 habeat,
3372 2029 3442 2084 ab
3475 2043 3540 2084 ea
3583 2029 3718 2083 Dal-

2130 2123 2263 2179 lzeus
2307 2123 2536 2194 ejusque
2589 2123 2830 2179 fautores
2887 2122 3274 2178 tantummodo
3331 2120 3604 2176 feriantur
3660 2130 3718 2176 et

2129 2214 2450 2270 obruantur.
2495 2213 2552 2270 ln
2594 2215 2716 2271 illos
2767 2215 3036 2285 siquidem
3084 2215 3256 2285 ipsos,
3294 2214 3386 2283 qui
3435 2213 3716 2285 lgnatinm

2129 2305 2358 2374 aliquas,
2387 2315 2446 2360 ut.
2469 2305 2729 2373 diximus,
2759 2306 3020 2376 epistolas
3061 2306 3352 2376 scripsisse
3390 2305 3714 2360 firmissima

2127 2397 2532 2454 asseveratione
2560 2398 2851 2463 allirmant,
2876 2398 2982 2452 hoc
3011 2397 3155 2451 idem
3179 2406 3565 2468 argumentum
3597 2408 3714 2453 tota

2127 2501 2228 2543 sua
2263 2489 2338 2557 vi,
2375 2490 2636 2560 omnique
2689 2489 2892 2560 impetu
2937 2489 3020 2546 sic
3063 2489 3276 2545 recidit.
3312 2489 3544 2545 Constat
3596 2491 3713 2560 epi-

2126 2581 2296 2638 stolas
2337 2581 2405 2637 ab
2453 2581 2662 2654 lgnatio
2715 2583 2948 2652 scriptas
2993 2598 3100 2637 non
3135 2583 3381 2652 potuisse
3429 2599 3543 2637 non
3589 2599 3713 2640 esse

2125 2674 2381 2730 omnibus
2405 2683 2462 2731 et
2489 2675 2749 2746 proxima:
2768 2675 3024 2746 deinceps
3050 2675 3329 2731 memoria:
3353 2675 3712 2743 Christianis,

2124 2766 2426 2838 praesertim
2475 2781 2605 2823 vero
2653 2766 2902 2822 litteratis
2948 2776 3003 2822 et
3065 2768 3300 2823 eruditis
3359 2768 3710 2825 notissimas.

2123 2857 2290 2928 Atqui
2321 2858 2601 2929 epistolas,
2634 2874 2772 2930 quas
2805 2857 3067 2916 Dallaeani
3113 2864 3182 2916 ab
3215 2859 3424 2931 lgnatio
3467 2863 3709 2931 scriptas

2122 2965 2245 3006 esse
2271 2951 2630 3019 contendunt,
2663 2969 2772 3008 non
2803 2953 2890 3009 his
2923 2954 3126 3019 solum,
3161 2953 3257 3008 sed
3291 2953 3549 3009 omnibus
3584 2964 3713 3010 ante

2121 3051 2321 3116 etpost
2353 3041 2676 3110 Eusebium,
2704 3043 2862 3113 plane
2901 3044 3232 3115 penitusque
3273 3043 3486 3114 ignotas
3535 3047 3711 3102 fuisse

441 3131 613 3188 tentia
659 3131 729 3188 ad
775 3132 954 3191 labem
1008 3148 1172 3207 atque
1204 3139 1558 3214 ignominiam
1594 3149 2016 3220 sempiternam.
2044 3161 2090 3221 α
2121 3143 2331 3193 certum
2353 3147 2457 3190 est.
2485 3132 2704 3190 Nullum
2733 3137 2880 3190 enim
2903 3136 2996 3207 qui
3023 3150 3118 3192 eas
3142 3135 3390 3191 citaverit
3415 3145 3512 3191 aut
3535 3152 3710 3207 agno-

442 3223 714 3280 damnari.
747 3223 935 3298 Itaque
964 3236 1157 3284 auctor
1199 3230 1609 3303 Stic/tometriae,
1637 3236 1683 3291 si
1713 3237 1845 3308 quid
1875 3254 2019 3295 sana:

2125 3223 2262 3280 verit
2288 3233 2569 3279 auctorem
2621 3241 2864 3296 unquam
2911 3233 3210 3298 potuerunt
3244 3226 3508 3282 indicare.
3563 3227 3710 3298 Ergo

442 3315 644 3371 mentis
681 3317 956 3383 habuerit,
981 3319 1166 3374 omnia
1197 3323 1422 3392 scripta,
1448 3341 1571 3396 quas
1620 3327 1867 3384 ultimam
1901 3329 2021 3400 ejus
2123 3317 2438 3374 necessario
2472 3317 2605 3373 illud
2649 3333 2867 3388 quoque
2895 3318 3263 3375 conﬁtendum
3302 3331 3387 3376 εει
3409 3323 3532 3388 has,
3568 3336 3711 3392 (ιιιιι

440 3402 672 3460 classem
711 3408 1075 3475 constituunt,
1107 3411 1252 3468 inter
1281 3418 1592 3490 apocrypha
1635 3419 1772 3477 Novi
1821 3421 2019 3480 Testa-

440 3498 609 3552 menti
653 3500 1020 3572 amandando,
1054 3519 1118 3560 ea
1146 3521 1178 3561 a
1213 3522 1374 3563 sacro
1415 3509 1725 3568 divinarum
1770 3514 2020 3588 Scriptu-

437 3603 624 3644 rarum
651 3593 900 3666 catalogo
922 3599 1301 3655 tantummodo
1327 3601 1590 3671 exclusit;
1620 3603 1715 3660 sed
1735 3607 1802 3662 de
1825 3622 2017 3664 eorum

442 3683 698 3751 utilitate,
730 3695 826 3742 aut
859 3687 928 3744 de
962 3705 1072 3760 quo
1104 3706 1304 3761 genere
1331 3696 1766 3766 apocryphorum
1801 3699 2016 3770 singula

437 3777 712 3834 censenda
743 3779 873 3848 sint,
903 3781 1132 3838 liberam
1173 3784 1429 3842 omnibus
1458 3785 1741 3857 judicandi
1772 3787 1900 3846 fecit
1927 3807 2018 3861 po-

437 3878 715 3926 tcstatem.

581 3961 609 4034 §
643 3960 731 4016 lll.
771 3961 953 4036 Neque
973 3965 1315 4022 Anastasium
1343 3969 1531 4024 iisdem
1560 3986 1868 4043 repugnare.

508 4051 586 4108 De
633 4053 931 4112 Anastasio
980 4068 1194 4129 autem,
1241 4061 1336 4131 qui
1377 4060 1808 4119 Stichometriam
1860 4067 2011 4123 illam

435 4142 630 4202 Latine
662 4147 916 4214 reddidit,
968 4149 1110 4206 idem
1153 4153 1380 4210 omnino
1413 4170 1477 4210 ac
1505 4157 1571 4212 de
1599 4157 1748 4214 illius
1789 4169 2012 4217 auctore

435 4239 816 4310 sentiendum;
840 4241 923 4297 vel
945 4244 1126 4313 potius
1147 4244 1440 4302 dicendum
1463 4257 1548 4304 est
1579 4251 1830 4306 eumdem
1869 4253 2013 4309 Ana-

432 4331 665 4386 stasium
694 4347 819 4408 cum
850 4333 1162 4405 interpretis
1200 4353 1308 4393 non
1340 4340 1518 4396 critici
1564 4342 1743 4398 oﬂicio
1784 4342 2008 4403 functus

431 4426 523 4491 sit,
545 4441 610 4482 ea
643 4442 765 4498 quae
807 4428 861 4483 in
891 4431 1266 4502 manuscripto
1295 4449 1398 4490 suo
1427 4434 1617 4492 codice
1646 4436 1834 4494 Graece
1867 4440 2005 4494 scri-

2121 3410 2312 3465 dicunt
2328 3408 2608 3478 Dallaaani,
2636 3425 2920 3481 nunquam
2948 3412 3018 3466 ab
3043 3410 3253 3483 lgnatio
3275 3414 3510 3484 scriptas
3534 3413 3712 3468 fuisse

2118 3503 2402 3574 epistolas.
2449 3502 2566 3560 Hoc
2595 3513 2780 3558 autem
2835 3505 2983 3575 quod
3031 3505 3134 3576 ipsi
3179 3505 3340 3561 nobis
3388 3508 3711 3567 ministrant

2119 3606 2524 3668 argumentum,
2549 3611 2615 3653 eo
2649 3596 2882 3654 validius
2907 3606 3012 3662 est,
3037 3597 3184 3668 quod
3220 3598 3470 3655 lethalem
3510 3601 3708 3672 ictum,

2117 3703 2277 3759 quem
2315 3689 2435 3745 suis
2471 3689 2574 3760 ipsi
2609 3688 2866 3744 manibus
2915 3689 3022 3746 sibi
3055 3689 3377 3759 intulerunt,
3417 3707 3708 3763 nunquam

2115 3789 2263 3835 certe
2295 3780 2576 3838 declinare
2610 3781 2844 3852 possint.

2187 3869 2456 3928 Praeterea
2499 3870 2740 3928 fatentur
2784 3871 3106 3939 adversarii,
3133 3873 3281 3943 quod
3322 3888 3487 3931 nemo
3533 3874 3708 3932 etiam

2114 3977 2314 4034 negare
2341 3971 2531 4033 queat,
2572 3975 2958 4034 argumentum
3011 3963 3395 4020 aﬂirmativum
3440 3967 3709 4039 negativo

2113 4069 2328 4124 semper
2358 4069 2479 4113 esse
2510 4055 2938 4126 praeferendum.
2972 4053 3160 4127 Neque
3183 4057 3332 4112 enim
3364 4058 3707 4128 scriptorum

2111 4145 2481 4214 quorumlibet
2510 4145 2808 4216 silentium,
2841 4148 2952 4202 imo
2982 4164 3158 4220 neque
3186 4151 3457 4221 ignoratio
3483 4151 3709 4209 eﬂicere

2110 4245 2318 4306 potest,
2351 4247 2411 4293 ut
2439 4252 2502 4292 ea
2546 4251 2711 4308 Opera
2741 4254 2866 4310 qua:
2897 4240 2965 4296 ab
2995 4241 3118 4298 aliis
3143 4241 3259 4298 visa
3293 4252 3346 4298 et
3372 4244 3512 4299 lecta
3541 4256 3704 4313 sunt,

2109 4346 2237 4386 vere
2264 4346 2373 4386 non
2399 4331 2730 4401 exstiterint,
2764 4341 2819 4389 et
2851 4349 2979 4389 vere
3006 4350 3112 4390 non
3137 4335 3247 4391 sint
3270 4337 3340 4391 ab
3367 4339 3704 4397 auctoribus

2109 4423 2224 4478 suis
2278 4420 2542 4492 profecta.
2595 4421 2760 4494 Atqui
2813 4434 3136 4496 argumento
3193 4425 3520 4484 amrmativo
3567 4430 3703 4498 has,

431 4525 524 4587 pta
567 4518 870 4586 invenerat,
914 4520 1108 4578 Latina
1144 4524 1378 4583 fecisse:
1406 4529 1498 4584 sed
1531 4529 1598 4584 de
1643 4531 1747 4586 hac
1791 4530 2006 4587 Sticho-

2125 4531 2251 4586 1uas
2279 4514 2936 4585 sine-interpolationibus
2963 4517 3228 4574 habemus
3255 4519 3540 4589 epistolas,
3566 4537 3707 4577 vere

432 4609 641 4677 metria,
672 4626 794 4682 quae
819 4615 1063 4671 auctoris
1090 4617 1316 4675 alterius
1343 4621 1604 4692 operibus
1627 4624 1838 4694 adjecta
1864 4635 2001 4694 erat,

431 4702 642 4758 nullum
673 4705 1168 4776 tulissejudicium.

1038 4821 1270 4878 CAPUT
1311 4823 1400 4881 IX.

425 4941 761 4985 ιεῖειιιτυιι
813 4949 1174 5014 ARGUIENTUD!
1231 4955 1573 5008 NEGATIVUI,
1636 4961 1702 4998 EX
1757 4960 2000 5008 QUARUI-

544 5015 652 5055 DA!
688 5016 1051 5061 ECCLESIABUI
1093 5024 1580 5068 CONSUETUDINIBUS
1618 5030 1878 5070 PETITUM.

461 5113 490 5186 §
526 5115 562 5168 Ι.
609 5113 724 5170 Hoc
745 5130 1112 5188 argumentum
1138 5134 1324 5178 contra
1354 5127 1685 5184 adversarios
1719 5130 1941 5186 militat.

487 5228 626 5283 Cum
679 5229 977 5289 adversarii
1027 5238 1205 5293 nostri
1250 5241 1571 5310 scriptorem
1611 5245 1848 5312 nullum,
1895 5261 1996 5316 pro

2111 4608 2180 4662 ab
2205 4605 2414 4679 Ignatio
2444 4617 2634 4663 nostro
2665 4617 2918 4665 exaratas
2943 4608 3113 4666 fuisse
3143 4627 3174 4666 a
3197 4613 3355 4668 nobis
3385 4614 3703 4671 evidentis-

2111 4698 2248 4754 sime
2271 4697 2706 4755 demonstratum
2727 4711 2832 4768 est,
2853 4702 3112 4758 nimirum
3142 4700 3450 4776 Polycarpi,
3473 4704 3698 4775 Irenzei,

2112 4790 2384 4863 Origenis,
2429 4791 2719 4848 Athanasii
2758 4793 3103 4865 aliorumque
3147 4797 3477 4852 auctoritate
3518 4811 3575 4854 et
3612 4809 3703 4856 te-

2111 4885 2409 4952 stimoniis,
2436 4900 2560 4956 quae
2599 4885 2667 4940 ab
2713 4886 2972 4943 omnibus
3003 4885 3190 4943 Dallzei
3224 4887 3703 4961 defensorumque

2110 4975 2230 5044 ejus
2261 4976 2702 5046 exceptionibus,
2747 4978 2998 5049 argutiis,
3039 4987 3094 5035 et
3135 4981 3583 5040 cavillationibus
3609 4987 3702 5041 in-

2108 5069 2407 5124 victissime
2437 5070 2854 5128 vindicavimus.

2178 5159 2303 5217 Haec
2350 5161 2514 5231 igitur
2562 5163 2696 5219 satis
2730 5180 3007 5236 superque
3039 5181 3160 5222 esse
3202 5167 3466 5224 deberent
3493 5171 3563 5226 ad
3595 5189 3698 5228 va-

2109 5269 2234 5308 nam
2269 5270 2460 5309 eorum
2493 5257 2800 5328 negativam
2828 5259 3376 5330 argumentationem,
3401 5277 3527 5332 quae
3558 5265 3695 5320 nul-

419 5336 520 5375 sua
569 5323 828 5392 ορίηίοικ
878 5326 1224 5398 loquentem.
1274 5348 1435 5402 (luem
1495 5335 1869 5393 invictissime:
1920 5347 1999 5394 tot
2099 5345 2213 5400 lam
2249 5362 2516 5417 unquam,
2546 5323 2652 5404 nisi
2695 5323 3032 5418 contra'eos,
3065 5352 3174 5407 vim
3209 5323 3491 5423 roburque
3527 5355 3695 5410 habi-

417 5421 804 5487 tantorunique
831 5419 1097 5490 virorum,
1122 5440 1220 5495 pro
1249 5436 1432 5484 nostra
1456 5430 1726 5485 sententia
1750 5447 1997 5502 pugnan-

418 5506 555 5561 tium
583 5517 812 5566 caterva:
837 5528 1136 5585 opponant,
1159 5522 1372 5590 possint
1394 5525 1725 5593 producere;
1759 5527 1828 5581 ad
1857 5527 1996 5581 alio-

417 5612 538 5651 rum
569 5597 870 5672 silentium,
897 5615 1158 5680 tanquam
1209 5613 1276 5669 ad
1327 5631 1540 5672 sacram
1581 5618 1880 5674 anchoram
1919 5621 1991 5675 ita

501 5720 542 5752 "
577 5736 692 5790 cap.
728 5726 780 5786 5,
826 5743 875 5795 [δ.
911 5727 1032 5782 956.

2105 5446 2225 5491 tura
2251 5448 2353 5502 cst,
2385 5439 2604 5509 penitus
2644 5439 3063 5512 explodendam.
3115 5441 3196 5498 Ne
3241 5453 3423 5500 tamen
3473 5445 3691 5516 aliquid

2102 5533 2485 5602 probationum
2537 5551 2764 5592 suarum
2800 5553 2831 5592 a
2860 5539 3018 5595 nobis
3069 5545 3506 5610 praetermissum
3559 5557 3690 5598 esse

2099 5637 2529 5696 conquerantur,
2564 5637 2726 5701 atque
2771 5639 2829 5684 ut
2865 5631 3122 5688 omnibus
3172 5649 3336 5704 quam
3394 5633 3686 5690 infirmum
