3852 6206
181 361 292 421 505

1177 358 1238 414 D.
1278 355 1573 416 NOURRII
1613 349 2093 412 DISSERTATIO.
2129 379 2199 391 —
2245 345 2427 404 PARS
2462 343 2505 400 Ι.

3358 332 3463 389 506

188 488 261 544 sit
307 489 650 560 pracipuum
689 501 883 544 eorum
939 494 1326 558 argumentum
1375 491 1580 554 pateat,
1627 481 1786 552 juvat
1812 482 1861 540 A
1892 477 2261 536 Hieronvmus
2288 473 2410 539 bas,
2439 470 2508 526 de
2535 467 2738 540 quibus
2771 465 3007 536 agimus,
3030 461 3236 532 optime
3259 471 3467 528 cogno-

188 581 378 635 omnia
413 581 681 650 negativa
719 581 869 636 illius
909 578 1246 634 defensionis
1277 585 1554 633 momenta
1601 584 1780 630 atten-

187 673 409 728 tissime
436 673 764 743 ponderare.

191 784 220 857 ς
256 783 321 841 ll.
362 784 641 856 Epistolas
674 782 882 857 lgnatii
906 799 1025 857 Anon
1062 783 1230 857 fuisse
1261 781 1560 854 incognitas
1595 775 1781 836 Eccle-

722 856 820 911 sia:
850 854 1252 909 Alexandrina.

255 968 563 1025 Contendit
603 967 770 1038 igitur
813 966 1048 1025 Dallaus
1084 968 1347 1039 epistolas
1390 965 1588 1041 lgnatii
1629 966 1783 1023 inco-

185 1061 374 1130 gnitas
400 1059 576 1116 fuisse
613 1059 875 1116 Ecclesiis
917 1059 1265 1114 Alexandria
1307 1058 1654 1128 aliarumque
1691 1073 1782 1112 re-

183 1157 450 1227 gionum,
493 1171 599 1212 nec
648 1172 762 1211 non
805 1155 970 1211 etiam
1019 1152 1394 1221 Tertulliano,
1441 1152 1594 1220 Caio,
1635 1149 1783 1206 Julio

183 1248 479 1316 Africano,
507 1249 776 1305 Clementi
807 1247 1203 1314 Alexandrino,
1232 1247 1497 1317 aliisque;
1536 1244 1785 1316 quando-

181 1340 412 1412 quidem
451 1343 494 1397 ii
529 1356 722 1397 omnes
769 1342 979 1397 nullam
1011 1356 1198 1396 earum
1254 1339 1505 1395 fecerunt
1535 1353 1783 1408 unquam

182 1433 550 1488 mentionem.
584 1431 675 1488 Sic
700 1442 884 1488 autem
915 1433 1006 1487 ille
1037 1433 1104 1487 de
1133 1431 1380 1489 Ecclesia
1409 1430 1784 1487 Alexandrina

181 1525 455 1596 disputat.
511 1525 794 1593 Doctrina,
843 1525 1025 1596 inquit
1047 1527 1117 1595 ιο,
1149 1542 1272 1596 qua
1313 1525 1367 1580 in
1427 1525 1495 1581 iis
1537 1523 1784 1595 epistolis

183 1618 396 1688 sapius
444 1618 776 1684 inculcatur,
813 1634 880 1673 ea
923 1626 1048 1674 est:
1083 1638 1101 1671 ι
1131 1617 1252 1674 Νοη
1291 1619 1455 1673 aliter
1503 1631 1671 1688 quam
1715 1615 1785 1671 ab

182 1725 297 1766 uno
337 1709 628 1781 episcopo,
678 1710 1015 1781 presbyteris
1066 1711 1414 1781 prasidente,
1449 1709 1564 1779 regi
1618 1722 1785 1778 posse

183 1817 248 1858 ac
277 1802 491 1858 debere
537 1803 784 1875 singulas
829 1803 1040 1861 Christi
1070 1803 1364 1860 Ecclesias.
1389 1823 1408 1856 ι
1444 1801 1611 1872 Atqui
1641 1801 1785 1858 alius

181 1893 442 1960 omnino,
488 1902 626 1950 teste
672 1892 1008 1967 Hieronymo
1053 1906 1110 1952 et
1147 1895 1420 1967 Eutychio
1464 1894 1780 1966 patriarcha

182 1987 588 2053 Alexandrino,
623 1999 742 2044 erat
767 1989 1026 2047 Ecclesia
1053 1989 1440 2044 Alexandrina
1470 2002 1625 2044 usus.
1661 1986 1787 2044 Hie-

181 2091 458 2148 ronymus
506 2079 707 2150 quippe
752 2080 871 2136 hac
909 2079 976 2136 de
1011 2081 1104 2136 illo
1139 2080 1365 2136 tradidit
1387 2083 1429 2112 ’ί
1457 2099 1472 2135 :
1503 2099 1521 2131 ι
1545 2080 1788 2136 Alexan-

181 2166 377 2222 driaa
428 2165 616 2224 Marco
664 2169 1001 2242 evangelista
1063 2185 1241 2241 usque
1285 2170 1353 2226 ad
1403 2168 1689 2226 Heraclam
1731 2177 1784 2225 et

186 2259 523 2333 Dionysium
555 2263 868 2336 episcopos,
901 2265 1206 2337 presbyteri
1254 2280 1470 2335 semper
1501 2279 1672 2319 unum
1716 2280 1786 2319 ex

182 2366 242 2408 se
287 2352 532 2408 electum
563 2353 616 2408 in
650 2356 940 2412 excelsiori
973 2357 1149 2427 gradu
1191 2357 1521 2414 collocatum
1568 2359 1787 2426 episco-

181 2457 318 2512 pum
352 2445 723 2501 nominabant
751 2464 765 2502 :
791 2447 1074 2517 quomodo
1100 2447 1147 2503 si
1174 2446 1454 2504 exercitus
1489 2447 1787 2518 imperato-

180 2551 304 2591 rem
335 2533 528 2604 faciat,
560 2548 655 2593 aut
680 2538 900 2594 diaconi
947 2539 1153 2610 eligant
1198 2539 1267 2596 de
1309 2555 1389 2606 se,
1413 2554 1579 2610 quem
1627 2539 1788 2593 indu-

181 2628 395 2682 strium
429 2629 703 2696 noverint,
731 2639 786 2685 et
823 2631 1274 2704 archidiaconum
1303 2639 1521 2686 vocent.
1548 2649 1567 2683 ι
1614 2628 1785 2701 Euty~

179 2721 350 2776 chius
364 2729 551 2776 autem
573 2721 639 2776 de
661 2722 852 2779 eodem
869 2740 974 2779 usu
996 2724 1113 2780 hac
1135 2723 1386 2780 scribit"
1410 2742 1423 2778 :
1449 2742 1466 2776 ι
1491 2723 1791 2779 Constituit

181 2813 415 2869 Μαι-ωε
479 2815 811 2886 evangelista
882 2816 1172 2872 duodecim
1238 2817 1586 2888 presbyteros
1661 2831 1788 2872 cum

180 2907 432 2974 Anania,
459 2907 554 2978 qui
585 2923 782 2978 nempe
827 2919 1112 2964 manerent
1134 2923 1261 2964 cum
1288 2908 1621 2978 patriarcha,
1651 2909 1790 2965 adeo

181 3011 249 3055 ut
295 3015 430 3056 cum
483 3009 703 3055 vacaret
752 3000 1184 3070 patriarchatus,
1231 2999 1496 3070 eligerent
1547 3014 1717 3054 unum
1761 3015 1793 3054 θ

183 3093 557 3165 presbyteris,
599 3093 758 3164 cujus
791 3093 957 3164 capiti
999 3092 1254 3148 undecim
1303 3107 1500 3147 manus
1541 3091 1794 3162 impone-

1880 572 1960 626 vit
1997 568 2284 640 epistolas,
2315 565 2428 620 into
2456 561 2677 619 easdem
2720 557 2932 630 lgnatio
2977 561 3290 611 constanter
3324 550 3467 605 assi-

1883 663 2090 736 gnavit.
2118 661 2284 732 Atqui
2309 659 2464 729 juxta
2492 651 2936 713 adversariorum
2965 659 3336 709 communem,
3360 643 3466 697 etsi

1881 771 2171 814 erroneam
2195 748 2914 825 opinionem,Hieronymus
2928 742 3313 814 episcoporum
3337 749 3465 790 cum

1881 847 2215 922 presbyteris
2233 824 2631 917 aequalitatem,
2659 855 2784 911 qua
2804 837 2858 892 in
2885 835 2970 890 bis
2997 831 3190 904 lgnatii
3219 824 3467 899 epistolis

1882 921 2088 1014 ubique
2129 942 2441 1004 damnatur,
2471 934 2753 992 mordicus
2797 927 3058 986 defendit.
3099 921 3284 977 Potuit
3334 931 3467 988 ergo

1884 1008 2130 1093 Ecclesia
2160 1028 2528 1085 Alexandrina
2572 1040 2680 1079 non
2728 1021 2908 1078 solum
2950 1015 3156 1086 aliquid
3198 1009 3324 1067 usui
3367 1008 3468 1063 ha-

1883 1129 2035 1192 bere,
2080 1124 2230 1196 quod
2281 1123 2338 1176 in
2387 1117 2632 1191 epistolis
2682 1112 2879 1186 lgnatii
2921 1110 3238 1171 damnatur,
3275 1115 3466 1156 verum

1883 1221 2050 1275 etiam
2099 1193 2230 1272 illud
2281 1228 2409 1271 cum
2453 1209 2789 1279 Hieronymo
2830 1200 3036 1274 passim
3092 1207 3148 1252 et
3185 1193 3468 1250 mordicus

1883 1311 2208 1378 defendere;
2261 1316 2427 1379 atque
2479 1302 2701 1359 easdem
2761 1293 3126 1352 nihilominus
3171 1293 3470 1359 agnosCere

1885 1408 1998 1462 imo
2030 1413 2084 1460 et
2115 1401 2328 1474 lgnatio
2355 1397 2638 1455 vindicare
2661 1389 2944 1462 epistolas.

1955 1498 2161 1554 Verum
2195 1508 2306 1550 non
2331 1507 2399 1547 ex
2427 1490 2544 1546 sola
2573 1499 2764 1542 eorum
2792 1494 2978 1536 secum
3011 1477 3085 1532 ita
3106 1469 3468 1545 pugnantium

1884 1589 2174 1649 discordia
2203 1585 2421 1643 elicitur
2461 1576 2857 1652 propositionis
2905 1571 3055 1627 illius
3098 1567 3345 1628 falsitas;
3374 1561 3472 1619 sed

1885 1685 2013 1741 inde
2059 1682 2224 1738 etiam
2272 1684 2460 1748 aperte
2517 1669 2808 1734 evincitur,
2840 1662 2989 1737 quod
3038 1659 3174 1716 varii
3217 1657 3327 1713 sint
3370 1668 3472 1708 va-

1886 1780 2092 1835 riarum
2134 1747 2504 1830 Ecclesiarum
2554 1780 2724 1828 usus,
2775 1768 2832 1816 et
2881 1772 2946 1814 ea
2975 1769 3098 1828 qua
3129 1753 3197 1808 ad
3237 1747 3475 1818 discipli-

1816 1837 1860 1894 Β
1887 1885 2012 1927 nam
2045 1872 2296 1938 spectant
2321 1863 2379 1918 in
2412 1858 2648 1918 diversis
2690 1851 2950 1910 Ecclesiis
2975 1849 3195 1904 diverso
3224 1842 3388 1898 modo
3415 1855 3475 1896 se

1888 1932 2147 2026 habeant,
2173 1971 2240 2013 ac
2275 1949 2674 2010 mutationibus
2702 1946 2816 2003 sint
2859 1939 3124 1998 obnoxia.
3163 1933 3321 2003 Quod
3350 1932 3475 2002 qui-

1887 2058 2013 2114 dem
2039 2069 2166 2111 cum
2205 2047 2514 2106 innumeris
2544 2045 2705 2100 facile
2733 2038 2956 2113 probari
2995 2029 3474 2109 possetexemplis,

1887 2169 1955 2209 ex
1985 2152 2126 2222 ipso,
2154 2145 2251 2218 qui
2302 2142 2582 2214 objicitur,
2629 2133 3018 2193 Alexandrinae
3065 2125 3325 2182 Ecclesia
3369 2137 3474 2177 usu

1887 2249 2298 2303 demonstrasse
2343 2235 2597 2292 sulliciat.
2649 2229 2753 2285 Hic
2804 2227 3090 2284 enimvero
3135 2215 3370 2289 eligendi
3423 2223 3479 2269 et

1889 2336 2112 2396 creandi
2137 2331 2382 2405 episcopi
2419 2342 2556 2384 usus
2587 2318 2978 2380 Alexandrinis
3008 2311 3307 2387 peculiaris
3333 2316 3473 2363 erat.

1886 2430 2026 2486 Nam
2052 2427 2100 2485 si
2137 2403 2193 2481 in
2222 2423 2346 2479 aliis
2375 2418 2638 2476 Ecclesiis
2671 2413 2956 2486 viguisset,
2992 2421 3171 2478 neque
3201 2403 3464 2470 Hierony-

1890 2539 2037 2588 mus,
2065 2533 2245 2589 neque
2286 2512 2592 2586 Eutychius
2640 2509 2788 2565 illius
2820 2515 3080 2575 tanquam
3127 2499 3206 2554 rei
3245 2495 3480 2565 alicujus

1891 2587 2190 2685 singularis
2219 2606 2477 2664 fecissent
2505 2601 2866 2658 mentionem.
2910 2597 2983 2650 At
3016 2591 3202 2648 nullus
3233 2587 3351 2644 sani
3385 2601 3482 2640 ca—

1891 2678 2018 2778 pitis
2065 2705 2231 2759 homo
2271 2698 2538 2770 epistolas
2580 2701 2635 2750 et
2677 2707 2843 2764 opera
2892 2689 3137 2752 illorum,
3183 2684 3280 2753 qui
3324 2678 3481 2747 juxta

1893 2797 2153 2853 Ecclesiae
2181 2807 2298 2850 sua
2325 2804 2538 2846 morem
2581 2786 2913 2847 scribentes,
2945 2778 3151 2850 aliquid
3193 2774 3317 2830 usui
3357 2771 3482 2826 Ale-

1894 2890 2177 2947 xandrina
2200 2883 2456 2943 Ecclesia
2507 2878 2846 2936 contrarium
2901 2873 3264 2934 tradiderunt,
3321 2867 3483 2936 plane

1892 2985 2220 3055 penitusque
2250 2978 2428 3035 eidem
2450 2973 2710 3030 Ecclesia
2743 2968 2916 3024 fuisse
2941 2963 3220 3034 incognita
3245 2958 3484 3014 aﬂirma-

1895 3077 2054 3132 verit.

183 3141 382 3165 r""'.v
402 3141 557 3160 *ν’-*π
602 3141 756 3164 *νην-ω
795 3141 957 3164 "'r'"
1003 3141 1254 3148 """'"'“
1303 3141 1498 3147 ----“-“-
1543 3141 1614 3146 ----
1664 3141 1761 3146 ----

182 3191 348 3248 rent,
396 3196 634 3252 eumque
681 3181 1088 3246 benedicerent,
1136 3190 1190 3236 et
1239 3141 1787 3251 patriarchamreunt
1816 3187 1864 3250 ο
1965 3168 2082 3224 lam
2114 3179 2248 3222 νθΐο
2295 3172 2356 3218 ιιι
2399 3160 2469 3217 ad
2517 3158 2787 3213 minorem
2820 3148 3251 3223 ΡΓοΡοείίίοηθηι
3292 3141 3483 3198 Veni“

183 3285 470 3344 crearent,
499 3285 554 3332 et
584 3276 708 3332 dein
739 3277 921 3332 virum
953 3277 1190 3349 aliquem
1217 3278 1486 3349 insignem
1526 3277 1790 3348 eligerent

181 3382 438 3439 eumque
471 3383 658 3423 secum
699 3369 1098 3426 constituerent
1127 3371 1250 3425 loco
1277 3371 1416 3438 ejus,
1455 3369 1549 3440 qui
1600 3369 1681 3426 sic
1707 3368 1791 3424 fa-

182 3473 317 3518 ctus
355 3469 445 3517 est
471 3461 821 3532 patriarcha;
852 3472 912 3517 ut
941 3461 1019 3516 ita
1047 3476 1264 3531 semper
1297 3468 1583 3516 exstarent
1613 3460 1789 3516 unde-

183 3555 323 3611 cim.
379 3552 573 3624 Neque
624 3555 786 3610 desiit
825 3554 1173 3610 Alexandria
1215 3553 1528 3609 institutum
1581 3553 1687 3608 hoc
1724 3553 1791 3608 de

184 3645 573 3718 presbyteris,
625 3652 688 3700 ut
741 3644 951 3701 scilicet
1007 3644 1354 3715 patriarchas
1424 3655 1678 3700 crearent
1723 3659 1791 3699 ex

187 3739 538 3812 presbyteris
573 3737 884 3804 duodecim,
915 3752 1091 3808 usque
1119 3737 1188 3792 ad
1217 3745 1463 3807 tempora
1492 3737 1792 3792 Alexandri

187 3832 532 3905 patriarcha
557 3831 935 3898 Alexandrini,
967 3831 1063 3902 qui
1101 3830 1206 3886 fuit
1243 3846 1312 3886 ex
1347 3846 1578 3886 numero
1607 3829 1737 3897 518,
1766 3849 1786 3882 p

188 3929 247 3982 id
278 3937 366 3983 est
390 3922 618 3978 Patrum
646 3921 882 3977 Nieana
911 3921 1126 3994 synodi.
1145 3922 1516 3977 Alexandrina
1541 3938 1672 3994 ergo
1695 3922 1794 3978 Ec-

189 4019 367 4076 clesia
402 4017 637 4073 nescivit
659 4015 998 4072 contrarium
1029 4030 1193 4070 usum
1225 4031 1348 4072 esse
1369 4031 1498 4071 vere
1533 4015 1794 4085 apostoli-

191 4127 346 4168 cum.
385 4109 583 4182 lgnatii
626 4109 814 4180 itaque
855 4109 962 4164 viri
1007 4109 1296 4180 apostolici
1334 4109 1599 4180 epistolas
1634 4118 1793 4164 notas

193 4220 306 4261 non
338 4202 557 4259 habuit.

264 4295 453 4365 Quam
490 4295 708 4354 inﬁrma
745 4294 816 4350 sit
845 4294 961 4350 hac
987 4293 1362 4361 ratiocinatio,
1396 4301 1460 4348 ut
1483 4291 1795 4348 evidentius

197 4399 488 4462 appareat,
519 4405 584 4446 ea
630 4389 687 4444 in
735 4388 1035 4461 syllogismi
1090 4386 1326 4443 formam
1363 4387 1438 4442 ita
1482 4386 1795 4442 reducenda

196 4493 300 4540 est.
354 4482 622 4539 Ecclesia
657 4482 714 4538 in
754 4481 957 4552 quibus
1002 4496 1133 4537 usus
1181 4479 1385 4552 viguit,
1417 4478 1680 4535 doctrina
1727 4479 1796 4533 ab

199 4575 418 4649 lgnatio
458 4576 518 4630 in
563 4574 811 4646 epistolis
858 4574 974 4630 suis
1029 4573 1230 4644 sapius
1280 4572 1518 4637 tradita,
1568 4572 1796 4628 omnino

199 4669 544 4735 contrarius,
575 4682 654 4722 ea
689 4666 953 4738 epistolas
986 4665 1109 4719 illas
1155 4663 1309 4718 nullo
1356 4679 1586 4733 prorsus
1631 4663 1797 4718 modo

201 4773 367 4817 notas
400 4760 738 4816 habuerunt.
773 4757 938 4829 Atqui
971 4757 1026 4811 in
1062 4755 1309 4811 Ecclesia
1341 4756 1737 4818 Alexandrina,
1767 4771 1798 4810 a

200 4853 394 4910 Marco
411 4852 748 4924 evangelista
769 4866 945 4921 usque
965 4849 1033 4905 ad
1055 4847 1344 4904 Heraclam
1367 4857 1425 4903 et
1448 4847 1795 4919 Dionysium,

200 4947 289 5004 vel
318 4944 725 5010 Alexandrum,
761 4943 843 4998 uti
875 4940 1241 5013 Hieronymus
1271 4939 1683 5012 Eutychiusque
1714 4949 1798 4996 te-

202 5052 447 5108 stantur,
475 5038 651 5111 viguit
678 5052 813 5092 usus
837 5035 1120 5103 doctrina,
1140 5035 1208 5090 ab
1235 5033 1446 5106 lgnatio
1470 5034 1524 5089 in
1550 5037 1800 5106 epistolis

203 5137 325 5192 suis
360 5133 567 5204 sapius
595 5129 826 5195 tradita,
851 5129 1078 5183 omnino
1115 5129 1448 5184 contrarius.
1491 5127 1600 5200 ipsi
1627 5129 1797 5201 igitur

200 5227 371 5299 plane
393 5225 724 5297 penitusque
750 5220 1040 5292 incognita
1067 5219 1288 5276 fuerunt
1312 5219 1508 5292 lgnatii
1531 5222 1797 5292 epistola.

204 5317 388 5389 Hujus
443 5324 626 5370 autem
681 5312 983 5385 syllogismi
1040 5320 1274 5381 utraque
1315 5311 1622 5382 praemissa,
1672 5327 1796 5366 cum

203 5412 392 5482 major
420 5419 546 5464 tum
576 5407 758 5461 minor
792 5405 1119 5475 propositio,
1153 5403 1379 5458 omnino
1411 5401 1546 5458 falsa
1576 5411 1679 5458 est.
1730 5402 1798 5458 Et

205 5503 439 5576 quidem
466 5497 866 5572 propositionis
899 5482 1126 5566 majoris
1166 5495 1379 5552 falsitas
1424 5510 1493 5550 ex
1538 5495 1674 5565 ipsis
1705 5494 1802 5548 ad-

209 5594 593 5651 versariorum
640 5591 924 5663 principiis
957 5590 1158 5645 invicte
1184 5589 1613 5644 demonstratur.
1661 5584 1800 5641 Nam

210 5687 526 5745 secundum
558 5685 778 5742 illorum
807 5693 862 5740 et
893 5683 1129 5738 aliorum
1173 5681 1428 5736 omnium
1450 5677 1802 5744 sententiam,

1893 3279 2047 3328 mus,
2083 3259 2232 3314 illius
2261 3255 2473 3311 falsitas
2507 3268 2616 3308 non
2649 3249 2835 3328 minus
2876 3257 3043 3315 quam
3086 3236 3316 3308 majoris
3357 3249 3484 3305 per-

1893 3325 2082 3425 spicua
2116 3359 2200 3408 est
2235 3358 2291 3406 et
2331 3355 2538 3418 aperta.
2574 3326 2944 3411 Hieronymus
2987 3345 3185 3402 nempe
3217 3337 3274 3385 et
3312 3325 3483 3397 Euty-

1892 3447 2051 3503 chius
2080 3445 2148 3499 de
2171 3441 2459 3504 electione,
2493 3431 2890 3492 constitutione
2931 3434 2987 3482 et
3016 3420 3293 3479 creatione
3315 3416 3483 3470 unius

1893 3502 2154 3592 Ecclesia
2199 3502 2584 3586 Alexandrina
2611 3518 2856 3592 episcopi
2899 3515 3208 3584 loquuntur
3233 3524 3248 3563 :
3273 3505 3328 3560 in
3373 3502 3485 3573 epi-

1895 3629 2052 3686 stolis
2099 3633 2282 3682 autem
2325 3619 2524 3692 lgnatii
2574 3615 2757 3685 agitur
2785 3620 3000 3665 tantum
3032 3604 3102 3660 de
3129 3595 3378 3656 Ecclesia
3411 3593 3481 3648 ab

1894 3723 2009 3788 illo,
2041 3719 2134 3790 qui
2172 3717 2289 3788 jam
2334 3687 2386 3769 ei
2434 3715 2666 3782 praest,
2695 3703 2956 3774 episcopo
2997 3690 3374 3768 gubernanda.
3411 3687 3485 3742 At

1895 3815 2044 3870 nulla
2057 3788 2322 3882 profecto
2351 3812 2436 3860 est
2465 3796 2849 3870 repugnantia,
2883 3799 2946 3846 ut
2972 3788 3269 3858 episcopus
3294 3797 3326 3837 a
3350 3794 3481 3851 pre-

1896 3878 2128 3977 sbyteris
2167 3900 2373 3955 electus
2403 3903 2457 3950 et
2485 3899 2726 3955 creatus,
2758 3883 2965 3940 eisdem
2997 3886 3212 3950 postea,
3239 3882 3296 3929 et
3321 3878 3485 3926 cate-

1895 3966 1982 4054 ris
2001 3994 2261 4052 omnibus
2286 3985 2576 4050 ministris,
2601 3981 2812 4050 totique
2838 3974 3100 4030 Ecclesia
3124 3966 3479 4040 praeﬁciatur.

1895 4085 2032 4154 Quis
2083 4085 2232 4140 enim
2277 4078 2492 4136 nesciat
2551 4071 2862 4131 cardinales
2912 4061 3172 4120 Ecclesia
3219 4059 3482 4114 Romana

1895 4193 2069 4236 unum
2100 4192 2168 4234 ex
2194 4189 2256 4230 se
2292 4173 2550 4235 electum,
2591 4159 2646 4220 in
2688 4159 2982 4219 excelsiori
3034 4155 3205 4228 gradu
3243 4151 3479 4207 colloca-

1896 4277 2040 4334 tum,
2063 4265 2382 4335 episcopum
2415 4265 2471 4314 et
2506 4268 2786 4312 summum
2820 4248 3136 4320 pontificem
3167 4242 3481 4302 nominare,

1897 4333 2184 4430 eligere—et
2211 4368 2401 4410 creare
2430 4369 2444 4406 ε
2469 4351 2623 4404 illum
2656 4357 2838 4403 tamen
2866 4353 2993 4416 post
3018 4337 3291 4412 ejusmodi
3318 4333 3482 4389 insti-

1898 4426 2165 4506 tutionem
2213 4442 2513 4502 universali
2561 4437 2858 4504 Ecclesia,
2907 4432 3151 4504 ipsisque
3204 4443 3236 4482 a
3281 4426 3482 4496 quibus

1827 4534 1872 4591 D
1903 4557 2043 4612 papa
2091 4549 2313 4596 creatus
2358 4547 2466 4600 est,
2514 4530 2854 4602 superiorem
2899 4523 3166 4597 praeponi.
3206 4521 3386 4589 Atque
3423 4525 3484 4572 ut

1903 4611 2223 4704 Hieronymi
2250 4627 2498 4698 exemplo
2528 4633 2782 4688 utamur,
2813 4618 2918 4674 etsi
2951 4616 3223 4672 exercitus
3248 4611 3484 4680 impera-

1903 4737 2080 4784 torem
2113 4698 2341 4787 —fecerit,
2371 4721 2490 4791 ipse
2533 4726 2717 4772 tamen
2763 4713 3064 4782 imperator
3099 4705 3304 4770 factus,
3331 4698 3484 4756 omni

1902 4826 2100 4891 praeest
2136 4814 2423 4872 exercitui.
2474 4809 2618 4866 Hinc
2654 4805 2904 4879 profecto
2948 4800 3316 4869 Hieronymus
3365 4793 3484 4863 epi-

1903 4887 2133 4984 scopum
2162 4910 2398 4966 electum
2422 4905 2476 4961 in
2506 4899 2796 4960 excelsiori
2826 4895 2994 4968 gradu
3023 4889 3285 4949 collocari
3310 4887 3482 4952 dixit;

1904 5016 1966 5062 ut
2008 5019 2134 5060 eum
2167 4999 2501 5074 presbyteris
2525 5006 2582 5052 et
2597 4994 2875 5059 Ecclesia,
2907 4992 3051 5047 sicut
3093 4990 3482 5057 imperatorem

1904 5097 2170 5155 exercitui
2211 5093 2527 5166 prafectum
2567 5099 2623 5147 et
2660 5087 3001 5158 superiorem
3043 5097 3168 5140 esse
3206 5079 3484 5152 signiﬁca-

1901 5207 2004 5250 ret.

1976 5285 2142 5358 Urget
2171 5281 2357 5338 Dallai
2387 5279 2644 5336 defensor
2658 5276 2733 5331 ":
2757 5293 2776 5326 ι
2807 5273 2866 5328 Si
2890 5267 3228 5344 presbyteris
3247 5265 3483 5320 Alexano

1901 5355 2077 5438 drinis
2124 5378 2338 5433 licitum
2384 5375 2489 5430 fuit
2532 5374 2822 5442 episcopos
2872 5364 3237 5425 constituere,
3289 5355 3480 5429 quidni

1903 5479 2067 5533 etiam
2096 5474 2234 5528 alias
2257 5471 2465 5540 absque
2487 5467 2746 5537 episcOpo
2772 5461 3082 5516 functiones
3103 5453 3294 5510 obire?
3326 5471 3345 5504 ι
3373 5448 3479 5505 Sed

1907 5571 2096 5627 eodem
2134 5566 2338 5636 pariter
2379 5560 2542 5616 modo
2581 5559 2827 5612 dicemus
2857 5571 2873 5608 :
2906 5551 2964 5606 Si
3013 5545 3402 5608 cardinalibus,
3432 5541 3482 5597 si

1909 5661 2171 5719 exercitui
2203 5658 2410 5713 licitum
2457 5653 2562 5708 fuit
2598 5665 2794 5722 papam
2825 5648 2908 5702 vel
2938 5648 3324 5714 imperatorem
3351 5651 3485 5694 con~

287 5875 338 5905 '°
373 5889 496 5945 cap.
527 5873 578 5932 7.
619 5887 673 5930 υ.
713 5869 839 5925 272.
916 5870 957 5902 ιι
993 5867 1152 5939 epist.
1211 5865 1280 5924 85
1302 5867 1370 5922 ad
1403 5864 1599 5932 Evaqr.
1678 5865 1721 5896 ²²
1757 5861 1794 5918 it

1895 5857 2134 5914 riualibus
2163 5854 2348 5913 Roma
2381 5851 2542 5908 editis
2567 5864 2695 5904 ann.
2726 5844 2883 5903 1639.
2953 5843 2997 5878 ⁸³
3028 5858 3152 5911 pag.
3185 5839 3304 5898 121.
