3852 6206
380 327 486 386 507

1449 330 1510 388 S.
1552 329 1903 388 lGNATiUS.
1937 359 2005 368 —
2043 326 2582 385 PROLEGOMENA.

378 449 628 515 stituere,
664 448 853 521 quidni
884 451 1047 508 etiam
1089 452 1224 509 alias
1255 453 1461 525 absque
1499 469 1637 526 papa
1663 454 1750 510 vel
1779 454 1956 524 impe-
1981 455 2034 516 Α
2127 451 2392 508 Praterea
2423 452 2540 508 leve
2572 450 2801 507 omnino
2826 458 2884 506 et
2909 450 3161 506 sublesta
3203 450 3322 506 tldei
3356 459 3436 506 est
3478 452 3638 507 testi-

377 547 563 597 ratore
614 543 767 598 obire
807 543 1155 600 functiones?
1180 544 1312 612 Qua
1354 544 1577 616 quidem
1621 561 1784 616 quam
1816 545 1954 602 falsa

379 632 493 686 sint
525 641 579 688 et
617 649 649 689 a
679 649 808 690 vero
837 635 1035 701 aliena,
1071 651 1254 702 nemo,
1288 637 1504 708 opinor,
1535 652 1648 693 non
1682 638 1847 694 videt.

381 742 411 815 ς
452 741 751 822 ill.“qu
791 746 1028 822 epistola:
1078 746 1292 822 lgna_tii_
1322 749 1558 804 ecclesiis
1603 749 1846 822 IEgypti,
1879 751 1956 807 vel

448 813 841 891 zEthiopiwyeI
860 813 1164 891 tiermani'ce
1189 818 1586 888 Bajoariorum,
1614 813 1954 891 aut'Scotia,

450 894 545 938 aut
574 887 698 939 aliis
732 887 930 955 fuerint
951 889 1230 959 incognita
1243 891 1269 944 ?

447 997 621 1056 lnstat
653 1007 836 1056 tamen
867 1001 1120 1073 Dallaus,
1150 1020 1252 1060 nec
1293 1007 1394 1062 soli
1427 1007 1829 1075 Alexandrina,
1860 1011 1958 1068 sed

377 1091 637 1146 omnibus
657 1092 897 1164 .lEgypti,
925 1111 1132 1151 necnon
1166 1097 1459 1169 Ethiopia
1476 1101 1737 1159 Eeclesiis
1758 1105 1958 1173 episto-

376 1184 460 1241 las
498 1185 690 1257 lgnatii
723 1188 1031 1262 incognitas
1083 1190 1255 1248 fuisse
1302 1208 1367 1248 ex
1418 1195 1607 1251 eodem
1669 1195 1956 1269 Eutychio,

375 1274 700 1345 eodemque,
731 1278 876 1347 quod
900 1279 1034 1334 satis
1071 1294 1340 1352 superque
1365 1285 1704 1340 confutatum
1735 1295 1838 1351 est,
1870 1303 1958 1342 ar-

377 1372 640 1434 gumento
677 1369 949 1425 coniicere
979 1386 1039 1427 se
1069 1387 1230 1442 posse
1259 1373 1572 1430 arbitratur.
1609 1399 1630 1428 ι
1673 1376 1792 1442 llic,
1829 1398 1848 1431 ι
1884 1381 1959 1435 ait

379 1453 612 1512 Dallaus
639 1458 706 1512 de
731 1457 997 1531 Eutychio
1025 1462 1253 1532 loquens
1279 1463 1345 1532 “,
1376 1483 1396 1518 ι
1434 1467 1596 1522 etiam
1625 1469 1772 1524 aliud
1795 1469 1959 1540 quid-

377 1547 505 1604 dam
549 1564 659 1604 non
690 1552 873 1608 minus
919 1553 1171 1610 mirabile
1209 1573 1309 1613 nos
1353 1558 1513 1614 docet
1550 1577 1563 1614 :
1601 1559 1683 1615 Ab
1724 1561 1955 1628 Anania,

380 1639 579 1712 inquit,
611 1658 774 1713 quem
805 1648 1091 1703 constituit
1128 1647 1343 1706 Marcus
1368 1653 1695 1723 evangelista
1727 1656 1960 1724 patriar.-

380 1733 541 1788 eham
586 1733 930 1792 Alexandria
975 1754 1151 1810 usque
1187 1741 1244 1794 in
1293 1749 1540 1810 tempora
1580 1743 1832 1800 Demetrii
1864 1761 1959 1816 pa—

381 1825 656 1894 triarcha,
685 1829 873 1884 nullus
910 1839 1030 1886 erat
1057 1831 1111 1886 in
1143 1834 1438 1902 provinciis
1483 1834 1702 1908 Egypti
1748 1839 1962 1908 episeo-

377 1932 485 1988 pus
512 1937 526 1974 :
557 1934 655 1974 nec
685 1921 1009 1990 patriarcha
1052 1932 1178 1980 ante
1206 1941 1330 1981 eum
1369 1938 1624 1984 crearunt
1652 1930 1957 2001 episcopos.

379 2008 450 2065 Et
493 2010 704 2080 primus
751 2014 841 2070 hic
887 2015 990 2070 fuit
1039 2017 1347 2086 patriarcha
1397 2021 1822 2091 Alexandrinus,
1865 2025 1960 2096 qui

377 2102 665 2174 episcopos
693 2105 836 2163 fecit.
882 2128 901 2161 ι
936 2109 1012 2165 Ex
1047 2110 1282 2183 Egypto
1327 2123 1508 2170 autem
1539 2116 1593 2170 in
1629 2115 1960 2188 [Ethiopiam

381 2198 724 2255 transvolans
761 2218 774 2256 :
812 2219 832 2254 ι
876 2202 933 2258 ln
974 2206 1147 2274 omni,
1183 2227 1203 2260 ι
1240 2208 1438 2279 inquit,
1478 2228 1500 2262 ι
1535 2207 1830 2281 Ethiopia
1858 2211 1962 2269 Ec-

379 2289 551 2347 clesia
585 2306 730 2350 unus
757 2304 841 2350 est
861 2300 972 2366 jam
1000 2299 1069 2354 ab
1102 2301 1344 2370 antiquis
1381 2302 1718 2374 temporibus
1751 2304 1964 2374 episco—

380 2397 487 2453 pus
514 2383 732 2453 Abuna,
768 2394 829 2442 ut
857 2398 1075 2459 vocant,
1107 2391 1159 2447 id
1190 2401 1275 2448 est
1311 2394 1637 2463 patriarcha.
1677 2395 1770 2465 qui
1799 2397 1960 2452 etiam

383 2474 546 2531 hodie
590 2477 662 2532 ab
707 2478 1083 2536 Alexandrino
1142 2484 1450 2552 patriarcha
1509 2496 1865 2543 consecratur
1907 2495 1964 2542 et

381 2567 637 2624 mittitur.
681 2567 836 2628 Unus
880 2571 970 2629 hic
1011 2573 1067 2629 in
1098 2585 1210 2631 tota
1261 2575 1540 2647 Ethiopia
1569 2578 1788 2634 ordines
1829 2594 1964 2635 con-

383 2659 509 2728 fert,
546 2677 722 2734 neque
755 2665 894 2721 alios
920 2667 1134 2722 confert
1161 2683 1324 2738 quam
1367 2669 1717 2726 diaconatum
1749 2679 1804 2726 et
1839 2687 1964 2741 pre-

383 2752 740 2824 sbyteratum.
785 2775 804 2808 ι
841 2753 1032 2812 Testes
1063 2765 1245 2813 autem
1279 2759 1507 2829 hujusce
1535 2761 1613 2816 rei
1643 2761 1774 2816 citat
1801 2759 1964 2817 Nico-

383 2843 532 2898 laum
587 2845 878 2902 Godinium
923 2862 955 2902 e
987 2849 1259 2905 Societate
1306 2848 1470 2918 Jesu,
1521 2861 1575 2907 et
1622 2852 1962 2922 Alphonsum

383 2934 708 2992 Mindesium
756 2953 824 2994 ex
869 2940 1057 2994 eadem
1099 2939 1388 3009 Societate,
1420 2958 1484 2998 ac
1519 2951 1710 3013 postea
1748 2943 1964 3002 Ethio-

384 3028 520 3099 pica
567 3028 742 3096 gentis
791 3031 1180 3100 patriarcham,
1216 3041 1271 3088 et
1329 3032 1594 3089 Joannem
1640 3051 1670 3090 a
1725 3035 1960 3102 Sanctis,

2056 543 2300 598 monium
2334 541 2608 614 Eutychii,
2632 557 2796 613 quem
2830 550 2886 597 et
2926 541 3126 597 saculo
3169 549 3376 597 tantum
3419 541 3637 596 decimo

2057 633 2366 703 scripsisse,
2396 649 2460 688 ac
2487 632 2642 703 plura
2680 633 2771 688 hic
2797 648 3053 704 peccasse
3089 648 3250 688 nemo
3277 633 3634 700 inﬁciabitur,

2057 723 2136 779 Ex
2166 724 2414 794 pluribus
2439 733 2621 780 autem
2652 724 2798 779 illius
2837 724 3032 779 erratis
3069 724 3201 780 illud
3241 727 3417 792 solum
3442 726 3638 782 obser-

2055 815 2328 881 vabimus,
2353 815 2498 885 quod
2543 815 2751 870 nullum
2791 815 2846 870 in
2885 816 3182 886 provinciis
3214 815 3428 888 Egypti
3463 818 3638 875 fuisse

2057 905 2372 976 episcopum
2401 915 2608 971 narrat,
2637 923 2769 963 vero
2800 922 2912 962 non
2934 907 3104 963 videri
3129 908 3327 976 simile,
3357 909 3449 965 sed
3478 910 3636 966 falsi-

2058 998 2188 1052 tatis
2221 1013 2448 1068 prorsus
2477 1007 2814 1068 suspectum.
2845 998 2904 1054 ln
2933 1001 3141 1072 synodo
3177 1003 3378 1058 etenim
3406 1005 3475 1058 ab
3509 1005 3639 1059 Ale-

2058 1092 2268 1146 xandro
2291 1093 2546 1161 episcopo
2566 1090 2905 1148 Alexandria
2925 1094 3186 1151 adversus
3207 1096 3395 1151 Arium
3420 1108 3635 1167 coacta,

2059 1181 2173 1238 fere
2201 1191 2418 1236 centum
2449 1182 2688 1252 episcopi
2715 1183 3009 1242 interfuere
3034 1206 3048 1242 :
3082 1207 3100 1240 ι
3136 1186 3246 1245 Nos
3275 1205 3399 1245 cum
3427 1192 3574 1258 aliis,
3611 1212 3632 1244 ι

2060 1274 2257 1344 inquit,
2293 1292 2311 1326 ι
2349 1271 2459 1328 fere
2487 1283 2706 1328 centum
2738 1274 2959 1348 JEgypti
2987 1287 3040 1333 et
3066 1278 3251 1352 Libya
3279 1283 3551 1353 episcopis
3579 1285 3638 1338 in

2060 1379 2230 1418 unum
2253 1363 2658 1428 convenientes,
2696 1383 2714 1418 ι
2741 1373 2846 1422 etc.
2871 1365 2941 1419 At
2969 1382 3099 1423 vero
3121 1383 3151 1422 a
3177 1368 3430 1424 Demetrii
3461 1378 3640 1426 morte

2061 1470 2234 1526 usque
2261 1455 2328 1510 ad
2357 1471 2560 1510 annum
2586 1455 2712 1525 518,
2745 1472 2854 1528 quo
2882 1459 3174 1515 concilium
3221 1461 3353 1517 illud
3395 1465 3643 1518 celebra-

2060 1557 2176 1603 tum
2207 1554 2310 1612 est,
2346 1555 2424 1602 tot
2455 1547 2801 1618 episcopatus
2831 1563 3020 1605 recens
3050 1561 3262 1609 erectos
3286 1551 3475 1620 fuisse,
3507 1555 3640 1624 quis

2061 1639 2386 1695 crediderit?
2409 1637 2548 1706 Quid
2579 1640 2724 1710 quod
2754 1639 3020 1697 Eusebius
3047 1652 3278 1700 testatur
3309 1646 3354 1677 “
3374 1645 3640 1717 Nepotem

2063 1730 2282 1802 Egypti
2303 1746 2642 1801 episcopum,
2667 1731 2760 1802 qui
2782 1749 2998 1792 errores
3020 1736 3406 1793 Chiliastarum
3434 1739 3643 1795 docue-

2063 1832 2168 1888 rat,
2221 1831 2274 1876 et
2320 1822 2433 1892 jam
2475 1822 2681 1892 pridem
2727 1835 2960 1880 mortem
3007 1827 3249 1895 obierat,
3293 1845 3323 1884 a
3376 1828 3643 1902 Dionysio

2062 1912 2428 1968 Alexandrino
2460 1912 2631 1970 fuisse
2665 1916 3026 1974 confutatum.
3071 1917 3226 1975 Unde
3257 1936 3365 1976 non
3403 1924 3646 1980 absurde

2063 2005 2334 2075 colligitur
2360 2006 2608 2061 eumdem
2639 2005 2904 2079 Nepotem
2946 2018 3074 2066 ante
3103 2010 3359 2068 Demetrii
3392 2023 3645 2085 tempora

2064 2097 2301 2167 aliquam
2350 2098 2406 2152 in
2456 2097 2690 2170 Egypto
2737 2101 2921 2157 sedem
2966 2105 3210 2160 tenuisse
3248 2106 3640 2188 episcopalem.

2064 2189 2307 2261 Denique
2330 2189 2744 2263 Metaphrastes,
2775 2210 2869 2266 qui
2905 2211 3018 2252 non
3065 2197 3296 2256 minoris
3342 2207 3426 2256 est
3472 2215 3644 2271 quam

2063 2280 2362 2354 Eutychius
2393 2285 2732 2343 auctoritatis
2778 2297 2834 2344 et
2877 2291 3151 2359 ponderis,
3184 2293 3348 2348 tradit
3391 2291 3642 2349 Marcum

2069 2393 2089 2427 ι
2125 2375 2247 2432 aliis
2286 2391 2504 2448 quoque
2542 2379 2799 2437 Ecclesiis
2846 2381 3006 2454 longe
3053 2383 3269 2456 lateque
3316 2386 3640 2458 episcopos,

2065 2467 2409 2538 presbyteros
2438 2478 2494 2524 et
2519 2468 2782 2529 diaconos
2812 2471 3046 2530 dedisse.
3089 2495 3109 2528 ι

2133 2561 2410 2629 Quantum
2441 2564 2508 2620 ad
2537 2562 2830 2637 Ethiopia
2862 2565 3180 2635 Ecclesiam,
3210 2569 3335 2640 quis
3380 2585 3491 2626 non
3533 2571 3642 2626 mi-

2064 2662 2212 2708 retur
2234 2653 2538 2711 inauditum
2564 2655 2746 2712 Dallai
2768 2656 2996 2728 ejusque
3017 2656 3322 2716 defensoris
3347 2675 3642 2730 argumen-

2064 2745 2214 2800 tandi
2236 2748 2444 2817 genus?
2481 2745 2720 2818 Uterque
2742 2751 2886 2804 enim
2909 2766 2974 2806 ex
3001 2752 3378 2807 recentissimo
3402 2762 3642 2824 quatuor

2066 2839 2231 2909 hujus
2263 2853 2316 2895 et
2357 2841 2657 2910 superioris
2689 2845 2871 2898 saculi
2911 2854 3220 2912 auctorum,
3255 2845 3324 2902 de
3359 2846 3526 2902 rebus
3553 2847 3641 2903 sui

2066 2933 2328 3000 temporis
2377 2934 2753 3002 scribentium,
2785 2937 3098 2993 testimonio
3148 2953 3317 2993 unum
3371 2938 3643 2994 duntaxat

2064 3025 2380 3096 episcopum
2429 3028 2498 3082 ab
2540 3028 2696 3085 initio
2725 3029 3049 3086 Christiana
3089 3029 3367 3101 religionis
3399 3031 3471 3086 ibi
3507 3047 3645 3086 con-

386 3118 806 3176 Dominicanum
860 3138 890 3176 a
948 3122 1182 3180 Godinio
1245 3125 1570 3192 laudatum,
1625 3142 1691 3183 ac
1745 3128 2033 3191 tandemc
2068 3119 2316 3174 ειὶιυῑυῐῐι
2368 3119 2540 3176 fuisse
2591 3121 2944 3179 εοηειιιάυηι·
2995 3121 3163 3189 QuaSi
3206 3139 3337 3178 “3T0
3385 3139 3482 3193 Per
3529 3134 3641 3179 um

386 3212 742 3270 Franciscum
776 3216 1021 3283 Alvarez,
1061 3233 1254 3274 onmes
1301 3217 1530 3288 hujusce
1573 3220 1658 3274 vel
1703 3219 1963 3290 prateriti

386 3310 572 3364 saculi
599 3309 914 3380 scriptores.
957 3311 1120 3380 Atqui
1155 3311 1285 3366 huic
1333 3311 1701 3366 Ecclesiarum
1745 3311 1963 3383 JEgypti

385 3411 442 3458 et
469 3401 762 3474 Ethiopia
793 3404 940 3469 usui,
972 3404 1151 3474 inquit
1177 3403 1432 3469 Dallaus,
1461 3405 1709 3459 doctrina
1733 3405 1786 3459 in
1817 3405 1969 3474 lgna-

386 3493 451 3548 tii
481 3493 724 3564 epistolis
753 3495 973 3558 tradita,
1016 3511 1120 3565 qua
1153 3495 1288 3550 nihil
1319 3495 1436 3551 sine
1465 3497 1721 3566 episcopo
1763 3495 1967 3552 facien-

386 3583 518 3638 dum
549 3600 672 3641 esse
698 3585 977 3652 delinitur,
1007 3587 1166 3657 plane
1199 3588 1524 3658 penitusque
1556 3590 1828 3644 contraria
1861 3598 1963 3644 est.

390 3673 548 3731 lianc
573 3691 705 3746 ergo
739 3679 1096 3747 apostolicam
1127 3679 1434 3735 doctrinam
1465 3695 1609 3749 esse,
1643 3691 1806 3752 atque
1829 3681 1966 3736 adeo

387 3768 648 3838 epistolas
677 3768 867 3840 lgnatii
893 3771 1050 3840 plane
1083 3781 1315 3842 utraque
1343 3772 1584 3830 Ecclesia
1619 3774 1865 3830 nescivit.

461 3858 664 3916 Verum
696 3861 742 3917 si
773 3861 1071 3934 Eutychius
1109 3865 1365 3934 quiddam
1409 3865 1476 3921 de
1516 3865 1832 3938 Egyptiaca
1865 3865 1967 3921 Ec-

390 3951 559 4009 clesia
601 3955 852 4009 mirabile
893 3971 994 4013 nos
1040 3956 1244 4021 docuit,
1279 3958 1579 4015 mirabilior
1609 3961 1856 4030 profecto
1883 3969 1968 4017 est

393 4044 530 4101 falsa
582 4045 765 4103 Dallai
814 4063 881 4104 ex
941 4048 1202 4121 Eutychio
1262 4052 1487 4122 repetita
1545 4055 1964 4124 argumentatio.

393 4137 528 4194 Esto
559 4140 704 4194 enim
740 4155 883 4198 unus
932 4141 987 4196 in
1029 4151 1140 4198 toto
1182 4142 1414 4216 IEgypto
1449 4146 1615 4200 fuerit
1655 4147 1965 4217 episcopus,

396 4245 541 4285 unus
570 4231 625 4285 in
651 4229 950 4303 Ethiopi‘a,
984 4250 1126 4290 unus
1167 4236 1334 4290 etiam
1367 4237 1422 4292 in
1467 4235 1708 4307 Scythia,
1738 4238 1967 4308 aliisque

395 4336 426 4375 a
458 4320 640 4377 Dallai
666 4322 954 4393 defensore
995 4341 1102 4381 non
1134 4328 1252 4383 sine
1299 4327 1440 4384 fastu
1471 4329 1698 4400 objectis
1731 4330 1968 4402 regioni-

398 4412 521 4468 bus.
548 4412 693 4468 Nihil
735 4431 868 4472 sane
915 4416 989 4472 ibi
1039 4417 1231 4490 lgnatii
1259 4421 1506 4492 epistolis
1539 4436 1849 4492 repugnans
1873 4422 1968 4476 de-

395 4508 769 4578 prehenditur.
801 4510 1012 4568 Etenim
1044 4516 1294 4584 quamvis
1331 4532 1472 4572 unus
1502 4516 1555 4570 in
1586 4517 1675 4584 iis,
1699 4524 1759 4572 ut
1791 4518 1962 4582 aiunt,

399 4601 712 4672 regionibus
745 4603 937 4661 fuisset
967 4607 1276 4678 episcopus,
1319 4608 1372 4663 id
1417 4617 1597 4664 tamen
1633 4623 1742 4664 non
1783 4609 1969 4680 prohi-

396 4691 536 4755 buit,
567 4695 862 4763 quominus
889 4698 984 4764 ibi,
1013 4699 1171 4753 sicuti
1213 4715 1358 4755 nunc
1417 4697 1471 4752 in
1538 4699 1793 4756 omnibus
1848 4716 1968 4755 am-

398 4783 659 4853 plissima
686 4786 937 4843 ditecesis
970 4789 1304 4854 civitatibus,
1343 4790 1557 4860 oppidis
1585 4797 1638 4844 et
1662 4790 1819 4857 vicis,
1848 4806 1969 4860 qua

399 4877 504 4932 sub
541 4880 705 4934 unius
739 4880 981 4951 episcopi
1031 4882 1236 4937 ditione
1284 4892 1432 4948 sunt,
1479 4883 1662 4938 omnia
1710 4898 1775 4938 ex
1823 4884 1970 4939 illius

398 4968 653 5040 imperio,
683 4973 930 5045 nihilque
959 4975 1076 5031 sine
1105 4977 1222 5046 ejus
1253 4977 1522 5032 sententia
1553 4981 1723 5032 tieret.
1750 4978 1818 5033 Et
1839 4994 1972 5034 sane

397 5058 532 5116 illud
572 5059 827 5119 Patribus
855 5065 1071 5119 concilii
1103 5065 1393 5121 Laodiceni
1422 5067 1558 5122 adeo
1600 5077 1714 5124 erat
1741 5083 1966 5138 persas--

397 5172 556 5226 sum,
600 5165 662 5213 ut
699 5157 755 5213 in
793 5158 996 5214 villulis
1034 5166 1087 5213 et
1122 5159 1267 5229 agris
1295 5159 1427 5212 nihil
1461 5167 1657 5230 prater
1681 5166 1962 5219 conscien-

395 5249 529 5304 tiam
568 5250 809 5322 episcopi
853 5249 1084 5308 civitatis
1120 5249 1386 5320 agendum
1419 5265 1542 5306 esse
1570 5255 1964 5309 -sanciverint:

403 5357 425 5391 ι
461 5338 580 5395 Non
620 5348 854 5411 oportet,
894 5359 916 5395 ι
949 5340 1203 5410 inquiunt
1230 5340 1296 5405 ”,
1331 5359 1350 5393 ι
1391 5341 1445 5396 in
1475 5342 1678 5401 villulis
1707 5347 1791 5400 vel
1822 5349 1968 5418 agris

397 5431 686 5501 episc0pos
734 5432 1017 5493 constitui,
1067 5433 1161 5487 sed
1208 5431 1540 5492 visitatores.
1584 5435 1968 5495 Verumtamen

395 5521 720 5592 jampridem
750 5524 1028 5580 constituti
1067 5524 1202 5578 nihil
1236 5524 1439 5585 faciant
1466 5534 1659 5598 prater
1687 5531 1972 5586 conscien-

401 5618 533 5673 tiam
564 5617 802 5690 episcopi
833 5622 1084 5679 civitatis.
1127 5640 1146 5675 ι

507 5734 554 5768 ’⁵
585 5749 705 5807 ναις.
733 5737 861 5794 ἳτι.
939 5741 984 5774 ’⁸
1008 5740 1205 5799 concil.
1241 5740 1407 5798 Laod.
1435 5757 1556 5797 can.
1588 5741 1674 5797 57.

2065 3213 2226 3285 longa
2252 3215 2575 3270 saculorum
2611 3215 2784 3285 spatia
2825 3217 3055 3272 mutatio
3085 3217 3233 3271 nulla
3269 3217 3344 3272 ibi
3389 3217 3510 3272 fieri
3552 3232 3646 3287 po-

2067 3308 2268 3362 tuerit?
2297 3307 2486 3365 Plures
2514 3326 2644 3366 sane
2669 3311 2724 3365 in
2753 3308 3030 3382 Ethiopia
3069 3312 3199 3368 olim
3225 3311 3394 3369 fuisse
3426 3313 3643 3382 episeo-

2066 3415 2164 3472 pos
2199 3417 2266 3456 ex
2313 3401 2448 3472 ipsis
2485 3401 2922 3459 adversariorum
2966 3404 3248 3475 principiis
3300 3405 3512 3475 liquido
3549 3406 3639 3461 de-

2068 3502 2424 3550 monstratur.
2483 3491 2718 3551 Dallaus
2757 3511 2996 3567 namque
3041 3495 3408 3568 Ethiopieam
3451 3497 3646 3555 Eccle-

2069 3584 2204 3640 siam
2239 3587 2472 3655 appellat
2501 3588 2942 3658 antiquissimam
2988 3599 3042 3646 et
3084 3591 3481 3646 nobilissimam
3535 3591 3646 3647 Ec-

2067 3675 2246 3732 clesia
2281 3676 2613 3750 [Egyptiaca
2657 3679 2955 3736 traducem.
2995 3681 3160 3752 Atqui
3191 3697 3256 3738 ex
3285 3683 3478 3738 eodem
3518 3682 3651 3738 Dal—

2068 3767 2169 3824 Iao
2220 3768 2464 3826 Ecclesia
2521 3771 2888 3828 Alexandrina
2951 3774 3142 3829 saltem
3196 3782 3323 3844 post
3383 3774 3648 3830 Demetrii

2068 3868 2280 3916 atatem
2309 3861 2491 3931 plures
2522 3863 2714 3919 habuit
2757 3864 3065 3935 episcopos.
3106 3863 3270 3921 Recte
3302 3866 3468 3937 igitur
3499 3867 3652 3923 hunc

2069 3952 2250 4022 plures
2278 3953 2500 4009 creandi
2540 3955 2827 4027 episcopos
2854 3973 3012 4013 usum
3045 3956 3114 4012 ab
3151 3958 3522 4015 Alexandrina
3550 3958 3654 4016 Eo-

2069 4045 2234 4100 clesia
2265 4047 2334 4100 ad
2373 4045 2765 4117 1Ethiopicam,
2799 4065 2922 4120 qua
2953 4051 3028 4104 illi
3059 4051 3298 4118 suberat,
3321 4053 3433 4122 jam
3464 4053 3537 4107 ab
3561 4053 3653 4109 his

2072 4137 2406 4206 temporibus
2446 4140 2827 4196 transmissum
2859 4141 3028 4198 fuisse
3056 4144 3181 4199 inde
3200 4145 3444 4214 colligas.
3472 4143 3652 4200 Porro

2071 4238 2250 4283 autem
2276 4230 2572 4286 adversarii
2598 4242 2723 4289 ante
2759 4231 3016 4288 Demetrii
3062 4243 3304 4306 tempora
3339 4234 3649 4292 Ecclesiam

2072 4320 2364 4392 {Ethiopia
2401 4323 2471 4377 ab
2498 4322 2864 4379 Alexandrina
2894 4327 3159 4396 originem
3202 4343 3354 4382 suam
3391 4327 3653 4385 hausisse

2073 4413 2338 4469 incertum
2378 4431 2503 4471 esse
2541 4418 2866 4484 concedunt,
2905 4434 3067 4488 quam
3103 4419 3193 4473 alii
3222 4421 3288 4474 ad
3327 4421 3652 4476 eunuchum

2072 4509 2271 4580 regina
2315 4508 2658 4579 IEthiopum,
2684 4511 2767 4566 vel
2815 4513 2881 4567 ad
2934 4513 3207 4583 apostolos
3250 4512 3520 4569 Thomam
3560 4517 3654 4572 vel

2071 4601 2384 4657 Matthaum
2415 4602 2755 4658 referendam
2788 4620 2912 4660 esse
2938 4605 3292 4661 arbitrantur.

2143 4692 2249 4748 Sed
2272 4693 2386 4749 hac
2407 4709 2471 4748 ex
2498 4695 2794 4750 abundanti
2817 4695 2960 4751 dicta
2984 4705 3168 4752 sunto.
3201 4695 3336 4751 Nam
3365 4695 3478 4752 sive
3499 4713 3656 4754 unus

2070 4784 2186 4840 sive
2213 4785 2396 4854 plures
2426 4787 2479 4840 in
2510 4785 2745 4858 IEgypto
2775 4794 2830 4842 et
2864 4785 3164 4857 Ethiopia,
3193 4797 3356 4858 atque
3386 4788 3552 4842 etiam
3589 4790 3655 4843 in

2072 4873 2293 4948 Scythia
2331 4873 2531 4931 fuerint
2575 4876 2840 4945 episcopi,
2891 4876 3027 4934 nihil
3061 4877 3185 4933 inde
3227 4888 3414 4933 contra
3453 4877 3652 4949 lgnatii

2071 4968 2243 5024 nostri
2277 4968 2616 5033 doctrinam;
2646 4969 2818 5022 multo
2858 4978 3038 5024 autem
3082 4969 3264 5025 minus
3305 4978 3497 5025 contra
3540 4973 3657 5041 epi-

2071 5060 2333 5115 stolarum
2356 5059 2476 5130 ejus
2505 5061 2789 5115 veritatem
2816 5061 3012 5117 confici
3040 5071 3237 5131 potest.
3272 5061 3339 5116 Et
3365 5077 3491 5116 vero
3521 5062 3654 5117 diu-

2070 5155 2279 5211 tissime
2314 5163 2602 5225 postquam
2639 5155 2883 5224 epistola
2934 5154 3125 5225 lgnatii
3181 5155 3271 5211 toti
3329 5156 3653 5212 Christiano

2071 5247 2192 5304 orbi
2234 5247 2532 5304 notissima
2581 5247 2826 5316 fuerunt,
2856 5249 2911 5304 in
2964 5249 3188 5322 Scythia
3237 5251 3467 5321 aliisque
3513 5266 3652 5320 pro-

2072 5340 2267 5397 vinciis
2324 5355 2470 5396 unus
2515 5348 2728 5396 tantum
2775 5350 2896 5396 erat
2943 5342 3265 5414 episcopus,
3308 5341 3656 5414 proindeque

2073 5432 2222 5488 hunc
2250 5446 2457 5488 morem
2506 5448 2632 5488 cum
2676 5433 2945 5502 doctrina,
2986 5435 3041 5489 in
3083 5437 3218 5493 tanti
3254 5435 3506 5508 martyris
3531 5438 3653 5508 epi-

2074 5525 2230 5581 stolis
2260 5525 2479 5594 tradita,
2511 5539 2754 5598 pugnare
2785 5543 3105 5597 persuasum
3136 5544 3248 5585 non
3278 5528 3573 5584 habebant.

2147 5617 2287 5675 llinc
2311 5618 2425 5676 ruit
2452 5619 2598 5690 quod
2627 5619 2877 5676 similiter
2903 5620 2970 5678 de
3006 5620 3330 5677 Germanica
3360 5621 3651 5693 Bajoario-

1756 5743 1798 5774 ³⁵
1837 5740 2038 5796 Ilistor.
2068 5740 2160 5795 lib.
2193 5753 2288 5808 vn,
2320 5753 2439 5808 cap.
2468 5737 2556 5791 24.
