3852 6206
187 320 303 381 509

1186 322 1252 379 D.
1285 316 1584 378 NOURRII
1620 314 2103 375 DISSERTATIO.
2146 349 2215 359 —
2250 314 2432 373 PARS
2469 313 2513 371 I.

3383 317 3486 373 510

189 458 321 500 rum
354 454 543 517 gente,
583 456 637 504 et
665 449 731 505 de
770 447 952 505 Scotis
1008 446 1291 515 subiunxit
1330 443 1588 509 Dallazus,
1631 440 1797 497 nimi-
1822 442 1874 503 Α
1899 440 2007 506 las,
2060 454 2240 510 neque
2284 438 2517 494 aliorum
2565 435 2928 507 plurimorum
2972 436 3175 507 scripta
3219 435 3482 500 laudavit.

186 553 317 593 rum
358 541 508 610 apud
558 538 881 611 Bajoarios,
928 548 991 596 ut
1049 535 1345 609 Gregorius
1394 534 1490 604 Ill,
1542 549 1793 591 summus

186 632 469 701 pontifex,
518 644 808 702 memorat,
846 634 1060 689 nullum
1109 641 1236 688 ante
1274 630 1580 685 Vivilonem
1622 627 1793 686 fuisse

182 724 519 794 episcopum
553 749 567 782 ;
602 727 745 797 apud
797 725 991 781 Scotos
1032 739 1184 788 vero,
1214 723 1358 779 Beda
1408 730 1567 788 teste,
1597 721 1793 777 insula:

180 814 345 871 Jonas
372 818 628 873 abbatem
651 818 1029 891 presbyterum
1065 815 1216 872 omni
1238 814 1557 886 provinciae,
1582 824 1637 869 et
1655 812 1791 884 ipsis

178 909 357 963 etiam
395 910 674 980 episcopis
705 910 899 967 ordine
941 910 1205 966 inusitato
1247 907 1417 965 fuisse
1446 907 1784 979 praefectum.

176 997 322 1055 Nam
354 1008 724 1073 praeterquam
758 1004 904 1073 quod
926 1001 1055 1057 huic
1082 1009 1404 1072 argumento
1429 999 1543 1069 jam
1567 1014 1791 1069 respon-

176 1109 307 1149 sum
369 1102 491 1161 est,
553 1103 702 1151 certe
748 1093 1047 1165 Gregorius
1094 1092 1191 1161 lll,
1236 1091 1371 1147 illud
1413 1102 1605 1147 contra
1640 1110 1660 1144 ‹
1695 1104 1788 1146 ec-

173 1190 557 1250 clesiasticum
618 1190 863 1248 ordinem
887 1229 902 1258 ,
942 1206 961 1241 »
993 1187 1134 1243 Beda
1176 1195 1358 1243 autem
1424 1187 1529 1242 hoc
1563 1203 1583 1238 ‹
1627 1199 1783 1241 more

173 1286 449 1346 inusitato
500 1305 520 1341 ι
570 1294 853 1356 peractum
900 1297 1024 1340 esse
1080 1280 1372 1337 afﬁrmant.
1425 1280 1568 1348 Quid
1620 1279 1786 1352 ergo?

170 1376 412 1435 Dicetne
457 1377 695 1433 Dallaeus
732 1376 963 1448 ejusque
1011 1373 1271 1432 defensor
1319 1374 1503 1430 omnia
1555 1389 1677 1447 quae
1726 1373 1783 1428 in

170 1472 416 1527 aliorum
466 1482 755 1527 auctorum
805 1469 1026 1540 scriptis
1058 1469 1357 1528 secundum
1398 1467 1646 1524 ordinem
1687 1480 1782 1523 ec-

170 1564 579 1630 clesiasticum,
610 1572 664 1619 et
700 1577 853 1618 more
879 1563 1083 1618 usitato
1109 1561 1420 1634 peragenda
1455 1576 1579 1617 esse
1619 1560 1783 1616 doce-

167 1658 402 1724 bantur,
436 1673 502 1715 ea
532 1656 799 1726 Bajoariis
824 1664 879 1711 et
908 1655 1087 1712 Scotis
1112 1655 1409 1726 incognita,
1439 1654 1781 1724 proindeqne

166 1744 365 1800 eadem
403 1746 609 1816 scripta
638 1744 777 1800 falsa
822 1760 945 1802 esse
985 1754 1039 1801 et
1076 1744 1465 1815 supposititia?
1492 1743 1549 1799 Si
1588 1744 1643 1799 id
1671 1744 1775 1801 sibi

1891 531 2151 602 quoniam
2187 546 2257 585 ex
2301 529 2526 584 Patrum
2582 528 2912 586 testimoniis
2961 538 3154 586 contra
3198 530 3483 584 haereticos

1890 637 2137 693 pugnare
2177 638 2333 679 mens
2377 622 2455 676 illi
2512 636 2623 677 non
2674 629 2810 677 erat.
2856 620 2925 675 Et
2969 636 3029 676 re
3076 617 3295 690 quidem
3338 619 3477 689 ipsa,

1890 714 2045 769 nulla
2089 722 2281 771 contra
2320 713 2544 769 Aerium
2592 712 2821 783 profert,
2853 712 2949 768 sed
2999 713 3217 769 duobus
3269 720 3480 766 tantum

1888 804 2042 861 Pauli
2070 805 2357 863 sententiis
2381 805 2450 861 ab
2473 805 2667 862 eodem
2688 803 2855 862 Aerio
2878 805 3110 877 objectis
3131 804 3483 875 respondisse

1888 896 2106 969 legitur.

1959 988 2132 1044 Instat
2179 985 2411 1044 Dallaeus
2434 989 2523 1044 ”:
2564 1006 2583 1041 ι
2619 985 2880 1055 Quaedam
2918 987 3030 1043 illic
3059 988 3213 1057 ponit
3241 986 3481 1058 Epipha-

1886 1082 2036 1150 nius,
2062 1096 2187 1137 cum
2218 1080 2517 1152 lgnatianis
2557 1082 2904 1152 apertissime
2950 1082 3271 1152 pugnantia,
3318 1083 3478 1151 quale

1886 1173 2020 1228 illud
2060 1180 2146 1228 est
2183 1171 2330 1242 quod
2359 1172 2603 1230 decernit
2651 1190 2665 1227 :
2703 1173 2749 1227 A
2784 1171 3116 1243 presbyteris
3148 1179 3202 1227 et
3226 1172 3476 1229 diaconis

1885 1263 2256 1320 ecclesiastica
2321 1264 2540 1335 negotia
2600 1264 2851 1334 impleri,
2913 1265 3027 1320 sive
3096 1265 3471 1321 administrari

1884 1369 2066 1426 posse.
2099 1353 2231 1410 Item
2256 1355 2427 1437 fuisse
2455 1355 2720 1426 quasdam
2752 1355 2820 1409 ab
2847 1356 3112 1426 apostolis
3141 1358 3471 1414 constitutas

1884 1447 2180 1513 Ecclesias,
2196 1463 2319 1518 qua:
2345 1463 2374 1502 a
2399 1448 2531 1503 solis
2556 1448 2890 1518 presbyteris
2910 1457 2965 1503 et
2989 1448 3237 1504 diaconis
3263 1449 3473 1520 absque

1883 1539 2139 1609 episcopo
2168 1548 2510 1610 regerentur.
2544 1540 2678 1606 Qua:
2709 1539 2933 1595 totidem
2961 1548 3207 1595 monstra
3250 1552 3378 1597 sunt
3416 1552 3472 1598 et

1882 1630 2076 1702 lgnatii
2100 1633 2319 1702 quidem
2366 1633 2543 1688 nostri
2571 1633 2840 1703 epistolici
2879 1633 3235 1690 hierarchicis
3258 1636 3470 1706 legibus

1882 1733 2097 1779 exserte
2145 1724 2453 1779 delinientis
2508 1725 2627 1780 sine
2666 1724 2967 1795 episcopis,
3018 1726 3351 1798 presbyteris
3402 1743 3469 1784 ac

165 1790 784 1908 persuadererpossim’
809 1836 1017 1892 nemini
1047 1790 1380 1908 Maiaque
1411 1852 1593 1892 rerum
1626 1836 1775 1892 ms“-
1802 1790 1848 1847 Β
1875 1816 2121 1873 diaconis
2148 1832 2256 1873 non
2280 1817 2465 1873 vocari
2492 1817 2819 1883 Ecclesiam,
2852 1828 2906 1873 et
2935 1822 3308 1875 necessarium
3340 1836 3467 1878 esse

166 1926 373 1981 matori
408 1927 837 1997 persuadebunt.
871 1927 1144 1983 Caeterum
1183 1927 1398 1983 tametsi
1428 1925 1623 2000 lgnatii
1653 1928 1771 1998 epi-

165 2018 323 2074 stolae
369 2018 443 2073 ad
491 2017 871 2089 Bajoariorum
931 2016 1339 2088 Scotorumque
1393 2026 1609 2088 gentem
1657 2032 1772 2072 non

164 2111 588 2182 pervenissent,
620 2126 733 2166 non
760 2110 866 2167 illa:
896 2120 1100 2176 tamen,
1126 2109 1286 2166 sicuti
1321 2125 1422 2167 nec
1448 2110 1556 2165 alia
1585 2110 1771 2166 omnia

162 2200 398 2259 Patrum
449 2203 680 2273 scripta,
722 2218 846 2275 qua:
892 2203 961 2259 ad
1009 2202 1234 2259 eosdem
1282 2218 1393 2258 non
1444 2202 1769 2261 transmissa

162 2303 313 2363 sunt,
345 2294 612 2350 falsitatis
643 2304 699 2352 et
724 2295 1121 2367 suppositionis
1150 2302 1335 2352 essent
1358 2295 1657 2366 arguenda.

804 2429 1037 2487 CAPUT
1073 2429 1144 2487 X.

162 2559 508 2601 ιιηιιιτῐῐιι
532 2561 694 2601 ALIUD
724 2559 1088 2600 ABGUIENTUII
1114 2560 1420 2602 NEGA'I'IVUI
1453 2562 1523 2602 EX
1557 2564 1762 2607 AUCTO-

577 2631 688 2671 BUM
716 2631 964 2671 SILENTIO
994 2632 1302 2672 υιευυοτωί.

428 2725 460 2798 §
492 2726 534 2782 I.
567 2726 815 2782 Primum
841 2743 907 2783 ea:
937 2726 1232 2799 Epiphanit
1260 2730 1498 2787 silentio.

221 2842 310 2898 Ab
341 2841 725 2899 Ecclesiarum
780 2845 846 2900 de
895 2845 1196 2917 Ignatianis
1251 2846 1497 2917 epistolis
1543 2846 1762 2904 silentio

156 2932 220 2986 ad
249 2934 628 3004 quorumdam
676 2939 1007 3005 scriptorum
1054 2936 1486 2993 taciturnitatem
1524 2937 1758 2996 Dallazus

155 3026 439 3082 transivit.
472 3025 579 3082 Sed
611 3027 814 3083 frustra
852 3029 944 3084 ille
987 3029 1180 3084 eodem
1213 3044 1429 3100 semper
1467 3045 1760 3103 argumen-

154 3124 335 3170 torum
372 3132 575 3188 genere
602 3134 875 3190 pugnans,
899 3120 1187 3191 caliginem
1238 3122 1605 3192 tenebrasque
1635 3122 1758 3180 illas
1784 3131 1828 3192 α

154 3209 446 3265 oﬂ‘undere
496 3220 745 3276 conatur,
792 3228 930 3283 quas
976 3213 1101 3268 luce
1148 3228 1247 3269 sua
1296 3212 1448 3283 fugat
1488 3215 1753 3286 Ignatius.

152 3298 340 3356 Primo
376 3300 530 3356 enim
567 3299 802 3358 Dallzeus
838 3301 1206 3373 Epiphanium
1232 3304 1332 3360 bas
1362 3305 1569 3359 litteras
1599 3305 1757 3376 igno-

151 3408 305 3448 rasse
338 3412 354 3448 :
402 3411 422 3445 ι
457 3392 589 3461 Aut,
630 3412 649 3445 ι
685 3403 740 3448 ιιι
780 3394 894 3465 ipse
929 3396 1194 3467 loquitur,
1232 3415 1251 3448 ς
1287 3396 1432 3466 quod
1463 3412 1596 3454 vero
1623 3413 1756 3469 pro-

147 3484 275 3555 pius
332 3485 581 3553 videtur,
629 3487 1027 3557 contempsisse
1076 3489 1224 3544 velut
1276 3488 1470 3552 ﬁctas,
1516 3506 1534 3542 ι
1571 3503 1636 3544 ex
1686 3504 1754 3547 eo

148 3577 390 3647 probare
426 3593 491 3634 se
521 3593 685 3648 posse
728 3578 1048 3647 arbitratur,
1080 3580 1228 3650 quod
1271 3581 1368 3636 ubi
1414 3580 1754 3653 Epiphanius

148 3668 449 3726 adversum
492 3669 640 3725 Aerii
692 3670 758 3726 de
808 3671 1252 3744 presbyterorum
1306 3687 1433 3728 cum
1478 3674 1752 3745 episcopis

146 3763 466 3832 aequalitate
507 3776 724 3817 errores
767 3762 1011 3833 disputat
1041 3764 1107 3832 ³⁷,
1137 3764 1332 3819 nullibi
1371 3780 1614 3835 unquam
1650 3766 1750 3822 has

148 3856 465 3912 laudaverit
496 3857 689 3927 lgnatii
720 3857 969 3913 litteras:
1003 3876 1023 3911 ί
1061 3857 1302 3924 Quibus,
1335 3876 1355 3909 ι
1386 3857 1563 3929 inquit
1605 3859 1749 3920 idem

147 3948 389 4003 Datianus
417 3948 488 4014 ³⁸,
524 3965 542 3999 ι
580 3948 718 4002 nihil
755 3958 842 4005 est
882 3948 937 4003 in
979 3957 1092 4004 tota
1123 3950 1450 4020 antiquitate
1482 3952 1749 4009 adversus

148 4036 295 4097 illam
329 4041 485 4095 Aet-ii
511 4042 825 4112 opinionem
867 4040 1147 4098 disertius.
1189 4062 1207 4095 ι
1245 4042 1350 4099 Sed
1380 4053 1591 4111 contra,
1623 4061 1748 4101 cer-

145 4142 259 4189 tum
289 4143 381 4190 est
410 4132 780 4203 Epiphanium
827 4133 944 4188 hac
979 4133 1268 4203 scripsisse
1300 4144 1424 4204 post
1445 4136 1743 4207 vulgatam,

143 4241 310 4296 quam
344 4226 441 4281 ille
478 4225 667 4295 procul
712 4225 879 4280 dubio
920 4226 1144 4296 legerat,
1176 4225 1397 4282 Eusebii
1440 4228 1744 4299 historiam,

146 4320 200 4374 in
249 4333 363 4389 qua
402 4329 518 4372 tam
571 4317 874 4372 honoriﬁca
915 4318 1108 4373 barum
1154 4316 1345 4389 lgnatii
1385 4319 1742 4390 epistolarum

145 4410 355 4467 mentio
384 4409 637 4465 habetur.
671 4408 791 4464 Non
828 4419 1126 4481 potuerunt
1161 4425 1293 4481 ergo
1329 4412 1405 4466 illi
1435 4427 1558 4468 esse
1589 4412 1744 4468 inco-

1873 1908 2012 1963 nihil
2043 1909 2161 1965 sine
2206 1911 2463 1980 episcOpo
2504 1910 2743 1980 operari.
2780 1930 2799 1963 ι
2828 1909 3032 1966 Verum
3069 1911 3116 1968 si
3144 1928 3233 1967 res
3280 1913 3355 1967 ita
3407 1929 3469 1969 se

1872 1998 2092 2068 habeat,
2117 2010 2264 2057 certe
2295 2001 2635 2072 Epiphanius
2664 2004 2909 2057 omnium
2935 2003 3223 2059 hominum
3256 2005 3465 2074 impru-

1871 2091 2251 2161 dentissimus,
2281 2093 2377 2149 ubi
2407 2102 2599 2150 contra
2623 2093 3009 2165 episcoporum
3058 2110 3171 2166 prae
3210 2096 3333 2151 aliis
3360 2095 3466 2151 Ec-

1869 2185 2052 2241 clesia:
2083 2186 2352 2243 ministris
2383 2187 2762 2242 excellentiam
2786 2187 3049 2258 disputat,
3087 2188 3253 2244 Aerio
3293 2189 3464 2260 jugu-

1871 2275 1985 2332 lum
2032 2276 2149 2348 ipse
2188 2277 2441 2348 praebuit.
2493 2277 2652 2345 Quod
2712 2294 2845 2335 sane
2889 2293 3013 2334 cum
3052 2279 3159 2335 dici
3204 2287 3462 2350 nequeat,

1867 2384 2046 2441 neque
2068 2370 2234 2425 etiam
2265 2370 2373 2426 dici
2397 2378 2578 2441 potest
2597 2386 2723 2426 eum
2749 2370 3039 2442 scripsisse
3059 2372 3288 2442 aliquid,
3312 2372 3462 2442 quod

1869 2476 1991 2518 cum
2014 2461 2207 2533 lgnatii
2240 2464 2415 2518 nostri
2437 2464 2684 2534 epistolis
2706 2464 2934 2518 omnino
2957 2477 3071 2518 non
3105 2473 3372 2534 congruat
3406 2473 3466 2520 et

1867 2553 2181 2610 concordet.
2229 2553 2297 2608 Et
2326 2570 2458 2610 vero
2509 2556 2565 2610 in
2601 2571 2667 2612 eo
2709 2555 2803 2626 qui
2834 2557 2995 2612 nobis
3025 2555 3285 2625 objicitur
3312 2558 3459 2625 loco,

1863 2644 2204 2716 Epiphanius
2245 2646 2477 2717 objectis
2504 2648 2574 2703 ab
2608 2648 2774 2702 Aerio
2811 2645 2969 2704 Pauli
2990 2647 3194 2714 verbis,
3225 2662 3459 2719 respon-

1862 2738 1955 2793 det
1976 2738 2052 2794 ibi
2078 2738 2401 2809 Apostolum
2449 2740 2518 2796 de
2555 2740 2624 2795 iis
2654 2754 2964 2796 sermonem
3001 2739 3313 2806 instituere,
3337 2756 3461 2809 quae

1861 2828 2022 2886 initio
2068 2832 2349 2888 nascentis
2404 2830 2665 2888 Ecclesiae
2711 2832 3037 2904 agebantur,
3078 2848 3189 2903 quo
3235 2833 3457 2903 quidem

1860 2928 2107 2991 tempore
2126 2937 2250 2977 cum
2282 2923 2525 2978 nondum
2554 2924 2756 2993 ubique
2784 2922 2951 2978 creati
2975 2932 3162 2979 essent
3184 2925 3455 2995 episcopi,

1859 3020 1976 3081 tum
2010 3028 2043 3068 a
2070 3013 2403 3085 presbyteris
2430 3014 2514 3070 vel
2546 3013 2795 3070 diaconis
2823 3015 3196 3071 ecclesiastica
3236 3017 3455 3088 negotia

1859 3106 2132 3177 implenda
2169 3115 2326 3163 erant
2371 3114 2427 3162 et
2468 3107 2920 3163 administranda.
2966 3108 3037 3163 At
3088 3106 3331 3179 Ignatius
3377 3110 3448 3165 ab

1857 3195 2151 3267 episcopis,
2179 3211 2420 3266 quorum
2445 3212 2710 3252 numerus
2735 3213 2833 3252 sua
2860 3205 3018 3252 aetate
3040 3198 3240 3253 mirum
3262 3198 3316 3251 in
3340 3214 3455 3253 mo-

1855 3285 1985 3341 dum
2024 3296 2289 3357 creverat,
2319 3288 2508 3343 eadem
2558 3289 2777 3358 negotia
2822 3290 2995 3345 voluit
3042 3290 3452 3349 administrari.

1855 3375 2014 3442 Quod
2043 3379 2262 3449 quidem
2311 3381 2507 3435 nullibi
2554 3397 2800 3452 unquam
2841 3383 3059 3454 negavit
3082 3382 3444 3455 Epiphanius.

1853 3467 2014 3524 Nulla
2052 3470 2217 3541 igitur
2248 3469 2390 3526 inter
2438 3487 2536 3529 eos
2584 3473 2860 3530 discordia
2906 3490 3085 3546 neque
3120 3492 3324 3547 pugna,
3353 3477 3450 3533 sed

1823 3594 1828 3618 ι
1860 3576 2075 3619 summa
2112 3562 2399 3635 utriusque
2425 3565 2744 3623 consensio.

1925 3677 2054 3753 5H.
2089 3678 2238 3736 Num
2282 3683 2754 3769 epistoliclgnatii
2796 3685 3129 3745 Tertulliano
3177 3689 3376 3760 fuerint

2510 3766 2811 3826 incognitae.

1921 3841 2088 3901 Plura
2117 3844 2185 3901 de
2203 3843 2538 3903 Tertulliano
2568 3850 2815 3921 congerit
2844 3848 3079 3909 Dallaeus
3106 3852 3175 3921 ³⁸,
3200 3861 3367 3924 atque
3392 3854 3445 3910 ei

1849 3932 2065 4005 ignotas
2091 3935 2261 3994 fuisse
2288 3937 2482 4009 lgnatii
2508 3940 2770 4010 epistolas
2798 3950 3039 4012 quatuor
3067 3943 3321 4002 adductis
3347 3960 3440 4002 ra-

1848 4027 2092 4085 tionibus
2136 4030 2371 4100 probare
2415 4030 2631 4087 nititur.
2666 4032 2719 4088 1.
2763 4033 2821 4089 Si
2850 4032 3221 4092 Tertullianus
3247 4052 3343 4094 eas
3370 4038 3443 4094 ab

1847 4118 2058 4193 Ignatio
2082 4122 2398 4178 rescivisset
2418 4139 2543 4181 esse
2570 4124 2826 4195 scriptas,
2859 4135 3051 4183 contra
3083 4130 3257 4184 sancti
3289 4146 3442 4186 mar-

1848 4215 1986 4285 tyris
2031 4214 2364 4285 doctrinam,
2409 4234 2428 4269 c
2463 4218 2583 4273 sine
2632 4219 2907 4290 episcopis
2957 4231 3013 4277 et
3048 4222 3298 4279 diaconis
3340 4224 3444 4281 Ec-

1846 4306 2071 4363 clesiam
2096 4322 2205 4364 non
2232 4308 2438 4377 vocari,
2476 4328 2495 4361 ›
2533 4309 2669 4364 illud
2709 4310 2900 4380 utique
2935 4328 3046 4367 non
3075 4315 3388 4383 scripsisset
3419 4336 3433 4371 :

1854 4418 1873 4450 ι
1906 4398 2008 4456 Ubi
2035 4408 2167 4468 tres,
2212 4399 2457 4457 Ecclesia
2486 4411 2589 4469 est,
2631 4403 2758 4461 licet
2797 4405 2923 4461 laici
2954 4406 3019 4464 ³¹.
3052 4424 3071 4458 ι
3102 4407 3157 4460 2.
3201 4406 3299 4462 Ubi
3343 4424 3440 4465 eos

144 4504 327 4572 gnitaa.
359 4501 535 4557 Porro
575 4503 620 4557 si
659 4516 755 4557 eas
802 4478 975 4568 novit,
1026 4512 1192 4573 atque
1230 4478 1305 4559 ab
1340 4501 1550 4575 lgnatio
1576 4505 1739 4561 sicuti
1771 4478 1815 4534 D
1844 4507 1876 4547 ³
1917 4491 2119 4561 ﬁnibus
2167 4491 2437 4550 ι’θῖυῑθῑυδ
2493 4504 2577 4550 εει
2622 4496 2977 4567 Valenlinus.
3018 4508 3306 4555 enumerat
3355 4502 3436 4567 ”,

144 4593 439 4661 Eusebius,
472 4594 709 4664 scriptas
743 4593 994 4660 credidit,
1032 4596 1219 4653 nullus
1263 4610 1397 4652 sane
1447 4597 1738 4655 dubitandi

144 4686 295 4743 locus
336 4695 423 4742 est
451 4686 716 4742 eximium
749 4686 887 4741 tanti
934 4688 1193 4760 martyris
1241 4702 1382 4758 opus
1416 4689 1487 4744 ab
1523 4705 1591 4745 eo
1629 4706 1738 4746 non

144 4780 307 4836 modo
346 4795 457 4834 non
488 4787 735 4849 spretum
756 4818 773 4846 ,
824 4778 919 4833 sed
952 4794 1016 4833 ea
1042 4780 1205 4834 etiam
1232 4796 1355 4850 qua:
1390 4782 1741 4839 sanctissimo

142 4872 259 4937 viro
288 4869 616 4938 debebatur,
644 4871 995 4928 veneratione
1024 4880 1362 4943 susceptum.

208 4966 298 5034 At,
331 4965 577 5037 inquies,
615 4980 718 5020 cur
742 4965 833 5021 ille
857 4965 1123 5021 adversus
1149 4965 1371 5021 Aerinm
1398 4981 1591 5021 earum
1632 4980 1738 5022 au-

139 5059 393 5114 ctoritate
439 5072 549 5113 non
600 5058 811 5113 utitur?
843 5058 955 5112 Cur
989 5058 1178 5124 etiam,
1221 5058 1504 5129 inquimus
1529 5068 1583 5114 et
1611 5074 1734 5127 nos,

139 5150 409 5205 adversus
452 5148 591 5204 alias
618 5148 856 5204 btereses
886 5157 968 5203 tot
1005 5147 1230 5203 Patrum
1262 5149 1504 5219 scriptis,
1535 5150 1735 5219 quibus

1847 4599 2043 4654 nempe
2079 4582 2355 4643 Iustinum
2386 4586 2772 4658 philosophum
2800 4599 2855 4646 et
2881 4599 3201 4661 martyrem,
3234 4591 3437 4648 Miltia—

1844 4676 1991 4743 dem,
2016 4676 2278 4734 Irenaeum
2310 4688 2364 4735 et
2395 4679 2711 4751 Proculum,
2744 4684 2950 4738 nullam
2988 4684 3055 4741 de
3091 4685 3318 4756 lgnatio,
3350 4687 3438 4744 his

1846 4771 2104 4829 omnibus
2131 4773 2463 4842 antiquiore,
2494 4776 2825 4832 mentionem
2875 4776 3027 4833 facit.
3057 4777 3112 4834 '5.
3142 4779 3356 4845 Quibus
3380 4781 3436 4837 in

1844 4863 1984 4920 locis
2028 4864 2407 4923 vehementius
2450 4867 2694 4938 disputat
2738 4878 2929 4925 contra
2980 4870 3312 4927 Marcionem
3366 4875 3434 4939 ³³,

1843 4957 2005 5028 eique
2053 4974 2123 5014 ex
2158 4958 2370 5016 Joanne
2418 4962 2669 5031 apostolo
2712 4964 2951 5018 ostendit
2979 4982 2997 5016 ι
3030 4979 3353 5035 praecoquos
3381 4975 3436 5021 et

1844 5051 2126 5107 abortivus
2180 5053 2586 5123 quodammodo
2646 5053 2993 5113 Marcionitas
3072 5056 3287 5122 fuisse,
3337 5059 3433 5128 qni

1839 5138 2121 5196 Christum
2154 5142 2479 5215 phantasma
2521 5160 2646 5199 cum
2673 5145 2767 5200 illo
2794 5145 3193 5214 vindicarent,»
3244 5148 3317 5203 ibi
3347 5149 3432 5204 al-

137 5240 497 5297 etefnnditus
527 5240 933 5305 evertebantur,
963 5240 1370 5310 praetermissis,
1400 5251 1510 5295 tam
1539 5242 1732 5310 paucis
1835 5233 2114 5289 liSSimum
2189 5234 2257 5289 de
2313 5234 2524 5305 lgnalio
2584 5237 2903 5305 silentium;
2952 5240 3054 5293 etsi
3095 5258 3113 5291 ε
3161 5256 3324 5294 nemo
3373 5242 3429 5296 in

138 5331 371 5401 ipsemet
402 5347 538 5387 usus
567 5331 681 5386 est?
708 5329 966 5401 Nunquid
993 5346 1057 5386 ea
1088 5346 1212 5401 quae
1245 5331 1523 5397 omiserat,
1548 5331 1728 5401 ignota

137 5421 350 5485 habuit,
381 5430 481 5476 aut
518 5421 847 5492 contempsit
875 5422 1041 5476 veluti
1073 5422 1195 5477 ﬁcta
1229 5432 1286 5477 et
1313 5423 1726 5477 commentitia?

134 5510 361 5569 Minime
395 5513 663 5585 gentium.
696 5511 822 5567 Ideo
864 5512 1032 5584 igitur
1075 5529 1251 5584 neque
1292 5511 1482 5584 lgnatii
1515 5514 1721 5583 episto-

203 5701 249 5733 "’
285 5701 485 5756 han-es.
523 5699 610 5752 75.
690 5698 737 5731 ’⁸
771 5714 889 5768 cap.
948 5698 998 5761 7,
1026 5715 1079 5768 p.
1112 5697 1238 5753 ‘276.
1346 5701 1388 5732 ”
1450 5698 1578 5752 Ibid.

136 5785 255 5835 cap.
299 5771 354 5827 7.
434 5772 479 5803 ³²
515 5769 633 5824 Lib.
667 5768 820 5825 Cant.
859 5768 1092 5835 Vu'cnt.,
1121 5783 1240 5839 cap.
1268 5769 1316 5823 5.

1682 5700 1726 5730 ³⁰
1780 5713 1897 5766 cap.
1954 5700 1986 5749 8
2005 5738 2018 5759 ,

1402 5768 1445 5798 ³³
1481 5768 1575 5821 lib.
1608 5781 1668 5821 III
1720 5766 1922 5822 Contra
1953 5767 2235 5834 Mutuom,
2272 5783 2390 5836 cap.
2432 5768 2484 5822 (ἱ.

1833 5326 2013 5397 primo
2034 5326 2126 5381 illo
2142 5326 2568 5384 Christianismo
2595 5345 2774 5400 neque
2798 5331 3019 5401 saepius,
3046 5347 3223 5402 neque
3245 5334 3430 5390 acrius

1831 5418 2208 5491 phantasticos
2231 5419 2353 5474 illos
2382 5420 2699 5491 exagitavit.
2736 5439 2755 5473 ι
2792 5423 2845 5476 4.
2876 5422 3246 5477 Tertullianus
3274 5422 3434 5478 Mon-

1832 5512 2033 5566 tanista
2083 5509 2261 5568 factus
2318 5520 2510 5568 contra
2566 5511 2755 5584 lgnatii
2810 5515 3138 5570 sententiam
3190 5514 3353 5570 docet
3383 5517 3430 5548 "

2100 5712 2151 5765 [ι.
2223 5696 2321 5761 77,
2380 5707 2435 5751 et
2511 5714 2622 5800 seq.
2668 5769 2676 5779 _
2726 5698 2764 5729 ³¹
2809 5697 2879 5751 De
2918 5699 3182 5780 abortat.
3234 5701 3419 5755 cauit.

2109 5782 2235 5822 10"..
2272 5783 2390 5822 eno.
2432 5768 2484 5822 (ἱ.
2566 5769 2583 5799 ³
2645 5768 2737 5822 ili).
2774 5767 2845 5822 Dc
2874 5771 3099 5822 nudam.

2666 5786 2717 5822 ΙΙ)

2728 5809 2737 5819 .
2774 5767 2845 5822 Dc
2872 5771 3099 5838 pudicit.
