3852 6206
347 5687 377 5739 ι

405 5798 421 5812 ,
505 5755 551 5788 ³⁸
583 5754 692 5812 ioc.
725 5755 821 5812 cit.
895 5762 938 5794 ³⁵
959 5757 1093 5814 ibid.

415 327 515 384 5H

1472 317 1532 375 S.
1573 316 1923 375 lGNATlUS.
1965 346 2032 357 —-
2070 313 2615 374 PROLEGOIIENA.

3572 313 3678 370 512

422 467 442 499 ι
481 460 673 502 omnes
701 453 826 516 post
853 445 1184 517 baptismum
1215 444 1420 514 lapsos,
1459 459 1478 494 ι
1520 441 1588 496 ad
1616 441 1992 512 paenitentiam
2019 445 2071 502 Α
2094 438 2292 495 eodem
2323 437 2577 509 apostolo
2603 437 2892 494 damnatos
2926 435 3100 492 fuisse
3147 433 3500 492 ostenderet?
3525 430 3678 488 Nun-

416 537 680 608 agendam
717 552 826 591 non
863 538 1251 593 admittendos.
1301 534 1599 592 Orthodoxi
1638 548 1860 603 quoque
1901 533 1998 604 qui

417 628 616 684 ibidem
647 626 943 699 Scriptum
971 645 1162 696 sacrae,
1192 639 1247 685 et
1274 631 1402 686 libri
1449 628 1663 684 Hermte
1700 627 1998 682 auctorita-

417 729 525 776 tem
561 722 664 792 ipsi
687 730 987 793 opponunt,
1014 739 1083 778 ne
1111 739 1279 778 unum
1303 722 1520 794 quidem
1551 723 1618 777 de
1645 720 1856 792 lgnatio
1876 735 1999 774 ver-

416 814 548 869 bum
585 813 806 869 habent.
837 813 916 868 Ex
946 815 1146 884 quibus
1202 813 1365 869 infert
1410 813 1644 869 Dallzeus
1689 822 1744 867 et
1775 811 1998 866 Tertul-

417 906 566 962 liano
595 907 852 962 haaretico
869 905 1234 964 etCatholicis
1263 907 1518 964 omnibus
1548 906 1777 962 latuisse
1803 904 2001 978 lgnatii

417 1001 699 1058 epistolas.

491 1019 699 1057 lSlOlaS.

453 1019 599 1146 pSed
629 1092 745 1146 haec
777 1089 1014 1145 futilium
1037 1090 1395 1160 inaniumque
1414 1087 1690 1143 rationum
1721 1087 1892 1143 series
1917 1093 2003 1142 est

417 1192 473 1238 et
517 1183 922 1238 concatenatio.
972 1183 1281 1238 Salmasius
1332 1183 1645 1247 enimvero,
1687 1179 2000 1234 Blondellus

418 1284 584 1345 atque
623 1275 956 1342 Albertinus,
981 1275 1226 1345 ejusdem
1261 1290 1387 1330 cum
1437 1273 1641 1328 Dallaeo
1666 1272 2002 1327 Calvinianaa

421 1367 696 1424 haereseos
743 1375 1071 1434 sectatores,
1112 1366 1214 1422 has
1257 1365 1466 1422 litteras
1514 1373 1640 1420 ante
1680 1363 2001 1419 Tertulliani

421 1465 634 1516 aetatem
667 1461 901 1530 scriptas
924 1475 1046 1516 esse
1085 1459 1375 1514 afﬁrmant.
1418 1456 1578 1514 Prius
1605 1472 1735 1528 ergo
1768 1455 2002 1512 Dallzeus

422 1553 564 1608 hanc
589 1552 858 1609 sodalium
880 1567 1107 1608 suorum
1136 1550 1324 1607 debuit
1344 1548 1628 1605 confutare
1651 1548 2000 1620 Opinionem;

421 1647 622 1716 quippe
654 1661 761 1716 qua
799 1654 1000 1709 stante,
1045 1645 1146 1699 has
1190 1643 1384 1715 lgnatii
1411 1643 1695 1713 epistolas,
1725 1657 1847 1712 qua
1876 1658 2000 1697 cum

421 1739 682 1794 omnibus
718 1737 1289 1803 communicabantur,
1337 1737 1391 1791 in
1443 1753 1639 1793 manus
1681 1735 2001 1792 Tertulliani

421 1831 708 1903 pervenire
739 1831 984 1902 potuisse
1009 1829 1168 1886 facile
1195 1830 1484 1886 evincitur.

493 1921 576 1978 Ad
604 1922 788 1978 Dallaei
823 1931 1005 1978 autem
1052 1923 1294 1976 rationes
1324 1922 1552 1994 gradum
1604 1931 1667 1978 ut
1704 1921 1998 1990 faciamus,

422 2015 547 2086 quis
577 2017 809 2085 primam
853 2029 962 2070 non
988 2014 1169 2070 videat
1198 2015 1404 2069 nullam
1438 2029 1561 2070 esse
1590 2024 1644 2069 et
1675 2015 1960 2070 ridiculam
1985 2033 1998 2069 :

421 2105 865 2177 quandoquidem
887 2105 1254 2162 Tertullianus
1273 2105 1726 2161 Montanistarum
1751 2107 2002 2162 haeresim

417 2198 531 2270 jam
545 2207 658 2253 tum
681 2199 1019 2269 amplexatus
1032 2209 1166 2266 erat,
1182 2215 1304 2254 cum
1326 2199 1565 2270 scripsit:
1583 2219 1600 2251 ι
1627 2197 1732 2255 Sed
1755 2199 1843 2255 ubi
1871 2209 2005 2267 tres,

424 2289 668 2346 Ecclesia
715 2300 820 2358 est,
861 2291 988 2346 licet
1036 2291 1228 2346 laici.»
1260 2291 1402 2358 Quid
1465 2291 1634 2362 igitur
1682 2293 1908 2357 mirum,
1955 2294 2002 2349 si

424 2382 594 2438 homo
643 2383 967 2448 haereticus,
1017 2383 1110 2453 qui
1156 2383 1438 2453 oppositos
1480 2398 1648 2438 sacrae
1709 2383 2005 2454 Scriptum

421 2487 640 2529 errores
659 2473 858 2541 docet,
890 2483 1079 2529 contra
1132 2475 1492 2530 orthodoxam
1552 2474 1746 2546 lgnatii
1797 2476 2004 2531 doctri-

423 2580 550 2621 nam
583 2565 788 2621 scribat
829 2574 884 2620 et
913 2564 1420 2636 loquatur?Nonne
1473 2567 1673 2637 potiori
1713 2566 1838 2636 jure
1876 2567 2004 2636 quis

424 2654 499 2710 ita
527 2656 1045 2725 argumentaretur?
1076 2654 1446 2711 Tertullianus
1487 2656 1789 2712 catholicus
1813 2656 2002 2711 eadem

424 2763 490 2804 ac
516 2747 757 2818 lgnatius
779 2747 846 2803 de
872 2746 1117 2803 Ecclesia
1141 2747 1383 2818 scripsit.
1417 2747 1560 2817 Ergo
1586 2746 1778 2818 lgnatii
1800 2747 2005 2818 episto-

422 2838 490 2895 la:
512 2838 853 2895 Tertulliano
881 2855 989 2896 non
1013 2838 1240 2895 fuerunt
1261 2840 1570 2911 incognitae.

494 2950 577 3007 Ad
605 2951 900 3007 secundam
931 2950 1117 3006 Dailaei
1154 2951 1422 3007 rationem
1455 2951 1846 3020 respondemus
1872 2949 2003 3006 Ter-

423 3042 656 3098 tulliano
688 3041 866 3097 visum
891 3056 1013 3097 esse
1031 3084 1045 3108 ,
1070 3051 1130 3097 ut
1160 3041 1356 3097 horum
1385 3057 1523 3112 quos
1548 3042 1732 3097 citavit
1754 3040 1999 3110 Patrum,

424 3149 534 3189 non
565 3133 804 3204 plurium
857 3133 1178 3188 auctoritate
1221 3142 1409 3188 contra
1459 3130 1869 3188 Valentinianus
1905 3134 2002 3189 de-
2027 3139 2070 3197 C

424 3233 680 3280 certaret.
710 3222 820 3280 Nec
861 3238 994 3279 sane
1024 3223 1221 3278 Dallaeo
1243 3223 1329 3279 vel
1371 3224 1463 3278 ulli
1510 3223 1598 3295 jus
1628 3233 1712 3280 est
1740 3241 1864 3281 cum
1895 3241 1996 3280 au-

425 3329 577 3375 ctore
611 3318 796 3386 aliquo
817 3317 1195 3387 expostulare,
1223 3333 1322 3373 cur
1375 3331 1484 3372 non
1526 3317 1774 3386 pluribus
1803 3319 1996 3384 armis,

422 3411 509 3469 vel
545 3410 738 3483 majori
780 3410 1064 3466 hominum
1113 3409 1464 3465 multitudine
1500 3423 1624 3464 cum
1673 3408 2003 3468 adversariis

426 3505 832 3574 congrediatur,
863 3502 946 3560 cui
978 3502 1114 3568 hate,
1147 3501 1349 3575 quibus
1392 3500 1584 3568 utitur,
1601 3502 1670 3557 ad
1698 3518 2008 3576 expugnan-

426 3596 528 3652 dos
579 3597 764 3651 hostes
811 3609 943 3650 suos
972 3593 1268 3650 sufficiunt.
1299 3591 1673 3648 Tertullianus
1696 3602 1877 3648 autem
1906 3609 2004 3651 eos

428 3701 569 3758 quos
593 3685 778 3742 citavit
806 3684 997 3741 Patres
1045 3684 1113 3740 ad
1149 3684 1500 3741 debellandos
1527 3683 1802 3741 Valentini
1824 3696 2004 3744 secta-

430 3788 577 3834 tores
600 3779 702 3834 sibi
734 3778 867 3834 satis
887 3794 1159 3849 superque
1181 3793 1323 3845 esse,
1346 3794 1447 3834 nec
1475 3779 1612 3836 alios
1638 3793 1696 3834 se
1717 3779 1886 3834 citare
1906 3794 2006 3834 vo-

428 3868 598 3924 luisse
625 3883 733 3923 non
765 3868 998 3925 obscure
1019 3868 1327 3939 significat,
1355 3882 1481 3923 cum
1503 3867 1570 3922 de
1605 3868 1713 3923 illis
1748 3868 1828 3922 sic
1860 3866 2006 3922 fatur

429 3959 512 4014 ἰε
549 3977 568 4011 ι
598 3957 701 4025 Qui
741 3959 986 4028 ipsorum
1037 3958 1524 4014 hmresiarclrarum
1569 3959 2004 4028 contemporales

429 4051 870 4108 instructissimis
891 4051 1265 4107 voluminibus
1288 4060 1342 4107 et
1369 4051 1724 4122 prodiderunt
1751 4059 1807 4105 et
1831 4057 2005 4105 retu—-

428 4144 646 4199 derunt.
682 4161 700 4195 ι
734 4141 862 4197 illos
881 4143 1026 4197 enim
1063 4143 1356 4214 scriptores
1381 4153 1435 4198 et
1461 4142 1731 4198 haereticis
1755 4149 2003 4196 contem-

426 4230 664 4300 porales,
690 4239 745 4285 et
775 4245 964 4286 eorum
993 4246 1208 4287 errores
1245 4231 1685 4287 instructissimis
1712 4232 2006 4286 volumini-

428 4324 532 4379 bus
557 4322 825 4379 retudisse
852 4338 977 4378 cum
1016 4324 1185 4389 dicat,
1211 4324 1349 4380 duas
1383 4325 1577 4394 procul
1611 4323 1779 4379 dubio
1806 4339 2002 4396 sugge—

426 4416 503 4470 rit
549 4415 826 4482 rationes,
858 4415 1059 4485 quibus
1115 4415 1426 4470 testimonia
1468 4430 1658 4471 eorum
1707 4415 1811 4472 sibi
1856 4413 2005 4471 suill-

2098 530 2232 600 quid
2287 527 2454 600 igitur
2499 529 2568 584 ad
2611 528 2666 583 id
2721 529 3064 600 probandum
3109 525 3334 582 Joannis
3378 525 3680 582 auctoritas

2100 622 2436 681 Tertulliano
2461 624 2596 680 satis
2614 638 2725 678 non
2749 630 2888 689 erat,
2918 621 3027 678 nisi
3060 629 3115 677 et
3133 619 3372 692 lgnatius
3401 620 3451 675 ei
3485 621 3681 691 adjun-

2105 721 2322 784 geretur
2337 713 2361 766 ?

2170 803 2240 858 At
2268 819 2417 872 vero,
2445 804 2625 876 inquit
2644 803 2900 867 Dallazus,
2927 817 3030 858 nec
3058 801 3114 857 in
3137 801 3352 872 reliquo
3384 801 3480 857 illo
3512 816 3682 870 opere

2101 893 2475 952 Tertullianus
2504 897 2673 951 ullam
2723 895 2917 966 lgnatii
2961 893 3091 950 facit
3127 893 3480 948 mentionem.
3530 891 3678 959 Quid

2101 986 2519 1042 inde?Nullum
2562 988 2727 1044 etiam
2776 988 2943 1041 alium
2987 987 3254 1051 nominat,
3280 999 3458 1055 neque
3495 994 3680 1040 tamen

2102 1078 2309 1136 idcirco
2327 1079 2724 1135 Tertullianum
2762 1093 2928 1149 opera
2965 1079 3217 1144 aliorum,
3236 1079 3330 1149 qui
3353 1078 3498 1132 hunc
3522 1092 3680 1132 erro-

2103 1185 2217 1225 rem
2248 1168 2695 1238 antiquissimum
2745 1165 3128 1233 confutarunt,
3157 1165 3472 1236 ignorasse,
3512 1175 3685 1235 atque

2103 1259 2240 1314 adeo
2270 1259 2418 1313 nulla
2453 1272 2693 1328 unquam
2725 1255 2898 1312 fuisse
2926 1257 3251 1313 credendum
3270 1266 3372 1312 est.

2175 1349 2378 1408 Ultima
2420 1348 2605 1403 Dallaei
2647 1347 2788 1403 ratio
2830 1362 2941 1402 non
2980 1347 3205 1418 majoris
3263 1357 3348 1404 est
3395 1347 3678 1418 ponderis.

2104 1441 2478 1498 Tertullianus
2507 1440 2674 1508 enim,
2709 1453 2832 1494 cum
2861 1453 2924 1494 ea
2953 1454 3076 1508 quae
3108 1439 3443 1510 objiciuntur
3470 1440 3686 1495 scribe-

2104 1544 2226 1602 ret,
2262 1533 2549 1588 haareticus
2604 1539 2742 1599 erat,
2773 1545 2839 1586 ac
2890 1529 3144 1601 proinde,
3176 1532 3254 1586 uti
3306 1531 3419 1601 jam
3467 1532 3685 1586 monui-

2105 1642 2252 1694 mus,
2281 1623 2604 1680 catholicam
2629 1621 2822 1694 lgnatii
2852 1623 3156 1678 doctrinam
3189 1622 3293 1678 sibi
3335 1625 3561 1678 omnino
3586 1623 3686 1677 ad-

2104 1731 2321 1774 versam
2358 1716 2414 1770 in
2445 1715 2685 1770 medium
2716 1714 3121 1784 producendam
3151 1729 3272 1771 esse
3311 1731 3416 1771 non
3445 1716 3681 1786 putavit.

2031 1801 2075 1858 Β
2104 1808 2262 1876 Quod
2286 1816 2467 1863 autem
2505 1807 2573 1862 ad
2607 1807 2945 1862 orthodoxos
2989 1806 3206 1874 attinet,
3229 1816 3530 1877 potuerunt
3557 1808 3687 1877 qui-

2102 1903 2228 1958 dem
2266 1909 2457 1958 contra
2490 1899 2812 1955 Tertulliani
2841 1914 3057 1956 errores
3109 1901 3431 1956 auctoritate
3487 1900 3687 1971 lgnatii

2103 2005 2396 2062 pugnare:
2437 1989 2532 2046 sed
2583 2004 2707 2044 cum
2752 2003 2944 2044 eorum
2995 1990 3200 2060 scripta
3271 2007 3381 2048 non
3447 2001 3682 2056 exstent,

2103 2082 2243 2136 nihil
2273 2081 2378 2136 hac
2405 2081 2475 2136 de
2511 2095 2571 2135 re
2614 2095 2645 2135 a
2687 2095 2962 2150 quoquam
2996 2079 3212 2136 deliniri
3263 2089 3463 2149 potest.
3494 2078 3687 2149 Neque

2103 2174 2249 2231 enim
2279 2173 2425 2231 ullus
2457 2171 2852 2228 Tertullianum
2883 2171 3066 2230 omnia
3109 2172 3214 2227 sibi
3251 2172 3321 2227 ab
3359 2172 3685 2228 orthodoxis

2103 2265 2314 2334 objecta
2346 2263 2578 2318 fideliter
2609 2261 2891 2329 retulisse,
2924 2263 3101 2332 iisque
3143 2262 3402 2317 omnibus
3461 2278 3685 2333 respon-

2109 2357 2445 2419 disse,certo
2471 2353 2836 2408 allirmaverit.
2873 2351 2940 2407 Et
2978 2367 3037 2407 re
3087 2353 3306 2422 quidem
3361 2354 3477 2423 ipsa
3509 2369 3684 2424 pauca

2103 2448 2353 2518 quaedam
2397 2446 2570 2503 fuisse
2591 2446 2660 2502 ab
2686 2461 2755 2502 eo
2795 2446 2994 2501 selecta
3039 2461 3169 2501 vero
3203 2461 3429 2516 prorsus
3464 2447 3684 2501 videtur

2105 2540 2468 2596 simillimum.

2180 2630 2348 2703 Urget
2370 2629 2622 2695 Dallaeus,
2650 2642 2751 2684 cur
2776 2627 2866 2683 ille
2892 2626 3126 2693 liermze,
3161 2643 3270 2684 non
3313 2644 3443 2684 vero
3468 2629 3689 2700 lgnatii,

2103 2723 2294 2780 citavit
2317 2722 2516 2776 librum
2540 2721 2564 2776 ?
2584 2719 2860 2776 lnstamus
2886 2730 2940 2776 et
2957 2735 3081 2787 nos,
3099 2736 3200 2776 cur
3226 2735 3335 2775 non
3363 2721 3530 2776 etiam
3555 2722 3691 2776 alio-

2103 2830 2227 2870 rum
2251 2815 2275 2869 ?
2294 2813 2466 2870 Porro
2483 2814 2878 2884 respondemus
2907 2813 3028 2869 ideo
3056 2811 3309 2868 Hermam
3331 2813 3510 2868 abillo
3529 2815 3689 2869 citari

2103 2907 2187 2962 vel
2211 2906 2338 2977 quia
2364 2906 2486 2961 libri
2517 2905 2636 2975 ejus
2669 2904 2724 2959 in
2746 2920 2963 2961 sacrum
2984 2903 3390 2974 Scripturarum
3415 2920 3688 2960 canonem

2105 3012 2136 3050 a
2167 2995 2497 3067 quibusdam
2525 2996 3063 3062 ascribebantur,vel
3093 2997 3164 3052 ob
3185 3012 3304 3052 eam
3334 2996 3688 3065 potissimum

2105 3104 2268 3158 quam
2304 3088 2493 3143 eodem
2549 3089 2602 3142 in
2637 3087 2782 3143 libro
2821 3088 3057 3143 reddidit
3104 3089 3372 3143 rationem
3428 3088 3510 3152 ³⁷,
3555 3089 3688 3158 quia

2106 3178 2387 3250 Scriptura
2439 3188 2523 3235 est
2555 3198 2573 3231 ι
2604 3194 2728 3249 quae
2780 3179 2896 3234 sola
2929 3179 3175 3236 moechos
3225 3189 3391 3234 amat.
3429 3198 3446 3230 ι
3483 3180 3569 3234 Ab
3620 3196 3689 3234 eo

2103 3271 2304 3342 quippe
2333 3270 2400 3326 de
2423 3269 2652 3326 mmehis
2677 3278 2860 3325 utrum
2893 3269 2960 3325 ad
2992 3271 3365 3341 paenitentiam
3395 3270 3692 3325 admitten-

2101 3361 2156 3418 di
2183 3369 2389 3426 essent,
2447 3363 2678 3431 quarstio
2705 3363 3040 3417 movebatur.
3069 3358 3194 3416 Haec
3221 3377 3350 3432 ergo
3378 3361 3686 3432 Scriptura,

2103 3465 2226 3522 qua:
2262 3465 2293 3506 a
2327 3449 2667 3509 Tertulliano
2691 3452 2804 3508 sola
2831 3453 3077 3510 moechos
3100 3468 3286 3509 amare
3311 3453 3536 3521 dicitur,
3570 3458 3689 3513 sola

2105 3541 2173 3597 ab
2201 3556 2268 3597 eo
2290 3543 2499 3597 laudari
2521 3543 2729 3598 debuit.

2107 3679 2135 3752 ς
2177 3679 2267 3734 lli.
2306 3678 2450 3734 Num
2477 3679 2608 3736 Caio
2635 3681 2794 3735 etiam
2837 3690 2885 3736 et
2915 3680 3171 3752 Clementi
3204 3680 3568 3738 Alexandrino
3599 3685 3658 3739 in
3678 3713 3691 3725 -

2657 3753 2880 3821 cognita:
2908 3751 3130 3826 fuerint.

2173 3877 2307 3936 Caio
2341 3894 2558 3950 quoque
2579 3881 2796 3952 ignotas
2815 3881 2984 3938 fuisse
3006 3879 3200 3954 lgnatii
3225 3883 3399 3937 nostri
3421 3883 3695 3954 epistolas

2104 3979 2165 4025 ut
2193 3971 2444 4041 probaret
2487 3970 2751 4039 Dallzeus,
2792 3974 3021 4043 protulit
3051 3974 3096 4006 ³⁸
3135 3973 3376 4042 ejusdem
3414 3975 3538 4031 Caii
3586 3978 3696 4033 fra-

2103 4070 2403 4133 gmentum,
2422 4063 2491 4118 ah
2514 4063 2748 4120 Eusebio
2761 4067 3149 4136 transcriptum
3162 4068 3227 4134 ”,
3244 4068 3335 4122 ubi
3349 4083 3412 4122 ex
3442 4070 3694 4141 antiquis

2102 4151 2358 4209 Patribus
2385 4164 2578 4209 contra
2608 4155 2858 4210 haeresim
2893 4155 3228 4224 Artemouis,
3255 4158 3543 4214 Christum
3575 4176 3694 4216 me-

2103 4261 2225 4300 rum
2267 4246 2543 4301 hominem
2575 4263 2697 4302 esse
2718 4247 3018 4316 delirantis,
3033 4250 3113 4306 sic
3136 4251 3224 4305 ille
3247 4252 3492 4322 disputat
3519 4273 3534 4308 :
3564 4271 3584 4304 r
3613 4255 3697 4312 Ac

2105 4337 2338 4394 fortasse
2365 4338 2416 4394 id
2448 4339 2594 4410 quod
2627 4339 2815 4394 dicunt
2834 4341 3095 4396 credibile
3122 4342 3418 4409 videretur,
3464 4345 3576 4400 nisi
3610 4347 3698 4402 eis

2106 4427 2511 4498 refraga'rentur
2559 4429 2798 4498 primum
2844 4428 3064 4499 quidem
3103 4430 3300 4484 divinae
3360 4429 3696 4500 Scriptum,

428 4523 586 4576 cere,
616 4523 716 4564 nec
754 4507 910 4579 plura
947 4507 1242 4564 desiderari
1286 4509 1483 4564 debere
1528 4517 1713 4580 aperte
1762 4524 2007 4580 pronun-
2035 4489 2081 4544 D
2111 4489 2343 4576 fratrum
2391 4489 2754 4591 quorumdam
2811 4489 3046 4591 scripta,
3068 4520 3304 4579 Victoris
3351 4489 3517 4579 :ctate
3547 4489 3699 4582 anti;

428 4599 550 4654 tiat.

500 4689 684 4746 Tertia
707 4690 891 4746 Dallaai
921 4690 1061 4746 ratio
1092 4691 1287 4761 positis
1323 4691 1593 4748 duntaxat
1613 4703 1738 4747 ante
1753 4691 2001 4747 omnium

427 4785 618 4840 oculos
655 4783 976 4839 Tertulliani
1013 4784 1196 4840 verbis
1235 4784 1380 4840 illico
1405 4785 1728 4855 exploditur.
1756 4783 1832 4840 ita
1858 4785 2004 4840 enim

428 4875 519 4932 ille
547 4892 562 4932 :
592 4894 612 4928 ε
633 4874 876 4943 Desinat,
899 4876 1155 4945 inquit“,
1186 4891 1334 4930 nunc
1363 4876 1740 4931 haereticus....
1769 4875 2005 4934 aJudazo

428 4967 668 5024 mutuari
700 4967 1025 5039 phantasma
1048 4967 1333 5023 vindicans
1361 4967 1674 5034 Christum;
1718 4967 1826 5024 nisi
1850 4969 1998 5038 quod

427 5071 483 5118 et
507 5062 609 5116 ista
634 5058 906 5116 sententia
928 5061 1066 5117 alios
1087 5059 1310 5115 habebit
1327 5067 1582 5116 auctores
1605 5075 1927 5131 praecoques
1948 5069 2004 5116 et

427 5155 709 5211 abortivos
733 5153 1138 5224 quodammodo
1161 5152 1529 5218 Marcionitas,
1558 5169 1698 5224 quos
1720 5156 2003 5224 apostolus

427 5246 669 5302 Joannes
701 5245 1068 5300 Autichristos
1113 5245 1505 5314 pronuntiavit.
1539 5263 1558 5298 ›
1587 5245 1722 5312 Quis
1761 5247 1906 5302 enim
1934 5262 2002 5301 ex

431 5339 518 5394 his
539 5339 700 5395 facile
729 5353 837 5394 non
866 5337 1135 5406 intelligat
1181 5337 1327 5392 aliud
1355 5336 1679 5392 Tertulliani
1713 5339 2001 5394 consilium

429 5448 540 5486 non
568 5432 757 5498 fuisse,
791 5446 956 5502 quam
1005 5441 1126 5485 uta
1156 5429 1380 5485 Joannis
1421 5439 1664 5500 tempore
1719 5431 2005 5487 haereticos

431 5522 874 5580 Marcionitarurn
893 5539 1260 5595 praicursores
1277 5525 1572 5592 exstitisse,
1594 5531 1758 5594 atque
1783 5523 1905 5579 illos
1934 5525 2004 5579 ah

2111 4613 2326 4685 quiora,
2355 4629 2476 4684 quae
2503 4613 2580 4667 illi
2610 4613 2872 4670 adversus
2897 4625 3106 4686 gentes,
3132 4625 3186 4669 et
3209 4625 3400 4670 contra
3428 4618 3519 4671 sui
3552 4628 3699 4674 tem-

2109 4700 2260 4771 poris
2285 4701 2566 4756 haereticos
2583 4717 2683 4772 pro
2712 4703 2960 4759 veritatis
2979 4703 3297 4760 defensione
3323 4707 3695 4776 scripserunt,

2106 4790 2385 4847 Justinum
2420 4793 2685 4864 intelligo,
2713 4804 2769 4850 et
2802 4794 3131 4862 Miltiadem,
3159 4804 3214 4850 et
3255 4795 3580 4868 Tatianum,
3626 4817 3699 4859 ac

2107 4883 2463 4951 Clementem,
2496 4885 2741 4955 aliosque
2767 4888 3220 4958 quamplurimos,
3261 4889 3316 4943 in
3343 4905 3585 4960 quorum
3618 4894 3696 4947 li-

2103 4973 2217 5030 bris
2251 4974 2454 5029 Christi
2502 4975 2760 5033 divinitas
2815 4981 3105 5034 asseritur.
3143 4978 3281 5034 Nam
3329 4981 3525 5037 [retiari
3559 4985 3692 5053 qui—

2101 5064 2246 5132 dem,
2272 5074 2327 5119 et
2354 5064 2647 5130 Melitonis,
2679 5076 2734 5122 et
2779 5068 3116 5140 reliquorum
3166 5070 3403 5140 scripta,
3437 5074 3569 5141 quis
3602 5087 3696 5132 est

2104 5157 2200 5226 qui
2237 5157 2481 5227 ignoret,
2523 5159 2577 5214 in
2618 5162 2818 5228 quibus
2852 5161 3130 5218 Christum
3175 5160 3347 5217 Deum
3396 5167 3568 5222 simul
3621 5185 3694 5224 ac

2104 5249 2380 5304 hominem
2432 5251 3080 5326 prmdicarunt‘ttAtqui,
3123 5257 3302 5329 inquit
3336 5258 3611 5324 Dallaeus,
3637 5262 3689 5316 si

2105 5340 2271 5396 Caius
2316 5343 2574 5412 epistolas
2614 5361 2755 5415 quas
2811 5346 3178 5414 defendimus,
3222 5351 3313 5406 ubi
3361 5351 3692 5408 Artemonis

2104 5431 2330 5488 haeresis
2354 5433 2634 5503 splendide
2665 5435 3001 5505 confutatur,
3035 5440 3105 5495 ab
3145 5440 3353 5512 lgnatio
3407 5442 3692 5512 profectas

2102 5541 2224 5583 esse
2265 5529 2596 5597 rescivisset,
2636 5530 2717 5587 eis
2765 5532 2956 5602 procul
2997 5532 3166 5590 dubio
3214 5535 3534 5594 nrimumin
3581 5536 3691 5591 hoc

1185 5757 1226 5791 ³⁷
1261 5757 1353 5812 lib.
1395 5755 1464 5810 De
1490 5757 1732 5828 pudicit,
1759 5773 1880 5829 cap.
1917 5757 1999 5813 10.
2079 5760 2121 5791 ³⁸
2154 5776 2272 5830 cap.
2305 5762 2358 5828 9,
2388 5777 2509 5833 pag.
2537 5760 2662 5816 280.
2742 5761 2782 5792 ⁸³
2820 5758 3045 5825 Eusch.,
3079 5759 3172 5815 lib.
3205 5775 3256 5826 v,
3287 5773 3406 5827 cap.
3439 5755 3534 5811 28.
