3852 6206
153 317 250 373 51³

1143 311 1208 366 D.
1248 309 1540 368 NOURRII
1581 305 2066 368 DISSERTATIO.
2102 340 2172 353 -—
2210 311 2394 368 PARS
2429 311 2471 367 1.

3325 316 3431 374 514

147 438 464 507 fragmento
509 434 751 490 dedisset
805 433 1008 489 locum.
1058 431 1261 490 Verum
1309 445 1370 490 ut
1428 435 1747 490 omittamus
1775 435 1935 495 Ave!
1963 450 2151 491 errore
2178 435 2262 490 vel
2300 435 2657 506 incogitantia
2714 435 2802 490 vel
2853 433 3130 491 memoria!
3156 435 3313 506 lapsu
3363 437 3434 492 ab

143 528 341 581 Caium
396 534 692 596 postquam
752 525 837 580 lue
879 523 1074 596 lgnatii
1105 525 1387 594 epistolae,
1422 525 1582 594 juxta
1629 523 1751 578 Sal-

145 619 331 686 masii,
369 619 643 675 Blondelli
675 628 729 674 et
753 618 1043 685 Albertini,
1067 619 1408 685 utdiximus,
1433 620 1749 690 Opinionem

148 713 199 764 iu
227 711 440 782 vulgus
483 712 834 782 prodierant,
875 710 1038 766 tertio
1076 710 1332 767 ﬂoruisse
1377 712 1614 776 saeculo;
1665 726 1751 766 rc-

150 805 503 872 spondemus
549 805 653 860 hac
681 802 1154 875 argumentatione
1180 803 1318 859 nihil
1353 820 1519 875 posse
1554 805 1749 859 conﬁci

160 896 267 952 nisi
297 897 460 966 prius
475 896 669 952 Caium
700 897 768 952 ad
800 895 994 967 lgnatii
1016 894 1192 950 nostri
1220 896 1468 952 citandas
1487 897 1749 967 epistolas

155 987 494 1042 necessitate
546 988 732 1059 aliqua
781 987 1037 1043 adactum
1091 984 1265 1042 fuisse
1317 987 1744 1043 demonstretur.

149 1079 218 1133 At
247 1094 384 1134 cum
441 1078 566 1140 ille,
616 1076 810 1148 paucis
867 1073 1232 1145 scriptoribus
1281 1078 1746 1144 commemoratis,

148 1171 288 1226 alios
317 1169 763 1241 quamplurimos
791 1185 852 1226 se
876 1171 1293 1240 prmtermisisse
1315 1178 1564 1236 testetur,
1596 1170 1747 1225 nulla

147 1262 386 1315 omnino
408 1261 482 1316 ad
515 1276 612 1316 eas
638 1261 942 1318 laudandas
969 1265 1294 1321 necessitate
1315 1279 1376 1320 se
1399 1263 1746 1335 compulsum

147 1353 325 1410 fuisse
358 1354 712 1424 apertissime
733 1355 1025 1426 signiﬁcat.

215 1445 402 1501 Instat
456 1445 765 1502 Dallazanus
834 1446 1094 1503 defensor
1134 1466 1149 1503 :
1183 1446 1427 1519 lgnatius
1499 1447 1745 1502 omnium

145 1539 299 1608 quia
325 1539 466 1594 Caio
491 1546 868 1594 memorantur
894 1539 1179 1610 antiquior
1209 1549 1265 1595 et
1287 1539 1554 1595 celebrior
1584 1547 1742 1594 erat:

145 1646 281 1702 ergo
317 1630 395 1684 ab
421 1645 490 1684 eo
509 1629 700 1684 debuit
731 1631 910 1686 citari.
937 1630 1042 1688 Sed
1069 1631 1205 1688 falsa
1241 1641 1328 1687 est
1353 1647 1421 1687 ex
1441 1647 1572 1687 vero
1594 1641 1750 1688 aute-

148 1723 389 1777 cedente
435 1723 674 1778 deducta
711 1725 1128 1794 consequentia.
1184 1723 1374 1795 Neque
1407 1726 1553 1780 enim
1579 1726 1748 1782 Caius

147 1815 294 1870 dixit
325 1828 391 1869 se
418 1815 718 1884 scriptores
742 1793 990 1870 omnium
1026 1793 1369 1887 antiquiores
1395 1826 1450 1872 et
1482 1817 1750 1873 eelebrio-
1783 1793 1825 1849 Β

151 1922 240 1962 res
271 1905 627 1976 appellasse;
657 1901 752 1958 sed
774 1921 794 1955 ι
821 1903 1054 1962 fratrum
1091 1908 1462 1977 quorumdam
1522 1909 1749 1980 scripta,

163 1997 418 2053 Victoris
449 2005 614 2054 aetate
635 1997 964 2070 antiquiora.
991 2015 1011 2050 ι
1029 1997 1099 2054 At
1127 2009 1276 2054 certe
1305 1999 1431 2054 data
1461 2013 1628 2070 Opera
1657 2001 1755 2057 ad-

146 2091 289 2146 didit
327 2109 348 2142 ι
384 2089 789 2160 quorumdam;
821 2107 842 2142 ι
867 2070 938 2145 ἰιι
963 2091 1070 2147 hoc
1101 2091 1271 2146 verbo
1315 2091 1460 2154 inter
1480 2107 1578 2149 eos
1613 2109 1754 2164 quos

149 2183 374 2248 omisit,
418 2181 607 2252 plures
629 2180 803 2238 fuisse
831 2182 924 2249 iis,
952 2197 1092 2253 quos
1113 2183 1379 2250 laudavit,
1409 2185 1754 2256 antiquiores

146 2286 200 2330 et
229 2273 794 2340 celebriores,nemo
839 2273 1198 2331 inﬁciaretur.
1234 2275 1404 2332 Caius
1428 2276 1596 2348 igitur
1642 2292 1756 2332 non

150 2367 338 2438 magis
386 2365 651 2436 epistolas
689 2363 885 2436 lgnatii
922 2381 1088 2436 quam
1113 2367 1353 2424 aliorum
1377 2370 1604 2441 scripta,
1631 2385 1757 2440 quae

152 2473 271 2514 non
296 2459 518 2525 citavit,
551 2457 832 2530 ignorasse
859 2459 1128 2516 dicendus
1153 2467 1257 2516 est.

225 2571 247 2603 ι
280 2549 436 2606 Idem
462 2549 826 2620 judicandum
857 2551 926 2606 de
965 2549 1251 2608 Clemente
1295 2552 1691 2620 Alexandrino,
1730 2572 1751 2608 ι

147 2643 521 2714 prosequitur
571 2642 806 2698 Dallaaus
857 2643 926 2696 “.
983 2643 1042 2698 Si
1089 2643 1233 2699 idem
1279 2644 1639 2712 iudicandum
1690 2646 1759 2702 de

147 2735 468 2800 Clemente,
513 2734 628 2804 jam
661 2735 889 2804 ipsemet
929 2735 1166 2792 Dallaaus
1195 2751 1364 2793 causa
1397 2753 1496 2794 sua
1538 2738 1754 2794 cecidit.

153 2826 349 2897 Ipsum
384 2837 570 2882 tamen
601 2828 916 2884 audiamus.
941 2829 1032 2884 Ait
1070 2829 1256 2899 itaque
1284 2829 1619 2886 Clementem
1665 2845 1761 2886 ve-

150 2921 544 2976 tustissimum
598 2936 722 2976 esse
759 2929 815 2975 et
863 2921 1246 2977 doctissimum
1301 2923 1530 2978 secundi
1575 2923 1761 2980 seculi

151 3012 463 3083 pracipitis
509 3003 854 3082 scriptorem.
890 3009 950 3066 ld
996 3019 1052 3066 et
1099 3027 1202 3068 nos
1248 3013 1599 3069 verissimum
1639 3029 1761 3072 esse

151 3105 425 3160 dicimus.
487 3101 580 3157 Ait
612 3118 808 3159 rursus
842 3117 968 3158 eum
1015 3117 1117 3172 pro
1147 3103 1418 3160 immensa
1446 3121 1546 3160 sua
1576 3107 1762 3161 erudi-

152 3195 312 3250 tione
355 3193 634 3264 plurimos
671 3202 963 3258 auctores,
1008 3209 1134 3249 cum
1176 3197 1426 3266 gentiles,
1450 3205 1564 3252 tum
1595 3197 1758 3254 Chri-

151 3289 376 3343 stianos
404 3286 617 3357 passim
641 3284 918 3342 laudasse.
935 3285 1010 3343 De
1033 3287 1338 3359 gentilibus
1374 3288 1597 3357 quidem
1647 3304 1760 3344 non

153 3379 594 3451 refragabimur,
633 3379 729 3434 sed
757 3379 921 3450 longe
977 3379 1164 3450 plures
1209 3378 1557 3436 Christianos
1599 3379 1669 3434 ab
1693 3393 1760 3434 eo

153 3471 592 3542 prater-missos,
624 3487 792 3542 quam
821 3472 1018 3528 citatos
1047 3472 1447 3529 contendimus.
1475 3472 1759 3538 Quomodo

153 3574 345 3620 tamen
381 3579 627 3634 cumque
652 3579 712 3620 se
736 3579 824 3620 res
847 3565 1066 3631 habeat,
1091 3565 1224 3636 quid
1247 3565 1373 3620 inde
1391 3573 1580 3621 contra
1598 3565 1760 3636 lgna-

155 3658 214 3711 ιΞί
253 3657 437 3712 nostri
482 3657 780 3727 epistolas?
811 3675 828 3708 ι
865 3656 1062 3723 Certe,
1120 3657 1300 3728 inquit
1346 3646 1618 3725 Dallaeus,
1669 3657 1762 3712 ubi

158 3745 325 3800 tradit
361 3744 752 3800 haereticorum
802 3754 977 3800 sectas
1027 3745 1257 3801 Adriani
1286 3746 1520 3818 Augusti
1551 3755 1763 3818 tempo-

159 3835 315 3892 ribus
366 3837 681 3892 coalescere
731 3838 1005 3908 coepisse,
1056 3847 1400 3908 opportunus
1443 3849 1562 3895 erat
1607 3840 1763 3896 locus

157 3928 456 4000 lgnatiana
490 3931 984 3998 commemorandi,
1021 3951 1040 3984 ι
1070 3949 1306 4004 quorum
1349 3932 1424 3987 ibi
1464 3948 1533 3987 ne
1563 3933 1763 3988 memi-

157 4022 237 4076 nit
259 4023 520 4092 quidem.
551 4021 696 4090 Quid
720 4025 890 4095 ergo?
919 4023 1149 4091 Quoties
1194 4026 1445 4096 scriptori
1494 4035 1762 4097 opportu-

159 4129 264 4169 nus
323 4114 438 4168 fuit
499 4114 655 4171 locus
696 4113 980 4187 lgnatiana
1037 4118 1508 4173 commemorandi
1539 4160 1556 4186 ,
1602 4117 1763 4174 toties

159 4218 360 4258 eorum
402 4204 450 4260 si
474 4219 583 4259 non
613 4205 999 4273 meminit,nec
1023 4207 1101 4261 illi
1129 4209 1373 4279 cognita,
1392 4223 1493 4264 nec
1513 4209 1582 4264 ab
1605 4207 1764 4280 lgna-

157 4295 236 4350 tio
267 4296 489 4365 scripta
532 4311 654 4352 esse
694 4299 1184 4366 pronuntiabitur?
1227 4299 1364 4355 Mira
1410 4316 1542 4356 sane
1599 4316 1764 4371 argu-

160 4388 456 4442 mentandi
501 4387 662 4442 ratio.
693 4387 800 4444 Sed
846 4389 1154 4446 mirabilius
1186 4391 1429 4462 profecto
1443 4408 1605 4463 quem
1637 4393 1763 4450 Dal-

160 4478 298 4536 lzeus
350 4490 731 4550 Opportunum
767 4481 1034 4536 Clementi
1084 4483 1368 4555 lgnatiana
1419 4500 1756 4542 commemo-
1787 4489 1834 4546 D

160 4572 322 4627 randi
374 4571 562 4626 locum
613 4571 994 4642 assignaverit.
1024 4591 1042 4622 ι
1074 4575 1386 4646 lgnatianas
1426 4575 1705 4645 epistolas,
1729 4595 1748 4628 ι

159 4663 327 4718 verba
358 4661 552 4716 Dallzei
579 4669 729 4728 sunt,
761 4680 782 4714 ι
817 4677 932 4717 sua:
961 4663 1242 4717 traditioni
1291 4675 1656 4735 repugnantes
1710 4666 1761 4721 si

160 4755 446 4821 scivisset,
476 4753 565 4809 vel
594 4769 689 4809 eas
714 4753 1029 4818 refutasset,
1060 4755 1145 4810 vel
1169 4770 1326 4810 suam
1351 4757 1468 4824 ipse
1504 4756 1760 4811 traditio-

162 4863 290 4901 nem
327 4847 398 4901 ad
431 4861 627 4900 earum
657 4861 906 4901 normam
939 4848 1288 4903 correxisset.
1314 4867 1334 4901 ›
1359 4846 1568 4902 Novum
1600 4849 1760 4918 plane

160 4947 215 4992 et
247 4937 573 4994 inauditum
618 4939 927 5009 argumenti
980 4939 1216 5009 negativi
1254 4940 1465 5010 genus!
1498 4938 1760 5010 Nunquid

161 5038 222 5082 ut
266 5029 616 5084 sanctissimi
660 5030 894 5101 alicujus
923 5030 1209 5100 scriptoris
1256 5029 1521 5084 sententia
1546 5029 1761 5085 refella-

162 5129 273 5188 tur,
295 5123 391 5177 ille
418 5121 647 5178 nomine
681 5138 784 5178 suo
811 5122 1166 5192 appellandus
1198 5122 1326 5178 est?
1369 5120 1484 5177 Imo
1525 5131 1585 5176 ut
1630 5137 1759 5192 pru-

159 5212 391 5269 dentius
420 5214 785 5287 securiusque
809 5216 1051 5288 Ignatius
1091 5215 1489 5282 confutaretur,
1522 5213 1760 5270 celeber-

160 5305 310 5359 rimo
343 5306 502 5361 illius
527 5307 738 5361 nomini
768 5308 1102 5377 parcendum
1129 5316 1269 5363 erat.

234 5397 456 5450 Saltem
487 5394 743 5453 Clemens
781 5398 850 5453 ad
894 5396 1088 5469 lgnatii
1120 5411 1371 5451 normam
1392 5436 1408 5463 ,
1441 5401 1599 5464 urget
1631 5391 1758 5447 Dal-

163 5487 340 5555 Iasus,
389 5488 742 5544 traditionem
796 5505 952 5545 suam
1010 5489 1360 5546 correxisset.
1416 5485 1602 5556 Neque
1649 5485 1758 5540 hoc

163 5584 350 5656 magis
393 5582 794 5639 necessarium.
825 5582 1010 5641 Potuit
1038 5583 1186 5641 enim
1229 5582 1483 5640 Clemens
1527 5579 1752 5646 alicubi,

237 5763 287 5794 ’⁸
324 5775 451 5832 cap.
481 5758 538 5830 9,
577 5773 632 5830 p.
662 5757 790 5815 280.
1680 5765 1696 5793 '

1858 524 2054 596 lgnatii
2098 527 2357 596 opinione
2400 526 2672 581 recedere.
2723 524 2895 581 Porro
2945 534 3128 581 autem
3175 526 3266 582 ille
3317 527 3435 597 ipse

1857 634 2019 689 quem
2067 619 2300 674 Dallmus
2343 621 2520 673 virum
2581 634 2812 674 summa:
2861 618 3185 674 eruditionis
3238 617 3436 675 merito

1857 713 2126 775 nominat,
2154 713 2368 767 nescire
2397 727 2504 765 non
2556 719 2776 781 poterat
2815 711 2999 781 plures
3027 712 3095 765 ab
3125 711 3283 766 initio
3306 726 3434 766 nas-

1854 802 2028 857 centis
2061 801 2321 857 Ecclesia:
2364 811 2514 856 ortas
2539 802 2794 858 haereses.
2846 802 3193 872 Quapmpter
3234 802 3290 856 in
3338 801 3434 856 illo

1855 904 2190 966 opportuno,
2231 895 2392 950 sicuti
2421 896 2668 965 loquitur
2697 895 2928 950 Dallaeus
2955 937 2970 962 ,
3003 896 3126 950 loco
3155 910 3262 949 non
3287 895 3432 949 aliud

1855 987 2044 1041 animo
2072 985 2384 1041 intendebat
2409 985 2680 1064 Clemens,
2717 1001 2880 1056 quam
2921 996 2981 1040 ut
3008 1001 3104 1040 eos
3125 985 3193 1040 de
3231 986 3434 1055 quibus

1853 1079 2078 1134 disserit
2136 1077 2456 1141 hatreticos,
2503 1093 2610 1132 non
2646 1085 2839 1141 tantae,
2886 1087 3152 1148 quantum
3198 1077 3235 1131 ii
3269 1077 3434 1146 jacti-

1851 1170 2062 1235 tabant,
2084 1169 2428 1239 antiquitatis
2454 1168 2624 1224 fuisse
2651 1169 2983 1224 ostenderet.
3026 1169 3107 1222 Ad
3154 1168 3206 1222 id
3251 1177 3433 1222 autem

1854 1261 2197 1332 probandum
2226 1261 2538 1318 necessaria
2585 1276 2694 1316 non
2739 1270 2857 1316 erat
2895 1260 3087 1330 lgnatii
3120 1260 3296 1316 nostri
3343 1274 3438 1312 au-

1853 1357 2101 1412 ctoritas.

1926 1449 2105 1518 Atque
2139 1445 2231 1502 hic
2276 1445 2604 1500 terminatur
2638 1445 2954 1516 negativum
2988 1446 3430 1501 adversariorum

1853 1549 2263 1608 argumentum,
2292 1554 2324 1594 e
2350 1537 2679 1608 scriptorum
2710 1537 2778 1592 de
2828 1536 3019 1608 lgnatii
3067 1538 3315 1609 epistolis
3360 1538 3438 1594 sl-

1856 1630 2028 1685 lentio
2048 1629 2310 1700 petitum;
2361 1627 2509 1698 quod
2553 1642 2753 1698 magno
2779 1628 2999 1699 quidem
3025 1630 3314 1683 verborum
3341 1643 3438 1698 ap-

1852 1731 2071 1793 paratu,
2098 1721 2347 1792 miraque
2382 1720 2661 1775 inutilium
2708 1719 3048 1792 argutiarum
3075 1736 3274 1790 pompa
3305 1735 3438 1774 ven-

1855 1816 2032 1872 ditant
2068 1832 2080 1868 :
2117 1814 2215 1870 sed
2245 1814 2398 1869 nullo
2449 1814 2726 1868 rationum
2777 1813 3016 1882 pondere
3038 1854 3054 1880 ,
3079 1813 3229 1867 nulla
3276 1811 3438 1882 plane

1854 1905 2034 1961 valida
2064 1915 2121 1960 et
2162 1904 2321 1959 ﬁrma
2361 1903 2689 1974 probatione
2738 1910 2957 1957 tuentur
3003 1919 3069 1957 ac
3109 1902 3432 1958 defendunt.

1853 1997 1964 2054 Nos
1991 2013 2021 2053 e
2045 1995 2328 2052 contrario
2350 1996 2690 2066 argumentis
2734 1995 3184 2062 allirmativis,ab
3205 1994 3440 2064 scripto-

1855 2103 1979 2142 rum
2039 2084 2510 2141 nobilissimorum
2560 2085 2890 2140 auctoritate
2923 2083 3265 2153 desumptis,
3297 2083 3440 2138 lianc

1857 2177 2089 2248 primam
2159 2173 2512 2245 epistolarum
2565 2172 2800 2228 classem
2843 2171 3052 2243 lgnatio
3095 2181 3316 2239 nostro,
3360 2173 3437 2228 uti

1857 2269 2216 2333 arbitramur,
2245 2265 2605 2322 invictissime
2630 2265 3050 2322 vindicarimus.

2464 2398 2693 2455 CAPUT
2734 2397 2829 2454 XI.

1857 2509 2142 2551 ηοιλτυιι
2178 2509 2249 2549 ιι
2289 2508 2422 2548 IPSIS
2449 2508 2726 2547 EPISTOLIS
2764 2505 3023 2546 IGNATIUI
3059 2506 3439 2548 ANTIOCIENUI

2226 2580 2407 2620 ειιωι
2451 2580 2582 2618 VERE
2619 2579 2744 2618 εδει
2783 2577 3091 2617 ΑΠΟΤΟΒΕΠ.

2267 2670 2362 2746 ,1.
2392 2672 2636 2729 Primum
2657 2684 3048 2744 argumentum.

1931 2791 2045 2846 Has
2076 2806 2240 2864 porro
2270 2787 2466 2858 lgnatii
2513 2790 2772 2860 epistolas
2807 2803 2916 2844 non
2963 2788 3078 2844 sola
3105 2786 3441 2860 praestantis-

1860 2884 2131 2942 simorum
2162 2894 2450 2939 auctorum
2495 2881 2806 2937 testimonia
2852 2881 2958 2951 ipsi
2988 2881 3294 2936 certissime
3321 2879 3442 2934 vin-

1863 2976 2080 3042 dicant;
2112 2975 2209 3030 sed
2264 2975 2512 3045 ipsemet
2560 2973 2721 3028 etiam
2771 2973 3014 3042 epistolae
3062 2987 3121 3028 se
3156 2973 3226 3028 ab
3250 2971 3440 3028 eodem

1877 3066 2230 3123 sanctissimo
2288 3075 2531 3139 martyre
2583 3064 2818 3134 scriptas
2851 3079 2974 3120 esse
3009 3063 3187 3134 palam
3227 3073 3444 3134 aperte-

1787 3146 1833 3211 C
1864 3175 1974 3228 que
2016 3158 2398 3215 testiﬁcantur.
2441 3154 2502 3213 In
2550 3158 2621 3214 iis
2653 3158 2800 3213 enim
2848 3171 3012 3212 verus
3059 3157 3445 3228 genuinusque

1862 3251 1964 3306 viri
2017 3251 2342 3321 apostolici,
2391 3250 2578 3307 divino
2605 3249 2730 3320 igne
2772 3249 3132 3312 inﬂammati,
3163 3258 3328 3318 atque
3375 3249 3443 3303 ad

1861 3345 2186 3417 martyrium
2237 3343 2545 3400 incredibili
2609 3344 2806 3397 ardore
2870 3340 3215 3412 properantis
3270 3341 3444 3412 stylus

1863 3439 2071 3509 ubique
2123 3439 2316 3503 micat,
2368 3449 2422 3492 et
2459 3436 2530 3490 ab
2581 3435 2838 3490 omnibus
2890 3433 3048 3490 facile
3105 3434 3442 3505 agnoscitur.

1860 3530 2056 3585 Modus
2087 3530 2249 3585 etiam
2274 3530 2390 3600 ipse
2411 3543 2523 3599 quo
2550 3529 2745 3582 litterae
2773 3535 3010 3582 exaratae
3034 3534 3196 3592 sunt,
3227 3540 3444 3580 errores

1863 3623 2207 3691 haresesque
2233 3621 2286 3675 in
2316 3619 2396 3676 eis
2415 3621 2764 3690 impugnata,
2795 3616 3041 3672 doctrina
3060 3616 3174 3671 sive
3205 3631 3443 3680 morum,

1862 3714 1978 3770 sive
2025 3712 2150 3768 ﬁdei
2194 3710 2522 3767 Christianae
2567 3710 2642 3764 ibi
2686 3706 2880 3762 tradita
2911 3747 2928 3772 ,
2966 3715 3166 3762 cetera
3207 3705 3444 3775 denique

1860 3805 2046 3860 omnia
2087 3818 2196 3858 non
2235 3803 2404 3857 alium
2453 3817 2620 3871 quam
2667 3799 2845 3853 virum
2890 3797 3038 3852 inter
3068 3795 3441 3866 apostolorum

1861 3899 2159 3970 discipulos
2182 3897 2590 3953 sanctissimum
2614 3935 2630 3962 ,
2663 3895 2804 3948 inter
2833 3891 3216 3948 sanctissimos
3239 3899 3446 3960 marty-

1860 4007 1952 4048 res
2001 3989 2442 4056 celeberrimum,
2486 3989 2627 4042 inter
2673 3987 3061 4042 celeberrimos
3123 3984 3444 4054 primosque

1862 4082 2118 4138 Ecclesiae
2143 4081 2404 4152 praesules
2451 4079 2965 4150 prazstantissimum
2987 4119 3002 4142 ,
3028 4092 3140 4130 uno
3167 4076 3334 4130 verbo
3361 4076 3446 4144 ip-

1860 4181 2100 4227 summet
2125 4169 2394 4241 Ignatium
2420 4170 2727 4240 designant,
2751 4169 3147 4233 demonstrant,
3183 4165 3445 4236 produnt-

1861 4279 1970 4334 que
1996 4270 2299 4318 auctorem.
2336 4258 2391 4315 ιρι
2427 4260 2646 4330 quidem
2683 4258 2841 4326 longa
2869 4256 3188 4311 inductione
3213 4252 3445 4324 probare

1861 4371 1972 4410 non
2005 4353 2374 4423 suscepimus,
2407 4351 2554 4421 quod
2581 4349 2720 4415 sola,
2747 4363 2911 4418 quam
2943 4346 3216 4412 dedimus,
3247 4343 3442 4399 harum

1862 4447 2219 4517 epistolarum
2285 4443 2496 4514 analysi
2568 4443 2792 4513 planum
2855 4440 2916 4494 ﬁt
2972 4438 3270 4504 omnibus,
3319 4451 3443 4490 om-

1861 4552 2102 4607 mnoque
2127 4536 2500 4606 perspicuum.
2533 4531 2918 4588 Verumtamen
2947 4528 3180 4584 Dallaeus
3226 4527 3281 4581 in
3333 4526 3444 4583 illis

1858 4644 1891 4684 e
1933 4627 2209 4684 contrario
2289 4634 2567 4680 auctorem
2616 4621 2827 4693 lgnatio
2871 4621 3029 4689 longe
3079 4617 3436 4688 posteriorem

1863 4733 1987 4774 sese
2051 4715 2477 4787 deprehendisse
2508 4721 2702 4784 putat;
2733 4711 2897 4780 idque
2925 4725 3036 4764 non
3066 4709 3250 4763 minus
3275 4721 3440 4777 quam

1861 4809 2144 4880 sexaginta
2192 4807 2494 4862 rationibus
2538 4805 2775 4876 probare
2837 4810 3088 4858 conatur.
3158 4799 3264 4854 Sed
3314 4813 3440 4854 eum

1862 4902 2115 4973 plurima:
2145 4899 2214 4954 ad
2249 4897 2651 4969 lgnatianarum
2681 4893 3036 4965 epistolarum
3067 4887 3442 4958 interpolatio-

1865 5007 1984 5059 nes,
2011 4991 2097 5046 vel
2143 4989 2212 5044 ad
2260 4987 2522 5058 epistolas
2569 4983 2776 5056 lgnatio
2827 4995 3108 5053 perperam
3172 4978 3442 5049 ascripta:

1865 5085 2193 5156 pertineant,
2222 5082 2308 5138 liis
2334 5078 2747 5151 praetermissis,
2771 5076 2841 5131 ad
2861 5089 2956 5130 eas
2981 5082 3190 5128 tantum
3219 5086 3342 5142 quae
3370 5070 3440 5124 ad

1866 5176 2041 5232 solam
2084 5175 2447 5245 genuinarum
2503 5170 2651 5226 illius
2691 5169 2998 5222 litterarum
3039 5166 3272 5220 classem
3313 5177 3440 5233 spe-

1867 5275 2037 5332 ctant,
2060 5263 2505 5335 respondendum
2532 5276 2657 5318 esse
2683 5259 3034 5316 credidimus.

2206 5379 2234 5452 ς
2278 5379 2343 5434 ll.
2389 5377 2690 5432 Secundum
2721 5382 3106 5447 argumentum.

1934 5488 2137 5547 Verum
2179 5498 2304 5545 ante
2336 5488 2520 5544 omnia
2550 5501 2732 5556 opera:
2772 5485 3006 5556 pretium
3035 5490 3119 5537 est
3147 5481 3440 5537 observare

1863 5593 2055 5636 omnes
2103 5575 2286 5632 Dallzei
2328 5575 2787 5643 defensorumque
2817 5575 2936 5644 ejus
2970 5571 3306 5642 objectioues
3329 5610 3346 5638 ,
3371 5586 3436 5626 ex
