3852 6206
445 293 555 350 515

1509 289 1568 345 S.
1608 284 1962 348 lGNATlUS.
2009 315 2077 327 —
2117 284 2656 352 PROLEGOMENA.

3604 300 3709 360 5|8

443 415 515 474 iis
539 429 662 487 quae
689 429 858 488 supra
905 414 1194 473 retulimus
1216 452 1234 481 ,
1285 412 1511 470 Patrum
1559 411 1889 469 testimoniis
1912 409 2028 481 jam
2054 412 2103 472 Α
2132 419 2419 483 aeternum,
2441 433 2552 473 non
2587 435 2620 476 a
2646 421 2870 482 silentio
2903 428 3276 499 progrediens.
3307 443 3328 481 ι
3353 421 3551 482 Omnis
3583 437 3710 479 vero

442 525 568 566 esse
599 508 842 565 funditus
862 524 1108 565 eversas.
1133 507 1472 580 Polycarpus
1503 521 1761 576 namque,
1793 503 2033 560 lrenmus

441 608 498 654 et
544 597 810 671 Origenes
860 600 1003 655 nihil
1053 600 1108 655 in
1153 599 1239 654 his
1277 597 1474 654 litteris
1504 595 2031 662 animadverterunt,

441 691 591 762 quod
619 690 814 761 lgnatii
848 691 1070 760 ingenio
1091 730 1108 753 ,
1130 690 1379 745 moribus
1408 698 1462 744 et
1487 688 1632 744 aetati
1663 687 1891 743 omnino
1919 698 2032 742 non

441 794 790 855 congrueret.
827 782 884 838 Si
921 798 1052 838 vero
1079 783 1323 854 pressius
1371 789 1498 838 cum
1544 779 1876 837 adversariis
1908 793 2032 850 aga-

443 889 590 941 mus,
618 874 753 932 illud
780 875 920 930 idem
951 890 1018 930 ex
1053 874 1120 930 iis
1149 889 1272 945 quae
1297 875 1401 944 ipsi
1425 874 1709 931 verissima
1738 889 1860 930 esse
1888 888 2028 928 con-

441 967 687 1034 cedunt,
755 965 1120 1022 invictissime
1193 966 1718 1024 demonstrabimus.
1771 967 2031 1026 Fatentur

441 1060 589 1114 enim
610 1061 713 1116 has
742 1061 1005 1130 epistolas
1028 1059 1289 1127 Eusebio,
1321 1058 1644 1127 Athanasio,
1672 1059 2025 1135 Hieronymo,

443 1152 814 1221 Theodoreto,
835 1153 1071 1225 aliisque
1093 1153 1398 1209 innumeris
1424 1154 1790 1224 scriptoribus
1817 1163 1873 1210 et
1923 1169 2028 1210 no~

443 1246 686 1301 tissimas
717 1246 920 1312 fuisse,
950 1256 1006 1302 et
1032 1245 1243 1317 lgnatio
1289 1246 1604 1302 attributas.
1659 1247 1730 1301 At
1782 1247 1828 1303 si
1856 1246 1911 1301 in
1958 1246 2028 1304 iis

442 1349 553 1395 tam
581 1341 772 1412 paucis
812 1349 978 1411 atque
1021 1340 1158 1396 adeo
1202 1340 1458 1395 brevibus
1483 1340 1730 1411 epistolis
1761 1346 1933 1408 tanta,
1967 1352 2029 1398 ut

441 1434 742 1490 adversarii
790 1433 1166 1501 contendunt,
1203 1448 1326 1490 esse
1360 1433 1636 1488 rationum
1667 1449 1793 1488 cum
1833 1431 2040 1513 lgnatiia

444 1526 686 1597 ingenio,
711 1526 961 1581 moribus
1002 1533 1058 1580 et
1085 1525 1288 1580 saeculo
1317 1525 1678 1596 pugnantium
1711 1523 2024 1590 multitudo,

442 1617 560 1673 fieri
606 1633 741 1672 sane
794 1632 904 1671 non
963 1617 1142 1688 potuit
1193 1627 1254 1673 ut
1295 1631 1375 1672 eat
1407 1631 1600 1672 omnes
1629 1624 1710 1671 tot
1735 1616 1881 1671 viros
1901 1631 2028 1670 eru-

441 1710 748 1766 ditissimos
777 1751 793 1776 ,
826 1709 1211 1776 acutissimos,
1251 1709 1817 1781 diligentissimosque.
1871 1707 2025 1778 fuge-

441 1804 573 1870 rint,
604 1803 844 1873 atquein
873 1802 1094 1857 illorum
1129 1802 1343 1858 animos
1369 1801 1436 1857 de
1461 1801 1777 1858 earumdem
1817 1801 2025 1872 episto-

442 1894 620 1950 larum
674 1893 1054 1965 suppositione
1099 1908 1168 1948 ne
1211 1894 1499 1949 minimum
1530 1893 1750 1964 quidem
1790 1910 2055 1966 scrupug

443 1987 557 2042 lum
605 1987 840 2042 ullamve
885 1986 1174 2057 injecerint
1222 1985 1615 2057 suspicionem.
1668 1986 1734 2041 Et
1769 1986 2021 2057 quamvis

441 2095 636 2135 omnes
675 2079 919 2134 caecitate
945 2078 1184 2149 perculsi
1225 2077 1480 2145 fuissent,
1521 2078 1639 2134 tieri
1668 2079 1862 2135 saltem
1911 2095 2020 2134 non

442 2171 620 2242 potuit
651 2180 711 2226 ut
745 2171 1014 2226 Eusebius
1046 2171 1114 2226 ab
1136 2169 1331 2243 lgnatii
1363 2180 1606 2243 tempore
1637 2187 1744 2227 non
1777 2171 1912 2228 adeo
1935 2186 2023 2228 re-

445 2267 649 2322 motus,
675 2257 966 2314 Historiam
1000 2273 1154 2314 suam
1186 2275 1253 2314 ex
1283 2261 1522 2331 antiquis
1552 2259 1774 2316 Patrum
1805 2276 2009 2318 monu-

448 2351 649 2406 mentis
673 2350 1074 2419 concinnando,
1115 2366 1180 2409 ea
1222 2368 1329 2408 non
1368 2353 1586 2417 viderit,
1618 2369 1740 2424 quae
1769 2355 2014 2410 moribus

447 2445 717 2514 rebusque
752 2445 1006 2500 omnibus
1048 2444 1238 2515 lgnatii
1275 2455 1516 2515 tempore
1546 2446 1796 2512 usitatis,
1839 2458 2017 2503 tanto-

447 2551 577 2606 pere
625 2537 1069 2592 adversabantur.
1118 2537 1417 2594 Dicendum
1463 2539 1628 2609 igitur
1685 2541 1832 2610 quod
1890 2556 2014 2595 cum

448 2627 738 2692 Eusebius,
764 2630 966 2700 aliique
998 2645 1188 2686 omnes
1231 2632 1284 2686 in
1327 2631 1413 2688 his
1453 2632 1699 2702 epistolis
1731 2632 1867 2687 nihil
1903 2649 2013 2688 non

449 2719 788 2791 lgnatianum
819 2721 1292 2791 deprehenderint,
1326 2724 1459 2780 nihil
1484 2739 1672 2780 revera
1711 2725 1767 2781 in
1807 2725 1874 2782 iis
1892 2741 2015 2784 esse

450 2814 592 2878 quod
621 2814 689 2868 ab
720 2813 926 2884 lgnatio
957 2815 1348 2884 scriptumnon
1385 2816 1565 2874 fuerit.

1037 2940 1268 2997 CAPUT
1299 2941 1420 2998 XII.

437 3075 792 3117 ONECTIONES
818 3077 1032 3115 ωιωει
1069 3075 1139 3114 EX
1179 3073 1477 3114 ιιιειιετιοιε
1503 3074 1573 3114 ET
1597 3074 1925 3128 HERBSIBUS,
1956 3075 2021 3115 ΑΒ

581 3147 799 3186 IGNA'I'IO
830 3146 1272 3197 COIIEIORATIS,
1302 3146 1514 3185 ΡΕτΙτιΕ
1544 3147 1879 3186 εοινιῐιητυιι.

512 3247 541 3318 §
570 3245 611 3302 l.
648 3246 888 3316 Objectio
910 3261 975 3300 ea:
1005 3244 1273 3300 δαιτινηὶιὶ
1297 3246 1486 3301 hwresi
1515 3248 1680 3336 petito
1702 3245 1944 3301 solvitur.

510 3360 822 3433 Sequamur
860 3372 1039 3418 tamen
1079 3361 1360 3430 Dallaeum,
1387 3363 1617 3435 ejusque
1641 3362 2014 3433 defensorem,
2037 3346 2052 3358 ’

436 3465 601 3527 atque
654 3472 747 3511 eos
801 3456 1006 3527 ubique
1043 3457 1360 3513 aberrantes
1407 3456 1460 3510 in
1494 3456 1738 3512 veritatis
1771 3457 1936 3523 viam,
1968 3457 2016 3513 si

437 3549 555 3604 fieri
617 3551 824 3620 possit,
875 3551 1139 3606 reducere
1200 3559 1537 3621 satagamus.
1597 3550 1782 3606 Prima
1831 3551 2018 3622 itaque

437 3639 622 3696 Dallzei
677 3643 819 3695 ratio
860 3638 1169 3696 desur'nitur
1219 3657 1286 3696 ex
1326 3641 1415 3708 iis,
1443 3656 1562 3712 qua'
1589 3640 1641 3695 in
1667 3639 1860 3713 lgnatii
1900 3643 2017 3712 epi-

436 3733 597 3790 stolis
627 3742 908 3799 notantur,
939 3734 1052 3790 sive
1085 3733 1386 3790 haeresibus
1417 3735 1531 3791 sive
1566 3734 2014 3804 haereticis,un

437 3837 562 3896 post
611 3825 754 3880 illius
798 3836 1031 3880 mortem
1074 3837 1295 3882 exortos
1329 3825 1498 3881 fuisse
1524 3841 1648 3881 cum
1683 3836 1854 3896 putet,
1889 3825 2015 3882 inde

437 3914 537 3969 has
566 3915 826 3984 epistolas
856 3915 924 3968 ab
955 3914 1162 3986 lgnatio
1198 3916 1363 3971 scribi
1392 3916 1620 3971 minime
1656 3917 1899 3987 potuisse
1930 3918 2016 3971 in-

435 4005 606 4060 ducit.
647 4005 756 4061 llas
809 4017 988 4060 autem
1042 4007 1185 4062 inter
1232 4007 1466 4063 hmrescs
1509 4006 1744 4062 Dalltens
1768 4021 2014 4062 errorem

438 4096 721 4165 Saturnili,
741 4100 832 4169 qui
864 4100 1139 4154 Christum
1162 4101 1394 4170 putative
1420 4111 1628 4156 tantum
1656 4102 1822 4155 visum
1849 4101 2014 4171 fuisse

435 4191 741 4261 garriebat,
791 4191 1096 4260 impugnari
1150 4192 1347 4246 acriter
1404 4192 1756 4247 contendit".
1813 4190 2011 4247 Verum

434 4293 547 4338 tam
586 4283 800 4337 infirma
824 4293 907 4338 est
935 4283 1050 4337 hazc
1080 4282 1262 4337 Dallazi
1291 4284 1604 4353 conjectura
1625 4324 1638 4348 ,
1672 4293 1730 4338 ut
1759 4282 2013 4338 defensor

433 4377 582 4432 illius
630 4385 815 4446 aperte
845 4383 900 4432 et
939 4375 1172 4446 ingenue
1201 4375 1405 4430 dicat"
1432 4395 1445 4430 :
1475 4394 1493 4428 ‹
1515 4373 1644 4440 Quae
1665 4375 1850 4444 inillo,
1874 4376 2011 4431 isci-

2133 502 2426 565 difficultas
2474 510 2530 567 in
2577 514 2663 569 his
2709 517 2892 575 verbis
2929 521 3106 590 posita
3135 530 3246 577 est:
3271 538 3289 571 ι
3313 515 3712 574 nonasilentio

2131 598 2550 668 Progrediensza
2574 605 2673 663 οὐκ
2721 606 2832 662 ἀπὺ
2881 609 3007 680 σιγῆ
3048 607 3345 682 προελθών.
3377 607 3505 665 Haec
3535 607 3710 672 enim,

2131 685 2213 741 uti
2255 687 2412 744 aiunt
2443 689 2511 756 “,
2535 691 2702 748 verba
2739 692 2943 751 feriunt
2971 694 3340 764 Valentinum,
3368 696 3582 768 lgnatio
3615 711 3716 767 po-

2132 779 2444 848 steriorem,
2479 782 2576 853 qui
2601 797 2669 839 ex
2702 783 2831 857 Sige
2857 796 3042 842 ortum
3069 786 3256 858 Logon
3277 788 3526 844 docebat.
3555 786 3715 855 Quod

2130 869 2386 940 quidem,
2417 871 2695 945 inquiunt,
2723 891 2848 932 cum
2881 878 3065 934 nullus
3091 889 3216 934 ante
3243 894 3369 934 eum
3405 880 3718 936 somniasse

2131 974 2488 1034 memoretur,
2532 967 2665 1023 illud
2694 969 2764 1024 ab
2793 967 3000 1039 lgnatio
3045 970 3202 1042 argui
3261 971 3412 1026 nullo
3464 985 3716 1041 unquam

2129 1058 2297 1114 modo
2323 1059 2518 1128 potuit.
2549 1059 2708 1127 Quod
2758 1061 2806 1118 si
2849 1063 3183 1133 respondeas
3227 1061 3578 1118 Valentinum
3625 1079 3718 1120 er-

2129 1169 2284 1209 rores
2311 1168 2442 1210 suos
2483 1170 2515 1210 a
2543 1153 2821 1212 Gnosticis
2849 1155 3121 1223 hausisse,
3153 1158 3460 1212 concedunt
3487 1156 3717 1228 quidem

2127 1242 2484 1300 Dallaeani“:
2514 1263 2533 1297 (
2563 1246 2743 1316 ipsam
2771 1261 2954 1302 rerum
2981 1247 3176 1302 silvam
3206 1257 3372 1318 atque
3399 1247 3716 1313 materiam,

2127 1352 2194 1394 ex
2230 1353 2340 1408 qua
2377 1337 2701 1394 Valentinus
2738 1353 2838 1394 sua
2875 1339 3209 1411 composuit,
3233 1339 3348 1410 jam
3379 1339 3525 1410 apud
3554 1348 3718 1394 vetu-

2127 1431 2326 1487 stiores
2371 1432 2568 1501 partim
2613 1431 2907 1487 Gnosticos
2958 1433 3266 1500 haereticos,
3295 1433 3493 1503 partim
3539 1433 3716 1488 etiam

2126 1533 2336 1594 poetas,
2353 1532 2448 1578 aut
2471 1523 2830 1594 philosophos
2843 1523 3090 1580 ethnicos
3104 1523 3290 1580 fuisse.
3313 1543 3333 1576 ι
3362 1523 3716 1580 Sedconten-

2126 1615 2266 1671 dunt
2319 1630 2518 1670 novam
2575 1616 2817 1686 aliquam
2876 1617 3018 1672 inter
3069 1615 3362 1672 Gnosticos
3415 1624 3624 1672 sectam
3677 1629 3715 1670 a

2128 1705 2421 1764 Valentino
2465 1707 2811 1775 fabricatam,
2844 1709 3002 1780 cujus
3032 1708 3148 1764 haec
3182 1707 3493 1778 peculiaris,
3519 1721 3632 1778 qua
3677 1722 3715 1762 a

2124 1802 2336 1858 caeteris
2392 1801 2906 1869 discriminabatur,
2960 1801 3149 1872 opinio
3196 1808 3317 1856 erat
3347 1820 3363 1855 :
3396 1819 3416 1852 ι
3453 1799 3644 1873 Logon
3676 1816 3714 1857 ι

2124 1890 2252 1964 Sige
2280 1900 2460 1948 ortum
2493 1893 2575 1948 vel
2610 1893 2944 1960 immediate,
2971 1911 2991 1946 ι
3021 1901 3085 1948 ut
3118 1908 3151 1948 a
3187 1902 3360 1948 matre
3387 1892 3595 1961 tilium;
3622 1895 3715 1950 vel

2122 1985 2384 2052 mediate,
2414 2003 2433 2038 ‹
2467 1994 2530 2042 ιιι
2571 1985 2641 2040 ab
2668 1985 2793 2040 avia
2844 1995 3118 2056 nepotem.
3156 2000 3177 2038 ι
3224 1983 3401 2052 Quam
3445 1999 3581 2041 sane
3638 1985 3715 2041 ob

2122 2090 2350 2133 causam
2383 2079 2643 2146 lrenaaus,
2685 2077 2853 2134 sicuti
2881 2077 3197 2148 opinantur,
3228 2076 3532 2146 tradidit“,
3555 2096 3576 2131 ι
3595 2076 3716 2134 Va-

2122 2169 2392 2227 lentinum
2418 2179 2630 2228 veteres
2654 2171 2934 2228 doctrinas
2955 2170 3009 2226 in
3029 2170 3307 2242 proprium
3329 2170 3711 2232 characterem

2121 2261 3043 2332 transtulisse.»Deniqueaudaeter
3064 2262 3337 2318 affirmant
3363 2263 3481 2320 hac
3501 2280 3533 2319 a
3555 2264 3711 2321 Gno-

2123 2353 2392 2409 sticorum
2431 2352 2619 2424 aliquo
2660 2355 2708 2409 si
2757 2352 2962 2425 scripta
3001 2353 3133 2423 sint,
3155 2352 3308 2410 illum
3337 2352 3396 2410 in
3428 2351 3710 2413 Valentini

2123 2445 2316 2501 schola
2345 2444 2521 2502 fuisse
2543 2445 2824 2502 edoctum.

2127 2558 2155 2632 ι
2180 2560 2276 2613 ιη.
2311 2558 2550 2614 Solvitur
2573 2559 2815 2628 superior
2839 2559 3084 2632 obiectio,
3113 2575 3177 2612 ac
3201 2559 3372 2632 primo
3407 2559 3713 2632 ostenditur

2194 2632 2453 2684 incertum
2485 2646 2595 2683 esse
2629 2625 2810 2684 iurum
2846 2625 3155 2684 leentinus
3190 2625 3304 2696 post
3334 2625 3538 2700 Ignatit'
3573 2641 3712 2685 tem-

2191 2717 2323 2770 pora
2348 2717 2552 2754 errores
2581 2716 2704 2754 suos
2739 2701 3083 2755 disseminare
3110 2703 3340 2770 ceperit.

2195 2837 2373 2905 Atque
2420 2835 2524 2890 hoc
2562 2835 2898 2905 praecipuum
2946 2841 3032 2890 est
3063 2832 3504 2890 adversariorum
3538 2847 3710 2904 argu-

2123 2939 2390 2997 mentum,
2408 2930 2556 3002 quod
2579 2929 2719 2984 mira
2745 2931 3111 2986 ostentatione
3131 2927 3555 2984 invictissimum
3581 2943 3710 2986 esse

2119 3021 2395 3091 jactitant.
2446 3019 2650 3076 Verum
2699 3019 2972 3092 Moynius,
3023 3019 3274 3090 ejusdem
3314 3033 3440 3074 cum
3499 3015 3710 3075 Deliam

2045 3117 2091 3178 ο
2119 3111 2456 3167 Calvinianaz
2503 3120 2665 3167 sectae
2705 3110 2978 3177 minister,
3005 3110 3136 3166 illud
3179 3111 3316 3166 adeo
3338 3110 3459 3166 leve
3499 3125 3567 3166 ac
3599 3111 3708 3165 im-

2119 3205 2374 3261 becillum
2427 3219 2550 3261 esse
2578 3203 2877 3275 judicavit,
2906 3213 2970 3259 ut
3017 3203 3223 3259 nullam
3261 3204 3388 3260 inde
3411 3202 3706 3260 difﬁculta-

2119 3308 2227 3354 tem
2277 3297 2454 3354 creari
2483 3312 2648 3368 posse
2676 3296 2822 3352 ultro
2856 3295 3112 3352 fateatur.
3147 3294 3216 3351 Et
3238 3304 3386 3351 certe
3414 3295 3535 3350 haec
3573 3309 3679 3365 pro

2119 3391 2271 3446 batio
2299 3404 2586 3461 perperam
2641 3388 2711 3444 ab
2759 3387 2841 3445 eis
2889 3388 3190 3451 venditata,
3217 3387 3391 3442 variis
3433 3385 3705 3441 refellitur

2117 3483 2445 3547 rationibus,
2485 3494 2718 3553 quarum
2774 3495 3117 3552 unaquaeque
3180 3480 3248 3534 ad
3291 3495 3415 3535 eam
3477 3478 3706 3550 penitus

2117 3576 2501 3633 destruendam
2534 3574 2651 3630 sola
2697 3574 2916 3632 sufﬁcit.
2969 3571 3459 3628 Verumenimvero
3515 3572 3706 3628 incer-

2115 3680 2231 3725 tum
2267 3667 2446 3740 primo
2476 3675 2561 3723 est
2591 3683 2722 3722 num
2750 3664 3071 3722 Valentinus
3096 3664 3285 3737 lgnatii
3311 3673 3560 3736 tempore
3587 3681 3704 3724 non

2115 3759 2334 3825 vixerit,
2359 3765 2604 3828 tuncque
2633 3757 2860 3828 coeperit
2893 3771 3112 3812 errores
3139 3756 3504 3812 disseminare
3540 3771 3698 3811 suos.

2116 3850 2356 3904 [renatus
2405 3847 2698 3918 siquidem,
2728 3845 2823 3917 qui
2869 3844 3220 3902 Valentinum
3245 3847 3416 3918 probe
3444 3856 3698 3915 noverat,

2113 3943 2318 4013 quique
2344 3943 2458 4012 jam
2489 3942 2558 3997 ab
2586 3929 2882 3997 Eleutherii
2914 3958 3069 4013 papae
3110 3951 3288 4009 aetate,
3327 3943 3381 3998 id
3417 3952 3524 4011 est,
3550 3943 3699 4000 intra

2115 4049 2286 4090 annos
2314 4033 2418 4088 177
2454 4042 2509 4088 et
2540 4033 2663 4102 192,
2686 4033 2929 4105 ejusdem
2965 4031 3237 4088 Valentini
3274 4033 3526 4090 haeresim
3560 4050 3700 4090 con-

2114 4124 2338 4191 futarat,
2369 4126 2514 4181 deeo
2529 4125 2644 4180 haec
2668 4124 2950 4180 memoria:
2975 4124 3268 4196 prodidit"
3291 4142 3305 4178 :
3329 4143 3348 4177 ι
3370 4123 3700 4182 Valentinus

2112 4223 2261 4278 venit
2309 4221 2539 4277 Romam
2580 4222 2683 4278 sub
2729 4220 2968 4294 Hygino,
3004 4221 3234 4276 increvit
3274 4235 3405 4276 vero
3438 4220 3545 4277 sub
3566 4219 3696 4286 Pio,

2111 4325 2165 4371 et
2211 4316 2526 4386 prorogavit
2574 4321 2790 4384 tempus
2841 4328 3018 4384 usque
3059 4314 3124 4368 ad
3174 4313 3482 4368 Anicetum.
3524 4333 3544 4366 ι
3581 4313 3700 4388 Hy-

2112 4406 2334 4476 ginus“
2363 4416 2543 4461 autem
2565 4405 2722 4476 juxta
2746 4406 3024 4477 vulgarem
3071 4404 3381 4476 opinionem
3430 4406 3500 4460 ab
3542 4421 3700 4462 anno

433 4467 1173 4567 licetDallmo,cobservantur
1192 4469 1276 4522 vel
1305 4466 2010 4567 Viridiciarumauctorem,i
2035 4469 2079 4524 D
2109 4466 2213 4553 ise
2259 4497 2330 4552 ad
2377 4466 2585 4553 annua;
2628 4497 2753 4563 ‘56,
2781 4466 2870 4552 νεῖ
2891 4497 3047 4567 juxta
3074 4466 3498 4552 εξηεηάθιίοηη,
3538 4494 3696 4551 Hem

432 4575 626 4628 nempe
641 4558 1023 4625 Pearsonium,
1043 4580 1060 4613 ι
1081 4573 1188 4613 non
1204 4567 1450 4630 tangunt,
1467 4559 1550 4612 vel
1580 4559 1714 4612 tanti
1744 4574 1849 4612 non
1875 4567 2004 4614 sunt

431 4651 714 4719 momenti,
749 4661 808 4706 ut
852 4668 954 4707 nos
994 4652 1240 4706 detinere
1262 4651 1513 4705 debeant.
1549 4668 1567 4702 ι
1606 4649 1672 4703 Et
1698 4665 1756 4705 re
1781 4649 2000 4720 quidem

431 4742 545 4812 ipsa
567 4743 846 4812 lgnatiano
865 4742 968 4796 telo
985 4755 1092 4794 non
1119 4740 1453 4808 Saturnilns,
1487 4750 1581 4794 aut
1611 4739 1810 4810 aliquis
1842 4739 2001 4809 lgna-

429 4831 506 4883 tio
533 4830 802 4899 posterior
831 4830 1140 4897 haereticus,
1171 4831 1267 4885 sed
1305 4831 1684 4886 Menandriani
1733 4831 1816 4885 vel
1844 4829 2002 4886 Ebio—

429 4921 574 4986 niue,
604 4923 687 4976 vel
709 4921 1048 4979 Cerinthiani
1077 4925 1441 4995 conliguntur.

535 5033 563 5106 ᾗ
600 5035 668 5088 ll.
699 5033 937 5106 Objectio
961 5051 1028 5092 ea:
1067 5035 1558 5092 Valentinianorum
1582 5035 1704 5109 Sige
1728 5037 1894 5108 petita

1038 5111 1372 5178 proponitur.
1462 5168 1464 5170 τ

490 5218 788 5275 Maximum
817 5220 982 5292 igitur
1003 5229 1057 5277 et
1076 5221 1398 5292 palmarium
1435 5219 1616 5276 Dallazi
1639 5236 1702 5277 ea
1732 5221 1798 5276 de
1823 5235 1882 5275 re
1906 5235 1997 5274 ar-

419 5322 737 5383 gumentum
754 5313 973 5369 ducitur
993 5329 1060 5369 ex
1089 5315 1192 5368 hac
1216 5315 1406 5386 lgnatii
1427 5317 1600 5378 nostri
1625 5316 1892 5372 sententia
1907 5315 1989 5373 "z

425 5424 445 5458 ι
467 5403 618 5461 Unus
637 5417 720 5464 est
741 5406 905 5477 Deus,
924 5411 1017 5481 qui
1042 5410 1413 5467 manilestavit
1430 5414 1667 5484 seipsum
1684 5429 1781 5484 per
1802 5413 1994 5471 Iesum

416 5495 696 5554 Christum
778 5501 975 5558 Filium
1035 5503 1229 5574 ipsius,
1260 5506 1354 5576 qui
1405 5517 1490 5562 est
1542 5507 1714 5577 ipsius
1753 5507 1992 5565 Verbum

2109 4587 2318 4642 schenii
2349 4595 2404 4643 et
2425 4587 2784 4658 Papebrochii
2811 4587 3114 4659 catalogum
3139 4585 3517 4641 Romanorum
3551 4601 3700 4656 pono

2109 4681 2315 4736 tilicum
2367 4681 2436 4735 ab
2470 4694 2616 4735 anno
2657 4681 2759 4735 138
2789 4680 2856 4735 ad
2887 4695 3094 4736 annum
3133 4679 3258 4743 £50,
3287 4679 3551 4737 Romana:
3579 4681 3694 4738 Ec-

2107 4773 2288 4829 clesia:
2337 4773 2514 4828 tenuit
2548 4771 2999 4841 gubernaculum.
3028 4771 3297 4827 Eusebius
3335 4787 3467 4827 vero
3501 4775 3596 4843 qui
3636 4775 3698 4830 in

2105 4866 2331 4921 historia
2369 4881 2470 4922 sua
2517 4866 2780 4920 Irenaeum
2807 4872 3029 4920 secutus
3053 4871 3158 4928 est,
3182 4864 3236 4918 in
3267 4864 3541 4920 Chronico
3571 4866 3698 4922 haec

2102 4957 2267 5013 habet
2282 4958 2349 5018 ad
2377 4972 2584 5012 annum
2607 4957 2710 5011 M2
2730 4957 2795 5010 ⁸³.
2827 4975 2844 5008 s
2871 4957 2985 5010 Sub
3009 4953 3220 5027 Hygino
3240 4955 3503 5011 Romana:
3531 4958 3695 5014 urbis

2100 5052 2362 5121 episcopo
2401 5047 2720 5104 Valentinus
2765 5047 3155 5103 haeresiarches
3194 5055 3250 5102 et
3293 5046 3470 5102 Cerdo
3511 5049 3694 5119 magi-

2102 5155 2214 5200 ster
2241 5141 2537 5218 Marcionis
2580 5140 2815 5196 Romam
2865 5149 3153 5198 venerunt.
3189 5158 3208 5192 ι
3258 5137 3325 5194 Et
3361 5139 3430 5194 ad
3471 5154 3689 5195 annum

2104 5236 2205 5291 M6
2239 5254 2254 5290 :
2291 5253 2311 5288 ε
2367 5232 2691 5290 Valentinus
2737 5233 3026 5288 haereticus
3065 5231 3406 5303 agnoscitur,
3462 5239 3519 5286 et
3557 5233 3735 5301 per-5

2098 5339 2285 5384 manet
2333 5342 2509 5399 usque
2539 5327 2606 5382 ad
2637 5325 2949 5381 Anicetum.
2989 5343 3008 5377 ι
3043 5323 3216 5380 Porro
3259 5333 3442 5380 autem
3477 5323 3688 5380 Valen-

2099 5424 2298 5489 tinum,
2330 5430 2622 5492 antequam
2662 5419 2891 5475 Romam
2922 5419 3262 5484 adventaret,
3290 5433 3508 5473 errores
3546 5434 3688 5474 suos

2099 5533 2358 5590 Spargere
2397 5516 2632 5588 coepisse
2677 5529 2810 5571 vero
2859 5513 3021 5584 plane
3060 5511 3402 5569 simillimum
3435 5509 3686 5566 videtur.

481 5632 528 5723 τί
552 5637 777 5723 θὶΡκυτ
810 5654 860 5708 v-
881 5615 1040 5723 291-;
1082 5641 1286 5723 “ra:-
1313 5642 1435 5723 ιδῃ
1505 5643 1557 5723 θ’
1584 5642 1852 5723 ερίεςεμοι
1871 5649 2018 5722 Magn

2170 5653 2217 5686 “
2252 5653 2386 5709 Dall.
2413 5668 2534 5723 cap.
2569 5652 2732 5722 l2,p.
2757 5650 2885 5723 295.
2933 5650 3167 5723 __“_pag.
3205 5647 3338 5723 503;
3409 5646 3658 5723 “__lih_._ll

428 5702 552 5762 adv.

419 5773 510 5828 tib.
538 5791 612 5844 tv,
655 5796 772 5848 cap.
808 5783 887 5836 ll.

641 5709 977 5785 aleut._,rap.
1009 5713 1062 5767 5.
1141 5709 1182 5745 ⁸⁷
1217 5709 1356 5769 Iren.
1394 5709 1694 5785 Prologfin
1723 5719 1819 5775 lib.
1852 5737 1904 5776 tv
1960 5709 2088 5781 ἱόν.
2133 5723 2342 5780 Valent.

2427 5718 2598 5779 “'lib.
2632 5718 2693 5778 ni
2771 5721 2894 5780 adu.
2933 5718 3168 5788 Valént.,
3203 5736 3255 5777 ε.
3307 5718 3363 5774 8.
3445 5718 3489 5751 δ’
3525 5719 3682 5773 Hist.
