3852 6206
163 279 255 336 5n

1104 266 1168 322 D.
1207 264 1498 322 NOURRII
1537 261 2100 318 DlSSERT:\TlO.-—-
2137 263 2318 318 PARS
2357 262 2396 318 ι.

3270 269 3382 328 618

164 399 280 455 Nam
301 396 433 451 idem
463 391 779 449 Valentinus
817 391 889 447 ab
919 391 1010 457 iis,
1035 390 1130 461 qui
1164 391 1429 445 lrenzeum
1461 403 1693 459 pra'ccs—
1721 393 1767 447 Α
1796 384 2482 456 formam,dispositionem
2514 395 2568 440 et
2593 385 2873 456 ordinem;
2910 389 3132 459 quibus,
3183 389 3382 463 inquit,

163 489 466 557 serant,jam
496 485 673 540 fuerat
716 483 1057 549 confutatus,
1091 495 1150 537 ut
1190 482 1416 552 ipsemet
1459 479 1695 534 Irenazus

163 582 334 637 ibidem
402 577 715 633 testiﬁcatur
731 576 822 628 ‘°:
863 593 881 626 ι
921 572 1263 643 Quapropter
1306 572 1362 626 hi
1412 571 1504 641 qui
1571 581 1696 624 ante

161 691 246 731 nos
294 672 521 735 luerunt,
565 679 620 724 et
666 668 841 722 multo
871 667 1030 722 nobis
1070 665 1344 730 meliores,
1369 679 1478 718 non
1513 672 1695 717 tamen

160 768 272 823 satis
291 770 574 835 potuerunt
605 761 984 816 contradicere
1011 759 1116 823 his,
1153 757 1250 827 qui
1284 765 1412 811 sunt
1435 772 1464 810 a
1496 754 1695 809 Valeo--

160 860 282 924 tino;
310 855 430 926 quia
463 854 794 925 ignorabant
819 851 1064 922 regulam
1099 850 1369 920 ipsorum,
1397 863 1560 919 quam
1595 861 1694 902 nos

157 966 264 1007 cum
283 949 419 1003 omni
438 947 718 1018 diligentia
741 947 795 1000 in
818 945 996 1016 primo
1022 945 1164 998 libro
1183 943 1279 998 tibi
1298 942 1643 998 tradidimus.
1669 960 1688 992 ι

156 1045 214 1100 Et
249 1044 310 1098 de
346 1040 642 1112 Polycarpo
665 1039 798 1094 alibi
820 1037 1104 1094 scribit“:
1141 1056 1160 1088 ι
1207 1037 1258 1091 Is
1289 1035 1434 1091 enim
1463 1043 1566 1099 est,
1599 1033 1694 1104 qui

159 1138 244 1192 sub
277 1134 488 1189 Aniceto
534 1148 663 1188 cum
710 1131 1024 1186 advenisset
1064 1132 1118 1185 in
1149 1130 1362 1194 urbem,
1400 1127 1599 1183 multos
1626 1142 1695 1182 ex

155 1230 246 1295 bis,
265 1241 392 1297 quos
413 1224 1088 1295 pratdiximusmtereticos,
1103 1220 1477 1278 iValentinum
1501 1233 1697 1288 nempe

153 1328 200 1372 et
220 1316 547 1378 Marcionem,
572 1333 590 1367 t
610 1309 1260 1371 convertitinEcelesiam
1289 1310 1404 1365 Dei.
1445 1328 1463 1360 ι
1499 1307 1694 1363 Utrum

155 1417 307 1463 autem
353 1406 442 1460 ditt
479 1412 608 1460 ante
644 1413 892 1473 tempora
940 1401 1134 1474 Hygini
1174 1400 1492 1457 Valentinus
1527 1400 1697 1454 incoe-

149 1498 271 1568 perit
315 1512 460 1550 suam
513 1495 797 1565 publicare
839 1492 1112 1555 haeresim,
1148 1491 1285 1547 nihil
1329 1506 1361 1545 a
1417 1505 1695 1561 quoquam

153 1590 485 1645 indubitatum
518 1587 689 1644 statui
722 1601 962 1659 unquam
996 1585 1191 1655 potuit.

212 1678 394 1750 Urgent
436 1689 620 1734 tamen
673 1693 742 1734 ex
788 1678 957 1732 citato
1006 1675 1226 1730 Eusebii
1277 1675 1550 1730 Chronico
1597 1673 1698 1728 Va-

153 1771 381 1826 lentinum
404 1787 546 1826 anno
569 1779 782 1826 tantum
827 1770 929 1824 M6
973 1768 1237 1840 agnitum.
1263 1767 1405 1839 Ergo
1433 1767 1695 1832 inierunt,

155 1873 286 1919 antea
313 1880 407 1920 nec
428 1864 647 1936 agnitus
671 1870 808 1930 erat,
831 1877 932 1918 nec
957 1861 1185 1933 proinde
1207 1875 1338 1916 suos
1362 1860 1514 1915 ullibi
1541 1873 1698 1929 spar-

152 1963 275 2012 serat
317 1971 546 2011 errores.
579 1954 688 2010 Sed
738 1955 995 2025 quamvis
1028 1954 1146 2008 ha'c
1167 1968 1235 2007 ex
1263 1967 1329 2008 eo
1359 1967 1551 2022 urgere
1587 1967 1696 2006 non

153 2048 378 2103 deberent
420 2047 716 2115 Chronico,
750 2047 806 2101 in
835 2061 946 2116 quo
972 2044 1167 2101 menda
1203 2059 1327 2100 esse
1360 2043 1691 2114 praedicant;

152 2140 350 2196 dicimus
402 2147 583 2196 tamen
639 2140 696 2195 in
750 2137 1130 2210 hujuscemodi
1178 2138 1400 2208 scriptis
1440 2136 1692 2202 verbum,

152 2237 438 2306 agnoscitur,
467 2249 580 2291 non
627 2236 704 2289 ita
751 2233 1130 2304 accipiendum
1191 2246 1334 2298 esse,
1366 2245 1430 2285 ac
1474 2231 1521 2286 si
1550 2246 1695 2285 nun-

151 2344 282 2399 quam
307 2337 461 2383 antea
489 2327 783 2384 hteretieus
814 2326 904 2382 ille
929 2343 962 2381 a
993 2341 1271 2398 quoquam
1301 2324 1518 2396 agnitus
1555 2323 1692 2379 l‘uis-

152 2429 245 2488 set;
286 2419 375 2475 sed
424 2420 564 2475 nihil
604 2419 758 2475 aliud
806 2418 1138 2490 signiﬁcare,
1170 2432 1338 2488 quam
1390 2417 1543 2470 illum
1592 2415 1690 2485 qui

152 2511 368 2579 privatim
419 2520 474 2566 et
522 2512 734 2568 sensim
789 2511 911 2566 sine
961 2525 1126 2566 sensu
1156 2523 1408 2564 errorum
1455 2523 1686 2563 suorum

153 2620 322 2659 venena
373 2605 522 2675 prius
579 2602 1004 2674 pr0pinaverat,
1052 2603 1172 2674 jam
1237 2601 1582 2674 apertissime
1623 2615 1686 2656 ea

153 2707 449 2765 spargentem
489 2698 560 2752 ab
590 2696 850 2752 omnibus
877 2696 1146 2767 agnitum.

1796 487 1850 532 et
1870 487 2016 532 secta
2041 477 2160 547 ejus
2185 493 2214 532 a
2232 476 2444 534 caeteris
2467 479 2724 535 omnibus
2747 489 2892 536 recte
2917 481 3170 538 distincta
3194 493 3298 550 est,
3325 491 3381 540 et

1796 568 1886 624 ille
1927 568 1996 622 ab
2038 566 2242 624 Irenaeo
2282 569 2408 638 jure
2455 570 2763 637 traditur",
2809 573 3066 644 antiquas
3115 576 3170 629 in
3215 589 3378 630 suum

1795 656 2169 711 characterem
2197 657 2564 713 transtulisse.
2614 657 2718 714 Sed
2770 676 3048 730 quamam,
3081 665 3278 719 amabo
3302 674 3376 730 te,

1794 756 1878 803 est
1907 747 1996 802 illa
2030 746 2312 803 Valentina
2354 749 2564 802 forma?
2585 747 2705 804 Non
2731 766 2795 806 ea
2825 751 3046 822 quidem
3089 754 3196 808 sita
3221 763 3304 810 est
3327 754 3383 810 in

1795 841 1997 909 verbis,
2025 839 2162 909 Nus,
2200 839 2402 910 Logos,
2435 843 2516 896 vel
2549 840 2709 914 Sige;
2757 845 3193 916 quandoquidem
3222 865 3241 898 ι
3281 847 3388 904 Pa-

1797 933 1940 985 trem
1970 931 2243 996 innatum,
2277 932 2457 1002 inquit
2490 931 2722 988 Dallaeus
2744 933 2812 1002 ",
2837 941 2892 988 et
2931 934 3076 1002 Non,
3106 945 3160 991 et
3191 936 3382 1009 Logon

1795 1026 1938 1095 apud
1989 1025 2314 1092 Basilidem,
2347 1033 2401 1080 et
2444 1025 2607 1097 Sigen
2647 1027 2789 1098 apud
2827 1028 3198 1100 Antiphanem
3244 1046 3376 1101 poe-

1795 1125 1906 1170 tam
1958 1117 2194 1172 invenio.
2269 1136 2288 1168 ι
2366 1116 2625 1184 Quaenam
2679 1127 2764 1174 est
2823 1134 2956 1190 ergo
3009 1119 3099 1174 illa
3165 1119 3383 1175 forma?

1802 1226 1822 1260 ι
1861 1207 2047 1277 Logon
2071 1225 2100 1264 e
2121 1208 2249 1283 Sige
2272 1219 2478 1274 ortum,
2506 1213 2855 1282 prosequitur
2884 1212 3118 1268 Dallzeus
3140 1213 3209 1280 ⁵⁸,
3234 1215 3378 1284 apud

1797 1308 2052 1355 neutrum
2088 1301 2323 1356 invenio.
2357 1301 2433 1354 Ea
2463 1318 2644 1356 rerum
2675 1303 2965 1372 dispositio
3013 1305 3157 1375 apud
3211 1321 3383 1361 unum

1809 1390 2155 1447 Valentinum
2205 1394 2434 1464 ejusque
2461 1394 2762 1464 discipulos
2785 1405 2982 1450 exstat.
3015 1415 3034 1448 ι

1867 1483 1970 1539 Sed
1995 1483 2226 1540 Dallaeus
2256 1501 2315 1539 ea
2357 1485 2623 1555 profecto,
2648 1501 2769 1556 qum
2799 1487 2964 1556 paulo
2996 1498 3122 1557 post
3152 1487 3386 1559 ipsemet

1800 1579 2006 1645 retulit,
2042 1578 2223 1633 [renati
2257 1579 2422 1633 verba
2455 1594 2561 1634 non
2600 1581 2736 1635 satis
2766 1588 2970 1635 attente
3015 1581 3236 1652 legerat.
3275 1581 3385 1638 Ire-

1798 1683 1950 1723 nmus
1976 1669 2176 1724 etenim
2204 1669 2277 1723 ibi
2313 1670 2380 1724 de
2412 1669 2721 1740 Antiphane
2749 1681 2907 1741 poeta
2934 1673 3016 1729 sic
3043 1674 3329 1730 disserit"
3361 1695 3378 1731 :

1807 1774 1827 1810 ι
1871 1756 2026 1814 Unde
2043 1757 2230 1830 etipsi,
2282 1755 2666 1828 Valentiniani,
2724 1762 2829 1818 sibi
2861 1775 3206 1820 assumentes
3235 1764 3384 1821 fabuo

1801 1848 2075 1903 lam.......
2127 1849 2475 1904 solummodo
2506 1850 2850 1908 demutantes
2894 1867 3083 1908 eorum
3136 1855 3381 1920 nomina,

1801 1939 2038 2010 idipsum
2088 1950 2270 1996 autem
2315 1942 2700 1998 universorum
2743 1946 3111 2015 generationis
3140 1946 3384 2014 initium,

1798 2037 1854 2085 et
1899 2030 2253 2086 emissionem
2309 2034 2681 2102 ostendentes,
2719 2050 2818 2105 pro
2867 2044 3028 2092 nocte
3069 2048 3123 2092 et
3164 2039 3382 2094 silentio

1796 2122 1993 2179 Bithon
2019 2133 2073 2179 et
2100 2125 2262 2196 Sigen
2301 2127 2862 2185 nominantes.........
2904 2145 2968 2185 ac
2987 2145 3087 2201 pro
3111 2131 3302 2202 primis
3327 2141 3384 2186 et

1798 2217 2057 2272 maximis
2093 2217 2199 2272 diis
2240 2233 2424 2275 aaonas
2475 2217 2871 2289 formaverunt,
2898 2229 2952 2276 et
2991 2237 3090 2292 pro
3121 2223 3380 2278 secundis

1797 2308 1906 2366 diis
1946 2324 2091 2377 eam,
2120 2325 2244 2381 qua:
2273 2319 2428 2365 extra
2471 2313 2791 2382 pleromatis
2821 2312 3066 2383 ipsorum
3096 2323 3380 2380 enarrant,

1789 2404 2222 2474 dispositionem.
2265 2424 2284 2456 ι
2327 2403 2467 2472 Quid
2518 2421 2648 2461 vero
2704 2407 2853 2478 quod
2880 2405 3250 2463 Valentiniani
3279 2408 3382 2464 has

1787 2497 2092 2568 primorum
2153 2497 2379 2552 deorum
2411 2513 2477 2552 ac
2518 2513 2733 2553 teonum
2777 2499 3178 2569 generationes,
3209 2499 3382 2555 emis-

1787 2590 1976 2646 siones‘
2003 2599 2059 2646 et
2095 2600 2250 2646 ortus
2281 2606 2390 2645 non
2423 2605 2453 2645 a
2486 2591 2716 2662 paganis
2742 2599 2977 2659 tantum,
2997 2591 3091 2647 sed
3112 2591 3279 2647 etiam
3305 2592 3378 2648 ab

1788 2680 2084 2751 hzeretieis,
2127 2683 2319 2740 eodem
2365 2685 2571 2740 Irenaeo
2614 2691 2780 2749 teste,
2812 2683 3222 2740 delibaverant?
3257 2687 3380 2757 Ipse

203 2789 282 2856 At,
303 2791 572 2860 inquiunt,
629 2788 967 2856 Valentinus,
1013 2797 1150 2844 teste
1181 2785 1550 2851 Tertulliano,
1581 2785 1685 2842 sub
1782 2774 1929 2829 enim
1958 2775 2122 2844 Palllo
2145 2791 2310 2846 supra
2346 2777 2568 2847 scriptis
2601 2777 2898 2833 tradiderat
2931 2795 2945 2830 ³
2983 2771 3002 2828 ἀ
3036 2775 3164 2833 "33°
3193 2785 3376 2834 amem

153 2896 370 2951 supremo
397 2882 698 2938 Eleutherii
729 2883 1070 2953 pontiﬁcatu,
1103 2881 1156 2936 id
1195 2890 1300 2947 est,
1327 2889 1390 2934 ut
1417 2879 1681 2944 diximus,

154 2973 268 3029 circa
308 2991 506 3030 annum
555 2973 686 3043 180,
742 2973 932 3030 Romae
975 2973 1159 3029 adhuc
1214 2972 1679 3027 commorabatur.

1783 2881 1904 2935 qua:
1927 2864 2070 2920 dicta
2096 2876 2223 2920 sunt
2253 2867 2320 2921 de
2339 2882 2506 2922 sensu
2543 2866 2880 2932 emissionis,
2919 2867 3172 2924 similiter
3197 2879 3252 2925 et
3277 2871 3376 2926 ad-

1783 2967 1973 3011 versus
1997 2970 2112 3022 eos,
2143 2956 2238 3026 qui
2276 2971 2308 3011 a
2355 2955 2590 3012 Basilide
2625 2966 2786 3027 sunt,
2815 2959 3080 3016 adversus
3122 2961 3369 3032 reliquos

154 3061 276 3122 Unde
320 3041 678 3124 concludunt
704 3068 858 3123 illum
911 3066 1106 3138 lgnatii
1139 3075 1381 3136 tempore
1419 3073 1514 3119 aut
1544 3065 1686 3118 inter

1797 3041 2095 3110 Gnosticos,
2135 3059 2168 3099 a
2197 3044 2397 3115 quibus
2419 3046 2474 3100 hi
2497 3046 2648 3103 initia
2689 3048 3050 3105 emissionum
3081 3052 3361 3122 accipien-

154 3159 292 3227 vivos,
322 3170 412 3216 aut
457 3162 656 3216 saltem
687 3160 829 3216 inter
863 3174 1065 3230 pravos
1103 3159 1404 3214 haereseum
1433 3155 1686 3211 doctores

155 3266 237 3306 non
275 3254 510 3323 potuisse
540 3253 916 3308 annumerari.
948 3249 1054 3307 Sed
1097 3251 1152 3305 in
1178 3248 1500 3305 Tertulliani
1534 3248 1687 3304 libris

155 3339 486 3400 deserihendis
515 3352 766 3400 erratum
796 3344 922 3412 fuit,
948 3344 1033 3399 vel
1061 3340 1180 3414 ipse
1210 3359 1425 3400 errasse
1452 3358 1686 3398 censen-

155 3435 232 3492 dus
280 3447 374 3494 est.
415 3437 655 3494 lrenteus
705 3438 909 3510 quippe
946 3437 1398 3509 diligentissimus
1435 3451 1685 3492 errorum

156 3523 384 3584 Valentini
431 3530 811 3601 investigator,
857 3530 912 3584 in
959 3545 1084 3597 suo,
1136 3543 1300 3600 quem
1349 3527 1452 3583 sub
1495 3527 1686 3583 eodem

155 3616 423 3676 Eleutherio
461 3639 685 3678 summo
700 3621 957 3692 pontiﬁce
984 3623 1312 3692 composuit,
1338 3621 1507 3687 libro,
1534 3635 1686 3676 asse-

157 3716 275 3762 verat
306 3707 648 3766 Valentinum
679 3711 1058 3766 tantummodo
1089 3726 1263 3782 usque
1300 3711 1366 3766 ad
1399 3711 1686 3768 Anicetum

156 3808 328 3869 tempus
378 3801 564 3859 Romae
599 3819 950 3874 prorogasse,
974 3804 1028 3859 id
1055 3811 1137 3860 est
1194 3819 1304 3858 non
1338 3803 1562 3867 vixisse,
1594 3811 1690 3859 aut

157 3887 212 3942 ibi
241 3908 332 3946 non
361 3895 739 3965 comparuisse
773 3895 1031 3966 amplius.
1063 3891 1202 3950 Huic
1237 3895 1430 3950 lrensei
1464 3903 1686 3951 senten-

159 3981 223 4035 tiae
263 3986 572 4057 subscripsit
636 3986 927 4055 Eusebius,
974 3988 1210 4058 scriptor
1255 3987 1686 4044 oculatissimus.

159 4068 215 4125 Et
239 4076 417 4144 quibus
447 4088 595 4134 recte
627 4079 976 4133 concluditur
1005 4080 1300 4135 obscurum
1337 4095 1478 4148 esse,
1510 4081 1689 4134 omni--

159 4177 299 4234 noque
350 4169 621 4226 incertum
687 4187 817 4226 num
875 4169 1198 4226 Valentinus
1263 4169 1457 4242 lgnatii
1511 4170 1688 4227 nostri

161 4261 356 4326 tempore
383 4277 600 4317 errores
629 4263 844 4332 aliquos
880 4279 987 4318 non
1019 4263 1281 4334 sparserit
1311 4263 1366 4317 in
1397 4263 1614 4335 vulgus.

260 4397 386 4468 ειν.
429 4400 832 4457 Valentinianos
862 4401 1002 4454 [tunc
1025 4400 1090 4454 de
1119 4397 1241 4470 Sige
1268 4415 1497 4454 errorem
1522 4415 1556 4452 a

631 4471 894 4527 Gnostici:
925 4471 1190 4525 hausisse.

212 4603 299 4662 Fac
315 4617 489 4665 tamen
509 4610 863 4666 Valentinum
887 4607 1094 4679 lgnatio
1117 4608 1286 4665 fuisse
1302 4599 1686 4678 posteriorem,

163 4693 261 4760 quid
302 4699 418 4755 inde
467 4711 664 4757 contra
710 4698 1045 4755 sanctissimi
1091 4698 1348 4770 martyris
1391 4699 1685 4768 epistolas,

1791 3141 1894 3200 tes,
1923 3152 1942 3185 ι
1969 3144 2074 3190 etc.
2103 3135 2268 3206 Atqui
2299 3136 2422 3193 illas
2450 3139 2592 3194 inter
2613 3141 2840 3196 deorum
2863 3157 2928 3197 ac
2955 3157 3170 3198 monum
3197 3145 3369 3200 emis-

1789 3226 1997 3292 siones,
2038 3227 2153 3283 sive
2193 3229 2423 3299 primas,
2456 3231 2572 3288 sive
2607 3233 2912 3299 secundas,
2945 3235 3136 3293 debuit
3182 3240 3376 3308 procul

1788 3317 1954 3374 dubio
2000 3334 2122 3376 esse
2170 3321 2348 3392 Logos
2387 3337 2419 3378 e
2456 3321 2583 3395 Sige
2619 3334 2796 3382 ortus.
2825 3324 3200 3385 Valentiniani
3230 3345 3366 3402 ergo

1788 3409 1944 3465 illunt
1993 3409 2172 3483 Logos
2216 3422 2398 3470 ortum
2437 3431 2545 3471 non
2589 3432 2749 3473 secus
2771 3433 2836 3474 ac
2861 3419 3102 3490 reliquas
3145 3419 3374 3476 deorum

1789 3518 2019 3559 suorum
2050 3504 2380 3562 emissiones
2403 3506 2474 3562 ab
2497 3508 2736 3564 ethnicis
2757 3517 2920 3580 atque
2951 3509 3222 3566 haereticis
3252 3527 3378 3568 mu—

1792 3595 1932 3651 tuati
1971 3605 2120 3651 sunt.
2919 3663 2926 3670 ,
3186 3609 3187 3612 ‘

1860 3686 2048 3758 Neque
2081 3703 2214 3744 vero
2246 3688 2320 3744 ibi
2350 3689 2497 3746 sistit
2522 3689 2778 3757 lrenaaus,
2810 3693 2905 3748 sed
2937 3694 3053 3765 ipse
3088 3696 3278 3752 eodem
3316 3697 3373 3752 in

1787 3778 1911 3834 loco
1936 3778 2146 3836 addidit
2174 3797 2188 3834 :
2231 3799 2250 3832 t
2292 3779 2369 3836 De
2391 3797 2454 3838 ea
2478 3793 2660 3838 autem
2684 3800 2806 3856 quae
2828 3795 2911 3840 est
2937 3802 3004 3841 ex
3026 3788 3111 3843 his
3135 3790 3372 3845 secunda

1786 3871 2085 3927 emissione
2132 3873 2376 3929 hominis
2416 3884 2471 3930 et
2522 3875 2786 3934 Ecclesia:
2818 3879 2923 3949 ipsi
2967 3889 3151 3951 patres
3181 3897 3371 3937 eorum

1789 3965 1929 4022 falso
1977 3968 2346 4037 cognominati
2408 3968 2653 4028 Gnostici
2719 3973 3039 4045 impugnant
3110 3976 3376 4032 adversus

1790 4059 2046 4128 invicem,
2076 4076 2176 4115 sua
2221 4063 2441 4133 propria
2468 4064 2831 4131 vindicantes,
2856 4076 2910 4121 et
2935 4069 3110 4124 malos
3137 4067 3286 4127 fures
3314 4083 3375 4124 se

1788 4169 1912 4210 esse
1959 4155 2370 4211 convincentes.
2402 4175 2422 4208 ι
2467 4156 2608 4223 Quid
2660 4169 2842 4214 autem
2883 4160 2999 4216 haec
3027 4163 3192 4217 verba
3223 4162 3372 4217 aliud

1795 4247 2132 4318 signiﬁcant,
2183 4263 2348 4319 quam
2400 4247 2914 4307 Valentinianorum
2966 4263 3148 4324 patres
3199 4254 3374 4313 fuisse

1794 4335 2110 4405 Gnosticos,
2144 4354 2174 4393 a
2204 4341 2405 4410 quibus
2455 4341 2534 4396 illi
2590 4357 2700 4397 non
2743 4345 2972 4414 primam
3025 4347 3224 4415 solum,
3275 4350 3371 4404 sed

1718 4423 1765 4479 D
1793 4430 1955 4484 etiam
1999 4433 2296 4488 secundam
2352 4450 2567 4491 monum
2613 4437 2964 4493 emissionem
3015 4441 3372 4508 acceperant?

1786 4522 1920 4579 Eam
1952 4526 2096 4580 enim
2129 4526 2198 4580 ob
2218 4542 2442 4582 causam
2471 4529 2594 4598 puri
2626 4530 2872 4600 merique
2894 4529 3136 4586 Gnostici
3172 4529 3372 4587 Valen-

1786 4614 1963 4669 tinttm
2015 4615 2245 4685 ejusque
2275 4626 2596 4686 sectatores,
2633 4634 2700 4675 eo
2730 4621 2875 4690 quod
2905 4620 2960 4675 in
2991 4629 3207 4691 patrum
3237 4637 3372 4678 δυο·

1788 4720 1912 4759 rum
1971 4705 2221 4761 doctrina
2275 4715 2330 4762 et
2379 4707 2597 4778 placitis
2651 4709 2886 4779 plurima
2948 4711 3367 4780 immutassent,

165 4785 198 4837 si
238 4787 535 4850 Valentinus
593 4796 735 4850 hanc
785 4793 854 4848 de
884 4792 1034 4864 Logo
1072 4808 1102 4846 a
1133 4791 1260 4863 Sige
1288 4801 1412 4848 orto
1435 4792 1687 4848 haeresim
1717 4813 1758 4870 τε
1780 4795 1986 4851 «malos
2003 4795 2144 4851 feres
2159 4800 2736 4856 esseteonvincebant.
2770 4801 2974 4858 Contra
3013 4804 3141 4860 vero
3169 4803 3370 4861 Valen-

167 4877 217 4930 ιδ
253 4882 502 4942 hteretieis
556 4886 950 4941 vetustioribus
1012 4885 1230 4952 hausit,
1283 4900 1449 4955 quam
1497 4885 1553 4939 in
1607 4885 1688 4942 eis

167 4967 342 5029 damnat
385 4978 660 5048 lgnatins?
705 4976 966 5032 Concedit
1019 4985 1201 5032 autem
1253 4975 1506 5040 Dallteus,
1537 4976 1614 5031 uti
1657 4992 1689 5032 a

167 5063 288 5120 nobis
308 5083 461 5139 supra
488 5071 838 5131 observatum
862 5075 947 5125 est
966 5070 1068 5134 ",t
1090 5069 1262 5140 ipsam
1278 5084 1461 5124 rerum
1494 5069 1688 5125 silvam

168 5164 291 5225 atque
309 5163 689 5229 materiam,ex
718 5177 826 5233 qua
863 5159 1186 5218 Valentinus
1219 5177 1317 5218 sua
1353 5163 1688 5232 composuit,

166 5243 248 5311 lim
274 5254 401 5321 apud
430 5257 780 5320 vetustiores,
809 5255 1010 5326 partim
1051 5254 1341 5310 Gnosticos
1379 5255 1689 5321 haereticos,

170 5342 319 5403 partim
329 5347 482 5401 etiam
498 5359 704 5417 poetas,
722 5358 818 5403 aut
828 5347 1186 5418 philosophos
1198 5347 1446 5403 ethnicos
1459 5347 1485 5400 t'
1485 5347 1648 5402 uisse.
1662 5365 1683 5399 ι

169 5419 274 5486 Quid
328 5446 451 5503 ergo
507 5437 633 5490 novi
690 5436 916 5507 protulit
965 5435 1325 5492 Valentinus?
1375 5435 1690 5507 Respondet

175 5509 356 5577 Dallteus
379 5525 527 5581 illum
553 5528 679 5583 huic
708 5528 859 5584 silvae
885 5543 952 5584 ac
979 5529 1222 5586 materiae
1252 5544 1449 5584 novam
1475 5529 1691 5584 dedisse

212 5637 246 5666 “
269 5637 459 5746 Prolog.
489 5647 544 5701 in
578 5649 673 5706 lib.
699 5665 755 5705 tv
808 5649 934 5707 adv.
969 5648 1043 5728 γα

178 5711 330 5776 θεν-5.
398 5719 418 5749 ⁸
474 5731 597 5792 pag.
629 5720 753 5777 503.
831 5722 878 5755 "
909 5716 1043 5778 lbtd.

1792 4889 1990 4944 tiniani
2050 4889 2177 4945 illos
2236 4891 2324 4946 sui
2385 4893 2647 4964 temporis
2697 4893 2988 4952 Gnosticos
3046 4900 3367 4957 earumdem

1793 4982 2118 5037 incusabant
2169 4983 2634 5040 immutationum.
2678 4986 2799 5053 Quo
2851 4995 2998 5043 certe
3040 5005 3107 5045 ex
3141 4990 3369 5052 dissidio

1793 5083 1957 5142 atque
2005 5073 2264 5128 conﬂictu
2311 5085 2496 5144 aperte
2545 5078 2820 5150 colligitur
2867 5090 3132 5152 utrosque
3165 5092 3216 5138 et
3259 5083 3367 5139 Va-

1792 5164 2125 5220 lentinianos
2163 5174 2218 5220 et
2269 5165 2602 5237 posteriores
2634 5169 2923 5228 Gnosticos
2969 5173 3039 5228 ab
3084 5175 3366 5244 antiquio-

1791 5255 1946 5311 ribus
1992 5253 2266 5311 Gnosticis
2300 5271 2408 5311 non
2442 5258 2634 5312 silvam
2669 5259 2935 5316 duntaxat
2965 5269 3020 5317 et
3051 5265 3360 5334 materiam,

1793 5347 1888 5401 sed
1933 5347 2157 5402 deorum
2207 5363 2535 5420 aeonumque
2587 5359 2745 5408 ortus
2805 5353 3060 5411 hausisse
3098 5364 3154 5412 et
3195 5359 3366 5415 emis-

1791 5453 1999 5497 810088.

1865 5530 2178 5602 Respondet
2229 5531 2537 5591 Dallaeanus
2580 5535 2838 5594 defensor
2895 5554 3004 5596 non
3047 5538 3366 5611 Gnosticos,

447 5687 459 5699 .
489 5647 544 5701 in
578 5649 755 5728 lih_.At_v
808 5649 946 5728 adv;
969 5648 1184 5728 Valent.
1207 5651 1308 5728 ___“
1337 5650 1432 5706 lib.
1465 5663 1528 5728 tt_t
1587 5647 1709 5728 τίᾳυῖ
1745 5645 1935 5728 Valent
1965 5689 1981 5715 ,
2006 5664 2127 5728 cap.
2153 5650 2206 5706 5.
2249 5650 2296 5685 "
2325 5667 2449 5724 pag.
2483 5652 2608 5709 503.
2651 5653 2698 5687 ’θ
2725 5653 2803 5711 lib
2857 5670 2876 5709 ι
2933 5654 3060 5713 adv.
3122 5655 3362 5728 Valcnt.,

1129 5723 1175 5755 ³⁸
1207 5721 1302 5778 lib.
1337 5737 1376 5777 ιι
1439 5719 1561 5779 adv.
1609 5717 1837 5787 Valent.,
1870 5734 1990 5793 cap.
2023 5717 2108 5775 19.
