3852 6206
421 267 524 326 519

1493 267 1554 325 S.
1596 267 1954 327 lGNATlUS.
1998 302 2068 312 --
2106 269 2644 329 PROLEGOMENA.

3603 281 3709 340 ΒΞ)

432 391 529 449 sed
583 389 861 448 Valentini
897 393 1199 465 discipulos
1233 395 1334 451 has
1377 395 1756 451 doctrinarum
1788 412 2016 451 suarum
2046 401 2094 458 Α
2119 397 2283 454 dictis
2322 417 2334 454 :
2371 417 2390 451 ι
2433 398 2670 455 Verbum
2709 416 2739 456 a
2780 401 3000 458 silentio
3040 400 3416 475 progrediens,
3449 420 3470 456 ι
3499 417 3710 473 praepo-

433 487 540 541 sihi
568 487 800 544 invicem
850 489 1216 558 exprobrasse
1246 498 1300 544 et
1340 489 1614 560 objecisse
1655 491 2012 547 mutationes.

433 577 542 636 Sed
604 581 785 652 ipsum
831 597 1044 650 eorum,
1091 598 1213 653 qua:
1260 598 1388 638 cum
1450 582 1653 637 Dallazo
1691 584 1856 654 paulo
1888 593 2017 640 ante

429 672 662 740 dixerat,
693 675 980 744 oportebat
1033 690 1156 730 esse
1219 673 1707 730 memorem.Nam
1764 675 1854 730 ille
1903 691 2015 731 non

430 782 592 824 secus
643 783 709 823 ac
768 767 1004 825 Dallaeus
1052 767 1402 824 Valentinum
1467 768 1657 824 Romae
1715 767 2014 825 Eleutherii

427 859 588 931 Papze
620 870 885 930 tempore,
920 879 1031 932 quo
1061 865 1303 918 Irenaeus
1337 864 1502 929 hunc,
1539 879 1705 934 quem
1751 864 2010 931 citamus,

426 956 628 1011 librum
662 957 852 1021 edidit,
894 967 1297 1013 commoratum
1353 957 1525 1014 fuisse
1571 957 2013 1029 pertinacissime

426 1059 724 1105 asseverat.
779 1050 943 1120 Atqui
993 1051 1038 1106 si
1087 1053 1328 1106 lrcnaeus
1361 1065 1428 1106 eo
1464 1051 1517 1105 in
1550 1050 1691 1106 libro
1733 1053 2012 1108 memoria:

423 1143 662 1213 prodidit
703 1143 1102 1213 discipulorum
1139 1142 1413 1200 Valentini
1445 1153 1630 1214 patres
1666 1143 1837 1201 fuisse
1870 1146 2010 1202 alios

421 1237 666 1306 ejusdem
719 1235 995 1292 Valentini
1053 1236 1389 1309 discipulos,
1425 1239 1500 1295 ila
1563 1247 1625 1294 ut
1687 1237 2010 1294 Valentinus

424 1340 648 1399 nepotes
683 1339 814 1386 tunc
859 1331 1104 1399 haberet,
1129 1333 1198 1388 de
1230 1333 1399 1388 variis
1431 1333 1694 1391 doctrinae
1723 1351 1858 1402 suae,
1887 1350 2009 1408 quae

422 1423 491 1477 ab
537 1424 618 1479 eis
669 1423 828 1480 facta:
885 1425 1138 1493 fuerant,
1199 1426 1684 1485 immutationibus
1738 1431 2008 1486 acerrime

382 1579 384 1581 ,
419 1516 794 1585 disputantes;
831 1517 962 1572 hinc
1008 1519 1233 1588 planum
1288 1519 1751 1590 perspicuumque
1783 1519 2006 1576 ﬁetVa-

418 1607 708 1676 lcntinum,
758 1617 820 1664 ut
875 1625 1043 1680 supra
1101 1610 1453 1678 dicebamus,
1520 1611 1642 1683 ipso
1703 1611 2005 1668 Eleutherii

415 1701 733 1769 pontificatu
791 1715 914 1758 esse
965 1701 1123 1774 longe
1184 1703 1574 1774 antiquiorem.
1609 1702 1767 1771 Quod
1803 1721 1928 1760 cum
1971 1720 2001 1759 a

2118 499 2347 558 nuntur,
2375 507 2438 546 ea
2465 508 2592 548 cum
2619 491 3127 551 Valentinianorum
3156 495 3459 562 erroribus,
3485 491 3710 565 fabulis,

2117 590 2172 637 et
2223 583 2551 639 deliratione
2603 588 2830 642 omnino
2887 589 3167 644 cohaerere
3220 586 3570 655 ostenderet;
3624 588 3712 644 ille

2115 682 2301 730 tamen
2329 677 2395 732 de
2411 676 2684 747 praecipuo
2695 679 2838 750 quod
2855 679 3053 736 ibidem
3077 680 3145 734 ab
3177 680 3391 751 lgnatio
3413 689 3707 748 tractatur,

2116 773 2466 834 argumento,
2522 766 2787 823 nimirum
2839 770 3009 824 vitam
3045 780 3290 826 nostram
3333 789 3353 823 ι
3399 773 3707 828 secundum

2114 853 2459 912 Judaismum
2522 877 2540 910 ›
2593 874 2705 916 non
2764 876 2889 918 esse
2934 861 3362 931 instituendam,
3414 879 3486 920 ne
3530 865 3708 920 ullum

2114 949 2337 1020 quidem
2383 950 2612 1007 verbum
2645 951 2794 1009 fecit.
2832 953 2989 1011 Unde
3017 969 3150 1027 ergo
3179 964 3292 1011 tam
3317 957 3486 1012 altum
3515 957 3706 1014 Dallaei

2113 1041 2580 1116 defensorumque
2626 1047 2747 1117 ejus
2802 1047 2906 1104 hac
2957 1048 3027 1105 de
3086 1065 3147 1106 re
3188 1050 3502 1107 silentium?
3543 1049 3706 1108 Nulla

2112 1147 2260 1194 certe
2289 1139 2394 1194 alia
2445 1140 2593 1196 illius
2635 1157 2803 1198 causa
2843 1142 2980 1210 fuit,
3012 1144 3123 1200 nisi
3167 1146 3296 1216 quia
3327 1143 3705 1202 Valentiniani

2112 1230 2218 1288 hoc
2275 1233 2343 1290 de
2400 1245 2728 1306 argumento
2778 1237 2968 1292 eadem
3018 1253 3083 1292 ac
3109 1239 3706 1310 lgnatius,caeterique

2111 1340 2304 1383 omnes
2357 1328 2654 1384 orthodoxi
2714 1331 3002 1386 sentirent.
3060 1328 3180 1384 Jam
3234 1345 3365 1386 vero
3420 1346 3548 1386 cum
3611 1345 3705 1387 res

2109 1419 2303 1487 procul
2333 1417 2504 1475 dubio
2544 1419 2618 1474 ita
2666 1435 2726 1476 se
2755 1420 2972 1488 habeat,
3000 1420 3069 1476 ab
3094 1421 3424 1477 adversariis
3449 1421 3703 1492 postula-

2109 1527 2256 1578 mus,
2293 1529 2426 1570 num
2471 1516 2638 1572 alicui
2688 1515 2974 1587 probabile
3011 1517 3105 1574 fiet
3137 1517 3406 1590 lgnatium
3430 1517 3500 1573 ad
3531 1515 3704 1572 refel-

2106 1607 2299 1663 lendos
2339 1606 2755 1665 Valentinianos
2805 1609 2880 1664 ibi
2929 1611 3177 1666 animum
3243 1612 3553 1682 appulisse,
3599 1611 3700 1667 ubi

2107 1715 2350 1755 errorem
2383 1701 2452 1755 ab
2479 1701 2674 1757 haresi
2699 1700 3082 1758 Valentiniana
3109 1706 3337 1761 omnino
3359 1705 3622 1770 alienum,
3639 1711 3700 1760 et

419 1792 703 1850 [lallaeanis
735 1793 1022 1864 praefracte
1068 1805 1316 1867 negetur,
1353 1797 1486 1854 illud
1517 1797 1587 1853 ab
1625 1800 1835 1856 Irenaeo
1867 1801 2006 1856 seri-
2036 1785 2080 1846 B
2108 1793 2416 1851 rationibus
2447 1793 2515 1848 ad
2544 1809 2664 1849 eam
2697 1794 2851 1849 nullo
2892 1795 3057 1852 modo
3095 1798 3470 1868 spectantibus
3509 1799 3700 1870 impu-

413 1894 566 1954 ptum
611 1901 719 1940 non
752 1885 923 1943 fuisse
957 1887 1061 1958 ipsi
1094 1887 1370 1944 fateantur
1403 1905 1629 1947 necesse
1659 1901 1762 1948 est.

483 1977 574 2041 At,
595 1979 1099 2050 inquies,qu:enam
1126 1981 1293 2052 igitur
1321 1992 1441 2039 erat
1473 1981 1872 2044 Valentinianaa
1911 2003 2001 2044 se-

411 2077 513 2126 ctae
545 2067 722 2126 forma
742 2071 1038 2143 peculiaris
1068 2081 1122 2128 et
1147 2075 1407 2146 propria?
1429 2075 1844 2147 Respondemus
1875 2096 1998 2135 eam

409 2177 554 2228 esse,
587 2178 711 2233 quae
742 2165 936 2220 Irenaai
979 2165 1185 2236 verbis,
1209 2182 1239 2221 a
1269 2169 1430 2225 nobis
1460 2169 1575 2240 jam
1613 2172 1822 2239 relatis,
1849 2173 2000 2229 desi-

411 2265 609 2328 gnatur
647 2276 659 2312 :
699 2275 718 2309 ι
759 2257 1114 2316 Demutantes
1151 2261 1400 2328 nomina,
1431 2271 1486 2318 et
1539 2278 1638 2334 pro
1699 2265 1894 2336 primis
1943 2277 1999 2323 et

409 2350 668 2406 maximis
700 2350 808 2406 diis
856 2367 1043 2410 ροηδε
1091 2352 1492 2422 formaverunt,
1525 2365 1580 2412 et
1611 2371 1709 2426 pro
1739 2358 1997 2414 secundis

407 2441 516 2498 diis
542 2458 688 2510 eam,
729 2459 852 2513 qua:
880 2454 1034 2500 extra
1081 2446 1402 2516 pleromatis
1436 2447 1683 2518 ipsorum
1711 2460 1993 2516 enarrant,

405 2535 844 2606 dispositionem.
890 2555 909 2589 ι
965 2539 1144 2609 Atque
1188 2539 1256 2596 iis
1301 2539 1624 2597 nominibus
1671 2557 1844 2598 novos
1876 2541 1992 2598 for-

408 2633 550 2687 sitan
594 2632 945 2700 addiderunt,
972 2633 1054 2688 vel
1078 2634 1511 2689 immutaverunt
1543 2633 1904 2691 emissionum
1939 2647 1994 2692 et

406 2733 628 2781 ortuum
686 2726 927 2782 ordines.
959 2725 1230 2782 Caeterum
1264 2726 1332 2782 ad
1357 2740 1556 2782 novam
1602 2727 1744 2784 inter
1776 2729 1993 2784 haereti-

405 2831 522 2883 cos,
557 2816 800 2872 maxime
830 2830 963 2871 vero
1019 2813 1458 2885 Valentinianos,
1501 2817 1845 2874 condendam
1899 2833 1990 2874 se-

403 2921 547 2965 ctam
583 2925 695 2964 non
729 2924 929 2980 magna
962 2909 1225 2964 doclrinae
1244 2909 1554 2964 immutatio
1583 2909 1986 2979 requirebatur,

403 3014 466 3058 ut
495 3018 563 3058 ex
599 3002 692 3069 iis,
721 3016 844 3073 quae
877 3002 944 3058 de
973 3000 1273 3056 Ptolomaeo
1321 3010 1510 3056 narrat
1558 3000 1901 3072 Augustinus
1917 3003 1985 3072 "',

401 3099 583 3170 quivis
618 3096 778 3153 facile
805 3097 1070 3169 intelligat
1099 3116 1112 3152 :
1146 3116 1166 3148 ‹
1202 3095 1555 3163 Ptolomaeus,
1581 3096 1779 3168 inquit,
1815 3097 1985 3154 disci.

2105 1889 2326 1960 gnabat.
2360 1887 2629 1943 Praeterea
2656 1903 2787 1944 vero
2814 1888 2950 1945 illud
2976 1893 3123 1963 quod
3145 1892 3411 1963 objiciunt
3436 1894 3505 1950 ab
3528 1897 3700 1968 Igna‘

2105 1979 2180 2036 tio
2227 1979 2436 2034 dictum
2474 1999 2493 2031 ι
2531 1978 2770 2037 Verbum
2814 1997 2844 2038 a
2875 1983 3096 2040 silentio
3123 1987 3512 2058 progrediens;
3557 2009 3576 2042 ι
3616 1991 3694 2048 ibi

2102 2073 2268 2129 unius
2322 2074 2588 2129 momenti
2649 2084 2704 2132 et
2755 2079 3280 2149 argumentationis,
3341 2097 3447 2154 qua
3510 2084 3692 2155 legem

2106 2162 2407 2221 Mosaicam
2461 2182 2570 2223 non
2607 2169 2844 2239 amplius
2895 2174 3219 2229 servandam
3267 2189 3390 2232 esse
3443 2179 3692 2248 lgnatius

2098 2257 2314 2328 probat,
2341 2267 2551 2328 partem
2583 2261 2946 2319 constituunt.
2981 2262 3120 2320 Cum
3169 2281 3302 2338 ergo
3337 2276 3449 2324 tota
3481 2269 3572 2325 illa
3597 2285 3690 2326 ar-

2097 2353 2437 2421 gumentatio
2491 2353 2558 2408 ad
2599 2351 3020 2413 Valentinianos
3068 2373 3179 2414 non
3227 2367 3467 2430 spectet;
3502 2378 3691 2436 neque

2097 2459 2266 2500 unam
2340 2446 2462 2517 ejus
2539 2457 2754 2517 partem
2813 2450 2882 2506 ad
2938 2465 3036 2509 eos
3099 2454 3410 2525 respexisse
3469 2467 3685 2513 certum

2095 2539 2331 2596 videtur.

2167 2635 2275 2691 Sed
2309 2651 2429 2706 age,
2461 2651 2578 2691 rem
2608 2636 2782 2706 ipsam
2817 2646 3073 2693 accurate
3107 2636 3488 2709 inspiciamus.
3533 2637 3686 2696 Dicit

2093 2729 2765 2787 DallzeusValentinianos
2791 2731 3047 2788 docuisse
3078 2733 3136 2788 in
3156 2732 3281 2788 ficta
3308 2748 3519 2788 aeonum
3547 2749 3685 2788 suo-

2093 2841 2214 2880 rum
2251 2825 2589 2896 genealogia,
2624 2843 2642 2877 ι
2682 2840 2749 2880 ex
2779 2823 2904 2896 Sige
2933 2826 3188 2880 eductum
3231 2822 3418 2895 Logon
3448 2825 3535 2880 vel
3570 2826 3682 2880 im-

2090 2917 2347 2984 mediate,
2383 2927 2444 2972 ut
2472 2931 2502 2970 a
2525 2924 2702 2971 matre
2725 2915 2934 2983 filium;
2968 2916 3054 2971 vel
3081 2915 3335 2983 mediate,
3370 2923 3430 2969 ut
3463 2915 3531 2970 ah
3555 2917 3682 2970 avia

2089 3016 2368 3078 nepotem.
2409 3024 2430 3059 ι
2469 3006 2576 3062 Sed
2610 3008 2701 3063 ille
2742 3009 2847 3064 hac
2887 3008 3224 3077 disiunctiva
3260 3007 3681 3079 conjunctione,

2099 3115 2117 3149 ι
2137 3097 2785 3156 immediatevelmediate
2807 3113 2826 3150 ι
2847 3114 2955 3155 non
2975 3101 3095 3155 sine
3117 3101 3245 3155 dolo
3274 3101 3448 3155 utitur
3472 3116 3486 3152 :
3518 3110 3582 3155 ut
3612 3116 3682 3156 ea

399 3165 562 3258 pulus
597 3185 872 3242 Valentini
906 3165 1160 3243 haeresim
1212 3203 1414 3244 novam
1459 3165 1700 3245 condere
1732 3190 1981 3258 cupiens,
2012 3165 2054 3223 δ
2089 3191 2352 3247 nimirum
2399 3191 2594 3249 fraude
2641 3189 3058 3248 Valentinianos
3115 3193 3185 3249 ab
3217 3200 3442 3250 auctore
3484 3203 3681 3250 nostro

399 3291 638 3351 quatuor
665 3296 873 3346 arenas,
905 3290 958 3335 et
992 3280 1130 3337 alios
1167 3289 1406 3352 quatuor
1432 3296 1682 3338 asserere
1713 3283 1925 3338 maluit.
1962 3301 1981 3336 ι

400 3375 458 3429 Si
509 3375 626 3430 haec
677 3374 792 3430 sola
845 3374 1079 3429 mutatio
1130 3388 1329 3429 novam
1384 3373 1527 3429 inter
1574 3372 1987 3432 Valentinianos

398 3477 603 3525 sectam
635 3471 862 3537 creavit,
889 3470 1092 3525 frustra
1145 3469 1202 3524 in
1237 3468 1565 3539 inquirenda
1616 3484 1758 3524 nova
1788 3469 1988 3525 Valen-

398 3564 622 3620 tiniana:
674 3575 836 3618 sectae
857 3626 860 3632 ,
884 3562 1062 3617 forma
1096 3562 1329 3619 desudat
1367 3561 1624 3630 Dallaeus,
1651 3578 1775 3634 qua:
1801 3561 1858 3618 in
1891 3577 1986 3618 su-

396 3659 707 3728 perioribus
730 3657 917 3714 [renati
946 3658 1131 3714 verbis
1161 3657 1321 3712 facile
1347 3657 1686 3728 agnoscitur.

465 3753 654 3824 Neque
709 3762 828 3808 erat
877 3752 1025 3823 quod
1067 3753 1211 3808 ultra
1245 3752 1336 3808 ille
1362 3751 1627 3822 objiceret
1643 3751 1690 3784 ⁸⁸
1713 3749 1982 3821 scriptum

395 3863 425 3902 a
461 3845 859 3902 Tertulliano"
890 3856 1018 3902 ante
1047 3845 1403 3913 Marcionem,
1439 3855 1494 3902 et
1517 3845 1780 3917 Apellem,
1801 3854 1856 3901 et
1885 3860 1984 3900 an-

397 3950 616 4010 tequam
652 3938 977 3995 Valentinus
1021 3954 1207 3994 aeonas
1237 3952 1370 3994 suos
1400 3939 1771 4009 praedicasset,
1806 3938 1983 3993 nemi-

395 4047 520 4086 nem
555 4030 813 4087 docuisse
842 4032 1011 4086 alium
1039 4045 1162 4087 esse
1193 4030 1365 4086 Deum
1399 4039 1722 4087 creatorem.
1759 4029 1840 4086 Ex
1871 4047 1982 4102 quo

394 4124 664 4179 inferebat
698 4123 840 4179 idem
894 4123 1127 4179 Dallaaus
1170 4122 1522 4179 Valentinum
1554 4123 1690 4180 nihil
1723 4123 1792 4180 ab
1838 4125 1983 4180 anti-

394 4220 520 4289 quis
549 4233 672 4273 esse
712 4225 1045 4272 mutuatum.
1078 4214 1216 4270 Nam
1249 4225 1374 4270 ante
1410 4212 1689 4272 Valentini
1735 4225 1980 4286 tempora

391 4311 534 4366 hanc
568 4311 902 4380 impietatem
933 4324 964 4364 a
1005 4308 1265 4376 Basilide,
1294 4307 1597 4376 Saturnilo,
1636 4317 1802 4376 atque
1830 4308 1982 4368 Gno:

391 4387 547 4459 sticis
580 4401 986 4473 antiquioribus
1013 4400 1428 4456 disseminatam
1457 4399 1630 4456 fuisse
1663 4400 1739 4455 ita
1767 4411 1976 4455 certum

2088 3281 2438 3354 impugnatos
2473 3283 2708 3339 incautis
2737 3292 2792 3339 et
2824 3283 3258 3354 simplicioribus
3286 3286 3674 3356 persuaderet.

2085 3372 2223 3430 Nam
2249 3375 2618 3430 Valentiniani
2663 3391 2948 3446 nunquam
2978 3391 3045 3431 ex
3100 3375 3226 3448 Sige
3273 3376 3680 3448 Logonimme-

2085 3468 2231 3523 diate
2286 3470 2542 3524 eductum
2597 3468 2856 3526 docuisse
2908 3468 3286 3541 perhibentur.
3343 3469 3471 3526 Hzec
3503 3471 3678 3543 igitur

2083 3562 2470 3633 disjunctionis
2493 3562 2781 3619 Dallaeanm
2799 3577 2929 3634 pars
2950 3563 3274 3631 immediate,
3298 3577 3331 3618 e
3358 3563 3540 3619 medio
3567 3565 3679 3620 tol-

2084 3653 2244 3709 lenda
2268 3663 2370 3709 est.
2393 3654 2634 3710 lrenaaus
2664 3653 2968 3720 enimvero,
3000 3651 3394 3720 Tertullianus,
3424 3651 3676 3722 Epipha-

2083 3746 2229 3811 nius,
2265 3744 2630 3817 Augustinus,
2681 3755 2845 3816 atque
2899 3746 3014 3810 alii,
3047 3746 3143 3817 qui
3177 3746 3246 3801 de
3274 3744 3675 3801 Valentiniana

2084 3838 2278 3896 haeresi
2311 3839 2641 3907 disseruere,
2675 3838 2899 3895 tradunt
2925 3840 3068 3895 inter
3116 3839 3273 3897 fictos
3324 3839 3675 3896 Valentinia-

2083 3943 2281 3984 norum
2321 3930 2475 3998 deos,
2527 3939 2583 3987 et
2635 3931 2926 4002 utriusque
2981 3947 3149 3988 sexus
3191 3947 3408 4002 :eonas,
3456 3933 3674 4003 primos

2083 4020 2256 4079 fuisse
2283 4021 2482 4078 Bithon
2511 4032 2568 4079 et
2602 4022 2789 4095 Sigen,
2825 4039 2924 4080 seu
2973 4024 3274 4092 silentium,
3304 4034 3360 4081 et
3381 4040 3450 4080 ex
3471 4041 3670 4082 eorum

2082 4115 2341 4187 conjugio
2376 4118 2714 4187 processisse
2765 4115 2892 4173 Nun
2939 4127 2995 4173 et
3024 4116 3319 4173 Veritatem
3342 4160 3357 4185 ,
3401 4127 3570 4190 atque
3601 4135 3674 4175 ex

2081 4208 2204 4266 istis
2237 4210 2434 4267 deinde
2477 4212 2817 4282 processisse
2843 4210 3084 4267 Verbum
3122 4227 3219 4268 seu
3253 4211 3463 4284 Logon,
3493 4222 3550 4267 et
3575 4212 3676 4268 Vi-

2079 4308 2216 4356 tam.
2253 4300 2332 4356 Ex
2363 4303 2566 4373 quibus
2599 4303 2722 4359 luce
2746 4303 3050 4360 meridiana
3069 4303 3273 4359 clarius
3288 4313 3374 4359 est
3398 4319 3497 4359 eos
3525 4305 3674 4361 nihil

2081 4393 2229 4450 aliud
2264 4395 2491 4463 dixisse,
2529 4410 2696 4467 quam
2725 4395 2914 4468 Logon
2940 4397 3282 4467 processisse
3309 4404 3523 4452 tantum
3553 4413 3672 4451 me-

390 4507 508 4562 est,
556 4505 615 4552 ut
661 4495 848 4550 Dallazi
897 4493 1154 4551 defensor
1212 4495 1364 4550 illum
1425 4493 1529 4548 hac
1571 4493 1626 4547 in
1660 4507 1720 4548 re
1758 4492 1977 4562 penitus
2007 4517 2052 4573 ι)
2081 4487 2230 4541 diale
2253 4503 2322 4543 ex
2352 4487 2500 4559 Sige,
2532 4497 2794 4560 tanquam
2829 4490 2900 4546 ab
2925 4489 3048 4544 avia
3083 4489 3280 4545 filium.
3311 4489 3450 4558 Quis
3477 4502 3671 4548 autem

390 4593 662 4657 deserere,
713 4603 1070 4658 erroremque
1101 4588 1271 4653 illius,
1325 4601 1489 4657 quem
1520 4584 1698 4640 celare
1738 4584 1976 4655 amplius

391 4698 503 4738 non
558 4689 791 4752 poterat,
826 4679 1123 4750 aliquando
1193 4680 1417 4734 tandem
1453 4674 1699 4733 confiteri
1751 4686 1976 4733 coactus

389 4776 462 4832 sit
475 4775 541 4829 “°.

482 4866 608 4940 δν.
642 4865 920 4939 Ignatium
947 4867 1045 4940 ~ad
1090 4866 1500 4940 Valentinianos;
1533 4864 1682 4921 nullo
1728 4865 1884 4918 modo

755 4938 1062 5008 respexisse,
1085 4938 1178 4993 sed
1205 4939 1274 4993 ad
1305 4937 1609 4992 Ebionitas.

456 5050 632 5106 Porro
665 5064 1008 5121 quaecunque
1035 5048 1129 5103 illa
1161 5047 1326 5103 fuerit
1357 5058 1520 5103 secta:
1551 5047 1968 5103 Valentiniano-

387 5161 510 5201 rum
541 5143 739 5208 forma,
761 5157 1026 5212 errorque
1051 5140 1348 5212 peculiaris
1380 5135 1436 5196 et
1464 5141 1741 5211 proprius,
1777 5142 1844 5196 ad
1872 5157 1968 5197 eos

387 5239 627 5310 lgnatius
644 5235 962 5292 nullomodo
985 5233 1317 5303 collineavit,
1341 5235 1622 5305 multoque
1643 5236 1827 5291 minus
1849 5249 1966 5301 eos,

388 5343 448 5389 ut
476 5333 553 5389 ait
579 5333 832 5398 Dallaeus,
875 5351 894 5384 σ
931 5330 1279 5402 apertissime
1321 5329 1500 5385 caedit.
1535 5347 1554 5379 ι
1592 5327 1730 5382 lllud
1779 5337 1962 5382 autem

387 5443 455 5481 ex
488 5442 554 5483 eo
587 5428 734 5482 clare
773 5426 1205 5491 demonstratur,
1247 5423 1394 5494 quod
1426 5422 1681 5492 quamvis
1729 5419 1963 5474 Dallaeus

389 5515 523 5570 nulli
576 5515 881 5585 pepercerit
931 5515 1142 5582 labori,
1177 5523 1238 5570 ut
1279 5513 1466 5568 omnia
1501 5529 1623 5585 quae
1652 5513 1740 5568 his
1771 5510 1968 5583 lgnatii

2079 4579 2138 4635 in
2165 4581 2412 4636 animum
2469 4581 2573 4638 sibi
2607 4582 2851 4649 inducat,
2893 4581 3163 4654 lgnatium
3199 4583 3290 4639 ubi
3325 4585 3464 4640 alios
3493 4599 3670 4655 quam

2083 4671 2592 4730 Valentinianorum
2643 4691 2860 4732 errores
2917 4675 3135 4744 refellit,
3185 4677 3257 4731 ad
3304 4690 3403 4732 eos
3451 4683 3668 4744 tamen,

2077 4781 2284 4837 eosque
2331 4767 2482 4824 solos
2533 4772 2866 4840 respexisse,
2908 4786 3035 4827 cum
3073 4787 3086 4822 :
3131 4788 3151 4823 ‹
3203 4769 3444 4826 Verbum
3481 4786 3596 4826 non
3633 4788 3667 4828 a

2079 4858 2301 4915 silentio
2337 4862 2728 4933 progrediens,
2767 4883 2785 4917 ι
2823 4878 2925 4920 nec
2945 4865 3102 4935 plura
3124 4865 3191 4920 ad
3223 4879 3320 4921 eos
3358 4865 3670 4934 spectantia

2079 4951 2280 5006 ibidem
2311 4954 2612 5009 scriberet?
2636 4955 2751 5012 Cur
2778 4972 2810 5011 a
2831 4956 2945 5011 ﬁlio
2969 4957 3034 5012 ad
3069 4958 3253 5014 aviam
3297 4959 3450 5013 nullo
3477 4959 3670 5014 medio

2077 5043 2371 5099 transivit?
2393 5045 2507 5101 Cur
2538 5063 2639 5104 nec
2682 5050 2750 5105 de
2777 5058 2954 5121 patre,
2984 5065 3088 5107 nec
3112 5053 3182 5109 de
3226 5063 3422 5118 matre,
3463 5069 3570 5110 nec
3598 5054 3670 5113 de

2076 5135 2219 5191 ﬁctis
2255 5137 2488 5193 aliorum
2508 5155 2726 5195 :eonum
2758 5143 3052 5215 conjugiis,
3083 5145 3427 5216 parentibus,
3449 5145 3580 5202 filiis
3597 5164 3670 5205 ne

2075 5245 2246 5285 unum
2276 5233 2498 5302 quidem
2533 5233 2728 5289 habuit
2755 5236 3021 5292 verbum?
3047 5236 3208 5293 Ratio
3229 5254 3365 5294 sane
3389 5240 3444 5293 in
3474 5255 3670 5310 prom-

2072 5334 2170 5392 ptu
2207 5333 2313 5391 est,
2363 5333 2419 5381 et
2454 5328 2632 5384 cuivis
2669 5343 2829 5399 aequo
2865 5344 3051 5386 rerum
3101 5332 3425 5388 aestimatori
3474 5333 3666 5401 obvia,

2073 5415 2342 5487 lgnatium
2395 5436 2592 5490 nempe
2634 5437 2760 5477 cum
2803 5437 2961 5479 suam
2991 5424 3142 5480 dedit
3175 5426 3487 5497 epistolam,
3519 5427 3665 5483 nihil

2073 5509 2143 5565 de
2168 5508 2564 5569 Valentinianis
2584 5513 2876 5584 cogitasse.

466 5685 626 5750 "lib.
660 5713 676 5750 ι
726 5696 802 5752 De
823 5699 1009 5755 lateres.
1087 5697 1133 5732 ³⁸
1161 5712 1282 5768 cap.
1323 5697 1409 5766 12,
1446 5712 1498 5769 p.
1537 5695 1665 5754 298.
1747 5699 1791 5732 ⁸⁸
1822 5697 1986 5756 Tertu

2095 5700 2142 5754 le
2171 5704 2495 5772 ρνωεενὶριη
2522 5719 2642 5775 cap.
2685 5705 2774 5763 54.
2819 5707 2864 5739 ⁵ο
2897 5721 3018 5777 pag.
3050 5707 3178 5765 2H.
