3834 6214
101 291 200 348 521

1076 285 1140 344 D.
1181 285 1477 345 NOURRII
1513 287 1998 348 DISSER'I‘ATIO.
2031 321 2100 331 —
2139 288 2320 346 PARS
2356 289 2399 345 Ι.

3271 288 3378 347 52$

166 392 242 447 At
265 389 320 446 si
354 385 696 460 perspicuum
730 393 818 442 est
841 381 1114 458 lgnatium
1161 388 1230 442 ad
1274 385 1685 446 Valentinianos
1713 395 1760 452 Α
1788 390 2042 457 silentio,
2064 391 2194 461 quia
2220 390 2338 460 ipsa
2361 397 2448 445 est
2496 386 2676 446 Patris
2715 387 3045 461 sempiterna
3088 383 3316 445 locutio.
3353 408 3374 440 ι

97 500 205 538 non
237 483 582 544 collineasse,
611 487 761 534 certe
809 477 1101 534 manifeste
1129 490 1357 548 apparet
1396 477 1688 536 Ebionitas

97 578 167 630 ab
193 589 265 630 eo
296 570 624 644 impugnari.
675 568 731 625 ld
773 567 1014 642 Moynio,
1036 569 1234 626 ultimo
1267 571 1362 641 qui
1395 571 1499 626 hac
1529 571 1598 627 de
1627 587 1690 628 re

97 667 348 738 scripsit,
369 665 492 721 licet
514 663 850 720 Calviniana:
879 671 1046 719 secta:
1073 663 1356 731 ministro,
1384 664 1523 720 adeo
1561 679 1686 735 per-

99 775 336 816 suasum
367 766 514 824 erat,
569 765 632 813 ut
677 757 824 812 hanc
881 756 1066 810 Dallazi
1103 756 1491 827 objectionem,
1524 756 1688 814 sicuti

99 868 271 925 supra
318 850 783 912 memorabamus,
817 849 1025 904 nullius
1054 849 1140 904 vel
1180 848 1395 904 minimi
1421 863 1556 905 sane
1577 864 1694 906 mo-

100 945 271 1002 menti
298 959 418 1002 esse
440 944 620 1016 palam
638 943 944 1013 meritoque
971 943 1428 1012 pronuntiaverit.
1452 939 1691 998 Verum-

101 1040 382 1096 enimvero
400 1045 615 1094 certum
645 1049 731 1092 est
758 1035 1031 1108 lgnatium
1061 1044 1256 1090 contra
1281 1048 1379 1090 eos
1423 1049 1689 1106 pugnare,

101 1132 195 1203 qui
239 1131 417 1202 legem
466 1129 766 1185 Mosaicam
809 1125 1136 1184 servandam
1163 1141 1286 1183 esse
1315 1125 1690 1182 afﬁrmabant.

104 1225 229 1281 Illos
260 1224 407 1280 enim
433 1223 522 1279 his
548 1222 733 1279 verbis
765 1222 1120 1294 aggreditur:
1160 1240 1180 1274 ι
1218 1218 1338 1275 Νοη
1360 1221 1558 1276 erretis
1591 1235 1693 1276 ex-

103 1317 313 1375 traneis
335 1315 716 1388 opinionibus,
743 1330 925 1388 neque
952 1314 1157 1372 fabulis
1187 1314 1489 1380 veteribus,
1521 1313 1696 1369 inuti-

1861 481 2068 538 Contra
2107 491 2290 537 tamen
2334 481 2568 538 Dallazus
2597 499 2612 537 :
2645 479 2705 536 Si
2747 481 2865 536 haec
2908 479 3110 546 verba,
3143 498 3164 534 ι
3202 497 3316 536 non
3346 496 3378 536 a

1791 574 2013 630 silentio
2041 574 2420 646 progrediens,
2452 591 2472 624 ι
2508 583 2792 644 exponunt
2817 570 3056 628 Verbum
3086 581 3380 638 arternum,

1797 687 1816 718 ι
1833 667 1992 738 plane
2005 666 2201 732 otiosa,
2217 664 2411 736 inquit,
2432 676 2579 722 esset
2601 664 2792 737 lgnatii
2819 666 3017 733 oratio,
3047 674 3104 722 et
3123 665 3344 722 vitiosa:
3358 687 3378 719 ι

1791 758 1990 825 otiosa,
2020 759 2306 830 quoniam,
2342 779 2361 811 ‹
2395 759 2440 816 si
2470 757 2708 815 Verbum
2740 768 2827 816 est
2862 769 3152 828 aeternum,
3183 760 3384 831 eoipso

1791 865 1906 906 non
1954 852 2122 922 cmpit
2156 867 2188 906 a
2233 853 2494 908 silentio:
2533 871 2552 904 ι
2592 851 2822 917 vitiosa,
2850 851 2981 924 quia
3018 871 3039 904 ι
3073 867 3238 909 nemo
3271 866 3384 908 non

1794 945 1946 1002 videt
1970 946 2173 1004 rectius
2208 965 2228 998 ι
2256 946 2574 1016 clariusque
2599 945 2708 1001 dici
2732 943 2977 1001 Verbum
3008 943 3191 1000 Patris
3220 953 3387 1000 aeter-

1797 1052 1928 1093 num
1961 1056 1982 1090 ‹
2015 1053 2158 1100 esse,
2189 1053 2360 1110 quam
2389 1038 2444 1095 id
2472 1053 2505 1094 a
2534 1038 2777 1101 silentio,
2815 1046 2913 1093 aut
2940 1048 3066 1108 post
3101 1037 3385 1094 silentium

1795 1130 2048 1202 cmpisse.
2080 1151 2100 1182 ι
2131 1130 2239 1186 Sed
2267 1131 2353 1188 ha:
2375 1145 2531 1186 vanas
2582 1142 2714 1187 sunt
2755 1130 2996 1187 boriiinis
3023 1129 3229 1185 frustra
3273 1131 3389 1185 liti-

1795 1225 1978 1297 gantis
2007 1225 2255 1295 argutiae.
2289 1224 2347 1280 Si
2377 1225 2526 1282 enim
2553 1225 2737 1282 otiosa
2760 1233 2928 1292 esset,
2957 1224 3043 1280 vel
3067 1223 3262 1280 vitiosa
3284 1225 3389 1289 hu-

1791 1315 2100 1390 juscemodi
2123 1317 2322 1383 oratio,
2345 1317 2648 1372 innumera:
2679 1315 2904 1370 Patrum
2937 1315 3236 1380 orationes,
3261 1317 3390 1386 qui-

104 1410 246 1466 libus
273 1406 688 1464 exsistentibus.
715 1404 774 1462 Si
805 1407 954 1463 enim
988 1421 1166 1479 usque
1195 1421 1345 1464 nunc
1386 1407 1694 1462 secundum
1795 1411 1902 1468 bus
1947 1411 2217 1467 obscuras
2257 1409 2530 1466 dictiones
2577 1409 2702 1466 aliis
2753 1407 3082 1464 clarioribus
3109 1408 3391 1479 explicare

102 1499 451 1558 Jodaismum
481 1501 745 1566 vivimus,
787 1499 1121 1556 conﬁtemur
1141 1498 1376 1570 gratiam
1405 1515 1514 1555 non
1538 1514 1698 1557 acce-
1795 1511 2092 1569 conantur,
2127 1501 2322 1559 iisdem
2353 1501 2499 1558 notis
2534 1512 2722 1558 essent
2762 1501 3066 1557 inurendas.
3114 1503 3388 1558 Caeterum

105 1598 268 1668 pisse.
305 1617 326 1648 ι
346 1597 517 1667 Atqui
541 1594 916 1652 certissimum
935 1602 1022 1650 est
1051 1593 1200 1649 hunc
1222 1607 1468 1649 errorem
1494 1593 1563 1650 de
1585 1593 1695 1648 vita
1799 1606 1925 1668 apte
1952 1594 2183 1651 omnino
2209 1603 2376 1667 atque
2402 1595 2654 1666 apposite
2698 1593 2779 1650 rei
2822 1593 3061 1666 alicujus
3107 1596 3391 1652 aeternitas

102 1689 166 1744 ad
208 1686 490 1744 Judaismi
528 1701 783 1741 normam
835 1685 1048 1758 agenda
1095 1684 1166 1740 ab
1200 1683 1474 1739 Ebionitis
1524 1683 1698 1740 fuisse
1731 1753 1765 1760 _
1805 1703 1875 1746 eo
1897 1689 2233 1754 declaratur,
2264 1687 2411 1760 quod
2432 1704 2556 1743 eam
2586 1687 2720 1742 nihil
2745 1703 2991 1758 unquam
3024 1689 3388 1759 praecesserit.

102 1791 400 1840 assertum.
431 1780 490 1837 ld
522 1782 725 1852 quippe
763 1793 833 1835 ex
867 1753 1152 1845 omnibus,
1178 1779 1274 1849 qui
1301 1777 1370 1833 de
1401 1777 1488 1833 his
1507 1777 1686 1833 haere-
1728 1753 1772 1810 Β
1801 1779 1960 1847 Quod
1989 1753 2395 1851 quidemsi'cui
2426 1780 2504 1836 rei
2528 1753 2857 1847 conveniat,
2877 1753 3200 1838 illud-certe
3220 1783 3392 1839 verbo

103 1873 221 1931 ticis
245 1873 464 1945 aliquid
494 1870 780 1928 memoriae
821 1870 1192 1935 tradiderunt,
1234 1869 1452 1942 liquido
1487 1870 1701 1942 colligi-

105 1983 241 2032 mus,
273 1966 595 2038 pra-,sertim
617 1980 685 2020 ex
731 1964 943 2021 lrenieo
974 1963 1045 2028 “,
1083 1962 1398 2035 Augustino
1434 1965 1504 2031 θ’,
1533 1973 1701 2034 atque

106 2059 438 2131 Epiphanio,
457 2059 620 2128 cujus
642 2057 814 2114 solius
836 2056 1003 2113 verba
1023 2057 1115 2113 hic
1134 2055 1342 2113 referre
1370 2056 1612 2114 sufﬁciat
1631 2058 1698 2112 ⁶³;

109 2174 126 2206 ε
156 2154 350 2219 Ebion,
412 2152 614 2224 inquit,
667 2147 988 2207 Iudaeorum
1041 2152 1184 2207 ritus
1235 2165 1304 2206 ac
1341 2151 1700 2209 caeremonias

105 2249 415 2320 amplexus,
465 2246 634 2302 veluti
683 2244 988 2302 Sabhatum
1050 2260 1118 2302 ac
1173 2245 1698 2312 circumcisionem,

106 2343 314 2414 aliaque
363 2341 425 2396 id
459 2354 632 2412 genus
666 2339 896 2412 perinde
918 2351 1086 2410 atque
1121 2354 1153 2395 a
1177 2337 1385 2396 Judazis
1410 2353 1476 2395 ac
1499 2338 1701 2396 Sama-

106 2433 289 2488 ritanis
312 2431 700 2487 observatum.
734 2447 753 2480 ι
776 2429 899 2498 Quo
925 2441 1112 2486 autem
1143 2430 1307 2487 modo
1334 2445 1432 2487 eos
1453 2429 1702 2503 lgnatius

108 2526 326 2590 refellat,
357 2525 644 2596 verbaque
666 2539 698 2581 a
721 2523 1013 2580 Dallaeanis
1036 2523 1202 2580 nobis
1230 2523 1471 2594 objecta,
1494 2523 1700 2582 ibidem

108 2619 382 2685 adhibeat,
417 2618 744 2674 audiamus:
771 2635 791 2670 ι
820 2616 1157 2673 Divinissimi
1185 2617 1336 2672 enim
1365 2618 1698 2689 prophetae,o

111 2714 180 2768 sic
210 2715 303 2770 ille
331 2713 724 2786 prosequitur,
768 2730 788 2764 ι
835 2711 1140 2768 secundum
1175 2709 1458 2766 Christum
1510 2707 1698 2766 Iesum

111 2809 382 2863 vixerunt.
415 2807 642 2878 Pr0pter
664 2807 773 2862 hoc
797 2817 853 2862 et
878 2805 1319 2877 persecutionem
1363 2803 1515 2875 passi
1550 2812 1701 2870 sunt,

111 2902 353 2973 inspirati
402 2917 436 2957 a
466 2902 642 2972 gratia
666 2901 842 2972 ipsius
865 2899 935 2956 ad
953 2898 1283 2956 certiﬁcare‘
1302 2896 1702 2966 lmpersuasos,

111 2997 370 3066 quoniam
412 3011 559 3052 unus
589 2994 736 3051 Deus
761 3004 868 3061 est,
900 2993 994 3065 qui
1024 2990 1402 3048 manifestavit
1424 3003 1486 3046 se
1518 2990 1703 3061 ipsum

112 3105 197 3154 per
216 3089 421 3147 .lesum
448 3088 754 3153 Christum,
792 3087 994 3144 Filium
1038 3086 1183 3158 ejus,
1226 3084 1323 3158 qui
1353 3093 1439 3142 est
1476 3081 1704 3140 Verbum

113 3196 392 3250 uernum,
420 3199 527 3239 non
557 3200 591 3237 a
611 3183 827 3239 silentio
849 3183 1211 3255 progrediens,
1250 3180 1348 3251 qui
1399 3179 1708 3236 secundum

114 3279 286 3335 omnia
316 3281 474 3336 bene
503 3278 711 3350 placuit
738 3278 978 3334 mittenti
1008 3277 1213 3347 ipsum.
1247 3273 1307 3330 Si
1333 3273 1503 3346 igitur
1533 3273 1592 3329 in
1613 3287 1711 3329 ve-

117 3374 309 3430 teribus
339 3372 688 3439 conversati,
709 3371 763 3426 in
791 3369 1094 3427 novitatem
1124 3369 1239 3441 spei
1256 3377 1580 3434 venerunt,»
1597 3375 1705 3424 etc.

118 3465 186 3522 Ex
211 3468 426 3538 quibus
461 3467 604 3522 hanc
640 3465 792 3520 elicit
835 3463 1272 3529 conclusionem,
1303 3477 1419 3517 non
1465 3459 1709 3532 amplius

119 3575 176 3614 ex
201 3559 479 3626 ludaicac,
521 3556 619 3614 sed
652 3555 986 3612 ChriStianaa
1021 3555 1157 3628 legis
1182 3553 1510 3626 praescripto
1537 3552 1706 3608 vitam

118 3667 226 3710 esse
249 3651 681 3709 instituendam.
704 3649 881 3706 Porro
904 3649 1014 3706 hoc
1040 3647 1232 3720 lgnatii
1261 3647 1371 3702 telo
1395 3646 1508 3702 duo
1541 3645 1709 3701 Ebio—

120 3747 344 3802 nitarum
365 3759 589 3802 errores
608 3743 979 3815 conﬁgantur,
994 3754 1232 3813 quorum
1261 3740 1434 3795 altero
1457 3739 1711 3794 homines

121 3839 241 3911 legis
267 3839 496 3897 veteris-
513 3837 900 3894 observatione
953 3835 1218 3890 volebant
1266 3833 1450 3889 adhuc
1491 3831 1707 3900 teneri;

120 3933 279 3990 altero
306 3941 501 3990 autem
524 3930 810 3987 Christum
836 3943 948 3984 non
981 3927 1189 3992 Deum,
1219 3925 1316 3982 sed
1353 3939 1571 3981 merum
1609 3925 1711 3980 ho-

122 4028 310 4085 minem
337 4041 472 4085 esse
505 4025 842 4098 garriebant.
875 4019 1034 4078 Hunc
1059 4034 1190 4076 vero
1224 4027 1565 4090 postremum
1616 4031 1711 4072 er-

124 4137 293 4177 rorem
318 4120 574 4192 lgnatius
597 4117 727 4175 inde
749 4114 1097 4180 confutabat,
1133 4112 1281 4183 quod
1315 4111 1598 4183 prophetae
1627 4108 1712 4164 di-

123 4214 239 4269 vina
268 4213 440 4269 amati
466 4211 667 4284 gratia,
692 4208 998 4265 secundum
1021 4205 1229 4262 Christi
1260 4211 1533 4276 praecepta
1557 4202 1713 4257 vixe-

127 4317 258 4374 rant,
286 4323 456 4377 quem
500 4303 746 4360 Verbum
795 4311 1065 4358 aeternum
1115 4315 1242 4358 esse
1289 4299 1708 4370 proﬁtebantur.

128 4400 289 4469 Quam
317 4401 546 4474 quidem
575 4397 742 4454 Verbi
763 4395 1126 4453 aeternitatem
1149 4402 1213 4450 ut
1239 4393 1331 4448 ille
1356 4391 1566 4448 clarius
1587 4391 1714 4446 bre-

1802 1887 1867 1930 ac
1890 1873 2132 1930 sermoni
2150 1914 2168 1940 ,
2209 1881 2410 1928 natura
2439 1888 2543 1929 sua
2573 1871 2742 1929 fluido
2767 1883 2822 1929 et
2851 1873 3182 1938 transeunti,
3207 1876 3393 1946 quod-

1801 1982 1926 2039 que-
1961 1976 2087 2038 pOSt
2127 1965 2414 2024 silentium
2471 1979 2690 2036 semper
2733 1964 2978 2036 incipere
3027 1965 3390 2031 arbitramur,

1802 2059 2088 2132 aptissime
2107 2059 2382 2132 congruit.
2408 2055 3012 2130 Quapropterlguatius
3042 2072 3145 2114 nec
3172 2058 3394 2116 brevius

1802 2168 1906 2210 nec
1942 2139 2365 2210 conveniendus
2409 2161 2626 2224 poterat
2673 2149 2833 2208 Verbi
2860 2152 3247 2219 aeternitatem,
3287 2168 3388 2210 seu

1814 2245 2041 2303 Verbum
2062 2257 2346 2313 internum,
2374 2245 2674 2316 explicare,
2721 2260 2890 2316 quam
2916 2259 3044 2302 cum
3072 2244 3210 2300 illud
3238 2245 3394 2301 omni

1802 2338 2024 2395 silentio
2065 2338 2218 2410 prius
2255 2352 2404 2404 esse,
2437 2353 2543 2395 nec
2577 2353 2609 2394 a
2648 2320 2873 2395 silentio
2919 2340 3176 2411 progredi
3239 2354 3398 2398 asse-

1802 2432 1936 2488 ruit.
1959 2431 2026 2486 Et
2065 2445 2197 2486 vero
2245 2441 2523 2496 auctores,
2565 2446 2598 2486 a
2648 2431 2808 2488 nobis
2848 2431 3204 2502 supracitati,
3241 2448 3398 2490 eam-

1801 2521 1926 2580 dem
1952 2522 2116 2580 Verbi
2132 2524 2492 2580 aeternitatem
2511 2523 2706 2580 eodem
2735 2524 2990 2595 loquendi
3023 2525 3189 2582 modo
3219 2529 3399 2599 expli-

1803 2631 1967 2672 cuere
1986 2635 2000 2672 :
2019 2634 2041 2672 ι
2070 2613 2330 2684 Verbum,
2370 2616 2648 2688 inquiunt,
2670 2616 2818 2689 quod
2841 2616 3093 2674 dicturus
3121 2629 3249 2676 ante
3284 2637 3396 2676 non

1801 2710 2019 2768 silebat.
2063 2708 2303 2766 Verbum
2323 2709 2472 2782 quod
2499 2711 2651 2767 nullo
2677 2725 2921 2783 unquam
2948 2712 3126 2783 potuit
3152 2714 3400 2771 coerceri

1803 2803 2044 2860 silentio.
2090 2821 2111 2855 ι

1875 2895 1976 2954 His
1995 2911 2221 2952 rursum
2250 2897 2478 2969 opponit
2505 2895 2741 2953 Dallaeus
2762 2895 3030 2968 lgnatium
3048 2910 3160 2953 non
3187 2895 3402 2955 dixisse

1809 2991 1948 3065 μετὰ
1969 2992 2070 3065 τὴν
2103 2992 2285 3064 σιγήν,
2314 2999 2442 3061 post
2467 2989 2773 3056 silentium,
2813 2989 2908 3044 sed
2942 2989 3054 3043 ἀπὸ
3094 2989 3196 3062 τῆς
3233 2991 3400 3060 σιγῆς

1731 3115 1778 3176 C
1807 3083 2131 3158 προσελθόν,
2171 3101 2191 3137 ‹
2222 3081 2497 3176 asilentio
2523 3081 2904 3176 progrediens.
2942 3100 2964 3134 ι
2993 3080 3175 3176 Quod,
3205 3081 3403 3176 inquit

1807 3177 1922 3244 ille,
1950 3177 2175 3233 denotat
2196 3195 2216 3230 ‹
2249 3175 2454 3242 locum,
2476 3188 2728 3241 causam,
2755 3174 2838 3229 vel
2863 3183 3015 3229 certe
3040 3173 3401 3246 principium,

1810 3278 1872 3326 ut
1886 3269 2089 3326 scholae
2111 3269 2437 3339 loquuntur,
2452 3265 2872 3323 constitutivum
2897 3264 3070 3322 fuisse
3091 3265 3400 3332 silentium,

1809 3375 1920 3416 non
1948 3359 2272 3432 simpliciter
2299 3357 2596 3415 terminum
2625 3373 2653 3413 a
2677 3373 2789 3428 quo
2805 3358 3034 3430 cmperit
3061 3357 3396 3426 generatio.»

1809 3452 1998 3524 Atqui,
2025 3451 2379 3523 prosequitur
2400 3451 2543 3506 idem
2576 3449 2833 3519 Dallazus,
2873 3453 2978 3508 hoc
3013 3466 3124 3508 non
3176 3453 3400 3508 silentio

1809 3556 1988 3617 potest
2003 3545 2247 3611 attribui,
2268 3545 2364 3602 sed
2380 3543 2893 3600 Valentinianorum
2910 3544 3057 3616 Sige,
3074 3545 3168 3600 uni
3181 3560 3247 3602 ex
3261 3546 3404 3602 ﬁctis

1809 3652 2003 3694 eorum
2053 3638 2159 3694 diis
2197 3652 2293 3694 seu
2343 3637 2614 3704 aeonibus,
2645 3651 2710 3692 ex
2756 3652 2868 3709 quo
2895 3637 3085 3710 Logon
3114 3656 3136 3691 ι
3165 3639 3406 3696 mediate

1809 3730 1896 3787 vel
1929 3729 2244 3786 immediate
2273 3749 2292 3782 ι
2337 3729 2670 3801 productum
2709 3728 2882 3786 fuisse
2915 3731 3248 3788 delirabant.
3302 3729 3407 3788 Vc-

1811 3839 1935 3878 rum
1973 3822 2170 3894 puduit
2207 3822 2394 3878 Dallaai
2426 3822 2796 3891 defensorem,
2837 3823 2986 3894 quod
3029 3821 3121 3880 ille
3157 3825 3226 3880 ad
3250 3824 3410 3881 scho-

1812 3917 1917 3982 las,
1945 3931 2086 3988 quas
2144 3916 2347 3987 saepius
2394 3916 2588 3972 irridet
2631 3926 2689 3972 et
2717 3916 2982 3988 cxplodit,
3029 3931 3264 3988 qumque
3299 3918 3409 3974 tria

1811 4025 1998 4066 rerum
2020 4009 2290 4080 principia
2319 4007 2630 4076 materiam,
2659 4007 2919 4076 formam,
2939 4018 2992 4064 et
3017 4009 3408 4080 privationem,

1811 4104 2006 4175 quidni
2042 4113 2098 4160 et
2119 4103 2425 4169 silentium,
2454 4101 2774 4168 admittunt,
2810 4110 2924 4156 tam
2972 4101 3153 4173 inepte
3181 4117 3287 4158 nos
3323 4119 3413 4158 re-

1813 4197 2045 4254 miserit.
2073 4197 2140 4252 Et
2169 4206 2320 4253 certe
2351 4197 2399 4253 si
2429 4195 2500 4251 ad
2538 4195 3066 4268 grammaticorum,
3103 4211 3214 4250 non
3247 4211 3410 4252 secus

1814 4306 1880 4346 ac
1900 4290 2359 4362 philosophorum
2384 4289 2605 4346 scholas
2621 4288 2878 4344 rediisset
2899 4287 3158 4354 Dallzeus,
3174 4288 3251 4344 ibi
3274 4304 3408 4358 pro-

1814 4384 1960 4440 fecto
1989 4383 2276 4440 didicisset
2313 4383 2570 4439 eumdem
2626 4383 2830 4452 saepius
2878 4381 3079 4437 horum
3111 4381 3407 4438 verborum

128 4472 349 4565 viusque
371 4500 698 4564 exponeret,
727 4489 869 4546 dixit
900 4487 1036 4543 illud
1065 4501 1191 4543 esse
1221 4503 1242 4538 ‹
1284 4483 1530 4540 Verbum
1552 4491 1707 4538 teter;

1822 4478 1960 4552 μετὰ
1983 4477 2083 4550 τὴν
2111 4479 2272 4550 σιγήν
2306 4485 2474 4548 atque
2505 4473 2616 4530 ἀπὸ
2644 4474 2746 4546 τῆς
2782 4474 2944 4546 σιγῆς
2989 4489 3114 4530 esse
3159 4490 3410 4540 sensum,

133 4603 273 4653 num,
295 4603 407 4642 non
431 4602 464 4641 a
495 4584 717 4643 silentio
747 4579 1126 4654 progrediens,
1160 4598 1179 4632 ι
1212 4577 1267 4633 id
1300 4587 1385 4633 est
1412 4575 1561 4648 quod
1591 4589 1720 4631 cum

1815 4572 2178 4644 eamdemque
2219 4569 2728 4643 signiﬁcationem;
2765 4567 3108 4639 proindeque
3138 4565 3410 4638 lgnatium

132 4681 334 4737 silentio
357 4679 636 4752 posterius
661 4692 775 4733 non
797 4674 988 4739 fuerit,
1017 4688 1235 4743 semper
1261 4689 1293 4727 a
1320 4670 1484 4728 Patre
1513 4677 1722 4725 aeterno
1817 4667 2066 4737 potuisse
2087 4675 2325 4735 utroque
2346 4661 2830 4718 indiscriminatim
2845 4661 2926 4717 uti
2945 4660 3207 4731 loquendi
3222 4662 3411 4716 modo.

133 4785 207 4828 est
230 4751 541 4845 prolatum;
573 4787 640 4827 ac
661 4769 896 4842 proinde
927 4767 1178 4839 ejusdem
1215 4779 1345 4822 cum
1388 4777 1458 4820 eo
1500 4761 1723 4818 reterni-
1816 4758 2095 4814 Caeterum
2143 4755 2390 4828 lgnatius
2423 4755 2482 4810 in
2512 4755 2600 4810 his
2629 4753 2880 4824 epistolis
2917 4753 3059 4808 clam
3091 4751 3416 4824 cursimque

137 4867 250 4923 tatis
295 4868 368 4923 sit
422 4863 654 4922 omnino
685 4876 916 4919 necesse
961 4869 1066 4916 est.
1101 4857 1262 4914 Hunc
1304 4872 1472 4929 porro
1524 4852 1720 4927 lgnatii

135 4961 413 5016 verborum
450 4973 646 5015 verum
687 4969 814 5013 esse
844 4969 1071 5010 sensum
1105 4952 1234 5008 inde
1260 4947 1581 5006 conﬁrmari
1611 4961 1717 5018 po-

137 5061 250 5118 test,
275 5053 422 5124 quod
453 5051 524 5107 ad
556 5050 703 5106 idem
749 5045 1179 5120 signiﬁcandum
1232 5042 1406 5100 simili
1457 5055 1526 5096 ac
1577 5055 1719 5110 pene

139 5145 311 5202 eodem
353 5144 617 5216 loquendi
647 5142 812 5202 modo
843 5151 1033 5212 postea
1063 5137 1148 5194 usi
1188 5145 1319 5193 sunt
1359 5144 1556 5192 auctor
1598 5147 1718 5188 ser-

139 5241 304 5296 monis
346 5237 658 5310 Augustiuo
687 5236 968 5309 quondam
1000 5231 1224 5302 ascripti
1261 5229 1308 5261 “
1339 5245 1355 5282 :
1390 5246 1410 5282 ι
1450 5225 1714 5292 Verbum,

142 5330 323 5403 inquit,
365 5331 515 5404 quod
551 5329 806 5385 dicturus
847 5334 976 5383 ante
1008 5339 1117 5380 non
1147 5321 1366 5388 silebat,
1415 5334 1528 5391 quo
1568 5316 1718 5372 dicto

141 5438 238 5480 nou
271 5427 443 5482 siluit.
487 5423 652 5492 Quod
707 5428 797 5478 est
834 5419 1064 5477 verbum
1115 5415 1239 5475 sine
1280 5423 1546 5484 tempore.
1586 5429 1607 5464 ι
1649 5407 1720 5464 Ει

144 5514 447 5592 Fulgentius
459 5519 530 5587 ⁶⁵;
549 5535 570 5570 ι
592 5513 836 5572 Verbum
850 5512 1005 5569 nullo
1020 5523 1265 5582 unquam
1282 5505 1462 5580 potuit
1473 5501 1717 5562 coerceri

1819 4865 1854 4906 a
1877 4863 1937 4904 se
1963 4847 2293 4918 conscriptis
2323 4861 2436 4901 non
2468 4843 2653 4900 verbis
2670 4852 2788 4898 arte
2836 4843 3272 4915 scholarumque
3297 4857 3416 4898 me-

1819 4943 1988 4999 thodo
2013 4939 2340 5014 compositis
2385 4947 2553 5009 atque
2591 4935 2816 5008 aptatis,
2866 4936 2962 4992 sed
3006 4936 3076 4992 iis
3108 4951 3234 5006 qua:
3257 4949 3412 4990 amor

1816 5048 1948 5088 vere
1987 5032 2210 5088 divinus
2250 5040 2307 5088 et
2345 5029 2694 5086 incredibilis
2729 5029 2981 5100 martyrii
3015 5029 3184 5084 ardor
3217 5041 3418 5098 sugge-

1816 5124 1996 5188 rebat,
2030 5138 2167 5179 usus
2195 5131 2301 5179 est.

1889 5216 2064 5272 Instat
2092 5215 2330 5286 denique
2382 5213 2570 5270 Dallazi
2617 5211 2879 5270 defensor
2937 5213 3228 5271 haereticos
3274 5227 3417 5282 quos

1826 5309 2072 5384 lgnatius
2102 5311 2273 5366 haece
2301 5309 2358 5363 in
2399 5309 2636 5378 epistola
2671 5307 2945 5375 confutat,
2986 5321 3086 5362 eos
3108 5319 3234 5361 esse
3263 5321 3286 5358 ι
3321 5305 3415 5376 qui

1824 5403 2032 5462 Christi
2062 5412 2297 5459 mortem
2327 5402 2620 5475 negabant,
2644 5408 2699 5456 et
2725 5397 2916 5456 Iesum
2943 5414 2972 5452 a
2999 5396 3224 5454 Christo
3253 5411 3416 5467 sepa-

1825 5497 2045 5565 rabant,
2080 5504 2134 5552 et
2157 5504 2458 5566 utrumque
2505 5509 2537 5550 a
2589 5491 2772 5549 Verbo
2820 5491 3160 5560 dividebant,
3183 5490 3332 5562 quod
3357 5491 3416 5546 in

223 5733 387 5786 ⁸ιιιο,
412 5746 432 5786 ι
498 5730 706 5788 adven.
732 5727 946 5792 Ιηενεεη
985 5671 1108 5791 cap.
1141 5718 1233 5774 26.
1311 5714 1482 5792 “aliis.
1519 5711 1593 5766 De
1624 5711 1841 5792 ἠφίει..
1871 5721 1995 5790 cap.
2044 5705 2112 5792 .6.
2147 5791 2155 5792 ί
2193 5704 2238 5792 ‘f
2267 5703 2467 5792 meres.
2492 5702 2584 5767 '50,
2622 5699 2652 5772 ᾗ
2683 5699 2741 5754 9..
2803 5696 3419 5772 “ApudAugustinum,

491 5776 1266 5856 ide—Nam“.
1345 5789 1390 5820 °'
1422 5786 1516 5840 lib.
1548 5800 1565 5837 ι
1623 5783 1692 5838 ad
1727 5776 2103 5843 Trasimund.,
2134 5790 2257 5846 cap.
2286 5776 2380 5831 18.

417 5901 691 5960 Parnm.
752 5896 869 5957 Gu.
909 5895 986 5955 Υ.

3067 5865 3142 5925 17
