3834 6214
455 353 562 411 525
1517 341 1577 397 S.
1619 335 1964 396 lGNATIUS.
2007 366 2076 374 ~—
2112 323 2650 386 PROLEGOME‘NA.
3615 306 3739 363 59.5

453 475 740 531 Ebionaaos
769 472 966 530 cadere
1012 486 1123 527 non
1163 475 1365 540 potest.
1402 485 1421 518 ι
1457 465 1655 520 Futilis
1693 461 1940 534 profecto
1969 468 2024 514 et
2053 462 2098 519 Α
2124 471 2235 510 non
2269 454 2452 509 minus
2476 464 2642 522 quam
2679 445 2932 502 undecim
2967 443 3024 497 in
3055 454 3168 540 uno
3187 438 3524 540 eodemque
3539 433 3744 502 capite

453 527 1052 624 IJallzei
1086 527 1355 619 defensio.
1392 557 1579 629 Neque
1606 527 1752 612 enim
1785 553 2028 624 Ignatius
2129 545 2337 617 profert
2360 542 2629 613 exempla.
2664 538 2772 594 Sed
2793 553 2858 592 ex
2893 536 2978 591 his
3002 532 3259 629 undecim
3285 527 3744 629 exemplis-qua-

455 659 558 714 bos
583 671 798 712 errores
833 671 896 711 ea
997 619 2030 724 epistolaconfutasselegiturfDeinde
2130 649 2258 694 tuor
2287 646 2501 692 tantum
2545 635 2612 690 ad
2651 647 2780 698 eas,
2822 630 2891 685 de
2927 627 3133 699 quibus
3163 625 3404 696 agimus,
3434 619 3742 692 pertinent

453 750 642 805 nullus
673 747 954 819 negaverit
988 717 1176 816 plures
1215 744 1269 798 in
1316 741 1509 797 eadem
1553 737 1784 808 epistola
1812 747 2031 790 errores
2129 729 2431 802 epistolas:
2489 735 2684 783 caetera
2736 723 2906 778 falsas
2963 718 3390 819 suppositasque
3441 717 3743 783 spectant,

453 844 705 914 potuisse
746 807 821 896 ab
850 807 1059 910 lgnatio
1093 835 1290 892 refelli.
1323 807 1599 888 Dallazano
1634 829 1799 902 igitur
1841 824 2031 882 defen-
2133 823 2218 878 vel
2241 821 2606 893 genuinarum
2635 814 3108 914 interpolationes.
3249 807 3337 914 bis
3377 814 3569 907 autem
3591 815 3746 871 qua-

455 897 568 992 sori
592 897 937 1007 probandum
965 940 1085 986 erat
1097 928 1382 984 haereticos
1398 927 1454 980 in
1481 925 1594 988 illo,
1620 897 1779 992 quem
1798 921 2034 976 Dallaeus
2136 926 2258 974 tuor
2288 913 2554 984 exemplis
2576 925 2698 981 quas
2726 909 2794 963 ad
2820 904 3090 978 genuinas
3111 900 3378 972 epistolas
3404 897 3704 1007 pertinent
3725 932 3746 956 ,

456 988 677 1098 objecrit,
708 1027 831 1082 loco
859 1024 929 1080 ab
957 1023 1166 1092 lgnatio
1196 1028 1392 1076 nostro
1429 988 1762 1076 confutatos.
1787 1027 1884 1069 eos
1915 1025 2036 1068 esse
2136 1010 2372 1065 Dallaeus
2395 1007 2451 1062 in
2480 1005 2707 1060 tribusa
2739 1015 2842 1057 suo
2865 996 3156 1054 defensore
3179 994 3402 1065 penitus
3422 988 3747 1048 deseritur,

456 1121 573 1192 qui,
624 1134 767 1190 quos
814 1118 933 1188 ipse
985 1110 1286 1179 recensuit,
1331 1125 1550 1168 errores
1585 1107 2030 1180 pr0pugnabant.

455 1213 615 1280 Quod
645 1219 791 1267 certe
815 1224 917 1265 nec
941 1206 1030 1263 ille
1053 1222 1154 1263 nec
1181 1203 1322 1261 alius
1350 1203 1641 1274 quisquam
1665 1201 2040 1257 demonstrare

455 1320 700 1375 unquam
723 1301 943 1373 poterit.

525 1391 795 1447 Caeterum
822 1391 869 1446 si
899 1389 1023 1460 quis
1047 1387 1185 1441 alios
1213 1385 1284 1440 ab
1326 1380 1597 1440 Ebionitis
1625 1382 1915 1438 haereticos
1939 1380 2040 1436 ob—

451 1485 612 1556 jectis
639 1484 834 1554 Ignatii
879 1482 1062 1538 verbis
1089 1475 1264 1536 refelli
1308 1476 1515 1534 invicte
1542 1473 1879 1547 probaverit,
1911 1475 2042 1530 huic

456 1578 678 1648 penitus
705 1591 813 1630 non
838 1573 1292 1645 repugnabimus,
1326 1569 1490 1626 modo
1520 1564 1588 1623 iis
1625 1567 2040 1623 sanctissimum

458 1669 612 1724 illum
639 1675 936 1738 martyrem
961 1665 1032 1720 ad
1069 1663 1487 1718 Valentinianos
1529 1663 1650 1732 ipso
1688 1661 2045 1735 posteriores,

458 1775 566 1816 non
599 1757 907 1829 respexisse
934 1755 1192 1811 fateatur.

456 1920 462 1928 .
496 1871 526 1943 §
554 1869 642 1925 VI.
669 1869 796 1924 Alia
825 1869 1111 1939 explicatio
1138 1867 1412 1923 uerborum
1433 1865 1636 1938 Ignatii
1670 1866 2000 1938 proponitur.
2037 1899 2041 1903 -

531 1982 628 2040 His
653 1983 911 2039 omnibus
940 1982 1009 2038 ad
1034 1982 1218 2038 varias
1252 1981 1695 2038 adversariorum
1719 1989 2037 2036 nostrorum

463 2075 968 2147 argumentationes
1001 2080 1058 2130 et
1087 2073 1427 2144 sophismata
1455 2073 1759 2143 responsis,
1795 2072 1928 2128 illud
1955 2071 2042 2125 in-

463 2183 628 2238 super
655 2182 953 2237 possumus
982 2167 1244 2236 adjicere,
1269 2166 1412 2221 hanc
1435 2164 1628 2234 lgnatii
1666 2155 1994 2220 sententiam
2023 2178 2038 2217 :

469 2281 489 2315 ι
525 2259 766 2317 Verbum
806 2270 1072 2316 aeternum
1121 2275 1231 2316 non
1264 2275 1296 2316 a
1346 2259 1564 2316 silentio
1607 2257 1983 2329 progrediens,
2017 2275 2039 2309 ι

463 2355 670 2410 idcirco
707 2355 776 2409 ab
812 2369 879 2410 eo
907 2353 1087 2409 hacin
1118 2353 1350 2425 epistola
1376 2352 1636 2422 scriptam
1663 2349 1869 2416 videri,
1910 2350 2044 2420 quia

463 2445 542 2502 ibi
567 2446 677 2500 duo
694 2444 898 2501 Christi
924 2444 1182 2516 mysteria
1209 2442 1379 2499 fuisse
1401 2441 1653 2506 docebat,
1687 2440 1793 2495 alia
1823 2439 2044 2510 quidem

466 2536 720 2598 obscura,
753 2535 805 2589 in
841 2534 1082 2602 tenebris
1113 2547 1177 2589 ac
1201 2533 1422 2589 silentio
1451 2531 1520 2586 ab
1539 2545 1605 2585 eo
1635 2539 1880 2600 patrata;
1902 2530 2049 2586 unde

469 2627 586 2698 ipse
615 2645 628 2678 :
660 2645 680 2679 ‹
710 2625 775 2680 Et
792 2625 952 2681 latuit
979 2625 1285 2695 principem
1317 2623 1500 2679 saeculi
1528 2622 1712 2693 hujus,
1741 2620 2046 2691 inquiebat,

467 2720 758 2790 virginitas
789 2717 992 2782 Mariae,
1024 2727 1078 2772 et
1107 2726 1298 2786 partus
1323 2714 1516 2786 ipsius,
1545 2722 1600 2769 et
1629 2728 1782 2768 mors
1805 2709 2047 2782 Domini,

472 2812 575 2866 tria
606 2811 867 2882 mysteria
893 2809 1173 2873 clamoris,
1212 2823 1334 2880 quae
1356 2807 1410 2861 in
1433 2807 1651 2862 silentio
1678 2815 1901 2876 operata
1948 2819 2049 2860 seu

472 2910 686 2975 patrata
717 2911 865 2959 sunt.
904 2921 923 2954 ι
955 2901 1075 2956 Alia
1110 2916 1240 2955 vero
1271 2899 1566 2964 luminosa,
1597 2898 1722 2953 luce
1751 2912 1818 2953 ac
1860 2897 2047 2968 Splen-

470 2996 606 3052 dore
630 3011 731 3050 suo
749 2994 1011 3066 fulgentia
1034 3002 1088 3048 et
1116 2992 1393 3048 micantia.
1427 2990 1559 3046 Tale
1586 2999 1704 3046 erat
1726 2990 2046 3062 mysterium

2137 1103 2230 1172 qui
2263 1115 2376 1156 uno
2407 1106 2622 1154 tantum
2653 1095 2707 1149 in
2737 1090 2968 1147 articulo
2999 1088 3154 1143 illum
3181 1085 3324 1142 tueri
3356 1091 3605 1139 conatus
3629 1086 3748 1134 est.

2141 1193 2401 1249 Dallzeum
2424 1199 2606 1246 tamen
2657 1188 2726 1243 de
2761 1186 2850 1241 his
2873 1191 3136 1256 quatuor,
3184 1193 3254 1234 ne
3293 1175 3430 1249 quid
3455 1175 3752 1229 intactum

2141 1286 2428 1357 reliquisse
2449 1295 2794 1344 accusemur,
2825 1278 3195 1347 disputantem
3227 1271 3548 1327 audiamus.

2211 1355 2457 1432 Primum
2484 1375 2668 1444 itaque
2697 1369 2880 1425 Dallmi
2912 1374 3296 1438 argumentum
3319 1378 3389 1418 ex
3420 1361 3512 1416 his
3545 1355 3755 1412 verbis

2142 1472 2348 1543 petitur
2381 1487 2396 1524 :
2435 1487 2454 1520 ι
2491 1467 2560 1522 Et
2594 1464 3036 1538 supercoelestia,
3071 1469 3127 1516 et
3155 1457 3328 1530 gloria
3369 1453 3754 1525 angelorum,

2143 1574 2200 1621 et
2243 1563 2520 1635 principes
2549 1558 2796 1614 visibiles
2824 1555 2903 1623 “,
2938 1574 2957 1606 ι
2990 1561 3124 1618 etc.,
3162 1551 3308 1606 unde
3357 1549 3441 1603 sic
3504 1544 3708 1616 arguit
3733 1559 3750 1593 :

2153 1678 2172 1712 ι
2205 1657 2358 1725 Quod
2394 1657 2486 1712 hic
2515 1655 2583 1710 de
2613 1651 2958 1725 principibus
2987 1646 3302 1703 visibilibus
3339 1642 3586 1712 scriptor
3618 1639 3759 1693 ideo

2149 1748 2384 1804 fortasse
2410 1747 2644 1811 dixerat,
2669 1745 2817 1814 quod
2842 1741 2963 1810 ejus
2998 1755 3114 1796 aevo
3148 1737 3332 1806 aliqua
3365 1733 3482 1804 jam
3519 1739 3654 1787 erat
3679 1730 3757 1784 de

2143 1840 2475 1906 Constantii,
2501 1839 2588 1893 vel
2615 1835 2968 1893 Constantini
3005 1830 3128 1904 ejus
3172 1830 3293 1894 lilii,
3340 1828 3428 1882 vel
3457 1824 3757 1880 Christia-

2142 1933 2324 1988 nismo
2361 1932 2448 1986 vel
2489 1931 2558 1986 ad
2591 1928 3075 1984 Christianismum
3124 1921 3499 1994 pr0pcnsione
3540 1931 3753 1988 sparsa

2143 2027 2310 2082 fama.
2353 2044 2372 2077 ι
2413 2023 2490 2079 De
2533 2025 2636 2078 hoc
2677 2021 2862 2076 Dallaai
2903 2023 3232 2090 argumento
3277 2013 3357 2069 sic
3404 2010 3754 2083 pronuntiat

2142 2120 2264 2189 ejus
2293 2113 2550 2173 defensor
2574 2111 2619 2146 ⁶⁹
2653 2129 2666 2165 :
2708 2131 2728 2165 ι
2767 2109 2875 2167 Sed
2922 2112 3072 2165 hunc
3113 2108 3300 2162 locum
3332 2105 3512 2160 obiter
3556 2101 3755 2172 tangit

2143 2209 2409 2275 Dallaeus;
2434 2206 2588 2261 illum
2612 2202 2858 2275 proferre
2884 2207 3195 2265 contentus,
3239 2209 3595 2267 nequaquam
3642 2209 3754 2246 ur-

2145 2311 2252 2375 get.
2291 2321 2309 2354 ›
2339 2301 2409 2356 At
2426 2314 2559 2357 sane
2584 2298 2736 2352 illum
2771 2309 2883 2349 non
2914 2293 3091 2349 solum
3117 2307 3228 2346 non
3254 2304 3473 2361 urgere,
3507 2287 3610 2343 sed
3638 2302 3753 2342 nec

2145 2392 2392 2465 proferre
2408 2406 2650 2462 unquam
2670 2382 3105 2444 debuisset.Non
3125 2384 3270 2438 enim
3291 2382 3522 2436 verbum
3537 2381 3754 2451 ἄρχον-

2146 2505 2257 2551 τες,
2290 2485 2435 2557 quod
2465 2483 2823 2554 magistratus
2854 2479 3132 2553 quoslibet
3155 2492 3218 2532 ac
3241 2474 3522 2546 principes
3556 2471 3753 2544 signi—

2148 2578 2297 2643 ficat,
2344 2575 2420 2630 ibi
2453 2575 2842 2632 Constantium
2896 2571 2984 2629 vel
3032 2569 3458 2625 Constantinum
3506 2575 3751 2636 potius,

2148 2685 2312 2741 quam
2342 2669 2570 2736 quosvis
2595 2667 2733 2722 alios
2757 2663 3037 2736 principes
3057 2662 3346 2734 designare
3379 2658 3581 2730 potuit.

2245 2783 2274 2857 §
2299 2781 2362 2836 ll.
2397 2779 2654 2838 Secunda:
2682 2788 2732 2833 et
2762 2779 2930 2834 tertia:
2955 2776 3240 2848 objectioni
3271 2773 3654 2846 respondetur,

2222 2893 2535 2952 Secundum
2576 2892 2764 2948 Dallaei
2790 2899 3177 2963 argumentum
3203 2905 3273 2945 ex
3304 2890 3392 2946 bis
3417 2889 3752 2946 desumitur

2148 2991 2371 3050 verbis:
2416 3007 2436 3042 ‹
2476 2988 2708 3044 Vinctus
2754 2986 2940 3041 decem
2984 2982 3259 3052 leopardis
3287 2983 3371 3049 7°;
3416 3000 3436 3035 ι
3475 2996 3594 3052 quo
3625 2982 3752 3037 leo-

472 3087 845 3159 generationis
868 3087 989 3156 ejus
1017 3095 1254 3148 aeternae,
1296 3083 1365 3138 ab
1399 3082 1643 3152 antiquis
1687 3081 1948 3137 Patribus
1993 3089 2050 3136 et
2077 3142 2117 3159 Π
2149 3080 2445 3153 pardorum
2473 3075 2698 3132 nomine
2741 3073 3036 3144 quemdam
3077 3069 3456 3125 Romanorum
3487 3068 3749 3122 militum

469 3142 750 3251 prophetis
777 3142 1020 3248 agnitum
1042 3187 1204 3248 atque
1232 3142 1636 3239 annuntiatum,
1667 3173 1734 3229 de
1758 3187 1867 3244 quo
1895 3171 2049 3228 Psai-
2075 3142 2117 3199 ε
2151 3142 2424 3238 ordinem,
2464 3169 2559 3241 qui
2602 3142 2845 3223 auctoris
2877 3165 3052 3221 nostri
3094 3173 3340 3233 tempore
3377 3163 3431 3215 in
3475 3176 3585 3214 usu
3621 3175 3756 3216 esse

473 3273 633 3327 mista
662 3270 861 3326 cecinit
891 3285 905 3321 :
953 3267 1021 3323 In
1049 3265 1412 3337 splendoribus
1437 3276 1746 3319 sanctorum
1786 3281 1851 3318 ea:
1877 3274 2026 3318 utero

471 3373 596 3418 ante
637 3362 924 3432 luciferum
963 3359 1118 3430 genui
1155 3367 1203 3412 te
1235 3357 1300 3423 ‘ﬁ.
1343 3356 1529 3412 Potuit
1562 3356 1748 3425 itaque
1780 3353 2046 3426 Ignatius,

473 3473 600 3513 cum
629 3471 783 3511 suam
801 3451 1281 3522 daretepistolam,
1305 3451 1373 3506 ad
1403 3451 1517 3505 haec
1547 3448 1853 3506 Psalmistae
1879 3449 2050 3505 verba

472 3547 783 3614 attendens,
798 3546 1069 3602 scribere:
1092 3562 1111 3596 ‹
1134 3542 1372 3598 Verbum
1391 3550 1657 3596 atternum
1687 3556 1798 3598 non
1824 3557 1856 3597 a
1880 3541 2048 3597 silen-

475 3641 552 3696 tio
587 3637 961 3710 progrediens.
994 3653 1015 3687 ι
1043 3633 1097 3688 id
1131 3643 1217 3690 est
1239 3631 1480 3689 Verbum
1518 3641 1782 3688 aeternum
1808 3647 1841 3688 e
1865 3633 2052 3689 divino

473 3730 658 3786 aeterni
685 3728 862 3784 Patris
887 3728 1013 3782 sinu
1045 3741 1152 3781 non
1187 3725 1244 3780 in
1273 3724 1510 3789 silentio,
1543 3725 1626 3780 vel
1661 3725 1769 3780 ulla
1801 3726 2052 3781 tenebra-

479 3836 600 3876 rum
651 3819 991 3875 obscuritate
1047 3825 1103 3873 et
1162 3816 1395 3888 caligine
1449 3816 1826 3887 progrediens,
1865 3817 1960 3872 sed
1996 3816 2052 3872 in

477 3911 862 3984 splendoribus
891 3919 1212 3966 sanctorum
1239 3925 1305 3964 ex
1325 3908 1443 3979 ejus
1463 3916 1619 3964 utero
1639 3909 1902 3980 genitum.
1932 3909 2053 3977 Quo

476 4005 699 4076 quidem
731 4001 991 4073 loquendi
1027 4001 1192 4056 modo
1221 4001 1336 4070 ipse
1368 4015 1434 4056 eo
1475 4001 1754 4057 lubentius
1786 4017 1924 4057 usus
1939 4011 2048 4069 est,

476 4093 627 4166 quod
667 4093 791 4148 inde
830 4107 940 4146 non
987 4091 1167 4147 solum
1202 4091 1449 4145 divinum
1480 4088 1645 4145 Verbi
1684 4091 2050 4161 splendorem,

477 4185 574 4241 sed
605 4185 752 4239 illius
785 4184 952 4239 etiam
980 4183 1362 4250 aeternitatem,
1420 4200 1586 4254 quam
1635 4185 1774 4239 nihil
1823 4185 2054 4241 omnino

461 4267 875 4349 praecessisset,
923 4276 1230 4331 evidentius
1262 4275 1700 4331 demonstrabat.
1745 4275 1894 4330 Nihil
1923 4291 2055 4348 ergo

477 4373 532 4425 in
565 4372 667 4424 hac
697 4370 974 4425 locutione
1001 4368 1263 4429 occurrit,
1297 4368 1442 4438 quod
1487 4384 1596 4422 non
1645 4368 1716 4424 sit
1745 4383 1873 4424 vere
1897 4366 2057 4439 Igna-

475 4463 710 4527 tianum,
737 4470 793 4516 et
822 4477 852 4514 a
883 4469 1035 4515 tanto
1063 4468 1302 4530 martyre
1337 4460 1392 4514 in
1423 4461 1672 4529 epistola,
1700 4474 1867 4530 quam
1905 4459 2053 4529 ipse—

2153 3263 2413 3326 desierat,
2461 3257 2712 3316 denotari
2756 3255 3056 3311 arbitratus
3089 3261 3221 3309 est:
3261 3269 3280 3304 (
3321 3249 3427 3304 Sed
3476 3248 3754 3319 quando,

2155 3354 2332 3425 inquit
2358 3352 2478 3423 ejus
2507 3347 2842 3416 defensor“,
2875 3348 2962 3403 his
2983 3346 3116 3402 solis
3131 3342 3315 3399 verbis
3339 3341 3534 3396 nititur
3552 3339 3755 3394 Dallaei

2153 3451 2561 3517 argumentum,
2591 3441 2869 3510 nullisque
2893 3439 3092 3493 veteris
3114 3435 3400 3506 scriptoris
3424 3432 3631 3488 fultum
3663 3442 3757 3488 est

2153 3535 2490 3600 testimonio,
2532 3547 2644 3588 non
2690 3545 3086 3602 usquequaque
3127 3527 3367 3584 solidum
3415 3525 3554 3580 mihi
3585 3525 3756 3580 vide-

2156 3638 2264 3683 tur.
2297 3645 2315 3678 ι
2355 3625 2660 3681 Bochartus
2686 3633 2867 3679 autem
2900 3623 3028 3677 inde
3053 3630 3434 3691 argumentum
3465 3619 3759 3673 Dallzeano

2154 3720 2201 3752 ⁷⁸
2225 3719 2385 3789 plane
2407 3716 2717 3787 oppositum
2746 3714 2894 3770 elicit
2920 3729 2934 3767 :
2969 3733 2988 3765 ‹
3012 3712 3280 3784 Leopardi
3309 3727 3435 3777 vox,
3463 3711 3650 3781 inquit
3676 3712 3753 3776 ⁷³,

2156 3827 2333 3869 senus
2376 3809 2633 3880 usurpari
2683 3807 2850 3878 coepit
2892 3805 3243 3862 Constantini
3297 3819 3438 3861 aevo.
3495 3802 3756 3859 Proinde

2155 3903 2346 3978 Ignatii
2371 3902 2659 3973 epistolam
2699 3900 2768 3955 ad
2796 3898 3098 3964 Romanos,
3129 3913 3296 3968 quam
3318 3895 3760 3963 circumferunt,

2155 4010 2223 4051 eo
2251 3995 2470 4050 demum
2502 3992 2704 4048 saeculo
2729 3989 2902 4046 fuisse
2931 3990 3189 4058 scriptam
3217 3989 3303 4043 vel
3331 4003 3396 4042 ex
3435 3989 3540 4042 hoc
3570 4003 3752 4057 argu-

2157 4095 2343 4142 mento
2384 4084 2634 4154 colligas.
2670 4101 2689 4134 ›
2730 4081 2839 4136 Sed
2880 4082 2996 4140 haec
3021 4079 3282 4135 Bocharti
3330 4079 3754 4150 argumentatio

2157 4178 2430 4232 Dallaaana
2477 4175 2711 4230 validior
2745 4189 2854 4228 non
2902 4183 3004 4229 est.
3037 4171 3308 4227 Eusebius
3353 4169 3628 4241 siquidem
3681 4186 3757 4227 ex

2157 4270 2263 4325 hac
2284 4269 2474 4324 eadem
2503 4267 2760 4338 epistola.
2792 4281 2956 4335 quam
2989 4263 3196 4334 lgnatio
3224 4263 3603 4318 indubitanter
3640 4263 3755 4317 tri-

2157 4360 2298 4425 buit,
2356 4359 2489 4413 illud
2545 4357 2786 4428 leopardi
2827 4357 3015 4412 retulit
3060 4370 3284 4419 nomen,
3330 4353 3479 4424 quod
3507 4355 3761 4424 proinde

2156 4448 2506 4506 Constantini
2535 4463 2652 4503 aevo
2671 4446 2939 4518 judicavit
2971 4459 3094 4500 esse
3114 4443 3416 4514 antiquius.
3446 4439 3513 4495 Et
3545 4456 3605 4496 re
3626 4444 3762 4512 qui-

477 4564 590 4610 met
619 4552 865 4622 scripsit,
897 4561 1044 4607 recte
1075 4526 1309 4622 apteque
1332 4526 1621 4607 exaratum
1645 4561 1699 4607 et
1716 4526 2014 4606 'traditu—m.
2086 4526 2132 4582 D
2161 4543 2284 4597 dem
2325 4541 2446 4612 ipsa
2477 4555 2584 4595 vox
2623 4539 2714 4594 illa
2745 4538 2799 4592 in
2831 4537 2982 4592 Actis
3018 4545 3335 4593 sanctarum
3371 4533 3664 4603 Perpetua:
3700 4545 3760 4589 et

1070 4663 1301 4720 CAPUT
1338 4663 1476 4719 XIII.

474 4773 648 4815 ιωυιλ
671 4772 797 4812 ESSE
829 4772 882 4812 IN
914 4771 1000 4811 HIS
1026 4770 1303 4811 EPISTOLIS
1323 4770 1552 4809 PRETER
1579 4770 1867 4810 TEIPORUI
1889 4770 2054 4810 FIDE!

1002 4841 1281 4880 PERPERAI!
1317 4841 1495 4880 FICTA.

481 4921 510 4993 ᾗ
528 4919 568 4974 l.
585 4921 758 4986 Quam
779 4918 1165 4993 inconsiderate
1179 4916 1415 4993 Dailaaus
1440 4915 1753 4993 objectiones
1769 4931 1895 4970 suas
1916 4915 2057 4970 mul-

759 4989 1070 5059 tiplicaverit
1085 5005 1103 5043 :
1119 4996 1171 5042 et
1202 4989 1388 5057 prima:
1402 4986 1761 5056 respondetur.

551 5105 628 5160 De
656 5105 958 5160 haeresibus
986 5112 1149 5174 atque
1167 5102 1458 5171 hmreticis,
1490 5117 1630 5172 quos
1655 5101 1710 5156 in
1734 5100 1929 5172 lgnatii
1949 5101 2060 5172 epi-

478 5199 636 5255 stolis
673 5197 849 5252 nostri
878 5205 1100 5252 notatos
1130 5211 1252 5252 esse
1300 5203 1478 5266 putat,
1515 5195 1632 5250 haec
1665 5192 1901 5249 Dallaaus
1927 5208 2056 5248 cum

478 5293 726 5356 dixisset,
760 5289 827 5345 ad
854 5290 966 5344 alia
989 5289 1357 5360 progreditur,
1383 5289 1771 5359 contenditque
1788 5288 1842 5341 in
1862 5287 2053 5342 iisdem

477 5384 672 5440 litteris
699 5383 870 5437 multa
892 5397 1014 5438 esse
1042 5382 1148 5436 alia
1179 5389 1380 5452 praeter
1403 5390 1712 5451 temporum
1743 5379 1904 5434 [idem
1930 5393 2057 5449 per-

477 5491 666 5548 peram
695 5475 820 5531 Iicta
845 5475 912 5530 ".
936 5473 1145 5529 Horum
1172 5483 1353 5529 autem
1386 5473 1468 5528 sic
1489 5487 1774 5544 perperam
1807 5471 2055 5528 lictorum

583 5641 629 5672 “
653 5641 802 5696 Psal.
843 5655 971 5712 cxx.
992 5641 1056 5712 7'5.
1111 5641 1323 5712 r"_cap.
1344 5641 1431 5705 l5,
1458 5656 1582 5712 pag.
1606 5640 1732 5695 509.

1821 5638 1865 5670 ⁸⁸
1892 5637 2064 5708 Epist.
2091 5639 2160 5693 ad
2183 5639 2399 5708 Smyrn.

478 5708 606 5766 3i5.
681 5712 726 5743 ⁷⁸
757 5726 882 5781 pag.
906 5711 1029 5765 272.
1109 5711 1153 5744 ⁷³
1185 5708 1633 5782 Ηὶέιοῐέχξρὲιι.
1658 5728 1697 5777 ι,
1744 5709 1837 5764 lib.
1871 5725 1952 5776 ιιι,
2004 5725 2124 5778 cap.
2151 5708 2203 5763 8.

2160 4633 2485 4700 Felicitatis,
2526 4647 2629 4687 nec
2661 4646 2769 4686 non
2812 4630 2955 4701 apud
3002 4628 3356 4700 Spartianum
3387 4635 3441 4682 et
3480 4625 3757 4689 Festum,

2160 4741 2225 4781 ac
2253 4726 2469 4781 tandem
2501 4724 2645 4795 apud
2675 4721 3038 4777 Athanasium
3067 4723 3122 4776 in
3149 4720 3276 4776 Vita
3305 4717 3483 4776 sancti
3514 4718 3756 4773 Antonii

2158 4819 2375 4890 legitur.

2233 4910 2478 4966 Tertium
2528 4909 2714 4964 Dallzei
2753 4917 3138 4981 argumentum
3165 4907 3214 4940 "
3249 4906 3373 4962 inde
3417 4905 3751 4974 conﬁcitur,

2165 5003 2308 5074 quod
2345 5001 2590 5073 lgnatius
2616 5000 3203 5075 «publicepmuitentcs
3251 4999 3534 5060 absolvat.
3568 5007 3624 5054 et
3656 5016 3756 5056 re-

2159 5082 2415 5150 conciliet
2455 5093 2736 5150 Ecclesiae.
2785 5113 2804 5148 ι
2829 5093 3026 5151 Verum
3050 5094 3169 5163 ejus
3196 5089 3482 5157 defensor,
3518 5110 3538 5144 ‹
3568 5090 3754 5148 falsus

2158 5197 2276 5254 est,
2327 5187 2436 5255 ait,
2484 5203 2584 5242 sua
2631 5185 2891 5257 opinione
2930 5184 3424 5256 praestantissimus
3471 5182 3752 5251 Dallaeus,

2159 5296 2390 5351 eamque
2437 5290 2730 5352 propterea
2772 5280 3163 5335 emendaturus
3190 5287 3369 5346 esset,
3411 5278 3458 5332 si
3489 5277 3752 5345 vixisset,

2159 5384 2220 5430 ut
2245 5374 2426 5428 amico
2455 5373 2762 5443 rescripsit,
2793 5373 2956 5442 eique
2991 5371 3112 5427 loca
3139 5387 3241 5442 pro
3279 5370 3594 5440 receptioue
3623 5384 3751 5440 pm-

2160 5469 2452 5524 nitentium
2493 5467 2638 5539 apud
2681 5465 3089 5523 vetustissimos
3134 5463 3396 5522 Ecclesiae
3439 5464 3753 5535 scriptores

2481 5637 2528 5708 ss
2548 5651 2690 5708 pag.
2715 5635 2846 5692 272,
2926 5636 2973 5670 ἰο
3007 5633 3183 5707 Epist.
3214 5634 3284 5690 ad
3311 5630 3464 5688 Rom.
3542 5632 3587 5664 "
3615 5645 3747 5703 pag-

2299 5708 2319 5739 ³
2350 5721 2473 5778 pag.
2504 5705 2634 5760 275.

3784 5558 3800 5586 Ἰ
