3852 6206
1125 328 1186 384 D.
1225 327 1520 387 NOURRII
1557 330 2034 390 DISSERTATIO.
2077 366 2145 376 —
2184 333 2364 392 PARS
2398 335 2442 392 1.
2541 333 2544 336 ’

151 449 518 506 indicaverat.
561 466 581 501 ι
623 445 846 504 Utinam
893 447 1130 505 Dallzus
1187 458 1246 506 et
1304 450 1428 520 ejus
1479 453 1740 510 defensor
1769 461 1818 519 Α
1847 463 2190 522 memorato,
2243 455 2387 512 Beda
2448 457 2766 525 tradiderit,
2817 473 2928 516 non
2968 458 3254 531 videmus;
3323 478 3424 520 nec

149 556 350 598 omnes
380 540 519 595 alios
555 552 775 594 errores
813 553 947 595 suos
967 540 1382 598 emendassent!
1419 541 1520 599 Hic
1550 552 1732 601 tamen

148 635 336 691 obiter
362 633 601 689 observa
629 639 870 702 quantos
917 633 974 686 in
1019 647 1242 690 errores
1266 645 1602 705 praepostera
1630 637 1741 693 lili-

148 727 341 798 gandi,
384 734 441 781 et
478 740 579 782 sua
613 725 880 782 adversus
927 725 1195 798 genuinas
1232 727 1426 798 lgnatii
1474 729 1740 800 epistolas

149 828 484 890 argumenta
513 817 928 890 multiplicandi‘
947 821 1176 892 prurigo
1196 819 1460 878 Dallaaum
1490 824 1742 896 praecipi-

146 921 261 968 tem
292 913 492 985 egerit.

368 1024 523 1098 ςιιι.
566 1025 788 1094 Quartae
830 1027 1113 1094 obiectioni
1160 1031 1524 1100 respondetur.

219 1137 496 1206 Quartum
551 1140 794 1213 denique
841 1141 1028 1198 Dallaai
1077 1155 1463 1214 argumentum
1502 1147 1550 1178 ⁷⁸
1613 1146 1738 1202 inde

144 1231 375 1302 petitur,
401 1231 551 1302 quod
582 1233 639 1288 in
679 1234 768 1290 his
809 1235 1055 1306 epistolis
1097 1239 1304 1293 mentio
1343 1238 1436 1294 liat
1465 1237 1735 1308 Onesimi,

143 1323 519 1395 Ephesiorum
550 1325 817 1397 episcopi,
845 1342 1008 1398 quem
1037 1343 1184 1384 anno
1212 1329 1316 1384 107
1349 1329 1432 1386 vel
1467 1330 1591 1400 l08,
1625 1347 1736 1403 quo

139 1416 228 1471 hae
258 1417 510 1488 epistola:
541 1418 683 1473 datae
730 1427 880 1487 sunt,
907 1420 1021 1474 vita
1052 1419 1300 1476 functum
1336 1420 1509 1479 fuisse
1543 1438 1611 1479 ex
1637 1424 1732 1480 Ni-

136 1506 371 1577 cephori
400 1508 600 1578 probat
629 1507 894 1567 Historia.
936 1511 1103 1568 Addit
1132 1527 1261 1568 vero
1309 1529 1487 1585 neque
1519 1530 1552 1571 a
1577 1514 1730 1572 Grae-

136 1615 340 1655 corum
372 1600 616 1670 Menaeis,
647 1603 730 1658 vel
759 1618 791 1658 a
822 1602 1081 1661 Simeone
1105 1603 1471 1677 Metaphraste
1503 1609 1727 1680 agnosci

136 1691 292 1748 hunc
323 1690 668 1764 Ephesinum
692 1694 940 1751 Onesimi
967 1697 1342 1768 episcopatum
1367 1717 1382 1766 ;
1412 1700 1482 1756 ab
1503 1709 1726 1757 auctore

133 1793 330 1841 autem
359 1785 817 1842 Constitutionum
840 1790 1257 1860 apostolicamm
1296 1794 1550 1850 eumdem
1584 1792 1728 1851 One-

135 1879 350 1934 simum
378 1877 618 1936 Berrmte
638 1881 957 1953 episcopum
980 1884 1263 1954 appellari.
1289 1883 1536 1957 Denique
1558 1887 1730 1944 Doro-

131 1971 302 2027 theus
350 1971 407 2026 in
443 1969 718 2045 Synopsi,
761 1983 816 2030 et
843 1973 1168 2048 Hippolytus
1208 1979 1262 2031 in
1305 1978 1492 2034 libello
1539 1979 1618 2034 De
1663 1980 1730 2036 70

129 2062 422 2132 discipulis
459 2065 698 2133 inedito,
729 2081 839 2121 non
873 2067 1041 2134 hunc,
1086 2069 1181 2125 sed
1211 2068 1407 2126 Gaium
1439 2070 1731 2129 Timotheo

131 2157 190 2210 in
220 2155 513 2227 Ephesino
560 2159 879 2230 episcopatu
923 2163 1258 2219 successisse
1292 2163 1585 2221 alIirmant.
1620 2165 1729 2222 Sed

128 2247 217 2303 his
238 2250 514 2305 omnibus
541 2249 700 2307 facile
725 2254 1086 2324 respondeas,
1117 2256 1166 2311 si
1195 2257 1514 2314 memineris
1541 2256 1727 2326 plures

127 2337 308 2397 fuisse
329 2338 650 2413 Onesimos,
677 2343 746 2400 de
777 2347 980 2416 quibus
1019 2346 1236 2405 diversa
1263 2363 1294 2404 a
1331 2349 1564 2407 diversis
1590 2352 1728 2406 scri-

125 2433 396 2502 ptoribus
445 2437 729 2492 memoriae
777 2439 996 2509 prodita
1047 2451 1196 2495 sunt.
1244 2440 1516 2508 Quocirca
1562 2441 1726 2498 Nice-

126 2529 343 2594 phorus
403 2528 598 2583 scribit
645 2530 880 2599 quidem.
899 2529 1220 2588 Onesimum
1273 2535 1566 2605 quemdam
1623 2535 1726 2592 sub

125 2616 440 2674 Domitiani
484 2620 718 2692 imperio
763 2634 996 2680 mortem
1026 2625 1252 2692 obiisse,
1286 2627 1381 2682 sed
1419 2627 1576 2682 illum
1604 2619 1725 2698 epiJ

124 2727 368 2784 saepem
417 2711 758 2784 Ephesinum
817 2714 992 2772 fuisse
1040 2717 1236 2773 nullibi
1305 2728 1594 2775 memorat.
1643 2719 1724 2776 Ex

123 2805 472 2863 Nenreorum
522 2823 656 2864 vero
716 2824 813 2864 seu
866 2809 1253 2881 Metaphrastis
1309 2813 1530 2870 silentio
1587 2813 1724 2870 nihil

121 2914 384 2970 unquam
429 2899 628 2956 conﬁci
664 2901 885 2971 poterit.
920 2901 980 2958 Si
1021 2904 1166 2959 enim
1212 2905 1281 2960 de
1327 2904 1572 2962 Onesimi
1606 2909 1724 2979 epi-

121 3001 365 3063 scopatu
396 2992 432 3046 ii
477 2994 751 3049 tacuerint
775 3035 789 3059 ,
824 2995 984 3050 multi
1017 2996 1112 3050 alii
1150 2997 1309 3067 plura
1336 2997 1406 3054 de
1452 3015 1519 3055 eo
1552 3001 1723 3055 tradi-

120 3085 352 3141 derunt.
403 3085 580 3142 Porro
602 3087 649 3142 si
711 3088 898 3159 plures
959 3089 1166 3146 iuerint
1233 3091 1521 3162 Onesimi,
1581 3096 1720 3152 nihil

120 3181 347 3245 obstat,
382 3181 680 3250 quominus
725 3197 871 3238 unus
923 3181 1162 3253 Ephesi,
1195 3185 1334 3243 alter
1359 3185 1616 3255 Berrteaa,
1661 3198 1724 3245 ut

121 3281 327 3327 auctor
360 3271 820 3328 Constitutionum
859 3275 1280 3345 apostolicarum
1307 3289 1515 3347 narrat,
1555 3282 1723 3337 fuerit

120 3365 430 3434 episcopus
455 3381 472 3430 ;
501 3365 644 3421 alius
675 3381 807 3421 vero
829 3408 844 3434 ,
879 3376 940 3422 ut
965 3366 1277 3426 Dorotheus
1317 3383 1371 3426 et
1396 3370 1719 3447 Hippolytus

121 3465 390 3512 asserunt
413 3456 554 3513 Caio
585 3459 938 3516 successerit.

191 3549 417 3606 Instant
469 3549 702 3608 Dallaaus
748 3551 978 3624 ejusque
1027 3553 1286 3614 defensor
1341 3572 1409 3612 ex
1450 3555 1606 3613 Pauli
1650 3558 1719 3615 ad

119 3642 514 3699 Philemonem
550 3645 792 3717 Epistola
815 3689 830 3715 ,
887 3663 1035 3704 anno
1083 3648 1290 3706 Christi
1325 3650 1408 3707 ‘56
1453 3661 1675 3708 exarata
1699 3695 1715 3722 ,

117 3747 339 3793 certum
373 3737 548 3793 videri
585 3737 904 3795 Onesimum
943 3741 1187 3812 ejusdem
1214 3743 1371 3799 Pauli
1418 3743 1589 3802 fuisse
1632 3746 1718 3801 di-

118 3833 445 3904 scipulum;
499 3850 568 3889 ex
615 3833 760 3891 Beda
808 3845 989 3891 autem
1050 3847 1214 3908 atque
1264 3837 1503 3896 Notkero
1558 3841 1713 3897 illum

115 3927 382 3982 eumdem
416 3943 566 3994 esse,
599 3929 760 3999 cujus
803 3927 1048 4001 lgnatius
1090 3941 1278 3988 noster
1310 3933 1440 3990 fecit
1474 3937 1713 3992 mentio-

118 4036 267 4076 nem.
296 4020 450 4091 Ergo
495 4019 790 4079 Onesimus
837 4023 930 4078 ille
957 4039 1085 4080 cum
1124 4023 1368 4097 lgnatius
1425 4043 1573 4084 anno
1612 4029 1716 4083 l0‘l

117 4115 203 4170 vel
236 4113 370 4181 108,
399 4129 534 4169 suas
577 4115 847 4172 scriberet
883 4116 1184 4188 Epistolas,
1225 4133 1432 4174 annum
1477 4122 1713 4177 centesi--

117 4223 272 4263 mum
309 4209 401 4264 vel
436 4217 586 4264 certe
623 4210 1044 4282 nonagesimum
1074 4211 1190 4282 jam
1241 4213 1556 4283 implevisse
1582 4229 1716 4271 cen-

117 4302 326 4356 sendus
357 4309 463 4357 est.
495 4300 672 4368 Quam
703 4303 962 4374 martyris
991 4304 1128 4360 adeo
1155 4315 1472 4375 provectam
1497 4315 1710 4363 aetatem

115 4409 242 4448 cum
281 4395 476 4450 nullus
519 4395 755 4466 scriptor
815 4397 1226 4466 observaverit,
1265 4415 1389 4456 eum
1431 4401 1708 4471 juniorem

1845 545 2015 600 ullum
2050 545 2105 600 in
2129 546 2271 617 ejus,
2295 562 2474 618 neque
2501 549 2667 604 etiam
2693 548 2921 606 Notkeri
2959 551 3180 622 scriptis
3213 552 3422 618 locum.

1843 633 1938 688 ubi
1997 635 2113 689 haec
2158 636 2400 706 reperias
2426 677 2442 704 ,
2481 637 2744 695 indicavit
2796 639 3052 698 Dallaeus.
3085 640 3162 697 Ea
3199 643 3424 713 quidem

1841 726 1986 796 apud
2017 725 2331 784 Usuardum
2355 729 2626 800 legimus:
2661 741 2718 788 at
2745 748 2855 788 non
2885 734 3034 790 illius
3073 736 3240 790 verba
3272 744 3422 802 sunt,

1843 819 1939 874 sed
1961 818 2192 888 Adonis,
2221 837 2387 892 quem
2415 834 2670 895 corrupta
2699 835 2754 880 et
2789 826 3084 896 depravata
3117 838 3426 900 martyrum

1840 909 1977 967 Acta
2015 911 2068 966 in
2119 927 2365 970 errorem
2420 915 2777 973 induxerunt.
2828 917 3101 974 Caelerum
3152 920 3421 990 quidquid

1841 1012 2097 1061 auctores
2148 1005 2226 1061 illi
2279 1007 2347 1062 de
2397 1007 2657 1065 Onesimo
2706 1013 2987 1068 memoriae
3036 1012 3420 1082 prodiderint,

1841 1111 2006 1151 nemo
2069 1112 2219 1154 sanae
2257 1099 2460 1157 mentis
2510 1101 2678 1158 homo
2707 1105 2987 1175 negaverit
3037 1105 3106 1160 iis
3161 1105 3420 1161 omnibus

1840 1190 2280 1258 anteponendum
2328 1205 2451 1248 esse
2496 1194 2866 1251 certissimum
2901 1197 3123 1254 Eusebii
3172 1200 3422 1254 testimo-

1839 1280 2028 1346 nium,
2072 1282 2168 1362 qui
2215 1283 2420 1340 diserte
2446 1285 2926 1359 indubitanterque
2975 1281 3233 1347 asserit"
3260 1290 3419 1364 lgna.

1837 1371 1975 1426 tium
2025 1383 2276 1430 nostrum
2331 1378 2620 1448 epistolam
2656 1381 2946 1452 scripsisse
2975 1400 2995 1434 ι
3023 1383 3092 1438 ad
3117 1382 3418 1440 Ecclesiam

1837 1459 2202 1534 Ephesiorum
2233 1505 2250 1533 ,
2315 1467 2372 1522 in
2431 1483 2541 1540 qua
2598 1465 2845 1527 Onesimi
2889 1472 3134 1543 ipsorum
3181 1475 3417 1546 pastoris

1835 1555 2172 1611 mentionem
2199 1555 2349 1614 facit.
2381 1577 2402 1612 ι

2420 1712 2653 1772 CAPUT
2686 1714 2827 1772 XIV.

1758 1808 1803 1864 Β
1830 1835 1979 1878 NIHIL
2019 1839 2071 1878 IN
2110 1840 2194 1882 HIS
2232 1837 2510 1882 EPISTOLIS
2549 1843 2861 1884 OCCURRERE
2884 1869 2900 1895 ,
2937 1845 3003 1885 AB
3043 1846 3247 1890 IGNATII
3284 1830 3415 1892 νείκ-

2042 1909 2194 1964 8οΝΔ,
2232 1912 2482 1965 IORIBUS,
2524 1914 2631 1954 AU'I'
2669 1914 2901 1955 PIETATE
2940 1917 3197 1958 ALIENUI.

2011 2010 2037 2081 ᾗ
2071 2009 2112 2066 I.
2160 2010 2346 2067 Prima
2380 2024 2431 2068 et
2465 2015 2696 2069 secunda
2729 2015 2951 2086 objectio
2987 2019 3232 2076 solvitur.

1901 2122 2225 2193 Quindecim
2275 2125 2502 2198 insuper
2553 2140 2878 2200 argumenta
2931 2131 3167 2191 Dallzeus
3211 2137 3412 2208 depro-

1830 2217 1952 2285 mit,
1989 2217 2194 2288 quibus
2225 2218 2459 2289 probare
2486 2219 2679 2275 nititur
2701 2236 2824 2277 esse
2845 2223 2901 2277 in
2924 2221 3118 2294 Ignatii
3143 2229 3410 2301 epistolis,

1834 2327 1854 2362 ι
1878 2309 2001 2365 Alia
2035 2311 2210 2366 multa
2239 2326 2271 2365 a
2302 2327 2569 2382 personae,
2600 2313 2690 2369 cui
2719 2313 3074 2387 alIinguntur,
3115 2322 3201 2376 vel
3238 2325 3410 2380 mori-

1827 2401 1955 2469 bus,
1987 2403 2072 2460 vel
2101 2405 2387 2476 dignitate,
2424 2407 2512 2462 vel
2542 2407 2786 2478 ingenio,
2817 2412 2904 2466 vel
2931 2412 3133 2482 pietate
3164 2416 3362 2474 aliena.
3383 2438 3404 2472 ι

1829 2492 1937 2552 Sed
1976 2513 2047 2553 ex
2077 2506 2234 2553 tanto
2264 2509 2714 2570 argumentorum
2744 2519 2977 2562 numero
3010 2507 3122 2563 duo
3142 2509 3412 2568 duntaxat

1766 2604 1774 2656 ι
1826 2587 1896 2642 ad
1920 2601 2038 2655 eas,
2068 2603 2209 2660 quas
2253 2588 2636 2661 defendimus,
2673 2593 2933 2664 epistolas
2972 2600 3266 2669 pertinent.
3298 2603 3413 2660 llo-

1823 2694 1948 2736 rum
1973 2682 2128 2754 prius
2154 2683 2378 2739 ductum
2395 2694 2567 2741 estex
2586 2685 2672 2742 his
2693 2688 2874 2746 verbis
2895 2706 2908 2744 :
2934 2708 2954 2742 ι
2975 2689 3106 2764 Sine
3125 2693 3406 2767 episcopo,

1789 2785 1795 2796 '
1824 2773 2160 2845 presbyteris
2189 2783 2244 2830 et
2267 2774 2517 2831 diaconis
2536 2775 2836 2834 Ecclesiam
2854 2795 2964 2836 non
2996 2785 3178 2839 vocari
3196 2785 3262 2840 ⁷⁷.
3298 2805 3317 2840 ι
3340 2786 3411 2843 At

1825 2864 1942 2921 haec
1973 2865 2158 2921 omnia
2181 2868 2409 2924 omnino
2445 2866 2727 2940 Ignatiana
2756 2886 2880 2928 esse
2914 2874 3031 2944 jam
3059 2875 3407 2935 demonstra-

1823 2971 2025 3011 vimus.

1895 3045 2197 3104 Posteriori
2248 3047 2434 3105 Dallaai
2487 3064 2814 3124 argumento
2861 3058 3214 3116 occasionem
3267 3077 3408 3132 prae-

1749 3152 1793 3211 c
1825 3135 1998 3193 buere
2047 3138 2154 3193 alia
2204 3139 2432 3196 alterius
2480 3141 2724 3212 epistolae
2763 3145 2974 3200 verba:
3019 3163 3038 3198 ι
3073 3145 3274 3204 Filium
3306 3150 3407 3207 Dei

1822 3227 2124 3282 secundum
2148 3228 2483 3285 voluntatem
2507 3240 2561 3286 et
2581 3234 2880 3302 potentiam
2904 3233 2995 3291 Dei
3019 3237 3265 3308 genitum
3281 3241 3352 3309 ⁷⁸;
3379 3261 3400 3295 ι

1821 3334 1944 3392 qua:
1976 3320 2199 3390 quidem
2230 3338 2340 3376 non
2371 3324 2503 3379 satis
2535 3340 2701 3391 sana,
2735 3327 2831 3382 sed
2859 3326 3032 3395 dura,
3079 3331 3281 3402 vixque
3324 3332 3407 3390 fe-

1823 3411 1995 3467 renda
2028 3410 2231 3468 Dallaeo
2260 3413 2536 3471 videntur.
2569 3415 2881 3473 Mirandum
2907 3430 3058 3475 certe
3085 3423 3323 3494 delicato
3349 3435 3405 3483 et

1821 3501 2080 3574 religioso
2127 3502 2314 3559 Dallzei
2357 3506 2414 3559 in
2445 3507 2610 3563 rebus
2658 3509 2782 3564 ﬁdei
2821 3511 3002 3580 palato
3034 3513 3165 3570 illud
3201 3517 3403 3573 durum

1821 3609 1923 3650 nec
1947 3595 2083 3651 satis
2116 3610 2314 3652 sanum
2339 3596 2534 3666 videri,
2559 3600 2705 3669 quod
2733 3599 3135 3672 Theodoretus,
3160 3607 3244 3661 vir
3269 3624 3404 3664 sane

1819 3700 1932 3741 non
1982 3685 2168 3743 minus
2217 3703 2385 3758 quam
2419 3689 2510 3745 ille
2540 3689 2872 3762 Christianae
2909 3695 3035 3752 ﬁdei
3081 3699 3401 3768 dogmatum

1817 3778 2051 3849 peritus,
2097 3781 2168 3835 ad
2205 3781 2575 3839 confutandos
2605 3784 2991 3844 haereticorum
3029 3805 3243 3848 errores
3272 3809 3402 3864 pro-

1817 3866 1961 3924 ferre
2002 3885 2113 3926 non
2167 3871 2456 3928 dubitavit.
2512 3874 2720 3931 Deinde
2777 3876 3020 3949 lgnatius
3069 3882 3144 3937 ibi
3179 3899 3288 3940 non
3333 3887 3403 3942 de

1817 3970 2055 4031 aeterna,
2097 3965 2192 4020 sed
2234 3965 2302 4020 de
2339 3968 2628 4037 temporali
2667 3969 2874 4026 Christi
2924 3976 3275 4044 generatione
3320 3979 3404 4036 lo-

1817 4053 2006 4124 quitur
2030 4072 2044 4108 :
2075 4072 2095 4106 ‹
2120 4053 2398 4123 Genitum,
2420 4057 2621 4128 inquit,
2641 4075 2768 4116 vere
2793 4076 2862 4116 ex
2878 4061 3122 4135 Virgine.
3149 4085 3170 4118 ι
3196 4065 3403 4135 Quam-

1816 4141 1901 4195 vis
1931 4148 2116 4196 autem
2161 4141 2230 4197 de
2256 4143 2408 4200 illius
2440 4146 2726 4204 divinitate
2755 4149 3103 4221 loqueretur,
3148 4156 3281 4212 illud
3312 4173 3402 4222 sae

1814 4248 1949 4288 num
2002 4241 2150 4290 esset
2182 4242 2239 4290 et
2282 4237 2688 4308 orthodoxum;
2719 4244 3164 4316 quandoquidem
3212 4227 3434 4319 plures:

1815 4323 2068 4380 invenias
2122 4323 2180 4378 in
2231 4328 2586 4399 antiquorum
2639 4330 2865 4390 Patrum
2919 4337 3142 4407 scriptis
3185 4341 3397 4398 similes

1815 4417 2101 4488 loquendi‘
2123 4422 2341 4489 modos,
2380 4439 2522 4493 quos
2552 4425 2725 4482 duros
2765 4437 2821 4483 et
2857 4429 2947 4484 vix
2981 4429 3239 4490 ferendos
3274 4448 3399 4491 esse

115 4503 371 4559 passum,
400 4487 656 4558 hancque
687 4489 978 4560 epistolam
1021 4490 1386 4547 adulterinam
1427 4509 1552 4549 esse
1580 4493 1708 4550 Dal-
1743 4497 1788 4558 ι)
1816 4487 2141 4569 ηρίυθιιωυε
2168 4487 2600 4586 quidem-dicere
2621 4517 2840 4574 audeat.

113 4580 248 4637 heus
299 4580 603 4637 concludit.
655 4579 1074 4652 Respondemus
1107 4581 1406 4655 Epistolam
1450 4584 1602 4641 Pauli
1635 4587 1706 4643 ad

115 4673 498 4731 Philemonem
523 4690 633 4730 non
664 4675 872 4732 Christi
897 4693 1042 4732 anno
1067 4677 1159 4746 56,
1182 4689 1243 4734 ut
1272 4679 1363 4734 ille
1384 4681 1704 4750 arbitratur,

117 4771 406 4841 scriptam,
437 4769 534 4824 sed
572 4777 696 4839 post
727 4785 935 4824 annum
964 4772 1391 4840 sexagesimum,
1440 4772 1706 4844 qqupo—

117 4862 290 4916 stnlus
329 4861 440 4916 sub
483 4859 648 4916 Festo
695 4860 896 4917 Iudaeae
949 4863 1207 4933 praelecto
1255 4879 1378 4919 cum
1431 4865 1704 4921 Caesarem

117 4954 492 5024 appellasset,
545 4951 778 5009 Romam
833 4956 927 5011 ubi
981 4956 1125 5012 hanc
1181 4956 1330 5012 dedit
1361 4957 1704 5028 Epistolam,

116 5057 304 5116 postea
335 5046 543 5101 ductus
567 5055 669 5102 est.
699 5045 846 5102 Nihil
896 5058 1078 5102 autem
1124 5049 1380 5119 prohibet
1407 5052 1706 5120 quominus

116 5137 449 5206 Onesimus,
493 5137 589 5210 qui
650 5155 718 5194 eo
756 5148 1036 5210 tempore,
1074 5156 1185 5210 quo
1234 5142 1302 5196 ad
1329 5140 1706 5198 Philemonem

117 5231 320 5290 Paulus
357 5233 608 5303 scripsit,
635 5233 824 5303 junior
854 5243 994 5302 erat,
1021 5233 1088 5288 ad
1117 5250 1243 5290 eum
1273 5251 1449 5306 usque
1474 5252 1702 5303 annum,

118 5343 220 5395 quo
247 5327 503 5398 Ignatius
526 5341 657 5382 suas
685 5327 996 5396 composuit
1026 5327 1312 5398 epistolas,
1341 5329 1514 5385 vitam
1542 5341 1707 5402 atque

119 5422 498 5490 episcopatum
534 5418 880 5490 produxerit.

182 5510 397 5568 Deinde
427 5509 563 5582 quid
585 5509 653 5566 de
675 5508 957 5578 Onesimo,
984 5511 1041 5567 in
1062 5510 1266 5584 lgnatii
1307 5514 1482 5570 nostri
1507 5513 1705 5571 litteris

195 5639 247 5726 ti
277 5643 832 5726 pagz516._“"_lib.
869 5665 930 5706 ιιι
963 5651 1106 5726 Hist.
1148 5670 1269 5726 cap.
1305 5655 1394 5711 56.

128 5704 175 5743 ’⁸
200 5704 327 5784 cap.
357 5704 450 5785 i7,
477 5730 531 5786 p.
563 5715 688 5786 358,
719 5704 890 5792 Epist.
913 5704 1269 5796 ἀάὲίὶὲνιῖῆΐ
1303 5704 1498 5801 εἴβεις.
1532 5704 1659 5784 ΞὲῙῖ

2065 4642 2094 4715 §
2124 4643 2190 4700 Il.
2235 4645 2430 4703 Tertiae
2469 4650 2752 4719 objectioni
2783 4655 3146 4723 respondetur.

1884 4777 2070 4834 Dallzei
2121 4781 2307 4850 itaque
2344 4780 2623 4850 defensor,
2668 4785 2774 4841 hoc
2815 4789 3187 4857 praetermisso
3227 4806 3396 4866 argu-

1813 4879 2020 4938 mento,
2071 4872 2142 4927 ad
2194 4873 2343 4930 aliud
2398 4876 2548 4946 quod
2602 4878 2827 4948 gravius
2885 4880 3232 4954 validiusque
3275 4901 3396 4942 esse

1813 4962 2092 5032 opinatur,
2118 4966 2248 5022 totis
2272 4967 2483 5025 viribus
2509 4973 2968 5042 propugnandum
2997 4977 3390 5047 aggreditur".

1813 5051 1948 5110 Illud
1993 5069 2176 5110 autem
2209 5057 2269 5111 in
2324 5074 2391 5115 eo
2443 5061 2610 5115 situm
2659 5072 2764 5130 est,
2793 5067 2940 5136 quod
2983 5064 3225 5137 lgnatius
3268 5088 3288 5122 ί
3322 5084 3392 5126 ex

1811 5147 2138 5218 apocnyphis
2169 5149 2418 5219 quaedam
2450 5150 2690 5220 furatur,
2722 5170 2900 5227 eaque
2925 5172 3025 5227 pro
3046 5159 3194 5215 veris
3221 5168 3276 5215 et
3299 5162 3380 5215 in-

1809 5236 2072 5294 dubitatis
2119 5241 2292 5310 ponit.
2328 5261 2348 5295 ι
2385 5241 2490 5299 Ubi
2542 5245 2688 5301 enim
2739 5247 2807 5303 de
2851 5247 3074 5305 Christo
3119 5251 3370 5310 disserit:

1814 5346 1834 5381 ‹
1873 5328 1941 5385 Et
1969 5331 2211 5400 quando,
2246 5333 2442 5405 inquit,
2481 5336 2550 5391 ad
2585 5353 2707 5405 eos,
2744 5339 2839 5410 qui
2871 5339 3016 5396 circa
3043 5339 3264 5397 Petrum
3299 5359 3392 5400 ve-

1810 5425 1912 5492 nit,
1940 5425 2016 5480 ait
2055 5425 2191 5496 ipsis
2220 5449 2232 5482 :
2259 5426 2689 5500 Apprehendite,
2729 5431 2946 5502 palpate
2993 5448 3103 5497 me,
3134 5442 3188 5488 et
3208 5433 3391 5491 videte

1809 5521 2072 5588 quoniam
2101 5535 2213 5578 non
2237 5536 2361 5578 sum
2395 5522 2729 5579 daemonium
2759 5515 3214 5596 incorporeum".
3233 5525 3392 5593 «Quae

1491 5658 1690 5734 VV-Ca-p.

1839 5660 1906 5718 l5
1929 5671 1981 5719 et
2009 5659 2096 5720 16.
2132 5661 2307 5734 Epist.
2339 5662 2408 5719 ad
2440 5660 2700 5719 Trallems.
2732 5723 2737 5731 ,
2773 5661 2845 5729 ,⁷⁸
2871 5657 3042 5732 Epist.
3071 5659 3141 5715 ad
3177 5659 3390 5733 Satyri.
