3852 6206
428 359 529 414 5Ξ7

1500 348 1558 405 S.
1600 342 1954 405 lGNATlUS.
1996 373 2063 383 ——
2099 334 2633 396 PBOLEGOMENA.

3580 322 3692 377 5&8

428 493 559 533 sane
591 474 766 532 Verba
803 474 876 532 ab
918 482 1142 531 auctore
1173 480 1366 528 nostro
1399 486 1509 526 non
1559 470 1782 526 aliunde
1802 511 1817 537 ,
1846 483 2011 539 quam
2042 469 2089 528 Α
2115 464 2331 534 dignas.
2361 474 2528 531 quam
2553 473 2642 520 ea,
2668 469 2795 527 quae
2817 452 2943 508 vitae
2970 464 3086 508 suae
3104 457 3355 521 pertaesa,
3377 447 3692 539 lucemque,

427 586 491 625 ex
544 567 862 640 apocrypho
896 566 1284 622 Nazaraeorum
1331 563 1631 636 Evangelio
1674 565 2009 635 transcripta

426 659 601 717 fuisse
625 660 772 716 haud
808 659 1126 716 dubitanter
1151 657 1404 714 afﬁrmat.
1430 658 1519 724 At,
1551 656 1750 727 inquit,
1775 656 1821 712 is
1847 655 2007 727 lgna—

427 754 537 810 tius
583 762 792 825 martyr
830 766 955 809 esse
1002 767 1112 808 non
1144 750 1478 822 potest,qui
1536 749 1782 805 veritatis
1830 748 2009 803 fontes

428 845 716 903 fastidiens
743 888 759 913 ,
809 846 997 916 potius
1050 843 1190 900 falsa
1239 843 1449 898 Christi
1481 842 1647 897 verba
1673 857 1741 897 ex
1777 841 2012 911 impuris

427 940 864 1011 apocryphorum
895 936 1131 1001 lacunis,
1167 952 1332 1007 quam
1362 952 1494 990 vera
1518 950 1585 990 ex
1619 934 1784 991 certis
1812 933 2013 990 divinae

429 1031 729 1102 Scriptura:
767 1030 924 1086 libris
949 1043 1202 1100 promere
1249 1029 1525 1084 maluerit.
1570 1025 1760 1098 Neque
1800 1026 2010 1082 dixeris

427 1124 737 1195 apocrypha
770 1139 881 1178 non
912 1122 1079 1178 semel
1107 1120 1176 1176 ab
1219 1121 1461 1191 antiquis
1506 1119 1758 1175 Patribus
1805 1118 2005 1186 citari;

428 1216 574 1271 illico
630 1216 777 1271 enim
832 1213 1147 1270 Dallaeanus
1205 1213 1464 1269 defensor
1514 1213 1682 1269 altius
1727 1213 2006 1284 insurgit,

428 1318 693 1380 urgetque
747 1321 1025 1364 auctorem
1074 1316 1329 1364 nostrum
1374 1322 1487 1363 non
1516 1306 1639 1363 ideo
1669 1307 1824 1379 argui
1858 1306 2010 1377 quod

429 1401 741 1473 apocrypha
772 1400 1110 1467 laudaverit;
1140 1400 1234 1456 sed
1261 1400 1408 1471 quod
1440 1400 1729 1455 historiam
1761 1400 1909 1454 illam
1941 1415 2008 1454 ex

429 1494 580 1551 falsis
603 1510 713 1550 non
745 1510 811 1549 ex
841 1494 1008 1558 veris,
1039 1492 1134 1548 ubi
1165 1500 1347 1548 exstat
1375 1492 1597 1563 gravius
1636 1500 1801 1563 atque
1842 1492 2004 1547 lucu-

429 1588 631 1644 lentius
656 1586 906 1656 exposita
920 1627 936 1654 ,
952 1584 1376 1657 Evangeliorum
1396 1584 1573 1651 libris,
1594 1585 1669 1640 sit
1697 1592 2004 1639 mutuatus.

503 1680 610 1736 Sed
642 1696 671 1735 a
699 1679 977 1735 Dallaeano
1010 1678 1303 1735 defensore
1333 1678 1635 1748 quaerimus
1664 1676 1808 1732 unde
1852 1675 2011 1748 lgna-

429 1773 566 1828 tium
594 1771 759 1826 verba
806 1771 920 1837 illa,
948 1784 1075 1841 quae
1100 1770 1308 1841 objicit,
1356 1770 1425 1824 ab
1465 1768 1781 1839 apocrypha
1823 1766 2008 1822 Naza-

2116 554 2262 626 quod
2286 560 2445 623 poeta
2470 548 2637 613 canit,
2656 560 2873 617 perosa,
2900 544 2952 598 in
2976 551 3204 596 mortem
3225 553 3464 610 praeceps
3494 538 3639 592 ruit!
3668 555 3692 589 ο

2115 644 2226 700 Sed
2276 641 2497 713 dignior
2550 646 2635 694 est
2678 636 2904 691 ethnico
2948 641 3147 703 poeta,
3190 646 3355 701 quam
3419 629 3697 698 scriptore

2112 732 2433 789 Christiano
2490 729 2608 784 haec
2653 725 2999 782 exclamatio.
3055 723 3240 793 Longe
3282 722 3440 777 aliter
3480 720 3698 777 sentie-

2116 823 2251 877 bant
2278 819 2550 876 Eusebius
2578 826 2634 873 et
2664 816 3033 888 Hieronymus
3056 855 3073 882 ,
3105 813 3199 884 qui
3231 812 3456 883 praefata
3494 810 3698 882 lgnatii

2114 914 2306 980 verba,
2339 926 2558 969 summa
2578 910 2783 981 pietate
2815 909 2936 979 ejus
2964 916 3021 963 et
3056 906 3291 962 mirabili
3331 917 3562 975 prorsus
3589 916 3699 972 pro

2112 1007 2340 1064 Christo
2368 1002 2645 1060 moriendi
2676 1002 2860 1058 studio
2890 1010 3000 1056 tam
3034 1000 3196 1071 digna
3237 1004 3610 1068 putaverunt,
3639 1003 3703 1049 ut

2112 1116 2181 1156 ex
2210 1099 2421 1155 caeteris
2458 1096 2719 1151 omnibus
2748 1092 3085 1151 sanctissimi
3117 1090 3375 1161 martyris
3414 1088 3602 1153 dictis,
3634 1102 3702 1141 ea

2114 1192 2465 1263 potissimum
2518 1188 2635 1244 suis
2667 1188 2723 1242 in
2749 1186 2905 1241 libris
2949 1183 3388 1249 transcribenda,
3416 1180 3701 1236 omnium-

2113 1301 2221 1357 que
2249 1283 2692 1340 Christianorum
2740 1277 2994 1351 religioni
3026 1286 3081 1333 et
3110 1274 3460 1332 admirationi
3491 1287 3701 1344 propo-

2114 1376 2289 1432 nenda
2321 1374 2637 1445 selegerint.
2660 1372 2801 1440 Quid
2824 1371 2971 1442 quod
2999 1385 3109 1425 non
3139 1370 3316 1425 solum
3347 1365 3563 1433 Patres,
3596 1364 3697 1421 sed

2114 1478 2169 1524 et
2202 1466 2458 1523 Vedclius
2505 1467 2620 1537 ipse
2649 1464 3005 1530 Calviniante,
3039 1461 3203 1518 sicuti
3240 1459 3499 1523 Dalltcus,
3533 1466 3700 1514 secta:

2114 1562 2385 1626 addictus,
2410 1559 2598 1615 eadem
2623 1557 2816 1630 lgnatii
2843 1556 3007 1612 verba
3033 1555 3103 1611 ad
3130 1554 3338 1624 sopitos
3366 1551 3699 1622 tepidiorum

2114 1655 2557 1712 Christianorum
2598 1654 2753 1725 ignes
2799 1652 3148 1707 suscitandos
3205 1650 3350 1705 ultro
3393 1646 3698 1719 proponit:

2120 1767 2140 1800 σ
2173 1747 2348 1816 Quem
2387 1747 2581 1804 mortis
2608 1756 2663 1802 et
2691 1746 3087 1817 suppliciorum
3130 1754 3341 1800 terrore
3372 1754 3702 1800 consterna-

432 1820 566 1828 --———
607 1820 759 1826 -ν---
808 1820 920 1837 ----,
953 1820 1069 1841 γη
1106 1820 1308 1841 "rm.
1358 1820 1419 1824 ——
1825 1820 1839 1821 κ
1877 1820 1972 1822 η-

431 1878 671 1919 raeorum
706 1860 1007 1935 Evangelia
1038 1861 1291 1917 hausisse
1322 1859 1613 1916 didicerit?
1643 1858 1765 1915 Non
1797 1875 1864 1916 ex
1892 1859 2010 1914 Eu-

2131 1857 2230 1897 .um
2254 1848 2481 1897 sanctus
2504 1847 2711 1911 martyr
2732 1853 2842 1893 non
2866 1837 3137 1904 restituat,
3156 1836 3252 1908 qui
3268 1835 3337 1891 ad
3354 1835 3563 1889 bestias
3579 1842 3700 1888 ten-

432 1956 585 2012 sebio
612 1954 856 2026 quidem,
897 1955 994 2025 qui
1047 1969 1108 2011 se
1159 1953 1213 2009 id
1249 1953 1534 2025 ignorasse
1584 1952 1765 2023 palam
1792 1952 2014 2024 proﬁte-

434 2056 524 2102 tur
542 2046 585 2079 ⁸⁸
614 2064 629 2100 :
661 2064 681 2098 ι
706 2045 862 2115 Quae,
885 2046 1088 2117 inquit,
1115 2045 1261 2101 unde
1290 2045 1582 2116 acceperit,
1608 2044 1824 2116 ignoro.
1850 2062 1870 2096 ι
1900 2041 2015 2099 Soli

434 2140 621 2210 itaque
644 2137 977 2210 llieronymo
1002 2180 1018 2206 ,
1052 2147 1113 2193 ut
1142 2136 1261 2208 ipse
1288 2136 1518 2205 fatetur,
1565 2136 1701 2192 illud
1729 2143 2011 2207 acceptum

435 2230 630 2286 referri
666 2230 848 2286 debet.
878 2228 929 2285 Is
965 2230 1167 2300 quippe
1196 2237 1513 2285 constanter
1542 2237 1824 2285 asseverat
1855 2231 2019 2300 lgna-

437 2323 573 2377 tium
600 2323 718 2378 haec
749 2321 1048 2379 deuorasse
1094 2336 1162 2377 ex
1204 2320 1519 2393 Evangelio,
1547 2339 1568 2375 ι
1594 2322 1744 2391 quod
1790 2336 1964 2391 nuper
1984 2336 2017 2377 a

440 2428 547 2480 me,
564 2431 582 2464 ι
600 2414 678 2470 uti
692 2411 1309 2478 ait",rtranslatuntest.
1322 2412 1454 2471 iSed
1470 2409 1521 2466 si
1537 2408 1790 2467 Dallzeani
1805 2412 1934 2469 illud
1948 2414 2019 2470 ab

440 2502 773 2573 Hieronymo
798 2500 1131 2566 didicerunt,
1154 2516 1253 2556 cur
1284 2509 1397 2556 tam
1426 2514 1615 2557 severe
1643 2499 1916 2572 lgnatium
1946 2501 2018 2557 ob

438 2594 493 2649 id
555 2594 962 2661 condemnant,
1004 2592 1154 2664 quod
1209 2593 1449 2650 eximius
1497 2595 1590 2650 ille
1626 2595 1818 2650 doctor
1844 2602 2019 2665 .tanto

438 2692 683 2756 martyre
708 2683 874 2754 plane
906 2684 1135 2756 dignum
1160 2684 1413 2740 credidit.

509 2777 718 2833 Deinde
745 2779 1018 2833 incertum
1050 2786 1137 2833 est
1176 2792 1308 2833 num
1346 2785 1592 2847 tempore
1624 2774 1818 2848 Ignatii
1853 2792 2021 2832 evan-

440 2870 645 2941 gelium
693 2867 1081 2925 Nazareorum
1129 2869 1275 2925 inter
1318 2869 1630 2941 apocrypha
1662 2870 2021 2926 amandatum

440 2962 654 3018 fuisset.
685 2961 823 3016 Cum
860 2962 1039 3030 enim,
1070 2969 1209 3017 teste
1253 2962 1442 3018 lsaaco
1484 2961 1851 3031 Casaubono,
1884 2970 2023 3017 tem-

439 3070 571 3125 pore
607 3070 750 3124 opus
782 3053 982 3121 fuerit,
1028 3063 1089 3109 ut
1117 3055 1419 3126 apocryphi
1472 3056 1851 3126 hujuscemodi
1893 3057 2021 3115 libri

2116 1934 2275 2000 dens,
2300 1932 2493 1988 dentes
2521 1946 2713 1987 earum
2741 1928 3272 1998 dilacerationesque
3293 1927 3700 1982 subiturus.....

2116 2025 2374 2082 Gratulor
2396 2023 2530 2079 mihi
2549 2022 2848 2089 debestiis,
2864 2036 2989 2092 qua:
3015 2020 3308 2077 adversum
3336 2033 3422 2074 me
3436 2018 3505 2087 ⁸⁸,
3540 2037 3561 2071 ι
3586 2027 3698 2073 etc.

2189 2137 2357 2209 Urget
2384 2146 2567 2192 tamen
2598 2134 2833 2191 Dallteus
2853 2134 2933 2189 ’τε
2964 2151 2985 2186 t
3018 2131 3226 2189 Christi
3259 2139 3529 2201 martyres
3554 2144 3705 2183 mor-

2117 2241 2229 2285 tem
2252 2237 2593 2300 exspectant,
2627 2242 2740 2282 non
2771 2234 3097 2293 accersunt;
3140 2225 3207 2280 ad
3241 2233 3443 2279 metam
3473 2236 3712 2293 COIIIPO‘

2122 2322 2230 2378 sito
2257 2363 2273 2390 ,
2322 2337 2434 2377 non
2476 2320 2741 2392 pracipiti
2790 2318 2961 2390 gradu
3013 2316 3284 2373 feruntur.
3317 2337 3337 2369 ι
3361 2314 3504 2382 Quid
3534 2314 3717 2386 ergo?

2119 2415 2225 2474 Tot
2246 2424 2543 2487 martyres,
2568 2415 2665 2486 qui
2706 2413 3027 2470 occasiones
3056 2424 3157 2483 pro
3200 2410 3423 2465 Christo
3453 2407 3709 2479 patiendi

2119 2514 2276 2562 tanto
2304 2506 2501 2562 ardore
2525 2505 2885 2578 quaesierunt,
2910 2504 3006 2574 qui
3035 2503 3100 2558 ad
3123 2510 3353 2557 mortem
3383 2508 3583 2570 sponte
3602 2514 3711 2555 sua

2122 2607 2510 2666 cucurrerunt,
2541 2597 2637 2670 qui
2660 2599 2715 2653 in
2739 2597 2893 2668 ignes
2923 2604 2980 2651 et
2999 2593 3252 2650 flammas
3277 2635 3293 2661 ,
3322 2593 3414 2664 qui
3445 2592 3502 2646 in
3527 2605 3713 2661 aquas

2120 2699 2175 2745 et
2213 2689 2439 2744 ﬂumina
2473 2689 2781 2760 przecipites
2818 2703 2877 2744 se
2905 2686 3193 2753 dederunt,
3238 2684 3278 2740 ii
3314 2683 3616 2754 impietatis
3642 2698 3712 2738 ac

2122 2779 2482 2835 immodestiae
2515 2779 2812 2835 accusandi
2856 2778 3020 2834 sunt?
3058 2777 3170 2832 Cur
3214 2790 3345 2847 ergo
3384 2774 3576 2829 Patres
3627 2780 3713 2827 tot

2122 2868 2379 2925 laudibus
2412 2884 2509 2926 eos
2553 2866 3070 2925 celebraverunt”?
3108 2864 3223 2921 Cur
3253 2864 3497 2921 Ecclesia
3534 2863 3714 2919 tantis

2123 2962 2425 3018 honoribus
2454 2975 2551 3017 eos
2578 2960 2975 3032 prosequitur?
2995 2958 3269 3014 Praeterea
3294 2956 3539 3027 lgnatius
3561 2971 3709 3010 mar-

2123 3053 2251 3125 tyrii
2290 3052 2376 3108 sui
2400 3061 2649 3122 tempora
2682 3067 2793 3107 non
2832 3049 3162 3116 antevertit;
3200 3050 3294 3106 sed
3316 3050 3613 3103 damnatus
3641 3046 3716 3101 ad

440 3148 768 3202 auctoritate
822 3146 1083 3202 Ecclesiae
1132 3148 1629 3218 proscriberentur,
1688 3164 1785 3219 per
1833 3150 2017 3220 priora
2046 3161 2089 3221 ο
2124 3146 2366 3209 bestias,
2419 3145 2598 3215 iisque
2651 3142 2878 3219 jamjaut
2951 3143 3339 3215 objiciendus,
3386 3140 3556 3195 citius
3599 3138 3717 3194 frui

441 3241 641 3295 saecula
680 3240 902 3295 fuerunt
933 3240 1121 3305 dubii,
1157 3249 1212 3295 et
1263 3240 1609 3296 auctoritatis
1647 3241 1840 3295 saltem
1869 3242 2022 3297 anci-
2125 3245 2299 3309 optat.
2320 3236 2606 3292 Romanos
2630 3251 2699 3290 ne
2731 3236 2787 3289 id
2810 3234 3107 3305 impediant
3130 3234 3401 3298 obsecrat,
3423 3241 3478 3287 et
3501 3230 3717 3287 bestias

440 3333 591 3403 pitis.
647 3332 766 3388 Huc
815 3332 1025 3387 accedit
1052 3333 1199 3402 quod
1244 3334 1499 3403 plurimi,
1550 3344 1611 3389 ut
1656 3332 2022 3406 Hieronymus
2125 3330 2172 3387 si
2208 3329 2312 3386 sibi
2338 3328 2716 3401 pepercerint,
2745 3336 2808 3383 ut
2839 3328 2910 3383 ab
2936 3328 3072 3399 ipsis
3115 3327 3364 3382 celeriter
3393 3325 3718 3391 devoretur,

442 3428 559 3497 ipse
589 3427 788 3494 tradit,
820 3425 1173 3496 Evangelium
1219 3426 1354 3482 illud
1389 3442 1420 3481 a
1453 3425 1709 3483 Matthteo
1754 3429 2021 3499 scriptum

443 3534 565 3574 csse
589 3518 1004 3573 existimabant.

517 3609 764 3679 Denique
817 3609 959 3664 idem
998 3607 1361 3665 Casaubonus
1403 3626 1513 3666 non
1544 3610 1785 3667 absurde
1813 3611 2025 3669 addidit

443 3700 720 3773 lgnatium
750 3716 860 3755 non
894 3702 1130 3772 alicujus
1164 3700 1444 3772 Evangelii
1475 3705 1643 3759 verba
1668 3746 1685 3773 ,
1728 3707 1823 3761 sed
1853 3708 2027 3762 tradi-

447 3796 655 3851 tionem
673 3795 945 3866 allegasse
972 3810 1083 3850 non
1116 3795 1402 3865 scriptam,
1425 3812 1549 3867 qua:
1577 3806 1769 3868 postea
1799 3798 1853 3853 in
1882 3798 2029 3854 litte-

448 3902 541 3942 ras
590 3886 757 3942 fuerit
812 3887 1021 3952 relata,
1072 3896 1129 3944 et
1182 3885 1454 3943 Hebraico
1499 3887 1837 3960 Evangelio,
1882 3890 2029 3960 quod

448 3976 703 4031 Mattbaeo
747 3977 1092 4045 tribuebant,
1144 3977 1374 4034 inserta.
1421 3976 1532 4033 Nec
1577 3981 1721 4035 male
1783 3980 2026 4051 quidem.

449 4064 588 4121 Nam
627 4065 870 4137 lgnatius
919 4068 1014 4138 qui
1066 4067 1277 4124 litteras
1329 4084 1460 4125 suas
1487 4069 1730 4137 vinctus,
1760 4080 1814 4125 et
1854 4071 1910 4125 in
1941 4071 2032 4125 iti-

451 4174 619 4227 nere,
671 4173 736 4213 ac
768 4168 981 4215 secreto
1029 4161 1314 4228 exaravit,
1362 4162 1531 4217 verba
1583 4161 1673 4216 illa
1712 4177 1833 4232 quae
1869 4162 2031 4219 nobis

453 4253 814 4324 objiciuntur,
844 4268 909 4309 ex
959 4255 1264 4319 memoria,
1313 4269 1380 4311 ac
1425 4264 1587 4325 prout
1634 4255 1802 4311 menti
1857 4255 2032 4326 ipsius

452 4355 853 4414 occurrerunt,
890 4362 992 4402 nec
1046 4344 1256 4417 aliquid
1301 4348 1369 4404 de
1421 4349 1640 4418 scriptis
1687 4348 2033 4419 Evangelicis

2128 3433 2315 3494 aperta
2343 3422 2399 3476 vi
2430 3436 2490 3477 se
2524 3420 2850 3475 adacturum
2878 3428 3127 3475 testatur.
3158 3419 3263 3475 Sed
3293 3418 3379 3474 his
3405 3434 3474 3473 ex
3512 3418 3720 3474 arden-

2125 3513 2451 3569 dentissimo
2492 3528 2595 3583 pro
2634 3512 2865 3568 Christo
2904 3511 3177 3567 moriendi
3215 3525 3403 3566 amore
3442 3510 3721 3582 profectis

2129 3604 2376 3669 vocibus,
2402 3603 2524 3658 illas
2556 3603 2835 3659 modestiae
2868 3617 2984 3658 sua:
3011 3611 3180 3657 testes
3206 3604 3553 3657 continenter
3581 3602 3721 3656 sub-

2123 3696 2347 3769 jungit:
2387 3714 2406 3747 ι
2438 3696 2707 3767 Ignoscite
2756 3696 2915 3751 mihi.
2941 3693 3086 3761 Quid
3133 3694 3269 3747 mihi
3310 3692 3443 3747 utile
3478 3692 3576 3758 sit,
3613 3706 3723 3763 ego

2130 3790 2281 3847 novi.
2308 3808 2327 3843 ι
2360 3789 2521 3857 Quod
2555 3805 2688 3845 sane
2724 3798 2781 3844 et
2827 3787 3164 3845 sanctissimi
3206 3785 3466 3857 martyris
3488 3786 3721 3855 pietate,

2130 3892 2185 3938 et
2206 3882 2495 3949 modestia,
2526 3891 2581 3937 et
2614 3882 2834 3952 piorum
2876 3881 3124 3935 omnium
3153 3880 3411 3935 laudibus
3442 3887 3496 3933 et
3538 3879 3721 3934 admi-

2131 3973 2346 4028 ratione
2371 3972 2757 4043 diguissimum
2783 3986 2907 4027 esse
2929 3986 3093 4026 nemo
3113 3971 3364 4026 sincerus
3382 3967 3723 4026 Christiana:

2134 4064 2418 4136 religionis
2451 4064 2629 4121 cultor
2663 4077 2907 4133 unquam
2938 4061 3273 4119 diﬁitebitur.

2729 4202 2961 4259 CAPUT
2995 4202 3113 4258 XV.

2195 4332 2343 4372 NII".
2372 4330 2536 4372 FALSO
2561 4331 2631 4370 ET
2676 4332 2891 4370 TEHERE
2924 4332 2977 4370 IN
3007 4332 3093 4371 HIS
3120 4329 3397 4371 EPISTOLIS
3425 4331 3655 4372 υιετπι.

453 4439 540 4493 vel
585 4406 855 4509 legendo,
903 4439 991 4494 vel
1044 4406 1185 4495 forte
1235 4439 1403 4496 etiam
1451 4406 1743 4512 cogitando
1789 4406 2021 4510 epistola

2143 4407 2172 4480 ς
2208 4410 2259 4512 In:
2294 4406 2419 4512 ἔστι
2448 4409 2503 4461 id
2535 4407 2731 4512 fcitum
2758 4424 2891 4512 esse,
2925 4407 3064 4512 qui”
3090 4407 3155 4460 de
3181 4407 3419 4512 epistgla’
3445 4407 3634 4512 Pnda-li
3652 4410 3729 4462 ad

456 4532 691 4588 inseruit
713 4539 848 4586 suae.

741 4622 771 4695 ς
812 4620 910 4690 _lll.
951 4622 1163 4689 Quarta
1203 4622 1427 4693 objectio
1464 4622 1752 4693 refutatur.

528 4710 610 4767 Ex
665 4714 924 4768 omnibus
970 4729 1134 4783 porro
1180 4713 1367 4770 Dallzei
1431 4716 1771 4787 argumentis
1823 4715 2035 4772 nullum

462 4821 597 4862 sane
636 4804 732 4859 illo
784 4804 1098 4861 mirabilius
1127 4815 1248 4873 est,
1298 4807 1446 4876 quod
1495 4807 1587 4861 ille
1637 4807 1792 4863 ducit
1836 4823 1905 4863 ex
1951 4809 2040 4867 his

464 4895 799 4954 sanctissimi
840 4896 1102 4969 martyris
1130 4899 1304 4954 nostri
1321 4897 1856 4956 verbis”:tUtinam
1888 4901 2042 4959 fruar

460 4991 674 5057 bestiis,
705 5004 844 5061 quas
875 4999 929 5045 et
960 4988 1240 5045 blanditiis
1286 4991 1628 5061 demulcebo,
1654 5003 1714 5049 ut
1738 4994 1901 5050 citius
1950 5012 2038 5052 me

460 5084 763 5150 devorent;
804 5082 900 5137 sed
934 5091 988 5138 et
1022 5083 1068 5138 si
1102 5083 1233 5153 ipsae
1255 5084 1529 5141 volentem
1582 5086 1798 5155 nolint,
1845 5102 1947 5158 ego
1984 5088 2040 5143 vi

461 5175 675 5244 adigam
692 5174 761 5231 “.
789 5194 807 5227 ι
840 5173 968 5230 Haec
997 5174 1145 5230 enim
1173 5175 1360 5243 verba,
1393 5192 1516 5247 quae
1545 5178 1760 5248 piorum
1788 5181 2038 5236 omnium

460 5266 654 5322 laudes
688 5266 1224 5338 admirationemque
1270 5283 1541 5337 meruere,
1577 5269 1778 5326 Dallzeo
1819 5286 1849 5327 a
1893 5288 2042 5327 mar-

462 5357 598 5427 tyris
624 5358 822 5427 pietate
854 5372 919 5413 ac
970 5358 1244 5415 modestia
1290 5360 1467 5416 aliena
1497 5362 1725 5417 omnino
1756 5362 2034 5420 videntur.

463 5446 620 5505 Unde
668 5450 727 5505 in
780 5451 924 5507 hanc
971 5451 1063 5508 ille
1110 5454 1420 5524 prcrumpit
1477 5454 1931 5510 exclamationem
1954 5457 2037 5510 9':

470 5555 491 5589 ι
528 5537 575 5593 Ο
615 5540 767 5597 diras
812 5552 867 5598 et
920 5543 1260 5599 truculentas
1289 5558 1488 5611 voces,
1536 5560 1649 5601 non
1698 5547 1804 5603 alia
1856 5549 2041 5607 anima

2210 4478 2467 4549 Ephesios
2498 4476 2766 4541 seribitur,
2790 4488 2840 4532 et
2874 4476 3011 4549 quod
3038 4476 3286 4548 lgnatius
3318 4478 3490 4548 fertur
3514 4479 3731 4534 dixisse

2209 4566 2263 4603 se
2290 4550 2482 4603 vidisse
2513 4549 2807 4603 Christum.

2209 4639 2413 4710 Objicit
2451 4649 2641 4710 postea
2678 4637 2913 4693 Dallaeus
2965 4637 3099 4693 illud
3139 4637 3337 4695 falsum
3382 4653 3540 4706 esse,
3572 4640 3733 4710 quod

2141 4741 2337 4790 auctor
2384 4743 2572 4788 noster
2610 4731 2831 4802 scripsit
2871 4730 2940 4785 ad
2983 4729 3254 4801 Ephesios
3290 4750 3305 4788 :
3345 4749 3364 4784 ι
3392 4730 3729 4789 Paulus.....

2142 4825 2239 4897 qui
2269 4824 2326 4880 in
2349 4826 2495 4880 omni
2516 4822 2760 4894 Epistula
2787 4825 3112 4879 memoriam
3141 4822 3273 4880 facit
3298 4825 3467 4879 vestri
3501 4825 3561 4879 in
3592 4824 3733 4881 Jesu

2142 4914 2362 4972 Christo
2376 4915 2443 4970 ⁸⁸.
2477 4933 2499 4968 ι
2536 4914 2644 4971 Sed
2671 4916 2787 4971 haec
2830 4931 2944 4972 non
2985 4926 3144 4989 urget
3180 4917 3300 4987 ejus
3346 4915 3639 4984 defensor,
3676 4928 3735 4973 et

2145 5017 2293 5064 recte
2326 5007 2570 5079 quidem.
2596 5007 2733 5075 Quis
2769 5008 2916 5064 enim
2947 5011 3157 5065 nesciat
3188 5008 3419 5065 Paulum
3456 5024 3629 5063 unam
3662 5011 3737 5064 ad

2146 5097 2414 5169 Ephesios
2432 5098 2731 5170 Epistolam
2755 5102 2993 5168 dedisse,
3022 5117 3088 5158 ac
3114 5102 3169 5157 in
3206 5100 3358 5155 omni
3398 5117 3463 5157 ea
3481 5103 3737 5171 Epistola

2144 5187 2507 5259 Ephesiorum
2558 5189 2757 5249 fecisse
2818 5194 3163 5248 memoriam.
3201 5192 3328 5247 Haec
3370 5201 3554 5247 autem
3607 5192 3738 5248 ideo

2144 5281 2402 5336 observat
2431 5280 2693 5352 lgnatius,
2719 5285 2983 5356 quoniam
3017 5285 3070 5339 in
3098 5301 3162 5340 ea
3188 5282 3395 5338 Paulus
3426 5284 3735 5355 gloriosam

2147 5372 2367 5429 illorum
2402 5375 2609 5446 ubique
2633 5376 2765 5433 facit
2792 5379 3148 5443 mentionem,
3182 5388 3346 5448 atque
3376 5392 3472 5433 eos
3510 5377 3583 5431 ad
3612 5378 3737 5447 pie-

2148 5472 2314 5517 tatem
2339 5464 2709 5529 informando,
2735 5467 2979 5537 ipsorum
3004 5468 3234 5523 virtutes
3260 5482 3476 5538 semper
3495 5468 3738 5530 extollit,

2147 5564 2203 5610 et
2224 5557 2483 5627 praedicat
2508 5576 2525 5615 :
2556 5560 2749 5614 nullibi
2776 5575 2927 5627 vero,
2963 5561 3127 5616 sicuti
3157 5562 3214 5615 in
3246 5561 3370 5617 aliis
3395 5560 3735 5632 quibusdam

468 5727 513 5755 ..
682 5658 875 5755 Et?“
897 5662 1118 5755 33%)):
1149 5662 1324 5755 ’ἐξείη
1356 5682 1491 5755 es,
1510 5666 1600 5755 Si:
1754 5670 1830 5755 De
1864 5673 2021 5755 εςῖίρ·

2131 5676 2236 5755 fles.
2279 5677 2525 5755 'fAE’pist.
2556 5682 2625 5733 ad
2647 5680 2803 5755 (iam.
2845 5681 2892 5713 ⁸⁸
2909 5680 3162 5755 ΔΒίιμῷτειις»
3204 5696 3367 5755 cap._
3395 5679 3483 5745 18,
3514 5696 3571 5750 p.
3604 5678 3734 5755 342.

546 5730 860 5825 Pf_§;_3;§§-_
897 5732 1141 5825 "£93?!-
1168 5730 1624 5825 (19930-318939
1652 5741 1820 5825 epis};
1889 5742 1933 5773 ⁸⁷
1955 5730 2077 5825 tia}.
2106 5730 2234 5803 διδῷ
2303 5730 2849 5807 uastissimis.
2897 5730 3161 5822 ιῖίὶῖῆξῖ
3184 5730 3578 5825 εὶῖτξιῖὀνῖ
3600 5730 3730 5805 edit

469 5802 522 5847 et
559 5796 698 5866 Aug.
727 5799 862 5858 ωλι
934 5796 1161 5873 Βεέἱυ.,
1193 5819 1313 5877 cap.
1352 5806 1443 5861 sa.
1475 5796 1559 5840 νοθ
1599 5796 1719 5880 cap.
1756 5811 1843 5876 is,
1879 5796 2101 5882 p.351.
