3852 6206
1129 346 1195 403 Β.
1237 344 1527 405 NOURRH
1563 346 2041 405 DlSSERTATlO.
2080 376 2148 387 —
2186 346 2367 403 PARS
2405 346 2445 401 l.

3317 352 3420 407 550

149 464 434 533 Epistolis,
458 468 527 522 ad
555 466 693 526 alios
728 468 993 538 exaratis,
1030 469 1155 528 illos
1184 472 1436 544 arguisse
1469 481 1565 530 aut
1590 473 1741 537 vitu-
1765 481 1815 535 Ἀ
1841 472 1973 527 vidi.
2005 469 2113 527 Sed
2144 478 2301 527 vetus
2330 470 2423 526 ille
2455 469 2749 541 interpres,
2781 478 2843 527 ut
2886 484 2955 527 ex
3000 470 3123 541 ejus
3169 471 3423 527 versione

152 571 386 626 'perasse
414 559 637 630 legitur.

228 648 360 706 Haec
383 664 511 705 cum
536 651 711 709 levius
734 652 1006 725 attigisset
1043 652 1299 723 Dallatus,
1336 656 1513 712 multo
1557 656 1743 714 acrius

157 739 225 795 de
246 754 321 796 eo
348 742 616 812 disputat,
665 744 813 814 quod
843 743 1085 816 lgnatius
1128 746 1413 802 Christum
1454 762 1515 803 se
1540 747 1743 804 vidisse

156 832 392 889 asserit:
430 850 451 886 ε
488 832 601 905 Ego
624 836 771 890 enim
806 843 864 891 et
888 845 1015 907 post
1050 839 1512 894 resurrectionem
1559 838 1741 909 ipsum

156 922 291 990 vidi,
321 931 379 978 et
398 924 563 980 credo
580 925 938 983 exsistentem
964 926 1035 984 ”.
1070 945 1091 980 ι
1127 928 1219 995 At,
1250 928 1435 1001 inquit
1462 928 1701 987 Deliaan
1722 970 1741 999 ,

155 1015 591 1087 Chrysostomus
638 1019 891 1076 oratione
946 1021 1273 1092 panegyrica
1334 1020 1393 1077 in
1446 1020 1739 1094 lgnatium,

155 1121 435 1179 nusquam
466 1109 617 1164 illum
643 1129 664 1165 ι
685 1110 893 1167 Christi
930 1120 1155 1182 aspectu
1192 1120 1247 1169 et
1270 1113 1691 1180 consuetudine,
1714 1133 1736 1168 ι

154 1201 305 1268 quod
331 1202 386 1255 in
410 1217 747 1259 eosermone
786 1218 895 1258 non
922 1213 1042 1261 erat
1068 1206 1561 1276 praetermissurus,
1598 1225 1619 1259 ί
1646 1221 1742 1278 ga-

152 1292 340 1347 visum
359 1310 484 1351 esse
508 1305 794 1352 memorat.
817 1316 837 1350 ι
858 1296 1025 1369 Ergo,
1049 1296 1215 1353 infert
1243 1298 1386 1355 idem
1407 1297 1641 1355 Dallatus
1659 1318 1672 1353 :
1692 1299 1738 1332 “

153 1400 177 1434 ε
214 1384 499 1441 Ilanifesti
527 1390 801 1445 mendacii
830 1391 1183 1448 convincitur
1215 1392 1574 1462 epistolarum
1598 1393 1741 1448 scri-

149 1485 301 1545 ptor.
338 1496 359 1529 »
414 1477 512 1535 His
567 1481 972 1550 respondemus
1024 1483 1083 1539 in
1138 1483 1331 1541 (ἕνωοο
1379 1485 1739 1556 epistolarum

147 1567 351 1637 lgnatii
391 1570 610 1627 sincero
638 1582 694 1627 et
738 1573 953 1645 integro
976 1575 1169 1631 codice
1191 1615 1207 1643 ,
1239 1591 1341 1632 nec
1370 1592 1481 1633 non
1509 1576 1733 1633 Eusebii

144 1667 207 1714 et
256 1658 592 1717 Theodoreti
653 1664 873 1735 scriptis
906 1680 1020 1721 non
1076 1650 1181 1737 legi
1219 1662 1363 1721 εἶδον
1398 1668 1529 1733 vidi,
1561 1669 1658 1725 sed
1680 1672 1741 1724 ὲν

144 1751 323 1824 σαρκὶ
355 1753 521 1807 αὑτὸν
552 1751 692 1819 οἶδα,
727 1758 821 1811 καὶ
854 1756 1097 1813 πιστεύω
1125 1758 1273 1813 ὄντα.
1308 1757 1482 1818 Porro
1508 1761 1740 1816 verbum

1844 562 2010 620 facile
2061 562 2407 639 intelligitur,
2459 576 2571 617 non
2604 562 2683 618 ita
2739 560 2927 618 Graece
2952 562 3147 619 doctus
3176 569 3326 629 erat,
3363 573 3424 618 ut

1843 654 2070 711 verbum
2104 650 2222 707 οῐδα,
2244 668 2341 724 per
2363 652 2618 708 Latinum
2641 653 2771 721 uidi,
2800 668 2926 709 cum
2949 653 3059 708 scio
3085 652 3170 707 vel
3198 653 3316 707 novi
3340 653 3423 707 di-

1843 760 1967 801 cere
1980 743 2280 812 debuisset,
2302 752 2451 802 recte
2471 744 2775 802 reddidisse
2792 744 3030 801 dicatur.
3056 741 3423 816 Hieronymus

1840 851 1994 903 vero,
2047 836 2143 908 qui
2197 835 2481 892 versiones
2512 849 2646 892 suas
2680 834 2946 892 citissime
2972 834 3136 892 edere
3180 833 3419 899 solebat,

1844 928 2076 985 humani
2100 928 2267 985 etiam
2297 926 2505 999 aliquid
2543 926 2776 983 forsitan
2826 941 3026 998 passus
3062 932 3177 993 est;
3201 924 3308 980 nisi
3350 924 3421 979 ab

1843 1021 2029 1093 aliquo
2072 1019 2325 1092 imperito
2353 1019 2651 1090 interprete
2701 1016 2899 1074 Latino
2926 1016 3094 1074 fuerit
3136 1017 3418 1087 deceptus.

1844 1111 2048 1171 Verum
2092 1110 2483 1184 quoquomodo
2532 1126 2623 1169 res
2673 1126 2733 1169 se
2762 1111 2994 1179 habeat,
3027 1120 3175 1167 certe
3214 1108 3421 1165 Graecis

1841 1219 1969 1261 cum
1992 1204 2348 1275 epistolarum
2374 1201 2590 1275 lgnatii,
2622 1210 2740 1258 tum
2762 1201 2986 1260 Eusebii
3016 1200 3273 1259 Historiae
3299 1215 3418 1255 ma-

1842 1297 2142 1369 nuscriptis
2185 1296 2471 1354 codicibus
2524 1295 2701 1367 maior
2742 1296 2905 1352 debet
2932 1310 3055 1352 esse
3094 1293 3417 1361 auctoritas,

1839 1389 2165 1461 catterisque
2189 1388 2449 1446 omnibus
2481 1386 2862 1457 anteponenda
2898 1396 3001 1444 est.
3026 1385 3093 1441 Et
3120 1386 3175 1442 id
3198 1386 3419 1457 quidem

1839 1500 1909 1541 ex
1936 1498 2004 1541 eo
2028 1482 2354 1541 conﬁrmari
2388 1489 2591 1553 potest,
2622 1480 2770 1551 quod
2792 1481 2910 1551 ipse
2924 1478 3193 1553 Ignatiani
3210 1494 3419 1535 sermo-

1841 1578 1928 1634 nis
1975 1590 2193 1642 sensus,
2247 1574 2475 1645 ejusque
2532 1581 2877 1645 argumenta,
2907 1572 3134 1629 verbum
3173 1566 3420 1628 oibaibi-

1840 1670 1965 1726 dem
2000 1666 2229 1724 omnino
2265 1666 2562 1737 postulent.
2610 1664 2857 1738 lgnatius
2899 1664 3171 1735 siquidem
3205 1663 3420 1720 duabus

1842 1770 2033 1817 contra
2078 1758 2368 1815 haereticos
2417 1757 2603 1830 petitis
2642 1772 2712 1815 ex
2764 1754 3061 1828 Evangelia
3110 1755 3420 1812 rationibus

141 1838 293 1908 οἶδα,
327 1843 541 1902 fatente
568 1846 791 1913 Baliare,
814 1849 1107 1920 signiﬁcat,
1130 1851 1262 1919 scio,
1296 1852 1436 1919 novi,
1458 1867 1734 1921 cognosco.
1768 1832 1811 1889 Β
1837 1853 2118 1911 Christum
2166 1865 2279 1906 non
2326 1848 2513 1905 ﬁctum
2567 1857 2663 1905 aut
2715 1849 3058 1918 simulatum,
3094 1846 3190 1905 sed
3228 1863 3416 1904 verum

144 1933 313 1992 [inde
339 1938 507 1993 etiam
539 1937 772 1997 Ruﬁnus
796 1941 854 1996 in
876 1958 977 1999 sua
994 1942 1321 2000 Eusebianaa
1342 1943 1596 2001 Historiae
1613 1960 1737 2001 ver-

139 2029 330 2097 sione,
361 2030 499 2087 illud
530 2032 716 2101 priore
743 2033 931 2103 verbo,
962 2036 1074 2089 scio
1094 2077 1110 2104 ,
1139 2033 1333 2092 Latine
1371 2036 1627 2093 reddidit.

216 2120 396 2179 instat
450 2122 688 2183 Dallaeus
748 2127 1142 2199 manuscriptis
1167 2127 1394 2198 Grecis,
1420 2129 1515 2201 qui
1540 2137 1619 2185 tot
1645 2129 1735 2185 in-

142 2214 616 2283 terpolationibus
644 2215 787 2273 [uade
822 2219 1069 2291 corrupti
1111 2228 1261 2287 sunt,
1292 2221 1500 2277 nullam
1543 2220 1734 2276 haberi

139 2320 311 2374 posse
348 2307 518 2362 iidem
548 2326 562 2363 :
588 2308 719 2364 item
764 2308 1058 2377 Ruﬁnum,
1113 2310 1365 2383 aliosque
1412 2311 1735 2368 Eusebianat

136 2395 408 2453 Historiae
423 2399 683 2456 librarios
696 2416 1062 2459 amanuenses
1075 2417 1177 2475 pro
1206 2404 1379 2460 verbo
1406 2400 1565 2472 εῑδον,
1587 2406 1735 2475 quod

138 2489 206 2545 de
244 2490 471 2561 lgnatio
514 2506 863 2564 nequaquam
907 2494 1017 2551 dici
1050 2511 1215 2567 posse
1247 2504 1547 2563 noverant,
1589 2496 1728 2553 scri-

135 2582 329 2653 psisse
356 2578 478 2636 οἷδα
504 2601 520 2638 :
543 2584 781 2656 denique
802 2583 1158 2657 Hieronymo,
1196 2596 1252 2645 et
1278 2587 1507 2659 antiquo
1533 2588 1732 2645 harum

133 2675 513 2746 epistolarum
548 2677 853 2747 interpreti,
880 2680 976 2749 qui
996 2679 1222 2736 verbum
1248 2675 1389 2734 εἶδον
1425 2695 1731 2751 repraesen-

133 2778 282 2833 tant,
315 2771 556 2824 omnino
577 2784 699 2826 esse
732 2770 1091 2829 credendum.

204 2860 427 2918 Verum
471 2861 589 2917 haec
626 2862 813 2919 Dallaei
867 2866 978 2922 tela
1007 2864 1170 2923 facile
1202 2866 1591 2924 retundantur.
1620 2864 1734 2923 Nos

131 2952 287 3007 enim
330 2967 448 3009 non
478 2954 549 3011 de
582 2956 976 3027 manuscriptis
1017 2957 1377 3028 epistolarum
1413 2955 1606 3031 Ignatii
1643 2957 1733 3012 in-

130 3044 431 3114 terpolatis
457 3045 743 3105 codicibus
763 3088 779 3116 ,
810 3048 908 3106 sed
945 3048 1015 3106 de
1052 3050 1271 3107 sincero
1300 3060 1356 3106 et
1384 3049 1598 3120 integro
1619 3065 1716 3107 co—

129 3138 280 3207 dice,
309 3154 485 3209 quem
508 3138 740 3198 Vossius
762 3142 1002 3212 nemine,
1020 3144 1099 3200 uti
1117 3143 1382 3213 diximus,
1400 3144 1732 3218 refragante,

128 3231 237 3287 ﬁde
274 3232 496 3302 optima
538 3232 731 3301 edidit,
767 3234 1137 3305 disputamus.
1218 3235 1377 3305 Quod
1427 3247 1612 3297 autem
1660 3242 1731 3297 ad

129 3324 372 3381 Eusebii
407 3324 709 3381 Historiam
754 3325 972 3391 attinet,
1014 3328 1199 3385 nullus
1250 3345 1450 3402 magna
1499 3332 1621 3389 sine
1650 3341 1732 3389 te-

128 3415 397 3472 meritate
456 3430 576 3473 eam
600 3417 675 3472 ibi
700 3426 1015 3489 corruptam
1039 3434 1162 3477 esse
1180 3421 1402 3479 dixerit.
1437 3424 1535 3480 llla
1563 3426 1730 3497 quip-

128 3525 196 3579 pe
230 3520 472 3567 centum
511 3508 629 3568 iere
661 3511 825 3569 annis
856 3520 986 3569 ante
1015 3511 1269 3571 Latinam
1300 3514 1485 3573 Ruﬁni
1523 3518 1731 3575 versio-

126 3616 255 3656 nem
292 3601 606 3671 publicata,
653 3601 711 3657 in
746 3602 996 3660 omnium
1046 3611 1273 3661 venerat
1322 3620 1543 3673 manus,
1582 3615 1637 3661 et
1671 3605 1728 3661 in

124 3694 568 3779 quamplurimis
584 3693 940 3775 Bibliothecis
966 3706 1087 3753 erat
1104 3706 1410 3755 asservata.
1426 3696 1574 3754 Nihil
1598 3713 1728 3770 ergo

127 3797 329 3857 postea
358 3787 448 3844 vel
472 3787 528 3842 in
559 3785 751 3846 Graeco
768 3787 891 3859 ejus
912 3797 1064 3845 textu
1086 3789 1386 3860 scriptores
1407 3790 1726 3862 antiquarii,

127 3882 214 3937 vel
244 3882 308 3936 in
332 3880 595 3937 versione
644 3896 746 3937 sua
788 3879 1023 3938 Ruﬁnus
1060 3881 1357 3938 immutare
1383 3890 1724 3953 potuerunt;

124 3976 264 4045 quin
291 3990 367 4031 ex
396 3974 707 4031 innumeris
749 3974 995 4046 ejusdem
1028 3973 1283 4032 Historiae
1320 3974 1607 4033 codicibus
1636 3975 1729 4031 hic

126 4067 199 4120 ab
219 4065 570 4122 adversariis
590 4066 728 4130 suis,
752 4066 830 4121 illi
852 4067 922 4123 ab
939 4065 1161 4126 Eusebii
1184 4066 1494 4124 fautoribus
1514 4067 1727 4124 adulte-

128 4155 376 4212 rationis
452 4164 509 4212 et
577 4158 952 4228 corruptionis
1000 4160 1186 4215 statim
1239 4160 1721 4217 convincerentur.

129 4247 351 4303 Deinde
372 4247 504 4317 quis
529 4246 635 4303 sibi
657 4248 984 4317 persuadeat
1015 4249 1298 4318 Ruﬁnum,
1346 4261 1401 4308 et
1424 4266 1728 4309 amanuen-

126 4339 581 4397 sesEusebianae
623 4338 883 4396 Historiae
925 4343 1224 4413 scriptores
1269 4343 1339 4401 ad
1364 4359 1724 4416 corrumpen-

125 4434 232 4492 dos
297 4448 500 4491 omnes
544 4434 799 4491 Historiae
835 4435 984 4492 illius
1016 4437 1234 4494 codices
1265 4438 1432 4494 simul
1476 4439 1549 4495 ita
1583 4452 1719 4494 con-

1836 1946 2114 2004 hominem
2141 1943 2312 2001 fuisse
2356 1944 2719 2001 demonstrat.
2748 1943 2821 2000 At
2862 1944 2911 1999 si
2957 1943 3239 2000 Christum
3275 1942 3421 1997 suis-

1836 2048 1949 2096 met
1997 2039 2176 2096 oculis
2207 2039 2261 2095 in
2298 2053 2466 2096 carne
2486 2037 2609 2109 ipse
2654 2036 2904 2104 vidisset,
2962 2034 3102 2091 nihil
3141 2032 3415 2090 eilicacius

1836 2140 2027 2189 contra
2070 2146 2167 2191 eos
2218 2130 2468 2203 proferre
2496 2139 2715 2203 poterat
2739 2171 2755 2197 ,
2785 2144 2951 2201 quam
2982 2143 3042 2185 se
3073 2128 3191 2184 suis
3215 2127 3417 2191 oculis,

1836 2228 1924 2284 his
1944 2237 1999 2284 et
2028 2227 2117 2284 his
2146 2228 2204 2283 in
2223 2226 2383 2293 locis,
2413 2241 2541 2284 cum
2568 2224 2657 2281 his
2688 2232 2742 2281 et
2775 2222 2886 2279 illis
2918 2219 3083 2278 sociis
3108 2228 3165 2277 et
3185 2219 3418 2275 testibus

1838 2320 1991 2377 omni
2022 2320 2349 2392 exceptione
2375 2317 2705 2390 majoribus,
2736 2314 3002 2386 apostolis
3035 2313 3305 2382 videlicet,
3325 2321 3420 2367 ant

1834 2413 2042 2470 Christi
2075 2412 2383 2485 discipulis,
2409 2411 2703 2470 Dominum
2737 2411 2919 2482 ipsum
2942 2407 3145 2465 vidisse
3162 2446 3179 2475 ,
3205 2420 3272 2462 ac
3292 2420 3417 2461 cum

1835 2505 1932 2561 illo
1960 2504 2135 2562 fuisse
2157 2512 2571 2563 conversatum.

1837 2616 1866 2691 ε
1902 2616 1969 2673 ll.
2000 2616 2156 2672 Nihil
2172 2626 2363 2673 temere
2388 2617 2695 2691 dictarunt
2715 2617 2782 2672 de
2812 2615 3003 2691 stella,
3029 2630 3172 2691 quae,
3206 2612 3418 2669 Christo

1906 2697 2178 2755 nascente,
2210 2689 2492 2759 apparuit,
2524 2687 2605 2759 uel
2654 2688 2719 2743 de
2766 2702 2827 2742 eo
2846 2688 2986 2759 quod
3017 2687 3262 2742 Christus
3302 2693 3417 2752 post

1904 2768 2128 2815 mortem
2143 2756 2336 2815 bibisse
2360 2758 2684 2831 perhibetur.

1905 2868 2143 2928 Dallteus
2197 2880 2261 2928 ut
2315 2880 2599 2929 auctorem
2649 2880 2903 2928 nostrum
2948 2869 3194 2928 omnium
3231 2867 3419 2925 crimi-

1836 2977 1972 3019 num
1994 2978 2149 3019 reum
2183 2962 2368 3032 faciat,
2396 2963 2548 3019 illum
2584 2963 2910 3020 temeritatis
2934 2962 2992 3018 in
3018 2976 3085 3018 eo
3113 2960 3311 3017 deinde
3332 2976 3420 3013 ar-

1835 3054 1976 3125 guit,
2002 3054 2149 3126 quod
2177 3056 2245 3112 de
2269 3056 2426 3113 stella
2446 3097 2463 3124 ,
2495 3070 2645 3127 quae,
2668 3054 2891 3113 Christo
2920 3063 3179 3111 nascente
3196 3094 3212 3121 ,
3251 3069 3419 3125 appa-

1837 3155 2045 3214 ruerat,
2081 3148 2366 3219 scripserit
2394 3148 2440 3182 ’⁸
2471 3166 2486 3204 :
2517 3166 2536 3200 ι
2574 3146 2742 3204 Stella
2771 3149 2828 3203 in
2866 3148 3008 3205 caelo
3031 3146 3211 3211 fulsit,
3241 3147 3420 3217 splen-

1834 3238 1971 3296 dore
2018 3254 2359 3312 exsuperans
2390 3254 2585 3297 omnes
2640 3240 2848 3305 stellas,
2882 3248 2937 3295 et
2965 3240 3059 3294 lux
3092 3239 3240 3295 illius
3276 3238 3418 3293 inet”-

1781 3343 1789 3351 '
1832 3329 2018 3388 labilis
2031 3341 2170 3398 erat,
2193 3352 2212 3385 ι
2240 3340 2345 3388 etc.
2375 3350 2396 3385 ι
2415 3330 2636 3399 Omnia,
2670 3332 2848 3403 inquit
2874 3330 3191 3399 Dallaaus,”
3214 3346 3279 3386 ex
3305 3344 3417 3385 une

1833 3422 1995 3480 istius
2023 3423 2250 3481 cerebro
2278 3424 2553 3495 prodiere,
2580 3438 2613 3479 a
2650 3421 2936 3495 Scriptura
2962 3423 3141 3478 aliena
3159 3461 3175 3487 ,
3199 3422 3271 3478 ab
3298 3423 3416 3491 ipso

1832 3514 1999 3586 hujus
2043 3515 2213 3571 stellae
2256 3531 2362 3573 usu
2410 3516 2765 3573 abhorrentia
2795 3556 2811 3582 ,
2844 3516 2911 3572 ad
2945 3515 3172 3571 domum
3205 3515 3414 3571 scilicet

1830 3606 2173 3664 Bethlehemi
2218 3608 2590 3665 indicandam.
2633 3625 2653 3661 ι
2689 3607 2848 3677 Quod
2893 3606 3116 3678 quidem
3149 3606 3255 3662 hac
3286 3621 3415 3676 pro-

1835 3700 1933 3756 bat
2001 3700 2260 3757 ratione:
2307 3718 2327 3754 ‹
2361 3699 2689 3757 Absurditas
2748 3700 2876 3757 inde
2937 3707 3105 3771 patet,
3140 3698 3287 3771 quod
3349 3714 3413 3755 ea

1829 3793 2277 3851 Christianorum
2339 3791 2703 3864 interpretum
2758 3806 2943 3857 nemo,
2986 3790 3136 3862 quod
3189 3788 3408 3861 quidem

1829 3887 2028 3954 sciam,
2055 3894 2311 3952 secutus,
2362 3884 2458 3956 qui
2478 3893 2589 3940 tam
2622 3884 2781 3940 multi
2805 3884 2873 3940 de
2901 3884 2993 3944 illa
3024 3882 3181 3939 stella
3203 3884 3410 3953 aliquid

1830 3977 2188 4034 commentati
2213 3986 2365 4034 sunt.
2395 3994 2415 4029 ι
2445 3974 2582 4043 Quis
2614 3991 2722 4032 non
2747 3976 2979 4032 miretur
3004 3972 3265 4030 Dallaeum
3294 3989 3413 4029 om-

1831 4068 2044 4140 uigens:
2064 4067 2336 4135 lectionis,
2362 4074 2424 4123 ut
2449 4066 2556 4123 sibi
2584 4065 2803 4136 quidem
2843 4066 3080 4133 videtur,
3110 4065 3409 4128 hominem,

1830 4160 2074 4216 nescisse
2107 4157 2253 4230 apud
2282 4157 2620 4215 Clementem
2636 4155 3068 4213 Alexandrinum
3095 4171 3193 4212 seu
3222 4165 3412 4211 aucto-

1827 4266 1944 4308 rem
1976 4250 2253 4322 Excerpt.,
2283 4250 2524 4309 Leonem
2555 4248 2811 4321 Magnum
2856 4263 3025 4304 serm.
3058 4248 3085 4303 l
3118 4246 3196 4302 De
3219 4248 3407 4312 Μήνη

1827 4343 2127 4400 Maximum
2161 4357 2329 4399 serm.
2356 4344 2412 4409 5,
2440 4357 2543 4399 nec
2577 4354 2687 4398 non
2712 4340 3170 4414 Chrysostomum
3216 4340 3404 4395 homil.

1829 4437 1863 4493 6
1894 4438 1953 4492 in
1983 4435 2206 4504 Matth,
2228 4436 2420 4492 eadem
2452 4434 2539 4491 vel
2568 4434 2725 4506 plura
2746 4434 2953 4491 similia
2978 4433 3046 4489 de
3079 4431 3246 4501 hujus
3282 4432 3407 4487 stel-

125 4528 381 4597 spirasse
403 4566 421 4595 ,
457 4534 517 4580 ut
538 4540 653 4594 eos,
686 4526 839 4582 nullo
870 4526 1097 4584 homine
1118 4528 1457 4585 reclamante
1478 4569 1494 4595 ,
1522 4528 1720 4600 depra-
1751 4527 1796 4584 D
1824 4530 1893 4586 lae
1932 4530 2277 4602 apparitione
2306 4543 2419 4585 non
2466 4544 2627 4586 secus
2657 4536 2822 4599 atque
2846 4524 2991 4600 apud
3017 4523 3283 4597 lgnatium
3318 4541 3405 4580 re-

125 4619 389 4675 vaverint
450 4627 616 4690 atque
676 4619 1083 4676 adulterarint?
1147 4619 1394 4692 Denique
1445 4623 1724 4694 quomodo

127 4712 394 4780 Ruﬁnus,
453 4722 507 4768 et
534 4728 899 4769 amanuenses
943 4713 1152 4769 librarii
1183 4712 1419 4770 Eusebio
1456 4714 1725 4772 oculatio—

126 4823 218 4863 res
244 4817 305 4862 et
335 4805 619 4861 doctiores
647 4807 721 4861 ita
744 4805 1005 4876 fuerunt;
1037 4817 1097 4863 ut
1124 4808 1271 4878 quod
1303 4807 1395 4863 ille
1422 4808 1721 4876 nescierit,

126 4900 204 4953 illi
262 4898 581 4955 certissime
623 4898 966 4970 agnoverint,
1006 4913 1195 4954 vocem
1219 4895 1364 4953 εἶδον
1397 4900 1467 4955 de
1509 4898 1722 4970 lgnatio

125 4994 352 5062 penitus
406 4992 579 5047 scribi
636 5006 746 5045 non
786 4990 1051 5061 potuisse.
1074 4988 1194 5046 Huc
1226 4990 1369 5047 adde
1405 4992 1719 5050 eruditissi-

125 5100 282 5139 mum
307 5083 726 5141 Theodoretum
757 5082 812 5137 in
842 5081 1030 5138 Graeca
1053 5082 1275 5139 Eusebii
1308 5081 1548 5139 Historia
1578 5098 1712 5140 con-

122 5187 344 5238 stanter
399 5177 602 5247 legisse
656 5169 797 5241 οἶδα,
832 5184 889 5231 et
914 5175 1271 5245 pervolutatis
1311 5174 1507 5246 lgnatii
1540 5177 1717 5232 nostri

129 5269 401 5338 epistolis,
451 5268 590 5322 nihil
628 5267 685 5322 in
724 5267 944 5324 Eusebii
993 5276 1144 5324 textu
1173 5268 1602 5339 deprehendisse
1631 5268 1719 5324 vel

131 5363 356 5417 minima
390 5360 751 5432 cormptione
778 5361 1066 5420 imdatum.

190 5456 278 5510 Ad
339 5452 765 5526 Hieronymum,
794 5464 1147 5527 veteremque
1195 5453 1390 5528 Ignatii
1442 5456 1715 5528 interpre-

122 5555 234 5603 tem
262 5548 418 5621 quod
446 5556 679 5618 spectat,
708 5547 851 5619 apud
871 5563 965 5606 eos
983 5549 1225 5605 occurrit
1241 5550 1462 5620 quidem
1484 5549 1710 5607 verbum

188 5790 237 5822 ⁹⁴
280 5791 433 5848 Orat.
461 5790 519 5845 in
548 5788 729 5863 Ignat.
806 5791 848 5823 ⁹¹
882 5806 1002 5862 pag.
1029 5789 1154 5846 561.
1232 5792 1275 5825 ’³
1311 5788 1481 5861 Epist.
1515 5792 1582 5844 ad
1617 5788 1809 5859 Epiros.
1885 5790 1928 5821 "
1962 5805 2078 5863 cap.
2108 5789 2199 5860 ‘21,
2224 5805 2275 5861 p.

1828 4622 2014 4693 periri.
2044 4620 2201 4690 Quod
2223 4630 2371 4679 certe
2393 4635 2461 4677 ex
2480 4622 2599 4678 sola
2620 4620 2890 4686 locorum,
2921 4632 3044 4689 quae
3072 4617 3402 4678 indicamus.

1825 4712 1971 4769 facta
2004 4712 2146 4767 inter
2173 4727 2234 4769 se
2259 4712 2658 4783 compositione
2675 4707 3262 4781 cuilibetquantumvis
3280 4723 3406 4778 per-

1825 4803 2001 4860 vicaci
2022 4803 2245 4874 planum
2278 4803 2389 4860 ﬁet.

1894 4894 2048 4968 Piget
2090 4911 2225 4953 sane
2250 4896 2526 4967 pudetque
2548 4910 2614 4951 ea
2653 4893 2899 4951 refutare
2925 4892 3013 4949 vel
3032 4894 3197 4950 etiam
3230 4892 3405 4949 refer-

1825 5002 1905 5057 re,
1939 5002 2063 5059 quis
2081 4988 2267 5045 subdit
2300 4986 2533 5044 Dallaeus
2556 4988 2603 5020 “
2633 5006 2647 5043 :
2672 5005 2691 5039 ι
2720 4985 2921 5043 Levius
2947 4995 3051 5055 est,
3082 4984 3282 5055 fateor,
3307 4988 3401 5041 sed

1824 5077 2036 5151 lgnatio
2078 5095 2189 5136 non
2237 5080 2374 5136 satis
2406 5078 2657 5151 dignum,
2715 5077 2863 5149 quod
2898 5076 3051 5149 ipse,
3078 5076 3232 5132 nullo
3251 5085 3402 5131 certo

1825 5180 2071 5237 auctore,
2106 5180 2383 5228 asseverat
2429 5170 2713 5227 Christum
2762 5176 2888 5239 post
2936 5167 3399 5224 resurrectionem

1824 5262 2053 5319 bibisse.
2089 5282 2109 5316 ι
2151 5262 2287 5318 lilud
2328 5272 2510 5319 autem
2552 5261 2659 5317 hoc
2690 5259 3053 5317 subtilissime
3077 5259 3275 5331 probat
3306 5274 3400 5313 ar—

1822 5352 2084 5431 gumento
2111 5375 2125 5412 :
2158 5376 2177 5409 (
2212 5355 2392 5412 Lucas
2438 5355 2661 5427 quidem
2683 5396 2699 5423 ,
2735 5355 2815 5411 uti
2846 5355 2924 5410 ait
2966 5354 3058 5409 ille
3081 5393 3099 5423 ,
3132 5352 3327 5408 scribit
3352 5352 3398 5384 "

1822 5450 2126 5523 apostolos,
2158 5458 2449 5521 postquam
2481 5447 2874 5505 resurrexisset
2904 5462 2935 5502 a
2963 5445 3217 5511 mortuis,
3243 5458 3400 5498 man-

1821 5544 2114 5602 ducavisse
2133 5553 2187 5600 et
2208 5543 2415 5599 bibisse
2437 5561 2452 5612 ;
2482 5542 2660 5615 ipsum
2682 5556 2807 5599 cum
2830 5540 2911 5598 eis
2926 5537 3206 5597 Christum
3229 5536 3397 5609 (quod

2553 5790 2597 5821 ⁸³
2638 5804 2759 5860 pag.
2791 5788 2913 5845 365.
2987 5788 3032 5823 ”
3060 5788 3180 5845 Act.
3221 5806 3271 5843 λ.
3308 5795 3382 5851 Η.
