  <div class='ocr_page' id='page_1' title='image "/cluster/home/n/w/nwhite01/storage/ocr_20150623/5/nnc1.0046978607/273.png"; bbox 0 0 3852 6206; ppageno 0'>
   <div class='ocr_carea' id='block_1_1' title="bbox 1524 325 2655 385">
    <p class='ocr_par' dir='ltr' id='par_1_1' title="bbox 1524 325 2655 385">
     <span class='ocr_line' id='line_1_1' title="bbox 1524 325 2655 385; baseline -0.002 0"><span class='ocrx_word' id='word_1_1' title='bbox 1524 329 1583 385; x_wconf 93' lang='lat' dir='ltr'><strong>S.</strong></span> <span class='ocrx_word' id='word_1_2' title='bbox 1628 325 1979 384; x_wconf 77' lang='lat' dir='ltr'><strong>IGNATIUS.</strong></span> <span class='ocrx_word' id='word_1_3' title='bbox 2020 359 2086 367; x_wconf 93' lang='lat'><strong>—-</strong></span> <span class='ocrx_word' id='word_1_4' title='bbox 2126 325 2655 383; x_wconf 76' lang='lat' dir='ltr'><strong>PROLECOMENA.</strong></span> 
     </span>
    </p>
   </div>
   <div class='ocr_carea' id='block_1_2' title="bbox 449 451 3713 527">
    <p class='ocr_par' dir='ltr' id='par_1_2' title="bbox 449 451 3713 527">
     <span class='ocr_line' id='line_1_2' title="bbox 449 451 3713 527; baseline -0.001 -15"><span class='ocrx_word' id='word_1_5' title='bbox 449 459 554 514; x_wconf 86' lang='lat' dir='ltr'><strong>iste</strong></span> <span class='ocrx_word' id='word_1_6' title='bbox 585 464 780 512; x_wconf 88' lang='lat' dir='ltr'><strong>auctor</strong></span> <span class='ocrx_word' id='word_1_7' title='bbox 808 456 908 527; x_wconf 86' lang='lat' dir='ltr'><strong>ait)</strong></span> <span class='ocrx_word' id='word_1_8' title='bbox 959 454 1382 512; x_wconf 80' lang='lat' dir='ltr'><strong>manducavisse</strong></span> <span class='ocrx_word' id='word_1_9' title='bbox 1414 460 1470 506; x_wconf 91' lang='lat' dir='ltr'><strong>et</strong></span> <span class='ocrx_word' id='word_1_10' title='bbox 1511 452 1719 508; x_wconf 84' lang='lat' dir='ltr'><strong>bibisse</strong></span> <span class='ocrx_word' id='word_1_11' title='bbox 1754 463 2029 522; x_wconf 90' lang='lat' dir='ltr'><strong>nusquam</strong></span> <span class='ocrx_word' id='word_1_12' title='bbox 2059 452 2105 511; x_wconf 79' lang='grc' dir='ltr'><strong>Δ</strong></span> <span class='ocrx_word' id='word_1_13' title='bbox 2136 451 2372 516; x_wconf 89' lang='lat' dir='ltr'><strong>scribit,</strong></span> <span class='ocrx_word' id='word_1_14' title='bbox 2409 466 2576 506; x_wconf 90' lang='lat' dir='ltr'><strong>manu</strong></span> <span class='ocrx_word' id='word_1_15' title='bbox 2623 466 2693 509; x_wconf 89' lang='lat' dir='ltr'><strong>ac</strong></span> <span class='ocrx_word' id='word_1_16' title='bbox 2723 461 2994 523; x_wconf 89' lang='lat' dir='ltr'><strong>potestate</strong></span> <span class='ocrx_word' id='word_1_17' title='bbox 3025 451 3198 510; x_wconf 86' lang='lat' dir='ltr'><strong>fuisse</strong></span> <span class='ocrx_word' id='word_1_18' title='bbox 3228 451 3406 525; x_wconf 87' lang='lat' dir='ltr'><strong>ipsum</strong></span> <span class='ocrx_word' id='word_1_19' title='bbox 3441 451 3713 525; x_wconf 83' lang='lat' dir='ltr'><strong>supplicio</strong></span> 
     </span>
    </p>
   </div>
   <div class='ocr_carea' id='block_1_3' title="bbox 447 547 2028 616">
    <p class='ocr_par' dir='ltr' id='par_1_3' title="bbox 447 547 2028 616">
     <span class='ocr_line' id='line_1_3' title="bbox 447 547 2028 616; baseline -0.004 -8"><span class='ocrx_word' id='word_1_20' title='bbox 447 552 613 616; x_wconf 85' lang='lat' dir='ltr'><strong>dicit,</strong></span> <span class='ocrx_word' id='word_1_21' title='bbox 653 569 674 604; x_wconf 68' lang='grc' dir='ltr'><strong><em>ι</em></strong></span> <span class='ocrx_word' id='word_1_22' title='bbox 709 552 802 607; x_wconf 86' lang='lat' dir='ltr'><strong>sed</strong></span> <span class='ocrx_word' id='word_1_23' title='bbox 857 559 1068 606; x_wconf 84' lang='lat' dir='ltr'><strong>tantum</strong></span> <span class='ocrx_word' id='word_1_24' title='bbox 1125 547 1508 605; x_wconf 80' lang='lat' dir='ltr'><strong>comedisse“.</strong></span> <span class='ocrx_word' id='word_1_25' title='bbox 1536 548 1581 603; x_wconf 91' lang='grc'>0</span> <span class='ocrx_word' id='word_1_26' title='bbox 1616 549 1784 606; x_wconf 88' lang='lat' dir='ltr'><strong>miras</strong></span> <span class='ocrx_word' id='word_1_27' title='bbox 1819 548 2028 615; x_wconf 68' lang='lat' dir='ltr'><strong>Dallazi,</strong></span> 
     </span>
    </p>
   </div>
   <div class='ocr_carea' id='block_1_4' title="bbox 447 640 2028 714">
    <p class='ocr_par' dir='ltr' id='par_1_4' title="bbox 447 640 2028 714">
     <span class='ocr_line' id='line_1_4' title="bbox 447 640 2028 714; baseline -0.002 -16"><span class='ocrx_word' id='word_1_28' title='bbox 447 644 553 698; x_wconf 86' lang='lat' dir='ltr'><strong>viri</strong></span> <span class='ocrx_word' id='word_1_29' title='bbox 589 643 894 700; x_wconf 86' lang='lat' dir='ltr'><strong>acutissimi</strong></span> <span class='ocrx_word' id='word_1_30' title='bbox 925 683 942 708; x_wconf 96' lang='lat'><strong>,</strong></span> <span class='ocrx_word' id='word_1_31' title='bbox 977 643 1222 714; x_wconf 85' lang='lat' dir='ltr'><strong>argutias</strong></span> <span class='ocrx_word' id='word_1_32' title='bbox 1259 651 1314 697; x_wconf 92' lang='lat' dir='ltr'><strong>et</strong></span> <span class='ocrx_word' id='word_1_33' title='bbox 1345 641 1703 697; x_wconf 88' lang='lat' dir='ltr'><strong>subtilitates!</strong></span> <span class='ocrx_word' id='word_1_34' title='bbox 1748 640 2028 711; x_wconf 82' lang='lat' dir='ltr'><strong>Apostoli,</strong></span> 
     </span>
    </p>
   </div>
   <div class='ocr_carea' id='block_1_5' title="bbox 449 731 2032 806">
    <p class='ocr_par' dir='ltr' id='par_1_5' title="bbox 449 731 2032 806">
     <span class='ocr_line' id='line_1_5' title="bbox 449 731 2032 806; baseline -0.001 -17"><span class='ocrx_word' id='word_1_35' title='bbox 449 735 670 806; x_wconf 86' lang='lat' dir='ltr'><strong>inquit,</strong></span> <span class='ocrx_word' id='word_1_36' title='bbox 709 735 971 791; x_wconf 91' lang='lat' dir='ltr'><strong>dicuntur</strong></span> <span class='ocrx_word' id='word_1_37' title='bbox 1017 749 1142 789; x_wconf 90' lang='lat' dir='ltr'><strong>cum</strong></span> <span class='ocrx_word' id='word_1_38' title='bbox 1176 731 1400 789; x_wconf 84' lang='lat' dir='ltr'><strong>Christo</strong></span> <span class='ocrx_word' id='word_1_39' title='bbox 1443 732 1812 788; x_wconf 85' lang='lat' dir='ltr'><strong>manducasse</strong></span> <span class='ocrx_word' id='word_1_40' title='bbox 1839 740 1895 788; x_wconf 91' lang='lat' dir='ltr'><strong>et</strong></span> <span class='ocrx_word' id='word_1_41' title='bbox 1942 732 2032 788; x_wconf 85' lang='lat' dir='ltr'><strong>bi-</strong></span> 
     </span>
    </p>
   </div>
   <div class='ocr_carea' id='block_1_6' title="bbox 449 823 2030 894">
    <p class='ocr_par' dir='ltr' id='par_1_6' title="bbox 449 823 2030 894">
     <span class='ocr_line' id='line_1_6' title="bbox 449 823 2030 894; baseline 0.001 -14"><span class='ocrx_word' id='word_1_42' title='bbox 449 825 642 894; x_wconf 87' lang='lat' dir='ltr'><strong>bisse,</strong></span> <span class='ocrx_word' id='word_1_43' title='bbox 674 825 931 881; x_wconf 87' lang='lat' dir='ltr'><strong>Christus</strong></span> <span class='ocrx_word' id='word_1_44' title='bbox 991 839 1122 880; x_wconf 91' lang='lat' dir='ltr'><strong>vero</strong></span> <span class='ocrx_word' id='word_1_45' title='bbox 1177 823 1380 880; x_wconf 92' lang='lat' dir='ltr'><strong>dicitur</strong></span> <span class='ocrx_word' id='word_1_46' title='bbox 1426 833 1638 879; x_wconf 90' lang='lat' dir='ltr'><strong>tantum</strong></span> <span class='ocrx_word' id='word_1_47' title='bbox 1701 825 2030 882; x_wconf 87' lang='lat' dir='ltr'><strong>comedisse.</strong></span> 
     </span>
    </p>
   </div>
   <div class='ocr_carea' id='block_1_7' title="bbox 449 916 2034 988">
    <p class='ocr_par' dir='ltr' id='par_1_7' title="bbox 449 916 2034 988">
     <span class='ocr_line' id='line_1_7' title="bbox 449 916 2034 988; baseline 0 -16"><span class='ocrx_word' id='word_1_48' title='bbox 449 917 595 988; x_wconf 86' lang='lat' dir='ltr'><strong>Ergo</strong></span> <span class='ocrx_word' id='word_1_49' title='bbox 628 917 760 973; x_wconf 89' lang='lat' dir='ltr'><strong>illud</strong></span> <span class='ocrx_word' id='word_1_50' title='bbox 789 917 1072 986; x_wconf 88' lang='lat' dir='ltr'><strong>indignum</strong></span> <span class='ocrx_word' id='word_1_51' title='bbox 1101 926 1188 971; x_wconf 91' lang='lat' dir='ltr'><strong>est</strong></span> <span class='ocrx_word' id='word_1_52' title='bbox 1213 916 1450 988; x_wconf 91' lang='lat' dir='ltr'><strong>lgnatio,</strong></span> <span class='ocrx_word' id='word_1_53' title='bbox 1481 917 1628 986; x_wconf 90' lang='lat' dir='ltr'><strong>quod</strong></span> <span class='ocrx_word' id='word_1_54' title='bbox 1667 916 1948 973; x_wconf 86' lang='lat' dir='ltr'><strong>Christum</strong></span> <span class='ocrx_word' id='word_1_55' title='bbox 1977 926 2034 972; x_wconf 87' lang='lat' dir='ltr'><strong>et</strong></span> 
     </span>
    </p>
   </div>
   <div class='ocr_carea' id='block_1_8' title="bbox 451 1006 2030 1074">
    <p class='ocr_par' dir='ltr' id='par_1_8' title="bbox 451 1006 2030 1074">
     <span class='ocr_line' id='line_1_8' title="bbox 451 1006 2030 1074; baseline 0.001 -11"><span class='ocrx_word' id='word_1_56' title='bbox 451 1007 816 1063; x_wconf 86' lang='lat' dir='ltr'><strong>manducasse</strong></span> <span class='ocrx_word' id='word_1_57' title='bbox 866 1015 921 1062; x_wconf 92' lang='lat' dir='ltr'><strong>et</strong></span> <span class='ocrx_word' id='word_1_58' title='bbox 966 1006 1172 1063; x_wconf 88' lang='lat' dir='ltr'><strong>bibisse</strong></span> <span class='ocrx_word' id='word_1_59' title='bbox 1233 1006 1452 1062; x_wconf 81' lang='lat' dir='ltr'><strong>dixerit.</strong></span> <span class='ocrx_word' id='word_1_60' title='bbox 1513 1007 1682 1074; x_wconf 89' lang='lat' dir='ltr'><strong>Quasi</strong></span> <span class='ocrx_word' id='word_1_61' title='bbox 1726 1023 1857 1064; x_wconf 89' lang='lat' dir='ltr'><strong>vero</strong></span> <span class='ocrx_word' id='word_1_62' title='bbox 1903 1023 2030 1064; x_wconf 89' lang='lat' dir='ltr'><strong>eum</strong></span> 
     </span>
    </p>
   </div>
   <div class='ocr_carea' id='block_1_9' title="bbox 449 1099 2028 1173">
    <p class='ocr_par' dir='ltr' id='par_1_9' title="bbox 449 1099 2028 1173">
     <span class='ocr_line' id='line_1_9' title="bbox 449 1099 2028 1173; baseline 0 -17"><span class='ocrx_word' id='word_1_63' title='bbox 449 1101 708 1156; x_wconf 88' lang='lat' dir='ltr'><strong>Christus</strong></span> <span class='ocrx_word' id='word_1_64' title='bbox 734 1100 839 1155; x_wconf 90' lang='lat' dir='ltr'><strong>hoc</strong></span> <span class='ocrx_word' id='word_1_65' title='bbox 872 1100 1037 1155; x_wconf 91' lang='lat' dir='ltr'><strong>modo</strong></span> <span class='ocrx_word' id='word_1_66' title='bbox 1060 1099 1427 1156; x_wconf 83' lang='lat' dir='ltr'><strong>manducasse</strong></span> <span class='ocrx_word' id='word_1_67' title='bbox 1457 1101 1739 1168; x_wconf 83' lang='lat' dir='ltr'><strong>scribitur,</strong></span> <span class='ocrx_word' id='word_1_68' title='bbox 1764 1110 1819 1157; x_wconf 92' lang='lat' dir='ltr'><strong>et</strong></span> <span class='ocrx_word' id='word_1_69' title='bbox 1850 1103 2028 1173; x_wconf 87' lang='lat' dir='ltr'><strong>ipsum</strong></span> 
     </span>
    </p>
   </div>
   <div class='ocr_carea' id='block_1_10' title="bbox 448 1191 2034 1263">
    <p class='ocr_par' dir='ltr' id='par_1_10' title="bbox 448 1191 2034 1263">
     <span class='ocr_line' id='line_1_10' title="bbox 448 1191 2034 1263; baseline 0.002 -17"><span class='ocrx_word' id='word_1_70' title='bbox 448 1204 671 1260; x_wconf 90' lang='lat' dir='ltr'><strong>quoque</strong></span> <span class='ocrx_word' id='word_1_71' title='bbox 703 1191 906 1246; x_wconf 87' lang='lat' dir='ltr'><strong>bibisse</strong></span> <span class='ocrx_word' id='word_1_72' title='bbox 937 1206 1047 1246; x_wconf 90' lang='lat' dir='ltr'><strong>non</strong></span> <span class='ocrx_word' id='word_1_73' title='bbox 1069 1191 1246 1260; x_wconf 86' lang='lat' dir='ltr'><strong>possit</strong></span> <span class='ocrx_word' id='word_1_74' title='bbox 1277 1192 1476 1248; x_wconf 90' lang='lat' dir='ltr'><strong>merito</strong></span> <span class='ocrx_word' id='word_1_75' title='bbox 1500 1193 1628 1263; x_wconf 91' lang='lat' dir='ltr'><strong>jure</strong></span> <span class='ocrx_word' id='word_1_76' title='bbox 1658 1194 2034 1263; x_wconf 83' lang='lat' dir='ltr'><strong>subintelligi?</strong></span> 
     </span>
    </p>
   </div>
   <div class='ocr_carea' id='block_1_11' title="bbox 451 1277 2031 1354">
    <p class='ocr_par' dir='ltr' id='par_1_11' title="bbox 451 1277 2031 1354">
     <span class='ocr_line' id='line_1_11' title="bbox 451 1277 2031 1354; baseline 0.005 -21"><span class='ocrx_word' id='word_1_77' title='bbox 451 1277 511 1334; x_wconf 89' lang='lat' dir='ltr'><strong>Si</strong></span> <span class='ocrx_word' id='word_1_78' title='bbox 539 1280 770 1337; x_wconf 72' lang='lat' dir='ltr'><strong>Dallzeus</strong></span> <span class='ocrx_word' id='word_1_79' title='bbox 793 1297 918 1338; x_wconf 89' lang='lat' dir='ltr'><strong>cum</strong></span> <span class='ocrx_word' id='word_1_80' title='bbox 951 1281 1145 1337; x_wconf 88' lang='lat' dir='ltr'><strong>amicis</strong></span> <span class='ocrx_word' id='word_1_81' title='bbox 1170 1283 1310 1349; x_wconf 88' lang='lat' dir='ltr'><strong>suis,</strong></span> <span class='ocrx_word' id='word_1_82' title='bbox 1335 1285 1431 1354; x_wconf 89' lang='lat' dir='ltr'><strong>qui</strong></span> <span class='ocrx_word' id='word_1_83' title='bbox 1466 1300 1594 1340; x_wconf 91' lang='lat' dir='ltr'><strong>cum</strong></span> <span class='ocrx_word' id='word_1_84' title='bbox 1627 1300 1694 1340; x_wconf 91' lang='lat' dir='ltr'><strong>eo</strong></span> <span class='ocrx_word' id='word_1_85' title='bbox 1727 1285 2031 1341; x_wconf 80' lang='lat' dir='ltr'><strong>manduca-</strong></span> 
     </span>
    </p>
   </div>
   <div class='ocr_carea' id='block_1_12' title="bbox 447 1374 2036 1442">
    <p class='ocr_par' dir='ltr' id='par_1_12' title="bbox 447 1374 2036 1442">
     <span class='ocr_line' id='line_1_12' title="bbox 447 1374 2036 1442; baseline 0.005 -16"><span class='ocrx_word' id='word_1_86' title='bbox 447 1382 649 1429; x_wconf 87' lang='lat' dir='ltr'><strong>verunt</strong></span> <span class='ocrx_word' id='word_1_87' title='bbox 671 1384 726 1429; x_wconf 91' lang='lat' dir='ltr'><strong>et</strong></span> <span class='ocrx_word' id='word_1_88' title='bbox 744 1374 1020 1442; x_wconf 90' lang='lat' dir='ltr'><strong>biberunt,</strong></span> <span class='ocrx_word' id='word_1_89' title='bbox 1046 1377 1410 1434; x_wconf 86' lang='lat' dir='ltr'><strong>manducasse</strong></span> <span class='ocrx_word' id='word_1_90' title='bbox 1433 1377 1668 1442; x_wconf 89' lang='lat' dir='ltr'><strong>dicatur,</strong></span> <span class='ocrx_word' id='word_1_91' title='bbox 1704 1393 1887 1433; x_wconf 90' lang='lat' dir='ltr'><strong>nonne</strong></span> <span class='ocrx_word' id='word_1_92' title='bbox 1909 1379 2036 1435; x_wconf 84' lang='lat' dir='ltr'><strong>inde</strong></span> 
     </span>
    </p>
   </div>
   <div class='ocr_carea' id='block_1_13' title="bbox 447 1467 2035 1539">
    <p class='ocr_par' dir='ltr' id='par_1_13' title="bbox 447 1467 2035 1539">
     <span class='ocr_line' id='line_1_13' title="bbox 447 1467 2035 1539; baseline 0.006 -20"><span class='ocrx_word' id='word_1_93' title='bbox 447 1473 504 1520; x_wconf 85' lang='lat' dir='ltr'><strong>et</strong></span> <span class='ocrx_word' id='word_1_94' title='bbox 531 1479 658 1520; x_wconf 91' lang='lat' dir='ltr'><strong>eum</strong></span> <span class='ocrx_word' id='word_1_95' title='bbox 693 1480 805 1521; x_wconf 90' lang='lat' dir='ltr'><strong>non</strong></span> <span class='ocrx_word' id='word_1_96' title='bbox 843 1467 1023 1522; x_wconf 86' lang='lat' dir='ltr'><strong>solum</strong></span> <span class='ocrx_word' id='word_1_97' title='bbox 1064 1469 1464 1539; x_wconf 86' lang='lat' dir='ltr'><strong>manducasse,</strong></span> <span class='ocrx_word' id='word_1_98' title='bbox 1494 1470 1590 1526; x_wconf 90' lang='lat' dir='ltr'><strong>sed</strong></span> <span class='ocrx_word' id='word_1_99' title='bbox 1629 1470 1795 1526; x_wconf 90' lang='lat' dir='ltr'><strong>etiam</strong></span> <span class='ocrx_word' id='word_1_100' title='bbox 1828 1470 2035 1528; x_wconf 86' lang='lat' dir='ltr'><strong>bibisse</strong></span> 
     </span>
    </p>
   </div>
   <div class='ocr_carea' id='block_1_14' title="bbox 449 1558 1034 1616">
    <p class='ocr_par' dir='ltr' id='par_1_14' title="bbox 449 1558 1034 1616">
     <span class='ocr_line' id='line_1_14' title="bbox 449 1558 1034 1616; baseline 0.003 -4"><span class='ocrx_word' id='word_1_101' title='bbox 449 1566 598 1613; x_wconf 88' lang='lat' dir='ltr'><strong>recte</strong></span> <span class='ocrx_word' id='word_1_102' title='bbox 640 1558 1034 1616; x_wconf 77' lang='lat' dir='ltr'><strong>concludetur?</strong></span> 
     </span>
    </p>
   </div>
   <div class='ocr_carea' id='block_1_15' title="bbox 451 1648 2034 1727">
    <p class='ocr_par' dir='ltr' id='par_1_15' title="bbox 451 1648 2034 1727">
     <span class='ocr_line' id='line_1_15' title="bbox 451 1648 2034 1727; baseline 0.005 -23"><span class='ocrx_word' id='word_1_103' title='bbox 451 1648 481 1722; x_wconf 72' lang='grc' dir='ltr'><strong>ς</strong></span> <span class='ocrx_word' id='word_1_104' title='bbox 511 1649 598 1708; x_wconf 88' lang='lat' dir='ltr'><strong>Ill.</strong></span> <span class='ocrx_word' id='word_1_105' title='bbox 634 1649 791 1707; x_wconf 87' lang='lat' dir='ltr'><strong>Nihil</strong></span> <span class='ocrx_word' id='word_1_106' title='bbox 817 1653 1026 1727; x_wconf 2' lang='lat' dir='ltr'><strong>falsum,</strong></span> <span class='ocrx_word' id='word_1_107' title='bbox 1046 1655 1156 1710; x_wconf 88' lang='lat' dir='ltr'><strong>dici</strong></span> <span class='ocrx_word' id='word_1_108' title='bbox 1197 1657 1262 1710; x_wconf 83' lang='lat' dir='ltr'><strong>de</strong></span> <span class='ocrx_word' id='word_1_109' title='bbox 1287 1655 1550 1712; x_wconf 73' lang='lat' dir='ltr'><strong>hazretiris</strong></span> <span class='ocrx_word' id='word_1_110' title='bbox 1571 1698 1586 1725; x_wconf 92' lang='lat'><strong>,</strong></span> <span class='ocrx_word' id='word_1_111' title='bbox 1623 1657 1715 1727; x_wconf 85' lang='lat' dir='ltr'><strong>qui</strong></span> <span class='ocrx_word' id='word_1_112' title='bbox 1740 1657 1805 1710; x_wconf 84' lang='lat' dir='ltr'><strong>ab</strong></span> <span class='ocrx_word' id='word_1_113' title='bbox 1841 1657 2034 1712; x_wconf 86' lang='lat' dir='ltr'><strong>eucha-</strong></span> 
     </span>
    </p>
   </div>
   <div class='ocr_carea' id='block_1_16' title="bbox 982 1726 1498 1782">
    <p class='ocr_par' dir='ltr' id='par_1_16' title="bbox 982 1726 1498 1782">
     <span class='ocr_line' id='line_1_16' title="bbox 982 1726 1498 1782; baseline 0.004 -4"><span class='ocrx_word' id='word_1_114' title='bbox 982 1726 1141 1780; x_wconf 84' lang='lat' dir='ltr'><strong>ristia</strong></span> <span class='ocrx_word' id='word_1_115' title='bbox 1167 1727 1498 1782; x_wconf 83' lang='lat' dir='ltr'><strong>recedebant.</strong></span> 
     </span>
    </p>
   </div>
   <div class='ocr_carea' id='block_1_17' title="bbox 521 1797 2109 1889">
    <p class='ocr_par' dir='ltr' id='par_1_17' title="bbox 521 1797 2109 1889">
     <span class='ocr_line' id='line_1_17' title="bbox 521 1797 2109 1889; baseline 0.003 -18"><span class='ocrx_word' id='word_1_116' title='bbox 521 1815 724 1888; x_wconf 87' lang='lat' dir='ltr'><strong>Objicit</strong></span> <span class='ocrx_word' id='word_1_117' title='bbox 770 1827 960 1889; x_wconf 88' lang='lat' dir='ltr'><strong>postea</strong></span> <span class='ocrx_word' id='word_1_118' title='bbox 1019 1817 1253 1876; x_wconf 69' lang='lat' dir='ltr'><strong>Dallaaus</strong></span> <span class='ocrx_word' id='word_1_119' title='bbox 1302 1821 1601 1877; x_wconf 90' lang='lat' dir='ltr'><strong>nonnullos</strong></span> <span class='ocrx_word' id='word_1_120' title='bbox 1645 1821 1714 1877; x_wconf 91' lang='lat' dir='ltr'><strong>ab</strong></span> <span class='ocrx_word' id='word_1_121' title='bbox 1774 1830 2030 1887; x_wconf 89' lang='lat' dir='ltr'><strong>auctore,</strong></span> <span class='ocrx_word' id='word_1_122' title='bbox 2064 1797 2109 1858; x_wconf 73' lang='grc' dir='ltr'><strong>Β</strong></span> 
     </span>
    </p>
   </div>
   <div class='ocr_carea' id='block_1_18' title="bbox 452 1909 2032 1980">
    <p class='ocr_par' dir='ltr' id='par_1_18' title="bbox 452 1909 2032 1980">
     <span class='ocr_line' id='line_1_18' title="bbox 452 1909 2032 1980; baseline 0.002 -18"><span class='ocrx_word' id='word_1_123' title='bbox 452 1917 644 1964; x_wconf 86' lang='lat' dir='ltr'><strong>nostro</strong></span> <span class='ocrx_word' id='word_1_124' title='bbox 706 1910 971 1980; x_wconf 90' lang='lat' dir='ltr'><strong>exagitari</strong></span> <span class='ocrx_word' id='word_1_125' title='bbox 1019 1909 1306 1967; x_wconf 65' lang='lat' dir='ltr'><strong>haereticos</strong></span> <span class='ocrx_word' id='word_1_126' title='bbox 1338 1929 1352 1965; x_wconf 91' lang='lat'><strong>:</strong></span> <span class='ocrx_word' id='word_1_127' title='bbox 1383 1929 1403 1963; x_wconf 75' lang='grc' dir='ltr'><strong><em>ι</em></strong></span> <span class='ocrx_word' id='word_1_128' title='bbox 1438 1911 1545 1979; x_wconf 87' lang='lat' dir='ltr'><strong>Qui</strong></span> <span class='ocrx_word' id='word_1_129' title='bbox 1598 1913 1668 1968; x_wconf 91' lang='lat' dir='ltr'><strong>ab</strong></span> <span class='ocrx_word' id='word_1_130' title='bbox 1699 1911 2032 1968; x_wconf 90' lang='lat' dir='ltr'><strong>eucharistia</strong></span> 
     </span>
    </p>
   </div>
   <div class='ocr_carea' id='block_1_19' title="bbox 451 1997 2035 2070">
    <p class='ocr_par' dir='ltr' id='par_1_19' title="bbox 451 1997 2035 2070">
     <span class='ocr_line' id='line_1_19' title="bbox 451 1997 2035 2070; baseline 0.001 -15"><span class='ocrx_word' id='word_1_131' title='bbox 451 2008 508 2055; x_wconf 91' lang='lat' dir='ltr'><strong>et</strong></span> <span class='ocrx_word' id='word_1_132' title='bbox 528 1997 778 2054; x_wconf 91' lang='lat' dir='ltr'><strong>oratione</strong></span> <span class='ocrx_word' id='word_1_133' title='bbox 816 1999 1116 2067; x_wconf 90' lang='lat' dir='ltr'><strong>recedunt,</strong></span> <span class='ocrx_word' id='word_1_134' title='bbox 1148 2009 1371 2070; x_wconf 88' lang='lat' dir='ltr'><strong>propter</strong></span> <span class='ocrx_word' id='word_1_135' title='bbox 1403 2015 1516 2055; x_wconf 93' lang='lat' dir='ltr'><strong>non</strong></span> <span class='ocrx_word' id='word_1_136' title='bbox 1547 2001 1796 2057; x_wconf 90' lang='lat' dir='ltr'><strong>conﬁteri</strong></span> <span class='ocrx_word' id='word_1_137' title='bbox 1831 2001 2035 2058; x_wconf 88' lang='lat' dir='ltr'><strong>eucha-</strong></span> 
     </span>
    </p>
   </div>
   <div class='ocr_carea' id='block_1_20' title="bbox 452 2088 2036 2164">
    <p class='ocr_par' dir='ltr' id='par_1_20' title="bbox 452 2088 2036 2164">
     <span class='ocr_line' id='line_1_20' title="bbox 452 2088 2036 2164; baseline 0.001 -17"><span class='ocrx_word' id='word_1_138' title='bbox 452 2091 667 2147; x_wconf 85' lang='lat' dir='ltr'><strong>ristiam</strong></span> <span class='ocrx_word' id='word_1_139' title='bbox 691 2105 913 2146; x_wconf 90' lang='lat' dir='ltr'><strong>carnem</strong></span> <span class='ocrx_word' id='word_1_140' title='bbox 945 2105 1069 2148; x_wconf 85' lang='lat' dir='ltr'><strong>esse</strong></span> <span class='ocrx_word' id='word_1_141' title='bbox 1099 2088 1424 2147; x_wconf 88' lang='lat' dir='ltr'><strong>Salvatoris.</strong></span> <span class='ocrx_word' id='word_1_142' title='bbox 1452 2093 1497 2124; x_wconf 81' lang='lat'>&quot;</span> <span class='ocrx_word' id='word_1_143' title='bbox 1532 2110 1552 2144; x_wconf 74' lang='grc' dir='ltr'><strong><em>ι</em></strong></span> <span class='ocrx_word' id='word_1_144' title='bbox 1581 2092 1676 2159; x_wconf 83' lang='lat' dir='ltr'><strong>At,</strong></span> <span class='ocrx_word' id='word_1_145' title='bbox 1709 2093 1888 2164; x_wconf 90' lang='lat' dir='ltr'><strong>inquit</strong></span> <span class='ocrx_word' id='word_1_146' title='bbox 1909 2092 2036 2150; x_wconf 83' lang='lat' dir='ltr'><strong>Dal-</strong></span> 
     </span>
    </p>
   </div>
   <div class='ocr_carea' id='block_1_21' title="bbox 451 2182 2037 2254">
    <p class='ocr_par' dir='ltr' id='par_1_21' title="bbox 451 2182 2037 2254">
     <span class='ocr_line' id='line_1_21' title="bbox 451 2182 2037 2254; baseline 0 -14"><span class='ocrx_word' id='word_1_147' title='bbox 451 2183 612 2248; x_wconf 75' lang='lat' dir='ltr'><strong>lacus,</strong></span> <span class='ocrx_word' id='word_1_148' title='bbox 644 2182 739 2254; x_wconf 91' lang='lat' dir='ltr'><strong>qui</strong></span> <span class='ocrx_word' id='word_1_149' title='bbox 773 2183 1146 2239; x_wconf 89' lang='lat' dir='ltr'><strong>accuratiores</strong></span> <span class='ocrx_word' id='word_1_150' title='bbox 1199 2183 1580 2240; x_wconf 66' lang='lat' dir='ltr'><strong>haereticorum</strong></span> <span class='ocrx_word' id='word_1_151' title='bbox 1624 2183 1846 2241; x_wconf 88' lang='lat' dir='ltr'><strong>edidere</strong></span> <span class='ocrx_word' id='word_1_152' title='bbox 1891 2194 2037 2241; x_wconf 84' lang='lat' dir='ltr'><strong>eata-</strong></span> 
     </span>
    </p>
   </div>
   <div class='ocr_carea' id='block_1_22' title="bbox 452 2275 2032 2348">
    <p class='ocr_par' dir='ltr' id='par_1_22' title="bbox 452 2275 2032 2348">
     <span class='ocr_line' id='line_1_22' title="bbox 452 2275 2032 2348; baseline 0 -16"><span class='ocrx_word' id='word_1_153' title='bbox 452 2276 628 2348; x_wconf 89' lang='lat' dir='ltr'><strong>logos,</strong></span> <span class='ocrx_word' id='word_1_154' title='bbox 662 2275 855 2332; x_wconf 89' lang='lat' dir='ltr'><strong>uullibi</strong></span> <span class='ocrx_word' id='word_1_155' title='bbox 903 2276 1044 2332; x_wconf 92' lang='lat' dir='ltr'><strong>ullos</strong></span> <span class='ocrx_word' id='word_1_156' title='bbox 1100 2276 1482 2348; x_wconf 89' lang='lat' dir='ltr'><strong>hujuscemodi</strong></span> <span class='ocrx_word' id='word_1_157' title='bbox 1521 2277 1809 2334; x_wconf 67' lang='lat' dir='ltr'><strong>haereticos</strong></span> <span class='ocrx_word' id='word_1_158' title='bbox 1834 2275 2032 2348; x_wconf 86' lang='lat' dir='ltr'><strong>Iguatii</strong></span> 
     </span>
    </p>
   </div>
   <div class='ocr_carea' id='block_1_23' title="bbox 453 2368 2033 2441">
    <p class='ocr_par' dir='ltr' id='par_1_23' title="bbox 453 2368 2033 2441">
     <span class='ocr_line' id='line_1_23' title="bbox 453 2368 2033 2441; baseline 0 -17"><span class='ocrx_word' id='word_1_159' title='bbox 453 2378 701 2440; x_wconf 85' lang='lat' dir='ltr'><strong>tempore</strong></span> <span class='ocrx_word' id='word_1_160' title='bbox 752 2369 1032 2425; x_wconf 79' lang='lat' dir='ltr'><strong>exstitisse</strong></span> <span class='ocrx_word' id='word_1_161' title='bbox 1078 2369 1388 2441; x_wconf 86' lang='lat' dir='ltr'><strong>perhibent.</strong></span> <span class='ocrx_word' id='word_1_162' title='bbox 1436 2368 1806 2436; x_wconf 85' lang='lat' dir='ltr'><strong>Quamobrem</strong></span> <span class='ocrx_word' id='word_1_163' title='bbox 1846 2369 2033 2424; x_wconf 68' lang='lat' dir='ltr'><strong>Dallaei</strong></span> 
     </span>
    </p>
   </div>
   <div class='ocr_carea' id='block_1_24' title="bbox 451 2462 2031 2530">
    <p class='ocr_par' dir='ltr' id='par_1_24' title="bbox 451 2462 2031 2530">
     <span class='ocr_line' id='line_1_24' title="bbox 451 2462 2031 2530; baseline 0 -12"><span class='ocrx_word' id='word_1_164' title='bbox 451 2462 710 2519; x_wconf 86' lang='lat' dir='ltr'><strong>defensor</strong></span> <span class='ocrx_word' id='word_1_165' title='bbox 748 2477 952 2518; x_wconf 88' lang='lat' dir='ltr'><strong>novum</strong></span> <span class='ocrx_word' id='word_1_166' title='bbox 985 2463 1035 2519; x_wconf 92' lang='lat' dir='ltr'><strong>ei</strong></span> <span class='ocrx_word' id='word_1_167' title='bbox 1070 2463 1381 2518; x_wconf 89' lang='lat' dir='ltr'><strong>subsidium</strong></span> <span class='ocrx_word' id='word_1_168' title='bbox 1413 2463 1628 2519; x_wconf 87' lang='lat' dir='ltr'><strong>laturus</strong></span> <span class='ocrx_word' id='word_1_169' title='bbox 1662 2482 1675 2518; x_wconf 92' lang='lat'><strong>:</strong></span> <span class='ocrx_word' id='word_1_170' title='bbox 1717 2482 1736 2515; x_wconf 74' lang='grc' dir='ltr'>ι</span> <span class='ocrx_word' id='word_1_171' title='bbox 1781 2462 2031 2530; x_wconf 86' lang='lat' dir='ltr'><strong>Siccine,</strong></span> 
     </span>
    </p>
   </div>
   <div class='ocr_carea' id='block_1_25' title="bbox 451 2554 2036 2626">
    <p class='ocr_par' dir='ltr' id='par_1_25' title="bbox 451 2554 2036 2626">
     <span class='ocr_line' id='line_1_25' title="bbox 451 2554 2036 2626; baseline 0 -16"><span class='ocrx_word' id='word_1_172' title='bbox 451 2555 550 2620; x_wconf 91' lang='lat' dir='ltr'><strong>ait,</strong></span> <span class='ocrx_word' id='word_1_173' title='bbox 608 2554 771 2613; x_wconf 82' lang='lat' dir='ltr'><strong>ofﬁcii</strong></span> <span class='ocrx_word' id='word_1_174' title='bbox 825 2554 911 2611; x_wconf 87' lang='lat' dir='ltr'><strong>sui</strong></span> <span class='ocrx_word' id='word_1_175' title='bbox 966 2562 1079 2609; x_wconf 89' lang='lat' dir='ltr'><strong>tam</strong></span> <span class='ocrx_word' id='word_1_176' title='bbox 1137 2555 1475 2626; x_wconf 80' lang='lat' dir='ltr'><strong>negligentes</strong></span> <span class='ocrx_word' id='word_1_177' title='bbox 1509 2555 1663 2612; x_wconf 87' lang='lat' dir='ltr'><strong>fuere</strong></span> <span class='ocrx_word' id='word_1_178' title='bbox 1711 2563 1923 2612; x_wconf 76' lang='lat' dir='ltr'><strong>veteres</strong></span> <span class='ocrx_word' id='word_1_179' title='bbox 1955 2555 2036 2612; x_wconf 88' lang='lat' dir='ltr'><strong>illi</strong></span> 
     </span>
    </p>
   </div>
   <div class='ocr_carea' id='block_1_26' title="bbox 452 2645 2033 2716">
    <p class='ocr_par' dir='ltr' id='par_1_26' title="bbox 452 2645 2033 2716">
     <span class='ocr_line' id='line_1_26' title="bbox 452 2645 2033 2716; baseline -0.001 -15"><span class='ocrx_word' id='word_1_180' title='bbox 452 2645 749 2715; x_wconf 85' lang='lat' dir='ltr'><strong>scriptores</strong></span> <span class='ocrx_word' id='word_1_181' title='bbox 771 2684 788 2712; x_wconf 94' lang='lat'><strong>,</strong></span> <span class='ocrx_word' id='word_1_182' title='bbox 822 2654 882 2700; x_wconf 89' lang='lat' dir='ltr'><strong>ut</strong></span> <span class='ocrx_word' id='word_1_183' title='bbox 931 2659 1050 2700; x_wconf 90' lang='lat' dir='ltr'><strong>rem</strong></span> <span class='ocrx_word' id='word_1_184' title='bbox 1106 2645 1245 2701; x_wconf 90' lang='lat' dir='ltr'><strong>adeo</strong></span> <span class='ocrx_word' id='word_1_185' title='bbox 1280 2645 1691 2702; x_wconf 87' lang='lat' dir='ltr'><strong>memorabilem</strong></span> <span class='ocrx_word' id='word_1_186' title='bbox 1713 2687 1730 2714; x_wconf 89' lang='lat'><strong>,</strong></span> <span class='ocrx_word' id='word_1_187' title='bbox 1775 2655 1828 2701; x_wconf 92' lang='lat' dir='ltr'><strong>et</strong></span> <span class='ocrx_word' id='word_1_188' title='bbox 1866 2660 2033 2716; x_wconf 91' lang='lat' dir='ltr'><strong>quam</strong></span> 
     </span>
    </p>
   </div>
   <div class='ocr_carea' id='block_1_27' title="bbox 451 2737 2034 2809">
    <p class='ocr_par' dir='ltr' id='par_1_27' title="bbox 451 2737 2034 2809">
     <span class='ocr_line' id='line_1_27' title="bbox 451 2737 2034 2809; baseline 0.001 -15"><span class='ocrx_word' id='word_1_189' title='bbox 451 2737 595 2794; x_wconf 86' lang='lat' dir='ltr'><strong>scire</strong></span> <span class='ocrx_word' id='word_1_190' title='bbox 627 2737 917 2805; x_wconf 90' lang='lat' dir='ltr'><strong>intererat,</strong></span> <span class='ocrx_word' id='word_1_191' title='bbox 949 2737 1166 2794; x_wconf 91' lang='lat' dir='ltr'><strong>silentio</strong></span> <span class='ocrx_word' id='word_1_192' title='bbox 1201 2739 1642 2808; x_wconf 87' lang='lat' dir='ltr'><strong>praeterierint...</strong></span> <span class='ocrx_word' id='word_1_193' title='bbox 1674 2738 1924 2809; x_wconf 91' lang='lat' dir='ltr'><strong>profecto</strong></span> <span class='ocrx_word' id='word_1_194' title='bbox 1942 2741 2034 2796; x_wconf 86' lang='lat' dir='ltr'><strong>vix</strong></span> 
     </span>
    </p>
   </div>
   <div class='ocr_carea' id='block_1_28' title="bbox 451 2828 2035 2901">
    <p class='ocr_par' dir='ltr' id='par_1_28' title="bbox 451 2828 2035 2901">
     <span class='ocr_line' id='line_1_28' title="bbox 451 2828 2035 2901; baseline 0.001 -17"><span class='ocrx_word' id='word_1_195' title='bbox 451 2837 539 2884; x_wconf 87' lang='lat' dir='ltr'><strong>est</strong></span> <span class='ocrx_word' id='word_1_196' title='bbox 565 2829 841 2885; x_wconf 91' lang='lat' dir='ltr'><strong>credibile.</strong></span> <span class='ocrx_word' id='word_1_197' title='bbox 863 2849 882 2882; x_wconf 77' lang='grc' dir='ltr'><strong><em>ι</em></strong></span> <span class='ocrx_word' id='word_1_198' title='bbox 921 2828 1028 2885; x_wconf 86' lang='lat' dir='ltr'><strong>Sed</strong></span> <span class='ocrx_word' id='word_1_199' title='bbox 1060 2829 1205 2886; x_wconf 93' lang='lat' dir='ltr'><strong>unde</strong></span> <span class='ocrx_word' id='word_1_200' title='bbox 1256 2829 1489 2888; x_wconf 71' lang='lat' dir='ltr'><strong>Dallaaus</strong></span> <span class='ocrx_word' id='word_1_201' title='bbox 1521 2831 1750 2901; x_wconf 87' lang='lat' dir='ltr'><strong>ejusque</strong></span> <span class='ocrx_word' id='word_1_202' title='bbox 1781 2830 2035 2887; x_wconf 89' lang='lat' dir='ltr'><strong>defensor</strong></span> 
     </span>
    </p>
   </div>
   <div class='ocr_carea' id='block_1_29' title="bbox 454 2921 2035 2993">
    <p class='ocr_par' dir='ltr' id='par_1_29' title="bbox 454 2921 2035 2993">
     <span class='ocr_line' id='line_1_29' title="bbox 454 2921 2035 2993; baseline 0.002 -18"><span class='ocrx_word' id='word_1_203' title='bbox 454 2931 790 2991; x_wconf 83' lang='lat' dir='ltr'><strong>acceperunt</strong></span> <span class='ocrx_word' id='word_1_204' title='bbox 812 2929 1024 2978; x_wconf 78' lang='lat' dir='ltr'><strong>veteres</strong></span> <span class='ocrx_word' id='word_1_205' title='bbox 1053 2921 1179 2978; x_wconf 91' lang='lat' dir='ltr'><strong>illos</strong></span> <span class='ocrx_word' id='word_1_206' title='bbox 1200 2923 1498 2993; x_wconf 89' lang='lat' dir='ltr'><strong>scriptores</strong></span> <span class='ocrx_word' id='word_1_207' title='bbox 1515 2923 1894 2978; x_wconf 73' lang='lat' dir='ltr'><strong>haereticorum</strong></span> <span class='ocrx_word' id='word_1_208' title='bbox 1923 2923 2035 2978; x_wconf 69' lang='lat' dir='ltr'><strong>bte-</strong></span> 
     </span>
    </p>
   </div>
   <div class='ocr_carea' id='block_1_30' title="bbox 453 3015 2026 3088">
    <p class='ocr_par' dir='ltr' id='par_1_30' title="bbox 453 3015 2026 3088">
     <span class='ocr_line' id='line_1_30' title="bbox 453 3015 2026 3088; baseline 0.003 -19"><span class='ocrx_word' id='word_1_209' title='bbox 453 3029 782 3085; x_wconf 88' lang='lat' dir='ltr'><strong>rcseumque</strong></span> <span class='ocrx_word' id='word_1_210' title='bbox 819 3015 1066 3071; x_wconf 89' lang='lat' dir='ltr'><strong>omnium</strong></span> <span class='ocrx_word' id='word_1_211' title='bbox 1107 3016 1225 3072; x_wconf 90' lang='lat' dir='ltr'><strong>suis</strong></span> <span class='ocrx_word' id='word_1_212' title='bbox 1265 3017 1318 3071; x_wconf 93' lang='lat' dir='ltr'><strong>in</strong></span> <span class='ocrx_word' id='word_1_213' title='bbox 1347 3017 1614 3088; x_wconf 90' lang='lat' dir='ltr'><strong>catalogis</strong></span> <span class='ocrx_word' id='word_1_214' title='bbox 1648 3016 1846 3073; x_wconf 80' lang='lat' dir='ltr'><strong>fecisse</strong></span> <span class='ocrx_word' id='word_1_215' title='bbox 1875 3033 2026 3074; x_wconf 84' lang='lat' dir='ltr'><strong>men-</strong></span> 
     </span>
    </p>
   </div>
   <div class='ocr_carea' id='block_1_31' title="bbox 452 3107 2105 3206">
    <p class='ocr_par' dir='ltr' id='par_1_31' title="bbox 452 3107 2105 3206">
     <span class='ocr_line' id='line_1_31' title="bbox 452 3107 2105 3206; baseline 0.002 -44"><span class='ocrx_word' id='word_1_216' title='bbox 452 3108 691 3163; x_wconf 86' lang='lat' dir='ltr'><strong>tionem?</strong></span> <span class='ocrx_word' id='word_1_217' title='bbox 740 3107 875 3162; x_wconf 86' lang='lat' dir='ltr'><strong>Rem</strong></span> <span class='ocrx_word' id='word_1_218' title='bbox 922 3107 1081 3163; x_wconf 86' lang='lat' dir='ltr'><strong>aliter</strong></span> <span class='ocrx_word' id='word_1_219' title='bbox 1113 3122 1173 3164; x_wconf 91' lang='lat' dir='ltr'><strong>se</strong></span> <span class='ocrx_word' id='word_1_220' title='bbox 1202 3107 1405 3163; x_wconf 89' lang='lat' dir='ltr'><strong>habere</strong></span> <span class='ocrx_word' id='word_1_221' title='bbox 1448 3124 1518 3163; x_wconf 81' lang='lat' dir='ltr'><strong>ex</strong></span> <span class='ocrx_word' id='word_1_222' title='bbox 1551 3109 1790 3178; x_wconf 89' lang='lat' dir='ltr'><strong>ipsomet</strong></span> <span class='ocrx_word' id='word_1_223' title='bbox 1827 3107 2033 3166; x_wconf 74' lang='lat' dir='ltr'><strong>Dallzeo</strong></span> <span class='ocrx_word' id='word_1_224' title='bbox 2063 3147 2105 3206; x_wconf 62' lang='grc' dir='ltr'><strong><em>ε</em></strong></span> 
     </span>
    </p>
   </div>
   <div class='ocr_carea' id='block_1_32' title="bbox 452 3200 2035 3260">
    <p class='ocr_par' dir='ltr' id='par_1_32' title="bbox 452 3200 2035 3260">
     <span class='ocr_line' id='line_1_32' title="bbox 452 3200 2035 3260; baseline 0.001 -2"><span class='ocrx_word' id='word_1_225' title='bbox 452 3202 734 3258; x_wconf 84' lang='lat' dir='ltr'><strong>evidenter</strong></span> <span class='ocrx_word' id='word_1_226' title='bbox 783 3201 1212 3257; x_wconf 86' lang='lat' dir='ltr'><strong>demonstratur.</strong></span> <span class='ocrx_word' id='word_1_227' title='bbox 1285 3200 1584 3257; x_wconf 84' lang='lat' dir='ltr'><strong>Enimvero</strong></span> <span class='ocrx_word' id='word_1_228' title='bbox 1656 3201 2035 3260; x_wconf 85' lang='lat' dir='ltr'><strong>Thcodoretus</strong></span> 
     </span>
    </p>
   </div>
   <div class='ocr_carea' id='block_1_33' title="bbox 452 3290 2072 3363">
    <p class='ocr_par' dir='ltr' id='par_1_33' title="bbox 452 3290 2072 3363">
     <span class='ocr_line' id='line_1_33' title="bbox 452 3290 2072 3363; baseline 0.002 -15"><span class='ocrx_word' id='word_1_229' title='bbox 452 3293 570 3363; x_wconf 91' lang='lat' dir='ltr'><strong>qui,</strong></span> <span class='ocrx_word' id='word_1_230' title='bbox 596 3291 801 3348; x_wconf 88' lang='lat' dir='ltr'><strong>fatente</strong></span> <span class='ocrx_word' id='word_1_231' title='bbox 834 3290 1056 3359; x_wconf 68' lang='lat' dir='ltr'><strong>Dallaeo,</strong></span> <span class='ocrx_word' id='word_1_232' title='bbox 1083 3291 1184 3347; x_wconf 91' lang='lat' dir='ltr'><strong>has</strong></span> <span class='ocrx_word' id='word_1_233' title='bbox 1207 3290 1468 3362; x_wconf 87' lang='lat' dir='ltr'><strong>epistolas</strong></span> <span class='ocrx_word' id='word_1_234' title='bbox 1497 3294 1565 3347; x_wconf 90' lang='lat' dir='ltr'><strong>ab</strong></span> <span class='ocrx_word' id='word_1_235' title='bbox 1604 3291 1814 3362; x_wconf 91' lang='lat' dir='ltr'><strong>lgnatio</strong></span> <span class='ocrx_word' id='word_1_236' title='bbox 1844 3304 2036 3352; x_wconf 89' lang='lat' dir='ltr'><strong>nostro</strong></span> <span class='ocrx_word' id='word_1_237' title='bbox 2065 3333 2072 3342; x_wconf 69' lang='grc' dir='ltr'><strong><em>ο</em></strong></span> 
     </span>
    </p>
   </div>
   <div class='ocr_carea' id='block_1_34' title="bbox 456 3382 2034 3455">
    <p class='ocr_par' dir='ltr' id='par_1_34' title="bbox 456 3382 2034 3455">
     <span class='ocr_line' id='line_1_34' title="bbox 456 3382 2034 3455; baseline 0.001 -15"><span class='ocrx_word' id='word_1_238' title='bbox 456 3385 694 3455; x_wconf 90' lang='lat' dir='ltr'><strong>scriptas</strong></span> <span class='ocrx_word' id='word_1_239' title='bbox 741 3382 916 3439; x_wconf 86' lang='lat' dir='ltr'><strong>fuisse</strong></span> <span class='ocrx_word' id='word_1_240' title='bbox 970 3383 1207 3454; x_wconf 86' lang='lat' dir='ltr'><strong>putavit,</strong></span> <span class='ocrx_word' id='word_1_241' title='bbox 1240 3383 1446 3453; x_wconf 85' lang='lat' dir='ltr'><strong>quique</strong></span> <span class='ocrx_word' id='word_1_242' title='bbox 1474 3399 1539 3439; x_wconf 91' lang='lat' dir='ltr'><strong>ea</strong></span> <span class='ocrx_word' id='word_1_243' title='bbox 1573 3400 1696 3455; x_wconf 60' lang='lat' dir='ltr'><strong>quae</strong></span> <span class='ocrx_word' id='word_1_244' title='bbox 1735 3385 1878 3441; x_wconf 87' lang='lat' dir='ltr'><strong>idem</strong></span> <span class='ocrx_word' id='word_1_245' title='bbox 1903 3385 2034 3442; x_wconf 84' lang='lat' dir='ltr'><strong>Dal-</strong></span> 
     </span>
    </p>
   </div>
   <div class='ocr_carea' id='block_1_35' title="bbox 453 3473 2032 3549">
    <p class='ocr_par' dir='ltr' id='par_1_35' title="bbox 453 3473 2032 3549">
     <span class='ocr_line' id='line_1_35' title="bbox 453 3473 2032 3549; baseline 0.001 -18"><span class='ocrx_word' id='word_1_246' title='bbox 453 3477 589 3532; x_wconf 69' lang='lat' dir='ltr'><strong>laetis</strong></span> <span class='ocrx_word' id='word_1_247' title='bbox 622 3475 814 3547; x_wconf 90' lang='lat' dir='ltr'><strong>objicit</strong></span> <span class='ocrx_word' id='word_1_248' title='bbox 844 3475 1032 3541; x_wconf 86' lang='lat' dir='ltr'><strong>verba,</strong></span> <span class='ocrx_word' id='word_1_249' title='bbox 1068 3483 1130 3530; x_wconf 92' lang='lat' dir='ltr'><strong>ut</strong></span> <span class='ocrx_word' id='word_1_250' title='bbox 1171 3490 1299 3530; x_wconf 89' lang='lat' dir='ltr'><strong>vere</strong></span> <span class='ocrx_word' id='word_1_251' title='bbox 1331 3473 1614 3548; x_wconf 85' lang='lat' dir='ltr'><strong>lguatiana</strong></span> <span class='ocrx_word' id='word_1_252' title='bbox 1653 3478 2032 3549; x_wconf 91' lang='lat' dir='ltr'><strong>trauscripsit,</strong></span> 
     </span>
    </p>
   </div>
   <div class='ocr_carea' id='block_1_36' title="bbox 454 3568 2034 3639">
    <p class='ocr_par' dir='ltr' id='par_1_36' title="bbox 454 3568 2034 3639">
     <span class='ocr_line' id='line_1_36' title="bbox 454 3568 2034 3639; baseline 0.001 -15"><span class='ocrx_word' id='word_1_253' title='bbox 454 3570 511 3626; x_wconf 89' lang='lat' dir='ltr'><strong>in</strong></span> <span class='ocrx_word' id='word_1_254' title='bbox 546 3568 664 3625; x_wconf 90' lang='lat' dir='ltr'><strong>suis</strong></span> <span class='ocrx_word' id='word_1_255' title='bbox 695 3568 1078 3624; x_wconf 72' lang='lat' dir='ltr'><strong>haereticorum</strong></span> <span class='ocrx_word' id='word_1_256' title='bbox 1118 3569 1386 3639; x_wconf 85' lang='lat' dir='ltr'><strong>catalogis</strong></span> <span class='ocrx_word' id='word_1_257' title='bbox 1411 3609 1426 3634; x_wconf 91' lang='lat'><strong>,</strong></span> <span class='ocrx_word' id='word_1_258' title='bbox 1462 3571 1590 3624; x_wconf 88' lang='lat' dir='ltr'><strong>licet</strong></span> <span class='ocrx_word' id='word_1_259' title='bbox 1631 3585 1847 3627; x_wconf 86' lang='lat' dir='ltr'><strong>summa</strong></span> <span class='ocrx_word' id='word_1_260' title='bbox 1901 3586 2034 3626; x_wconf 87' lang='lat' dir='ltr'><strong>cura</strong></span> 
     </span>
    </p>
   </div>
   <div class='ocr_carea' id='block_1_37' title="bbox 453 3658 2036 3734">
    <p class='ocr_par' dir='ltr' id='par_1_37' title="bbox 453 3658 2036 3734">
     <span class='ocr_line' id='line_1_37' title="bbox 453 3658 2036 3734; baseline 0.001 -18"><span class='ocrx_word' id='word_1_261' title='bbox 453 3661 636 3727; x_wconf 87' lang='lat' dir='ltr'><strong>editis,</strong></span> <span class='ocrx_word' id='word_1_262' title='bbox 671 3659 898 3728; x_wconf 86' lang='lat' dir='ltr'><strong>uullibi,</strong></span> <span class='ocrx_word' id='word_1_263' title='bbox 931 3669 989 3715; x_wconf 96' lang='lat' dir='ltr'><strong>ut</strong></span> <span class='ocrx_word' id='word_1_264' title='bbox 1030 3661 1312 3716; x_wconf 91' lang='lat' dir='ltr'><strong>contendit</strong></span> <span class='ocrx_word' id='word_1_265' title='bbox 1351 3658 1614 3729; x_wconf 71' lang='lat' dir='ltr'><strong>Dallaeus,</strong></span> <span class='ocrx_word' id='word_1_266' title='bbox 1653 3677 1845 3718; x_wconf 89' lang='lat' dir='ltr'><strong>eorum</strong></span> <span class='ocrx_word' id='word_1_267' title='bbox 1894 3678 2036 3734; x_wconf 88' lang='lat' dir='ltr'><strong>quos</strong></span> 
     </span>
    </p>
   </div>
   <div class='ocr_carea' id='block_1_38' title="bbox 452 3752 2034 3823">
    <p class='ocr_par' dir='ltr' id='par_1_38' title="bbox 452 3752 2034 3823">
     <span class='ocr_line' id='line_1_38' title="bbox 452 3752 2034 3823; baseline 0.002 -15"><span class='ocrx_word' id='word_1_268' title='bbox 452 3753 698 3823; x_wconf 82' lang='lat' dir='ltr'><strong>lgnatius</strong></span> <span class='ocrx_word' id='word_1_269' title='bbox 768 3752 1105 3810; x_wconf 89' lang='lat' dir='ltr'><strong>eucharistia</strong></span> <span class='ocrx_word' id='word_1_270' title='bbox 1173 3753 1510 3809; x_wconf 89' lang='lat' dir='ltr'><strong>abstinuisse</strong></span> <span class='ocrx_word' id='word_1_271' title='bbox 1570 3764 1881 3822; x_wconf 88' lang='lat' dir='ltr'><strong>asseverat,</strong></span> <span class='ocrx_word' id='word_1_272' title='bbox 1918 3771 2034 3811; x_wconf 88' lang='lat' dir='ltr'><strong>me-</strong></span> 
     </span>
    </p>
   </div>
   <div class='ocr_carea' id='block_1_39' title="bbox 455 3843 2035 3919">
    <p class='ocr_par' dir='ltr' id='par_1_39' title="bbox 455 3843 2035 3919">
     <span class='ocr_line' id='line_1_39' title="bbox 455 3843 2035 3919; baseline 0.004 -19"><span class='ocrx_word' id='word_1_273' title='bbox 455 3845 688 3900; x_wconf 87' lang='lat' dir='ltr'><strong>minisse</strong></span> <span class='ocrx_word' id='word_1_274' title='bbox 720 3844 939 3914; x_wconf 77' lang='lat' dir='ltr'><strong>legitur.</strong></span> <span class='ocrx_word' id='word_1_275' title='bbox 975 3844 1123 3900; x_wconf 84' lang='lat' dir='ltr'><strong>idem</strong></span> <span class='ocrx_word' id='word_1_276' title='bbox 1151 3843 1219 3899; x_wconf 89' lang='lat' dir='ltr'><strong>de</strong></span> <span class='ocrx_word' id='word_1_277' title='bbox 1259 3843 1502 3900; x_wconf 86' lang='lat' dir='ltr'><strong>Eusebio</strong></span> <span class='ocrx_word' id='word_1_278' title='bbox 1540 3846 1804 3919; x_wconf 90' lang='lat' dir='ltr'><strong>aliisque,</strong></span> <span class='ocrx_word' id='word_1_279' title='bbox 1841 3848 1934 3918; x_wconf 91' lang='lat' dir='ltr'><strong>qui</strong></span> <span class='ocrx_word' id='word_1_280' title='bbox 1967 3850 2035 3906; x_wconf 89' lang='lat' dir='ltr'><strong>de</strong></span> 
     </span>
    </p>
   </div>
   <div class='ocr_carea' id='block_1_40' title="bbox 455 3935 2023 4010">
    <p class='ocr_par' dir='ltr' id='par_1_40' title="bbox 455 3935 2023 4010">
     <span class='ocr_line' id='line_1_40' title="bbox 455 3935 2023 4010; baseline 0.003 -20"><span class='ocrx_word' id='word_1_281' title='bbox 455 3935 757 3990; x_wconf 72' lang='lat' dir='ltr'><strong>haeresihus</strong></span> <span class='ocrx_word' id='word_1_282' title='bbox 806 3935 1076 4004; x_wconf 90' lang='lat' dir='ltr'><strong>scripsere</strong></span> <span class='ocrx_word' id='word_1_283' title='bbox 1097 3975 1113 4001; x_wconf 92' lang='lat'><strong>,</strong></span> <span class='ocrx_word' id='word_1_284' title='bbox 1149 3935 1359 4006; x_wconf 86' lang='lat' dir='ltr'><strong>hasque</strong></span> <span class='ocrx_word' id='word_1_285' title='bbox 1394 3935 1602 4006; x_wconf 89' lang='lat' dir='ltr'><strong>lgnatio</strong></span> <span class='ocrx_word' id='word_1_286' title='bbox 1636 3948 1826 3994; x_wconf 89' lang='lat' dir='ltr'><strong>nostro</strong></span> <span class='ocrx_word' id='word_1_287' title='bbox 1859 3939 2023 4010; x_wconf 84' lang='lat' dir='ltr'><strong>adju-</strong></span> 
     </span>
    </p>
   </div>
   <div class='ocr_carea' id='block_1_41' title="bbox 455 4027 2035 4100">
    <p class='ocr_par' dir='ltr' id='par_1_41' title="bbox 455 4027 2035 4100">
     <span class='ocr_line' id='line_1_41' title="bbox 455 4027 2035 4100; baseline 0.004 -17"><span class='ocrx_word' id='word_1_288' title='bbox 455 4028 716 4083; x_wconf 91' lang='lat' dir='ltr'><strong>dicarunt</strong></span> <span class='ocrx_word' id='word_1_289' title='bbox 756 4027 1045 4100; x_wconf 88' lang='lat' dir='ltr'><strong>epistolas,</strong></span> <span class='ocrx_word' id='word_1_290' title='bbox 1093 4027 1288 4085; x_wconf 87' lang='lat' dir='ltr'><strong>conﬁci</strong></span> <span class='ocrx_word' id='word_1_291' title='bbox 1331 4039 1510 4099; x_wconf 88' lang='lat' dir='ltr'><strong>potest</strong></span> <span class='ocrx_word' id='word_1_292' title='bbox 1542 4030 1806 4087; x_wconf 90' lang='lat' dir='ltr'><strong>invictum</strong></span> <span class='ocrx_word' id='word_1_293' title='bbox 1840 4043 2035 4090; x_wconf 87' lang='lat' dir='ltr'><strong>contra</strong></span> 
     </span>
    </p>
   </div>
   <div class='ocr_carea' id='block_1_42' title="bbox 455 4122 2076 4196">
    <p class='ocr_par' dir='ltr' id='par_1_42' title="bbox 455 4122 2076 4196">
     <span class='ocr_line' id='line_1_42' title="bbox 455 4122 2076 4196; baseline 0.001 -17"><span class='ocrx_word' id='word_1_294' title='bbox 455 4122 768 4181; x_wconf 69' lang='lat' dir='ltr'><strong>Dallreanos</strong></span> <span class='ocrx_word' id='word_1_295' title='bbox 806 4133 1216 4196; x_wconf 75' lang='lat' dir='ltr'><strong>argumentum.</strong></span> <span class='ocrx_word' id='word_1_296' title='bbox 1274 4122 1464 4196; x_wconf 85' lang='lat' dir='ltr'><strong>Neque</strong></span> <span class='ocrx_word' id='word_1_297' title='bbox 1505 4140 1672 4195; x_wconf 89' lang='lat' dir='ltr'><strong>porro</strong></span> <span class='ocrx_word' id='word_1_298' title='bbox 1705 4126 1756 4182; x_wconf 92' lang='lat' dir='ltr'><strong>id</strong></span> <span class='ocrx_word' id='word_1_299' title='bbox 1799 4127 1898 4183; x_wconf 90' lang='lat' dir='ltr'><strong>ulli</strong></span> <span class='ocrx_word' id='word_1_300' title='bbox 1931 4126 2037 4182; x_wconf 80' lang='lat' dir='ltr'><strong>mi—</strong></span> <span class='ocrx_word' id='word_1_301' title='bbox 2071 4143 2076 4148; x_wconf 91' lang='grc'><strong>·</strong></span> 
     </span>
    </p>
   </div>
   <div class='ocr_carea' id='block_1_43' title="bbox 455 4217 2034 4289">
    <p class='ocr_par' dir='ltr' id='par_1_43' title="bbox 455 4217 2034 4289">
     <span class='ocr_line' id='line_1_43' title="bbox 455 4217 2034 4289; baseline 0.001 -17"><span class='ocrx_word' id='word_1_302' title='bbox 455 4233 581 4272; x_wconf 91' lang='lat' dir='ltr'><strong>rum</strong></span> <span class='ocrx_word' id='word_1_303' title='bbox 614 4232 738 4274; x_wconf 91' lang='lat' dir='ltr'><strong>esse</strong></span> <span class='ocrx_word' id='word_1_304' title='bbox 764 4217 944 4284; x_wconf 88' lang='lat' dir='ltr'><strong>debet,</strong></span> <span class='ocrx_word' id='word_1_305' title='bbox 980 4233 1107 4274; x_wconf 90' lang='lat' dir='ltr'><strong>cum</strong></span> <span class='ocrx_word' id='word_1_306' title='bbox 1141 4217 1178 4274; x_wconf 93' lang='lat' dir='ltr'><strong>ii</strong></span> <span class='ocrx_word' id='word_1_307' title='bbox 1211 4217 1279 4274; x_wconf 90' lang='lat' dir='ltr'><strong>de</strong></span> <span class='ocrx_word' id='word_1_308' title='bbox 1306 4218 1584 4289; x_wconf 69' lang='lat' dir='ltr'><strong>praecipuo</strong></span> <span class='ocrx_word' id='word_1_309' title='bbox 1615 4217 1996 4275; x_wconf 75' lang='lat' dir='ltr'><strong>hzereticorum</strong></span> <span class='ocrx_word' id='word_1_310' title='bbox 2018 4261 2034 4287; x_wconf 94' lang='lat'><strong>,</strong></span> 
     </span>
    </p>
   </div>
   <div class='ocr_carea' id='block_1_44' title="bbox 453 4308 2036 4381">
    <p class='ocr_par' dir='ltr' id='par_1_44' title="bbox 453 4308 2036 4381">
     <span class='ocr_line' id='line_1_44' title="bbox 453 4308 2036 4381; baseline 0.001 -15"><span class='ocrx_word' id='word_1_311' title='bbox 453 4310 528 4366; x_wconf 87' lang='lat' dir='ltr'><strong>ab</strong></span> <span class='ocrx_word' id='word_1_312' title='bbox 560 4309 767 4381; x_wconf 87' lang='lat' dir='ltr'><strong>lgnatio</strong></span> <span class='ocrx_word' id='word_1_313' title='bbox 800 4308 1206 4366; x_wconf 91' lang='lat' dir='ltr'><strong>confutatorum</strong></span> <span class='ocrx_word' id='word_1_314' title='bbox 1240 4325 1448 4378; x_wconf 90' lang='lat' dir='ltr'><strong>errore,</strong></span> <span class='ocrx_word' id='word_1_315' title='bbox 1481 4326 1594 4381; x_wconf 88' lang='lat' dir='ltr'><strong>quo</strong></span> <span class='ocrx_word' id='word_1_316' title='bbox 1629 4311 1911 4368; x_wconf 89' lang='lat' dir='ltr'><strong>Christum</strong></span> <span class='ocrx_word' id='word_1_317' title='bbox 1943 4327 2036 4368; x_wconf 86' lang='lat' dir='ltr'><strong>ve-</strong></span> 
     </span>
    </p>
   </div>
   <div class='ocr_carea' id='block_1_45' title="bbox 456 4401 2037 4474">
    <p class='ocr_par' dir='ltr' id='par_1_45' title="bbox 456 4401 2037 4474">
     <span class='ocr_line' id='line_1_45' title="bbox 456 4401 2037 4474; baseline 0.001 -17"><span class='ocrx_word' id='word_1_318' title='bbox 456 4417 574 4458; x_wconf 87' lang='lat' dir='ltr'><strong>ram</strong></span> <span class='ocrx_word' id='word_1_319' title='bbox 610 4415 830 4456; x_wconf 91' lang='lat' dir='ltr'><strong>carnem</strong></span> <span class='ocrx_word' id='word_1_320' title='bbox 884 4401 1188 4467; x_wconf 86' lang='lat' dir='ltr'><strong>sumpsisse</strong></span> <span class='ocrx_word' id='word_1_321' title='bbox 1234 4402 1526 4472; x_wconf 80' lang='lat' dir='ltr'><strong>negabant,</strong></span> <span class='ocrx_word' id='word_1_322' title='bbox 1563 4403 1781 4474; x_wconf 89' lang='lat' dir='ltr'><strong>scriptis</strong></span> <span class='ocrx_word' id='word_1_323' title='bbox 1829 4402 2037 4474; x_wconf 89' lang='lat' dir='ltr'><strong>aliquid</strong></span> 
     </span>
    </p>
   </div>
   <div class='ocr_carea' id='block_1_46' title="bbox 457 4491 2118 4581">
    <p class='ocr_par' dir='ltr' id='par_1_46' title="bbox 457 4491 2118 4581">
     <span class='ocr_line' id='line_1_46' title="bbox 457 4491 2118 4581; baseline 0.004 -33"><span class='ocrx_word' id='word_1_324' title='bbox 457 4492 674 4548; x_wconf 88' lang='lat' dir='ltr'><strong>tradere</strong></span> <span class='ocrx_word' id='word_1_325' title='bbox 705 4493 944 4547; x_wconf 88' lang='lat' dir='ltr'><strong>contenti</strong></span> <span class='ocrx_word' id='word_1_326' title='bbox 979 4491 1217 4559; x_wconf 80' lang='lat' dir='ltr'><strong>fuerint,</strong></span> <span class='ocrx_word' id='word_1_327' title='bbox 1244 4507 1345 4547; x_wconf 90' lang='lat' dir='ltr'><strong>nec</strong></span> <span class='ocrx_word' id='word_1_328' title='bbox 1367 4493 1434 4549; x_wconf 91' lang='lat' dir='ltr'><strong>de</strong></span> <span class='ocrx_word' id='word_1_329' title='bbox 1464 4494 1571 4551; x_wconf 91' lang='lat' dir='ltr'><strong>alio</strong></span> <span class='ocrx_word' id='word_1_330' title='bbox 1603 4495 1698 4564; x_wconf 90' lang='lat' dir='ltr'><strong>qui</strong></span> <span class='ocrx_word' id='word_1_331' title='bbox 1732 4495 1859 4550; x_wconf 90' lang='lat' dir='ltr'><strong>inde</strong></span> <span class='ocrx_word' id='word_1_332' title='bbox 1889 4496 2034 4555; x_wconf 85' lang='lat' dir='ltr'><strong>circa</strong></span> <span class='ocrx_word' id='word_1_333' title='bbox 2065 4517 2118 4581; x_wconf 74' lang='grc' dir='ltr'><strong>υ</strong></span> 
     </span>
    </p>
   </div>
   <div class='ocr_carea' id='block_1_47' title="bbox 455 4581 2036 4655">
    <p class='ocr_par' dir='ltr' id='par_1_47' title="bbox 455 4581 2036 4655">
     <span class='ocr_line' id='line_1_47' title="bbox 455 4581 2036 4655; baseline 0.002 -17"><span class='ocrx_word' id='word_1_334' title='bbox 455 4581 848 4638; x_wconf 89' lang='lat' dir='ltr'><strong>eucharistiam</strong></span> <span class='ocrx_word' id='word_1_335' title='bbox 899 4583 1214 4638; x_wconf 83' lang='lat' dir='ltr'><strong>necessaria</strong></span> <span class='ocrx_word' id='word_1_336' title='bbox 1273 4585 1661 4642; x_wconf 87' lang='lat' dir='ltr'><strong>consecutione</strong></span> <span class='ocrx_word' id='word_1_337' title='bbox 1735 4585 2036 4655; x_wconf 86' lang='lat' dir='ltr'><strong>oriebatur,</strong></span> 
     </span>
    </p>
   </div>
   <div class='ocr_carea' id='block_1_48' title="bbox 456 4676 2036 4747">
    <p class='ocr_par' dir='ltr' id='par_1_48' title="bbox 456 4676 2036 4747">
     <span class='ocr_line' id='line_1_48' title="bbox 456 4676 2036 4747; baseline 0.006 -18"><span class='ocrx_word' id='word_1_338' title='bbox 456 4677 616 4747; x_wconf 89' lang='lat' dir='ltr'><strong>plura</strong></span> <span class='ocrx_word' id='word_1_339' title='bbox 659 4676 901 4732; x_wconf 88' lang='lat' dir='ltr'><strong>scribere</strong></span> <span class='ocrx_word' id='word_1_340' title='bbox 950 4679 1262 4747; x_wconf 88' lang='lat' dir='ltr'><strong>putaverint</strong></span> <span class='ocrx_word' id='word_1_341' title='bbox 1312 4693 1435 4735; x_wconf 90' lang='lat' dir='ltr'><strong>esse</strong></span> <span class='ocrx_word' id='word_1_342' title='bbox 1469 4680 1864 4738; x_wconf 87' lang='lat' dir='ltr'><strong>necessarium.</strong></span> <span class='ocrx_word' id='word_1_343' title='bbox 1915 4680 2036 4738; x_wconf 83' lang='lat' dir='ltr'><strong>Non</strong></span> 
     </span>
    </p>
   </div>
   <div class='ocr_carea' id='block_1_49' title="bbox 455 4769 2034 4841">
    <p class='ocr_par' dir='ltr' id='par_1_49' title="bbox 455 4769 2034 4841">
     <span class='ocr_line' id='line_1_49' title="bbox 455 4769 2034 4841; baseline 0.003 -16"><span class='ocrx_word' id='word_1_344' title='bbox 455 4769 604 4825; x_wconf 89' lang='lat' dir='ltr'><strong>enim</strong></span> <span class='ocrx_word' id='word_1_345' title='bbox 653 4783 843 4825; x_wconf 83' lang='lat' dir='ltr'><strong>omnes</strong></span> <span class='ocrx_word' id='word_1_346' title='bbox 879 4769 1198 4841; x_wconf 88' lang='lat' dir='ltr'><strong>singillatim</strong></span> <span class='ocrx_word' id='word_1_347' title='bbox 1236 4772 1610 4841; x_wconf 91' lang='lat' dir='ltr'><strong>quorumlibet</strong></span> <span class='ocrx_word' id='word_1_348' title='bbox 1647 4772 2034 4830; x_wconf 79' lang='lat' dir='ltr'><strong>haereticorum</strong></span> 
     </span>
    </p>
   </div>
   <div class='ocr_carea' id='block_1_50' title="bbox 456 4863 2030 4940">
    <p class='ocr_par' dir='ltr' id='par_1_50' title="bbox 456 4863 2030 4940">
     <span class='ocr_line' id='line_1_50' title="bbox 456 4863 2030 4940; baseline 0.005 -25"><span class='ocrx_word' id='word_1_349' title='bbox 456 4875 675 4916; x_wconf 86' lang='lat' dir='ltr'><strong>errores</strong></span> <span class='ocrx_word' id='word_1_350' title='bbox 689 4863 1050 4918; x_wconf 90' lang='lat' dir='ltr'><strong>enumerandi</strong></span> <span class='ocrx_word' id='word_1_351' title='bbox 1069 4877 1260 4918; x_wconf 91' lang='lat' dir='ltr'><strong>curam</strong></span> <span class='ocrx_word' id='word_1_352' title='bbox 1280 4863 1350 4919; x_wconf 92' lang='lat' dir='ltr'><strong>ab</strong></span> <span class='ocrx_word' id='word_1_353' title='bbox 1380 4863 1488 4920; x_wconf 90' lang='lat' dir='ltr'><strong>illis</strong></span> <span class='ocrx_word' id='word_1_354' title='bbox 1521 4863 1694 4922; x_wconf 90' lang='lat' dir='ltr'><strong>fuisse</strong></span> <span class='ocrx_word' id='word_1_355' title='bbox 1718 4875 2030 4940; x_wconf 82' lang='lat' dir='ltr'><strong>susceptam</strong></span> 
     </span>
    </p>
   </div>
   <div class='ocr_carea' id='block_1_51' title="bbox 456 4953 1224 5025">
    <p class='ocr_par' dir='ltr' id='par_1_51' title="bbox 456 4953 1224 5025">
     <span class='ocr_line' id='line_1_51' title="bbox 456 4953 1224 5025; baseline 0.001 -16"><span class='ocrx_word' id='word_1_356' title='bbox 456 4954 595 5009; x_wconf 88' lang='lat' dir='ltr'><strong>nulli</strong></span> <span class='ocrx_word' id='word_1_357' title='bbox 632 4953 860 5016; x_wconf 90' lang='lat' dir='ltr'><strong>dubium</strong></span> <span class='ocrx_word' id='word_1_358' title='bbox 883 4969 1004 5010; x_wconf 91' lang='lat' dir='ltr'><strong>esse</strong></span> <span class='ocrx_word' id='word_1_359' title='bbox 1025 4963 1224 5025; x_wconf 91' lang='lat' dir='ltr'><strong>potest.</strong></span> 
     </span>
    </p>
   </div>
   <div class='ocr_carea' id='block_1_52' title="bbox 525 5043 2038 5119">
    <p class='ocr_par' dir='ltr' id='par_1_52' title="bbox 525 5043 2038 5119">
     <span class='ocr_line' id='line_1_52' title="bbox 525 5043 2038 5119; baseline 0.005 -21"><span class='ocrx_word' id='word_1_360' title='bbox 525 5043 619 5100; x_wconf 73' lang='grc' dir='ltr'><strong>Ν.</strong></span> <span class='ocrx_word' id='word_1_361' title='bbox 657 5043 1094 5119; x_wconf 61' lang='lat' dir='ltr'><strong>Nequejalsum</strong></span> <span class='ocrx_word' id='word_1_362' title='bbox 1135 5046 1242 5100; x_wconf 86' lang='lat' dir='ltr'><strong>dici</strong></span> <span class='ocrx_word' id='word_1_363' title='bbox 1267 5063 1438 5116; x_wconf 83' lang='lat' dir='ltr'><strong>posse,</strong></span> <span class='ocrx_word' id='word_1_364' title='bbox 1483 5049 1629 5119; x_wconf 84' lang='lat' dir='ltr'><strong>quod</strong></span> <span class='ocrx_word' id='word_1_365' title='bbox 1671 5050 1944 5117; x_wconf 79' lang='lat' dir='ltr'><strong>scribitur,</strong></span> <span class='ocrx_word' id='word_1_366' title='bbox 1982 5052 2038 5106; x_wconf 88' lang='lat' dir='ltr'><strong>in</strong></span> 
     </span>
    </p>
   </div>
   <div class='ocr_carea' id='block_1_53' title="bbox 525 5115 2038 5239">
    <p class='ocr_par' dir='ltr' id='par_1_53' title="bbox 525 5115 2038 5239">
     <span class='ocr_line' id='line_1_53' title="bbox 525 5115 2038 5239; baseline 0.005 -70"><span class='ocrx_word' id='word_1_367' title='bbox 525 5125 788 5239; x_wconf 48' lang='lat' dir='ltr'><strong>pobtestate</strong></span> <span class='ocrx_word' id='word_1_368' title='bbox 837 5115 1199 5175; x_wconf 82' lang='lat' dir='ltr'><strong>Romanorum</strong></span> <span class='ocrx_word' id='word_1_369' title='bbox 1249 5115 1414 5187; x_wconf 74' lang='lat' dir='ltr'><strong>fuisse</strong></span> <span class='ocrx_word' id='word_1_370' title='bbox 1467 5115 1743 5190; x_wconf 59' lang='lat' dir='ltr'><strong>Ignotium</strong></span> <span class='ocrx_word' id='word_1_371' title='bbox 1795 5139 1828 5176; x_wconf 92' lang='lat' dir='ltr'><strong>a</strong></span> <span class='ocrx_word' id='word_1_372' title='bbox 1872 5115 2038 5177; x_wconf 85' lang='lat' dir='ltr'><strong>morte</strong></span> 
     </span>
     <span class='ocr_line' id='line_1_54' title="bbox 560 5201 781 5239; baseline 0 0"><span class='ocrx_word' id='word_1_373' title='bbox 560 5203 575 5239; x_wconf 83' lang='grc' dir='ltr'><strong><em>ι</em></strong></span> <span class='ocrx_word' id='word_1_374' title='bbox 611 5201 781 5239; x_wconf 86' lang='lat' dir='ltr'><strong>erare.</strong></span> 
     </span>
    </p>
   </div>
   <div class='ocr_carea' id='block_1_54' title="bbox 560 5201 781 5240">
    <p class='ocr_par' dir='ltr' id='par_1_54' title="bbox 560 5201 781 5240">
     <span class='ocr_line' id='line_1_55' title="bbox 560 5201 781 5240; baseline 0.005 -1"><span class='ocrx_word' id='word_1_375' title='bbox 560 5201 781 5240; x_wconf 86' lang='lat' dir='ltr'><strong>werare.</strong></span> 
     </span>
    </p>
   </div>
   <div class='ocr_carea' id='block_1_55' title="bbox 529 5276 2035 5352">
    <p class='ocr_par' dir='ltr' id='par_1_55' title="bbox 529 5276 2035 5352">
     <span class='ocr_line' id='line_1_56' title="bbox 529 5276 2035 5352; baseline 0.005 -20"><span class='ocrx_word' id='word_1_376' title='bbox 529 5276 670 5345; x_wconf 86' lang='lat' dir='ltr'><strong>Quia</strong></span> <span class='ocrx_word' id='word_1_377' title='bbox 699 5276 942 5349; x_wconf 84' lang='lat' dir='ltr'><strong>lgnatius</strong></span> <span class='ocrx_word' id='word_1_378' title='bbox 977 5279 1278 5350; x_wconf 83' lang='lat' dir='ltr'><strong>Romanos,</strong></span> <span class='ocrx_word' id='word_1_379' title='bbox 1297 5298 1364 5338; x_wconf 91' lang='lat' dir='ltr'><strong>ne</strong></span> <span class='ocrx_word' id='word_1_380' title='bbox 1387 5283 1551 5339; x_wconf 91' lang='lat' dir='ltr'><strong>morti</strong></span> <span class='ocrx_word' id='word_1_381' title='bbox 1585 5283 1862 5350; x_wconf 80' lang='lat' dir='ltr'><strong>obsistant</strong></span> <span class='ocrx_word' id='word_1_382' title='bbox 1887 5299 2000 5340; x_wconf 82' lang='lat' dir='ltr'><strong>suae</strong></span> <span class='ocrx_word' id='word_1_383' title='bbox 2019 5325 2035 5352; x_wconf 91' lang='lat'><strong>,</strong></span> 
     </span>
    </p>
   </div>
   <div class='ocr_carea' id='block_1_56' title="bbox 457 5370 2038 5446">
    <p class='ocr_par' dir='ltr' id='par_1_56' title="bbox 457 5370 2038 5446">
     <span class='ocr_line' id='line_1_57' title="bbox 457 5370 2038 5446; baseline 0.004 -21"><span class='ocrx_word' id='word_1_384' title='bbox 457 5370 767 5428; x_wconf 88' lang='lat' dir='ltr'><strong>obtestatus</strong></span> <span class='ocrx_word' id='word_1_385' title='bbox 797 5389 812 5426; x_wconf 87' lang='lat'><strong>:</strong></span> <span class='ocrx_word' id='word_1_386' title='bbox 849 5390 868 5425; x_wconf 75' lang='grc' dir='ltr'>ι</span> <span class='ocrx_word' id='word_1_387' title='bbox 901 5372 1090 5441; x_wconf 85' lang='lat' dir='ltr'><strong>Vobis,</strong></span> <span class='ocrx_word' id='word_1_388' title='bbox 1125 5375 1223 5443; x_wconf 88' lang='lat' dir='ltr'><strong>ait,</strong></span> <span class='ocrx_word' id='word_1_389' title='bbox 1260 5373 1419 5430; x_wconf 83' lang='lat' dir='ltr'><strong>facile</strong></span> <span class='ocrx_word' id='word_1_390' title='bbox 1457 5384 1542 5431; x_wconf 91' lang='lat' dir='ltr'><strong>est</strong></span> <span class='ocrx_word' id='word_1_391' title='bbox 1571 5377 1719 5446; x_wconf 89' lang='lat' dir='ltr'><strong>quod</strong></span> <span class='ocrx_word' id='word_1_392' title='bbox 1764 5377 1931 5432; x_wconf 86' lang='lat' dir='ltr'><strong>vultis</strong></span> <span class='ocrx_word' id='word_1_393' title='bbox 1956 5375 2038 5431; x_wconf 85' lang='lat' dir='ltr'><strong>fa-</strong></span> 
     </span>
    </p>
   </div>
   <div class='ocr_carea' id='block_1_57' title="bbox 457 5462 2033 5539">
    <p class='ocr_par' dir='ltr' id='par_1_57' title="bbox 457 5462 2033 5539">
     <span class='ocr_line' id='line_1_58' title="bbox 457 5462 2033 5539; baseline 0.003 -22"><span class='ocrx_word' id='word_1_394' title='bbox 457 5477 650 5520; x_wconf 89' lang='lat' dir='ltr'><strong>cere...</strong></span> <span class='ocrx_word' id='word_1_395' title='bbox 685 5462 889 5522; x_wconf 81' lang='lat' dir='ltr'><strong>Volens</strong></span> <span class='ocrx_word' id='word_1_396' title='bbox 917 5481 1016 5536; x_wconf 90' lang='lat' dir='ltr'><strong>pro</strong></span> <span class='ocrx_word' id='word_1_397' title='bbox 1028 5466 1140 5523; x_wconf 89' lang='lat' dir='ltr'><strong>Deo</strong></span> <span class='ocrx_word' id='word_1_398' title='bbox 1156 5468 1381 5536; x_wconf 90' lang='lat' dir='ltr'><strong>moriar,</strong></span> <span class='ocrx_word' id='word_1_399' title='bbox 1407 5468 1454 5524; x_wconf 87' lang='lat' dir='ltr'><strong>si</strong></span> <span class='ocrx_word' id='word_1_400' title='bbox 1477 5484 1584 5524; x_wconf 92' lang='lat' dir='ltr'><strong>non</strong></span> <span class='ocrx_word' id='word_1_401' title='bbox 1617 5468 1983 5539; x_wconf 89' lang='lat' dir='ltr'><strong>prohibeatis;</strong></span> <span class='ocrx_word' id='word_1_402' title='bbox 2013 5488 2033 5521; x_wconf 72' lang='grc' dir='ltr'>ι</span> 
     </span>
    </p>
   </div>
   <div class='ocr_carea' id='block_1_58' title="bbox 431 5551 2039 5631">
    <p class='ocr_par' dir='ltr' id='par_1_58' title="bbox 431 5551 2039 5631">
     <span class='ocr_line' id='line_1_59' title="bbox 431 5551 2039 5631; baseline 0.006 -25"><span class='ocrx_word' id='word_1_403' title='bbox 431 5551 587 5608; x_wconf 71' lang='grc' dir='ltr'><strong>ειιίηε</strong></span> <span class='ocrx_word' id='word_1_404' title='bbox 613 5553 846 5612; x_wconf 73' lang='lat' dir='ltr'><strong>Dallteus</strong></span> <span class='ocrx_word' id='word_1_405' title='bbox 869 5556 940 5612; x_wconf 74' lang='grc' dir='ltr'><strong>⁹⁸ς</strong></span> <span class='ocrx_word' id='word_1_406' title='bbox 961 5577 979 5611; x_wconf 70' lang='grc' dir='ltr'><strong><em>ι</em></strong></span> <span class='ocrx_word' id='word_1_407' title='bbox 1002 5554 1248 5613; x_wconf 85' lang='lat' dir='ltr'><strong>Velnihil</strong></span> <span class='ocrx_word' id='word_1_408' title='bbox 1283 5559 1551 5631; x_wconf 89' lang='lat' dir='ltr'><strong>intelligo,</strong></span> <span class='ocrx_word' id='word_1_409' title='bbox 1592 5559 1794 5630; x_wconf 87' lang='lat' dir='ltr'><strong>inquit,</strong></span> <span class='ocrx_word' id='word_1_410' title='bbox 1826 5560 1908 5615; x_wconf 86' lang='lat' dir='ltr'><strong>vel</strong></span> <span class='ocrx_word' id='word_1_411' title='bbox 1934 5560 2039 5616; x_wconf 90' lang='lat' dir='ltr'><strong>iste</strong></span> 
     </span>
    </p>
   </div>
   <div class='ocr_carea' id='block_1_59' title="bbox 457 5647 2038 5724">
    <p class='ocr_par' dir='ltr' id='par_1_59' title="bbox 457 5647 2038 5724">
     <span class='ocr_line' id='line_1_60' title="bbox 457 5647 2038 5724; baseline 0.004 -23"><span class='ocrx_word' id='word_1_412' title='bbox 457 5647 706 5717; x_wconf 90' lang='lat' dir='ltr'><strong>profecto</strong></span> <span class='ocrx_word' id='word_1_413' title='bbox 769 5651 1025 5723; x_wconf 75' lang='lat' dir='ltr'><strong>intelligit</strong></span> <span class='ocrx_word' id='word_1_414' title='bbox 1083 5652 1140 5708; x_wconf 92' lang='lat' dir='ltr'><strong>in</strong></span> <span class='ocrx_word' id='word_1_415' title='bbox 1210 5668 1403 5708; x_wconf 89' lang='lat' dir='ltr'><strong>eorum</strong></span> <span class='ocrx_word' id='word_1_416' title='bbox 1459 5653 1744 5720; x_wconf 90' lang='lat' dir='ltr'><strong>ﬁdelium,</strong></span> <span class='ocrx_word' id='word_1_417' title='bbox 1781 5655 1850 5708; x_wconf 89' lang='lat' dir='ltr'><strong>ad</strong></span> <span class='ocrx_word' id='word_1_418' title='bbox 1897 5669 2038 5724; x_wconf 89' lang='lat' dir='ltr'><strong>quos</strong></span> 
     </span>
    </p>
   </div>
   <div class='ocr_carea' id='block_1_60' title="bbox 2133 542 3712 603">
    <p class='ocr_par' dir='ltr' id='par_1_60' title="bbox 2133 542 3712 603">
     <span class='ocr_line' id='line_1_61' title="bbox 2133 542 3712 603; baseline 0.004 -7"><span class='ocrx_word' id='word_1_419' title='bbox 2133 543 2386 598; x_wconf 90' lang='lat' dir='ltr'><strong>liberare.</strong></span> <span class='ocrx_word' id='word_1_420' title='bbox 2433 562 2452 595; x_wconf 74' lang='grc' dir='ltr'><strong><em>ι</em></strong></span> <span class='ocrx_word' id='word_1_421' title='bbox 2523 542 2578 599; x_wconf 92' lang='lat' dir='ltr'><strong>Si</strong></span> <span class='ocrx_word' id='word_1_422' title='bbox 2645 545 2784 600; x_wconf 91' lang='lat' dir='ltr'><strong>bene</strong></span> <span class='ocrx_word' id='word_1_423' title='bbox 2829 545 2920 601; x_wconf 91' lang='lat' dir='ltr'><strong>ille</strong></span> <span class='ocrx_word' id='word_1_424' title='bbox 2977 545 3220 603; x_wconf 87' lang='lat' dir='ltr'><strong>auctoris</strong></span> <span class='ocrx_word' id='word_1_425' title='bbox 3275 561 3497 602; x_wconf 87' lang='lat' dir='ltr'><strong>sensum</strong></span> <span class='ocrx_word' id='word_1_426' title='bbox 3549 547 3712 602; x_wconf 85' lang='lat' dir='ltr'><strong>intel-</strong></span> 
     </span>
    </p>
   </div>
   <div class='ocr_carea' id='block_1_61' title="bbox 2131 634 3711 708">
    <p class='ocr_par' dir='ltr' id='par_1_61' title="bbox 2131 634 3711 708">
     <span class='ocr_line' id='line_1_62' title="bbox 2131 634 3711 708; baseline 0.003 -18"><span class='ocrx_word' id='word_1_427' title='bbox 2131 634 2285 702; x_wconf 89' lang='lat' dir='ltr'><strong>lexit,</strong></span> <span class='ocrx_word' id='word_1_428' title='bbox 2318 651 2383 690; x_wconf 86' lang='lat' dir='ltr'><strong>ex</strong></span> <span class='ocrx_word' id='word_1_429' title='bbox 2419 650 2485 692; x_wconf 91' lang='lat' dir='ltr'><strong>eo</strong></span> <span class='ocrx_word' id='word_1_430' title='bbox 2517 645 2664 693; x_wconf 91' lang='lat' dir='ltr'><strong>certe</strong></span> <span class='ocrx_word' id='word_1_431' title='bbox 2691 651 2802 692; x_wconf 92' lang='lat' dir='ltr'><strong>non</strong></span> <span class='ocrx_word' id='word_1_432' title='bbox 2826 638 2966 694; x_wconf 86' lang='lat' dir='ltr'><strong>bene</strong></span> <span class='ocrx_word' id='word_1_433' title='bbox 2999 647 3413 708; x_wconf 88' lang='lat' dir='ltr'><strong>argumentatus</strong></span> <span class='ocrx_word' id='word_1_434' title='bbox 3443 647 3549 705; x_wconf 90' lang='lat' dir='ltr'><strong>est,</strong></span> <span class='ocrx_word' id='word_1_435' title='bbox 3582 653 3711 694; x_wconf 87' lang='lat' dir='ltr'><strong>cum</strong></span> 
     </span>
    </p>
   </div>
   <div class='ocr_carea' id='block_1_62' title="bbox 2131 726 3711 796">
    <p class='ocr_par' dir='ltr' id='par_1_62' title="bbox 2131 726 3711 796">
     <span class='ocr_line' id='line_1_63' title="bbox 2131 726 3711 796; baseline 0.003 -16"><span class='ocrx_word' id='word_1_436' title='bbox 2131 726 2342 782; x_wconf 91' lang='lat' dir='ltr'><strong>addidit</strong></span> <span class='ocrx_word' id='word_1_437' title='bbox 2369 727 2451 781; x_wconf 78' lang='lat' dir='ltr'><strong>“z</strong></span> <span class='ocrx_word' id='word_1_438' title='bbox 2481 746 2500 779; x_wconf 83' lang='grc'><strong>‹</strong></span> <span class='ocrx_word' id='word_1_439' title='bbox 2531 728 2687 795; x_wconf 85' lang='lat' dir='ltr'><strong>Quod</strong></span> <span class='ocrx_word' id='word_1_440' title='bbox 2722 728 2768 783; x_wconf 88' lang='lat' dir='ltr'><strong>si</strong></span> <span class='ocrx_word' id='word_1_441' title='bbox 2794 729 2870 784; x_wconf 89' lang='lat' dir='ltr'><strong>ita</strong></span> <span class='ocrx_word' id='word_1_442' title='bbox 2904 737 3008 796; x_wconf 90' lang='lat' dir='ltr'><strong>est,</strong></span> <span class='ocrx_word' id='word_1_443' title='bbox 3047 727 3328 784; x_wconf 88' lang='lat' dir='ltr'><strong>fatendum</strong></span> <span class='ocrx_word' id='word_1_444' title='bbox 3347 738 3432 785; x_wconf 90' lang='lat' dir='ltr'><strong>est</strong></span> <span class='ocrx_word' id='word_1_445' title='bbox 3449 729 3576 785; x_wconf 85' lang='lat' dir='ltr'><strong>illos</strong></span> <span class='ocrx_word' id='word_1_446' title='bbox 3598 727 3711 784; x_wconf 78' lang='lat' dir='ltr'><strong>Ro-</strong></span> 
     </span>
    </p>
   </div>
   <div class='ocr_carea' id='block_1_63' title="bbox 2133 819 3709 892">
    <p class='ocr_par' dir='ltr' id='par_1_63' title="bbox 2133 819 3709 892">
     <span class='ocr_line' id='line_1_64' title="bbox 2133 819 3709 892; baseline 0.001 -19"><span class='ocrx_word' id='word_1_447' title='bbox 2133 833 2330 875; x_wconf 89' lang='lat' dir='ltr'><strong>manos</strong></span> <span class='ocrx_word' id='word_1_448' title='bbox 2349 819 2675 889; x_wconf 86' lang='lat' dir='ltr'><strong>gravissime</strong></span> <span class='ocrx_word' id='word_1_449' title='bbox 2707 835 2988 891; x_wconf 82' lang='lat' dir='ltr'><strong>peccasse,</strong></span> <span class='ocrx_word' id='word_1_450' title='bbox 3022 833 3076 877; x_wconf 90' lang='lat' dir='ltr'><strong>et</strong></span> <span class='ocrx_word' id='word_1_451' title='bbox 3109 819 3391 892; x_wconf 89' lang='lat' dir='ltr'><strong>parricidii</strong></span> <span class='ocrx_word' id='word_1_452' title='bbox 3417 820 3709 890; x_wconf 84' lang='lat' dir='ltr'><strong>cujusdam</strong></span> 
     </span>
    </p>
   </div>
   <div class='ocr_carea' id='block_1_64' title="bbox 2132 911 3716 984">
    <p class='ocr_par' dir='ltr' id='par_1_64' title="bbox 2132 911 3716 984">
     <span class='ocr_line' id='line_1_65' title="bbox 2132 911 3716 984; baseline 0.004 -20"><span class='ocrx_word' id='word_1_453' title='bbox 2132 926 2255 966; x_wconf 90' lang='lat' dir='ltr'><strong>reos</strong></span> <span class='ocrx_word' id='word_1_454' title='bbox 2291 911 2531 968; x_wconf 86' lang='lat' dir='ltr'><strong>fuisse...</strong></span> <span class='ocrx_word' id='word_1_455' title='bbox 2565 913 2661 984; x_wconf 88' lang='lat' dir='ltr'><strong>qui</strong></span> <span class='ocrx_word' id='word_1_456' title='bbox 2692 927 2818 970; x_wconf 87' lang='lat' dir='ltr'><strong>eum</strong></span> <span class='ocrx_word' id='word_1_457' title='bbox 2843 913 2986 969; x_wconf 87' lang='lat' dir='ltr'><strong>mori</strong></span> <span class='ocrx_word' id='word_1_458' title='bbox 3019 929 3128 968; x_wconf 93' lang='lat' dir='ltr'><strong>non</strong></span> <span class='ocrx_word' id='word_1_459' title='bbox 3162 913 3586 984; x_wconf 84' lang='lat' dir='ltr'><strong>prohibuerunt.</strong></span> <span class='ocrx_word' id='word_1_460' title='bbox 3620 915 3716 970; x_wconf 80' lang='lat' dir='ltr'><strong>At-</strong></span> 
     </span>
    </p>
   </div>
   <div class='ocr_carea' id='block_1_65' title="bbox 2132 1005 3714 1077">
    <p class='ocr_par' dir='ltr' id='par_1_65' title="bbox 2132 1005 3714 1077">
     <span class='ocr_line' id='line_1_66' title="bbox 2132 1005 3714 1077; baseline 0.001 -18"><span class='ocrx_word' id='word_1_461' title='bbox 2132 1005 2229 1074; x_wconf 88' lang='lat' dir='ltr'><strong>qui</strong></span> <span class='ocrx_word' id='word_1_462' title='bbox 2276 1019 2386 1060; x_wconf 93' lang='lat' dir='ltr'><strong>non</strong></span> <span class='ocrx_word' id='word_1_463' title='bbox 2443 1019 2702 1076; x_wconf 84' lang='lat' dir='ltr'><strong>peccasse</strong></span> <span class='ocrx_word' id='word_1_464' title='bbox 2741 1020 2840 1062; x_wconf 89' lang='lat' dir='ltr'><strong>eos</strong></span> <span class='ocrx_word' id='word_1_465' title='bbox 2883 1015 3169 1062; x_wconf 87' lang='lat' dir='ltr'><strong>constat...</strong></span> <span class='ocrx_word' id='word_1_466' title='bbox 3215 1005 3416 1062; x_wconf 90' lang='lat' dir='ltr'><strong>falsum</strong></span> <span class='ocrx_word' id='word_1_467' title='bbox 3461 1015 3549 1062; x_wconf 88' lang='lat' dir='ltr'><strong>est</strong></span> <span class='ocrx_word' id='word_1_468' title='bbox 3579 1021 3714 1077; x_wconf 87' lang='lat' dir='ltr'><strong>ergo</strong></span> 
     </span>
    </p>
   </div>
   <div class='ocr_carea' id='block_1_66' title="bbox 2131 1098 3712 1170">
    <p class='ocr_par' dir='ltr' id='par_1_66' title="bbox 2131 1098 3712 1170">
     <span class='ocr_line' id='line_1_67' title="bbox 2131 1098 3712 1170; baseline 0.002 -18"><span class='ocrx_word' id='word_1_469' title='bbox 2131 1098 2280 1170; x_wconf 92' lang='lat' dir='ltr'><strong>quod</strong></span> <span class='ocrx_word' id='word_1_470' title='bbox 2313 1098 2405 1155; x_wconf 90' lang='lat' dir='ltr'><strong>ille</strong></span> <span class='ocrx_word' id='word_1_471' title='bbox 2434 1101 2598 1156; x_wconf 89' lang='lat' dir='ltr'><strong>toties</strong></span> <span class='ocrx_word' id='word_1_472' title='bbox 2629 1099 2890 1154; x_wconf 88' lang='lat' dir='ltr'><strong>afﬁrmat.</strong></span> <span class='ocrx_word' id='word_1_473' title='bbox 2934 1117 2954 1152; x_wconf 69' lang='lat' dir='ltr'><strong>i</strong></span> <span class='ocrx_word' id='word_1_474' title='bbox 2993 1098 3182 1170; x_wconf 83' lang='lat' dir='ltr'><strong>inepta</strong></span> <span class='ocrx_word' id='word_1_475' title='bbox 3214 1100 3374 1170; x_wconf 91' lang='lat' dir='ltr'><strong>plane</strong></span> <span class='ocrx_word' id='word_1_476' title='bbox 3405 1108 3462 1159; x_wconf 82' lang='lat' dir='ltr'><strong>et</strong></span> <span class='ocrx_word' id='word_1_477' title='bbox 3498 1099 3712 1155; x_wconf 83' lang='lat' dir='ltr'><strong>insulsa</strong></span> 
     </span>
    </p>
   </div>
   <div class='ocr_carea' id='block_1_67' title="bbox 2133 1191 3717 1264">
    <p class='ocr_par' dir='ltr' id='par_1_67' title="bbox 2133 1191 3717 1264">
     <span class='ocr_line' id='line_1_68' title="bbox 2133 1191 3717 1264; baseline -0.001 -18"><span class='ocrx_word' id='word_1_478' title='bbox 2133 1200 2218 1247; x_wconf 90' lang='lat' dir='ltr'><strong>est</strong></span> <span class='ocrx_word' id='word_1_479' title='bbox 2249 1191 2631 1262; x_wconf 87' lang='lat' dir='ltr'><strong>hujuscemodi</strong></span> <span class='ocrx_word' id='word_1_480' title='bbox 2662 1192 3087 1262; x_wconf 86' lang='lat' dir='ltr'><strong>argumentatio.</strong></span> <span class='ocrx_word' id='word_1_481' title='bbox 3114 1192 3357 1264; x_wconf 87' lang='lat' dir='ltr'><strong>lgnatius</strong></span> <span class='ocrx_word' id='word_1_482' title='bbox 3384 1193 3586 1262; x_wconf 89' lang='lat' dir='ltr'><strong>quippe</strong></span> <span class='ocrx_word' id='word_1_483' title='bbox 3610 1191 3717 1246; x_wconf 85' lang='lat' dir='ltr'><strong>Ro-</strong></span> 
     </span>
    </p>
   </div>
   <div class='ocr_carea' id='block_1_68' title="bbox 2134 1283 3718 1356">
    <p class='ocr_par' dir='ltr' id='par_1_68' title="bbox 2134 1283 3718 1356">
     <span class='ocr_line' id='line_1_69' title="bbox 2134 1283 3718 1356; baseline -0.003 -14"><span class='ocrx_word' id='word_1_484' title='bbox 2134 1300 2330 1342; x_wconf 82' lang='lat' dir='ltr'><strong>manos</strong></span> <span class='ocrx_word' id='word_1_485' title='bbox 2365 1285 2466 1341; x_wconf 90' lang='lat' dir='ltr'><strong>hac</strong></span> <span class='ocrx_word' id='word_1_486' title='bbox 2491 1286 2548 1341; x_wconf 89' lang='lat' dir='ltr'><strong>in</strong></span> <span class='ocrx_word' id='word_1_487' title='bbox 2578 1299 2640 1340; x_wconf 89' lang='lat' dir='ltr'><strong>re</strong></span> <span class='ocrx_word' id='word_1_488' title='bbox 2685 1284 2830 1356; x_wconf 89' lang='lat' dir='ltr'><strong>apud</strong></span> <span class='ocrx_word' id='word_1_489' title='bbox 2856 1283 3050 1352; x_wconf 90' lang='lat' dir='ltr'><strong>Deum,</strong></span> <span class='ocrx_word' id='word_1_490' title='bbox 3082 1286 3168 1341; x_wconf 91' lang='lat' dir='ltr'><strong>vel</strong></span> <span class='ocrx_word' id='word_1_491' title='bbox 3188 1283 3480 1349; x_wconf 72' lang='lat' dir='ltr'><strong>Caesarem,</strong></span> <span class='ocrx_word' id='word_1_492' title='bbox 3509 1284 3718 1354; x_wconf 82' lang='lat' dir='ltr'><strong>autju-</strong></span> 
     </span>
    </p>
   </div>
   <div class='ocr_carea' id='block_1_69' title="bbox 2133 1374 3718 1450">
    <p class='ocr_par' dir='ltr' id='par_1_69' title="bbox 2133 1374 3718 1450">
     <span class='ocr_line' id='line_1_70' title="bbox 2133 1374 3718 1450; baseline 0.003 -18"><span class='ocrx_word' id='word_1_493' title='bbox 2133 1374 2312 1444; x_wconf 91' lang='lat' dir='ltr'><strong>dices,</strong></span> <span class='ocrx_word' id='word_1_494' title='bbox 2357 1379 2442 1434; x_wconf 90' lang='lat' dir='ltr'><strong>vel</strong></span> <span class='ocrx_word' id='word_1_495' title='bbox 2513 1388 2767 1435; x_wconf 83' lang='lat' dir='ltr'><strong>senatum</strong></span> <span class='ocrx_word' id='word_1_496' title='bbox 2820 1379 3179 1450; x_wconf 90' lang='lat' dir='ltr'><strong>potentiores,</strong></span> <span class='ocrx_word' id='word_1_497' title='bbox 3236 1395 3400 1450; x_wconf 90' lang='lat' dir='ltr'><strong>quam</strong></span> <span class='ocrx_word' id='word_1_498' title='bbox 3463 1394 3521 1435; x_wconf 91' lang='lat' dir='ltr'><strong>re</strong></span> <span class='ocrx_word' id='word_1_499' title='bbox 3583 1394 3718 1436; x_wconf 91' lang='lat' dir='ltr'><strong>vera</strong></span> 
     </span>
    </p>
   </div>
   <div class='ocr_carea' id='block_1_70' title="bbox 2133 1471 3724 1544">
    <p class='ocr_par' dir='ltr' id='par_1_70' title="bbox 2133 1471 3724 1544">
     <span class='ocr_line' id='line_1_71' title="bbox 2133 1471 3724 1544; baseline -0.001 -13"><span class='ocrx_word' id='word_1_500' title='bbox 2133 1481 2310 1542; x_wconf 89' lang='lat' dir='ltr'><strong>erant,</strong></span> <span class='ocrx_word' id='word_1_501' title='bbox 2346 1473 2570 1528; x_wconf 88' lang='lat' dir='ltr'><strong>credere</strong></span> <span class='ocrx_word' id='word_1_502' title='bbox 2602 1473 2800 1544; x_wconf 91' lang='lat' dir='ltr'><strong>potuit.</strong></span> <span class='ocrx_word' id='word_1_503' title='bbox 2838 1471 3045 1529; x_wconf 87' lang='lat' dir='ltr'><strong>Deinde</strong></span> <span class='ocrx_word' id='word_1_504' title='bbox 3081 1473 3299 1530; x_wconf 90' lang='lat' dir='ltr'><strong>etiamsi</strong></span> <span class='ocrx_word' id='word_1_505' title='bbox 3342 1474 3477 1530; x_wconf 91' lang='lat' dir='ltr'><strong>illud</strong></span> <span class='ocrx_word' id='word_1_506' title='bbox 3511 1476 3568 1531; x_wconf 91' lang='lat' dir='ltr'><strong>in</strong></span> <span class='ocrx_word' id='word_1_507' title='bbox 3603 1473 3724 1530; x_wconf 75' lang='lat' dir='ltr'><strong>Bo—</strong></span> 
     </span>
    </p>
   </div>
   <div class='ocr_carea' id='block_1_71' title="bbox 2134 1567 3719 1640">
    <p class='ocr_par' dir='ltr' id='par_1_71' title="bbox 2134 1567 3719 1640">
     <span class='ocr_line' id='line_1_72' title="bbox 2134 1567 3719 1640; baseline -0.001 -16"><span class='ocrx_word' id='word_1_508' title='bbox 2134 1582 2426 1624; x_wconf 87' lang='lat' dir='ltr'><strong>manorum</strong></span> <span class='ocrx_word' id='word_1_509' title='bbox 2479 1576 2754 1638; x_wconf 88' lang='lat' dir='ltr'><strong>potestate</strong></span> <span class='ocrx_word' id='word_1_510' title='bbox 2801 1567 3000 1624; x_wconf 87' lang='lat' dir='ltr'><strong>fuisset</strong></span> <span class='ocrx_word' id='word_1_511' title='bbox 3027 1568 3302 1640; x_wconf 89' lang='lat' dir='ltr'><strong>positum,</strong></span> <span class='ocrx_word' id='word_1_512' title='bbox 3325 1585 3434 1624; x_wconf 91' lang='lat' dir='ltr'><strong>non</strong></span> <span class='ocrx_word' id='word_1_513' title='bbox 3471 1568 3600 1624; x_wconf 91' lang='lat' dir='ltr'><strong>inde</strong></span> <span class='ocrx_word' id='word_1_514' title='bbox 3626 1579 3719 1623; x_wconf 87' lang='lat' dir='ltr'><strong>ta—</strong></span> 
     </span>
    </p>
   </div>
   <div class='ocr_carea' id='block_1_72' title="bbox 2134 1659 3719 1732">
    <p class='ocr_par' dir='ltr' id='par_1_72' title="bbox 2134 1659 3719 1732">
     <span class='ocr_line' id='line_1_73' title="bbox 2134 1659 3719 1732; baseline 0 -18"><span class='ocrx_word' id='word_1_515' title='bbox 2134 1675 2262 1716; x_wconf 90' lang='lat' dir='ltr'><strong>men</strong></span> <span class='ocrx_word' id='word_1_516' title='bbox 2303 1660 2617 1732; x_wconf 90' lang='lat' dir='ltr'><strong>gravissimi</strong></span> <span class='ocrx_word' id='word_1_517' title='bbox 2633 1659 2842 1731; x_wconf 89' lang='lat' dir='ltr'><strong>peccati</strong></span> <span class='ocrx_word' id='word_1_518' title='bbox 2874 1671 2929 1715; x_wconf 92' lang='lat' dir='ltr'><strong>et</strong></span> <span class='ocrx_word' id='word_1_519' title='bbox 2943 1659 3220 1731; x_wconf 89' lang='lat' dir='ltr'><strong>parricidii</strong></span> <span class='ocrx_word' id='word_1_520' title='bbox 3249 1660 3534 1716; x_wconf 91' lang='lat' dir='ltr'><strong>incusandi</strong></span> <span class='ocrx_word' id='word_1_521' title='bbox 3558 1669 3719 1726; x_wconf 90' lang='lat' dir='ltr'><strong>sunt,</strong></span> 
     </span>
    </p>
   </div>
   <div class='ocr_carea' id='block_1_73' title="bbox 2136 1753 3721 1824">
    <p class='ocr_par' dir='ltr' id='par_1_73' title="bbox 2136 1753 3721 1824">
     <span class='ocr_line' id='line_1_74' title="bbox 2136 1753 3721 1824; baseline 0.001 -16"><span class='ocrx_word' id='word_1_522' title='bbox 2136 1753 2283 1823; x_wconf 90' lang='lat' dir='ltr'><strong>quod</strong></span> <span class='ocrx_word' id='word_1_523' title='bbox 2321 1768 2444 1808; x_wconf 92' lang='lat' dir='ltr'><strong>eam</strong></span> <span class='ocrx_word' id='word_1_524' title='bbox 2477 1762 2710 1808; x_wconf 88' lang='lat' dir='ltr'><strong>mortem</strong></span> <span class='ocrx_word' id='word_1_525' title='bbox 2760 1769 2868 1808; x_wconf 88' lang='lat' dir='ltr'><strong>non</strong></span> <span class='ocrx_word' id='word_1_526' title='bbox 2902 1753 3304 1824; x_wconf 80' lang='lat' dir='ltr'><strong>prohibuerint,</strong></span> <span class='ocrx_word' id='word_1_527' title='bbox 3338 1769 3504 1823; x_wconf 88' lang='lat' dir='ltr'><strong>quam</strong></span> <span class='ocrx_word' id='word_1_528' title='bbox 3540 1754 3721 1810; x_wconf 86' lang='lat' dir='ltr'><strong>totius</strong></span> 
     </span>
    </p>
   </div>
   <div class='ocr_carea' id='block_1_74' title="bbox 2136 1839 3722 1914">
    <p class='ocr_par' dir='ltr' id='par_1_74' title="bbox 2136 1839 3722 1914">
     <span class='ocr_line' id='line_1_75' title="bbox 2136 1839 3722 1914; baseline 0.003 -20"><span class='ocrx_word' id='word_1_529' title='bbox 2136 1839 2394 1895; x_wconf 73' lang='lat' dir='ltr'><strong>Ecclesiae</strong></span> <span class='ocrx_word' id='word_1_530' title='bbox 2423 1840 2646 1896; x_wconf 92' lang='lat' dir='ltr'><strong>utilitati</strong></span> <span class='ocrx_word' id='word_1_531' title='bbox 2679 1841 3046 1910; x_wconf 89' lang='lat' dir='ltr'><strong>profuturam,</strong></span> <span class='ocrx_word' id='word_1_532' title='bbox 3083 1857 3251 1914; x_wconf 88' lang='lat' dir='ltr'><strong>quam</strong></span> <span class='ocrx_word' id='word_1_533' title='bbox 3286 1858 3394 1897; x_wconf 91' lang='lat' dir='ltr'><strong>non</strong></span> <span class='ocrx_word' id='word_1_534' title='bbox 3419 1843 3537 1898; x_wconf 89' lang='lat' dir='ltr'><strong>sine</strong></span> <span class='ocrx_word' id='word_1_535' title='bbox 3559 1853 3722 1899; x_wconf 77' lang='lat' dir='ltr'><strong>certe</strong></span> 
     </span>
    </p>
   </div>
   <div class='ocr_carea' id='block_1_75' title="bbox 2134 1932 3718 2006">
    <p class='ocr_par' dir='ltr' id='par_1_75' title="bbox 2134 1932 3718 2006">
     <span class='ocr_line' id='line_1_76' title="bbox 2134 1932 3718 2006; baseline 0.003 -21"><span class='ocrx_word' id='word_1_536' title='bbox 2134 1932 2376 2004; x_wconf 89' lang='lat' dir='ltr'><strong>plurium</strong></span> <span class='ocrx_word' id='word_1_537' title='bbox 2398 1933 2838 1991; x_wconf 88' lang='lat' dir='ltr'><strong>Christianorum</strong></span> <span class='ocrx_word' id='word_1_538' title='bbox 2866 1935 3110 2005; x_wconf 88' lang='lat' dir='ltr'><strong>periculo</strong></span> <span class='ocrx_word' id='word_1_539' title='bbox 3147 1934 3517 2003; x_wconf 86' lang='lat' dir='ltr'><strong>avertendam,</strong></span> <span class='ocrx_word' id='word_1_540' title='bbox 3540 1951 3718 2006; x_wconf 88' lang='lat' dir='ltr'><strong>quam</strong></span> 
     </span>
    </p>
   </div>
   <div class='ocr_carea' id='block_1_76' title="bbox 2136 2025 3717 2099">
    <p class='ocr_par' dir='ltr' id='par_1_76' title="bbox 2136 2025 3717 2099">
     <span class='ocr_line' id='line_1_77' title="bbox 2136 2025 3717 2099; baseline 0.002 -18"><span class='ocrx_word' id='word_1_541' title='bbox 2136 2025 2376 2097; x_wconf 90' lang='lat' dir='ltr'><strong>denique</strong></span> <span class='ocrx_word' id='word_1_542' title='bbox 2427 2026 2614 2082; x_wconf 85' lang='lat' dir='ltr'><strong>divina</strong></span> <span class='ocrx_word' id='word_1_543' title='bbox 2663 2027 2950 2082; x_wconf 89' lang='lat' dir='ltr'><strong>voluntate</strong></span> <span class='ocrx_word' id='word_1_544' title='bbox 3005 2027 3076 2083; x_wconf 92' lang='lat' dir='ltr'><strong>ab</strong></span> <span class='ocrx_word' id='word_1_545' title='bbox 3118 2025 3330 2099; x_wconf 87' lang='lat' dir='ltr'><strong>lguatio</strong></span> <span class='ocrx_word' id='word_1_546' title='bbox 3369 2027 3717 2084; x_wconf 76' lang='lat' dir='ltr'><strong>subeundam</strong></span> 
     </span>
    </p>
   </div>
   <div class='ocr_carea' id='block_1_77' title="bbox 2135 2118 2949 2190">
    <p class='ocr_par' dir='ltr' id='par_1_77' title="bbox 2135 2118 2949 2190">
     <span class='ocr_line' id='line_1_78' title="bbox 2135 2118 2949 2190; baseline 0 -15"><span class='ocrx_word' id='word_1_547' title='bbox 2135 2133 2257 2176; x_wconf 87' lang='lat' dir='ltr'><strong>esse</strong></span> <span class='ocrx_word' id='word_1_548' title='bbox 2285 2134 2614 2190; x_wconf 88' lang='lat' dir='ltr'><strong>persuasum</strong></span> <span class='ocrx_word' id='word_1_549' title='bbox 2649 2118 2949 2177; x_wconf 85' lang='lat' dir='ltr'><strong>habebant.</strong></span> 
     </span>
    </p>
   </div>
   <div class='ocr_carea' id='block_1_78' title="bbox 2718 2279 3129 2337">
    <p class='ocr_par' dir='ltr' id='par_1_78' title="bbox 2718 2279 3129 2337">
     <span class='ocr_line' id='line_1_79' title="bbox 2718 2279 3129 2337; baseline -0.017 0"><span class='ocrx_word' id='word_1_550' title='bbox 2718 2279 2948 2337; x_wconf 79' lang='lat' dir='ltr'><strong>CAPUT</strong></span> <span class='ocrx_word' id='word_1_551' title='bbox 2986 2279 3129 2336; x_wconf 79' lang='lat' dir='ltr'><strong>XVI.</strong></span> 
     </span>
    </p>
   </div>
   <div class='ocr_carea' id='block_1_79' title="bbox 2137 2408 3721 2453">
    <p class='ocr_par' dir='ltr' id='par_1_79' title="bbox 2137 2408 3721 2453">
     <span class='ocr_line' id='line_1_80' title="bbox 2137 2408 3721 2453; baseline -0.001 -2"><span class='ocrx_word' id='word_1_552' title='bbox 2137 2410 2190 2452; x_wconf 77' lang='grc' dir='ltr'><strong>ιιι</strong></span> <span class='ocrx_word' id='word_1_553' title='bbox 2222 2411 2308 2453; x_wconf 77' lang='grc' dir='ltr'><strong>ωε</strong></span> <span class='ocrx_word' id='word_1_554' title='bbox 2334 2410 2614 2453; x_wconf 70' lang='grc' dir='ltr'><strong>ιζιηετοιιε</strong></span> <span class='ocrx_word' id='word_1_555' title='bbox 2643 2410 2746 2452; x_wconf 72' lang='lat' dir='ltr'><strong>NON</strong></span> <span class='ocrx_word' id='word_1_556' title='bbox 2776 2411 2964 2451; x_wconf 71' lang='grc' dir='ltr'><strong>ωεελιι</strong></span> <span class='ocrx_word' id='word_1_557' title='bbox 2996 2410 3122 2451; x_wconf 72' lang='grc' dir='ltr'><strong>εδει</strong></span> <span class='ocrx_word' id='word_1_558' title='bbox 3157 2408 3362 2451; x_wconf 69' lang='lat' dir='ltr'><strong>IGNA&#39;I&#39;II</strong></span> <span class='ocrx_word' id='word_1_559' title='bbox 3396 2409 3721 2452; x_wconf 68' lang='lat' dir='ltr'><strong>SAPIBNTIAI</strong></span> 
     </span>
    </p>
   </div>
   <div class='ocr_carea' id='block_1_80' title="bbox 2713 2481 3146 2523">
    <p class='ocr_par' dir='ltr' id='par_1_80' title="bbox 2713 2481 3146 2523">
     <span class='ocr_line' id='line_1_81' title="bbox 2713 2481 3146 2523; baseline -0.005 0"><span class='ocrx_word' id='word_1_560' title='bbox 2713 2483 2781 2523; x_wconf 81' lang='grc' dir='ltr'><strong>ΕΤ</strong></span> <span class='ocrx_word' id='word_1_561' title='bbox 2816 2481 3146 2523; x_wconf 75' lang='lat' dir='ltr'><strong>IODISTMI.</strong></span> 
     </span>
    </p>
   </div>
   <div class='ocr_carea' id='block_1_81' title="bbox 2136 2577 3724 2662">
    <p class='ocr_par' dir='ltr' id='par_1_81' title="bbox 2136 2577 3724 2662">
     <span class='ocr_line' id='line_1_82' title="bbox 2136 2577 3724 2662; baseline -0.004 -25"><span class='ocrx_word' id='word_1_562' title='bbox 2136 2582 2165 2654; x_wconf 62' lang='grc' dir='ltr'>ς</span> <span class='ocrx_word' id='word_1_563' title='bbox 2195 2581 2238 2640; x_wconf 88' lang='grc'><strong>1.</strong></span> <span class='ocrx_word' id='word_1_564' title='bbox 2259 2580 2382 2637; x_wconf 82' lang='lat' dir='ltr'><strong>Non</strong></span> <span class='ocrx_word' id='word_1_565' title='bbox 2412 2582 2594 2662; x_wconf 64' lang='lat' dir='ltr'><strong>laesam</strong></span> <span class='ocrx_word' id='word_1_566' title='bbox 2613 2598 2725 2662; x_wconf 70' lang='lat' dir='ltr'><strong>esse</strong></span> <span class='ocrx_word' id='word_1_567' title='bbox 2746 2580 2949 2662; x_wconf 69' lang='lat' dir='ltr'><strong>Ignatii</strong></span> <span class='ocrx_word' id='word_1_568' title='bbox 2981 2579 3314 2662; x_wconf 68' lang='lat' dir='ltr'><strong>sapientiam,</strong></span> <span class='ocrx_word' id='word_1_569' title='bbox 3339 2594 3500 2662; x_wconf 66' lang='lat' dir='ltr'><strong>neque</strong></span> <span class='ocrx_word' id='word_1_570' title='bbox 3519 2577 3724 2632; x_wconf 83' lang='lat' dir='ltr'><strong>modes-</strong></span> 
     </span>
    </p>
   </div>
   <div class='ocr_carea' id='block_1_82' title="bbox 2419 2652 3410 2722">
    <p class='ocr_par' dir='ltr' id='par_1_82' title="bbox 2419 2652 3410 2722">
     <span class='ocr_line' id='line_1_83' title="bbox 2419 2652 3410 2722; baseline -0.004 -14"><span class='ocrx_word' id='word_1_571' title='bbox 2419 2655 2546 2708; x_wconf 86' lang='lat' dir='ltr'><strong>tiam</strong></span> <span class='ocrx_word' id='word_1_572' title='bbox 2576 2653 2633 2706; x_wconf 83' lang='lat' dir='ltr'><strong>in</strong></span> <span class='ocrx_word' id='word_1_573' title='bbox 2648 2654 2736 2721; x_wconf 87' lang='lat' dir='ltr'><strong>iis,</strong></span> <span class='ocrx_word' id='word_1_574' title='bbox 2751 2667 2866 2722; x_wconf 69' lang='lat' dir='ltr'><strong>quae</strong></span> <span class='ocrx_word' id='word_1_575' title='bbox 2883 2652 2947 2706; x_wconf 83' lang='lat' dir='ltr'><strong>de</strong></span> <span class='ocrx_word' id='word_1_576' title='bbox 2963 2667 3016 2706; x_wconf 82' lang='lat' dir='ltr'><strong>se</strong></span> <span class='ocrx_word' id='word_1_577' title='bbox 3031 2652 3145 2722; x_wconf 86' lang='lat' dir='ltr'><strong>ipso</strong></span> <span class='ocrx_word' id='word_1_578' title='bbox 3173 2652 3410 2721; x_wconf 77' lang='lat' dir='ltr'><strong>scripsit.</strong></span> 
     </span>
    </p>
   </div>
   <div class='ocr_carea' id='block_1_83' title="bbox 2209 2783 3715 2856">
    <p class='ocr_par' dir='ltr' id='par_1_83' title="bbox 2209 2783 3715 2856">
     <span class='ocr_line' id='line_1_84' title="bbox 2209 2783 3715 2856; baseline -0.004 -15"><span class='ocrx_word' id='word_1_579' title='bbox 2209 2784 2328 2842; x_wconf 87' lang='lat' dir='ltr'><strong>Non</strong></span> <span class='ocrx_word' id='word_1_580' title='bbox 2357 2785 2586 2856; x_wconf 91' lang='lat' dir='ltr'><strong>majoris</strong></span> <span class='ocrx_word' id='word_1_581' title='bbox 2611 2783 2877 2840; x_wconf 89' lang='lat' dir='ltr'><strong>momenti</strong></span> <span class='ocrx_word' id='word_1_582' title='bbox 2900 2783 3032 2839; x_wconf 92' lang='lat' dir='ltr'><strong>illud</strong></span> <span class='ocrx_word' id='word_1_583' title='bbox 3055 2792 3158 2847; x_wconf 89' lang='lat' dir='ltr'><strong>est,</strong></span> <span class='ocrx_word' id='word_1_584' title='bbox 3187 2783 3333 2854; x_wconf 77' lang='lat' dir='ltr'><strong>quod</strong></span> <span class='ocrx_word' id='word_1_585' title='bbox 3358 2783 3715 2854; x_wconf 90' lang='lat' dir='ltr'><strong>postmodum</strong></span> 
     </span>
    </p>
   </div>
   <div class='ocr_carea' id='block_1_84' title="bbox 2141 2875 3720 2948">
    <p class='ocr_par' dir='ltr' id='par_1_84' title="bbox 2141 2875 3720 2948">
     <span class='ocr_line' id='line_1_85' title="bbox 2141 2875 3720 2948; baseline -0.003 -14"><span class='ocrx_word' id='word_1_586' title='bbox 2141 2879 2374 2935; x_wconf 69' lang='lat' dir='ltr'><strong>Dallzeus</strong></span> <span class='ocrx_word' id='word_1_587' title='bbox 2448 2878 2669 2948; x_wconf 90' lang='lat' dir='ltr'><strong>objicit,</strong></span> <span class='ocrx_word' id='word_1_588' title='bbox 2720 2878 2784 2932; x_wconf 85' lang='lat' dir='ltr'><strong>ab</strong></span> <span class='ocrx_word' id='word_1_589' title='bbox 2827 2875 3035 2947; x_wconf 81' lang='lat' dir='ltr'><strong>Ignatii</strong></span> <span class='ocrx_word' id='word_1_590' title='bbox 3079 2876 3286 2946; x_wconf 84' lang='lat' dir='ltr'><strong>judicio</strong></span> <span class='ocrx_word' id='word_1_591' title='bbox 3343 2886 3394 2930; x_wconf 88' lang='lat' dir='ltr'><strong>et</strong></span> <span class='ocrx_word' id='word_1_592' title='bbox 3451 2878 3720 2945; x_wconf 83' lang='lat' dir='ltr'><strong>sapientia</strong></span> 
     </span>
    </p>
   </div>
   <div class='ocr_carea' id='block_1_85' title="bbox 2139 2967 3721 3039">
    <p class='ocr_par' dir='ltr' id='par_1_85' title="bbox 2139 2967 3721 3039">
     <span class='ocr_line' id='line_1_86' title="bbox 2139 2967 3721 3039; baseline -0.004 -12"><span class='ocrx_word' id='word_1_593' title='bbox 2139 2971 2380 3027; x_wconf 68' lang='lat' dir='ltr'><strong>nonnihil</strong></span> <span class='ocrx_word' id='word_1_594' title='bbox 2405 2969 2685 3024; x_wconf 82' lang='lat' dir='ltr'><strong>abhorrere</strong></span> <span class='ocrx_word' id='word_1_595' title='bbox 2712 2969 2880 3022; x_wconf 83' lang='lat' dir='ltr'><strong>videri</strong></span> <span class='ocrx_word' id='word_1_596' title='bbox 2911 2970 2952 3037; x_wconf 80' lang='grc'><strong>¹;</strong></span> <span class='ocrx_word' id='word_1_597' title='bbox 2987 2970 3135 3039; x_wconf 92' lang='lat' dir='ltr'><strong>quod</strong></span> <span class='ocrx_word' id='word_1_598' title='bbox 3156 2968 3247 3024; x_wconf 93' lang='lat' dir='ltr'><strong>ille</strong></span> <span class='ocrx_word' id='word_1_599' title='bbox 3273 2967 3438 3022; x_wconf 92' lang='lat' dir='ltr'><strong>morti</strong></span> <span class='ocrx_word' id='word_1_600' title='bbox 3471 2967 3721 3022; x_wconf 90' lang='lat' dir='ltr'><strong>certissi-</strong></span> 
     </span>
    </p>
   </div>
   <div class='ocr_carea' id='block_1_86' title="bbox 2139 3057 3722 3135">
    <p class='ocr_par' dir='ltr' id='par_1_86' title="bbox 2139 3057 3722 3135">
     <span class='ocr_line' id='line_1_87' title="bbox 2139 3057 3722 3135; baseline -0.005 -15"><span class='ocrx_word' id='word_1_601' title='bbox 2139 3079 2243 3120; x_wconf 72' lang='lat' dir='ltr'><strong>mze</strong></span> <span class='ocrx_word' id='word_1_602' title='bbox 2270 3063 2495 3135; x_wconf 89' lang='lat' dir='ltr'><strong>jamjam</strong></span> <span class='ocrx_word' id='word_1_603' title='bbox 2541 3061 2846 3129; x_wconf 90' lang='lat' dir='ltr'><strong>dedendus,</strong></span> <span class='ocrx_word' id='word_1_604' title='bbox 2899 3061 3203 3116; x_wconf 91' lang='lat' dir='ltr'><strong>secundum</strong></span> <span class='ocrx_word' id='word_1_605' title='bbox 3266 3057 3521 3129; x_wconf 88' lang='lat' dir='ltr'><strong>Ephesiis</strong></span> <span class='ocrx_word' id='word_1_606' title='bbox 3562 3059 3722 3114; x_wconf 85' lang='lat' dir='ltr'><strong>libet-</strong></span> 
     </span>
    </p>
   </div>
   <div class='ocr_carea' id='block_1_87' title="bbox 2140 3153 3720 3227">
    <p class='ocr_par' dir='ltr' id='par_1_87' title="bbox 2140 3153 3720 3227">
     <span class='ocr_line' id='line_1_88' title="bbox 2140 3153 3720 3227; baseline -0.003 -14"><span class='ocrx_word' id='word_1_607' title='bbox 2140 3158 2252 3213; x_wconf 91' lang='lat' dir='ltr'><strong>lum</strong></span> <span class='ocrx_word' id='word_1_608' title='bbox 2289 3172 2411 3213; x_wconf 91' lang='lat' dir='ltr'><strong>sese</strong></span> <span class='ocrx_word' id='word_1_609' title='bbox 2445 3155 2778 3227; x_wconf 92' lang='lat' dir='ltr'><strong>scripturum</strong></span> <span class='ocrx_word' id='word_1_610' title='bbox 2833 3154 3196 3225; x_wconf 90' lang='lat' dir='ltr'><strong>polliceatur:</strong></span> <span class='ocrx_word' id='word_1_611' title='bbox 3231 3173 3249 3206; x_wconf 77' lang='grc' dir='ltr'>ι</span> <span class='ocrx_word' id='word_1_612' title='bbox 3290 3153 3348 3208; x_wconf 90' lang='lat' dir='ltr'><strong>Si</strong></span> <span class='ocrx_word' id='word_1_613' title='bbox 3379 3169 3469 3209; x_wconf 91' lang='lat' dir='ltr'><strong>me</strong></span> <span class='ocrx_word' id='word_1_614' title='bbox 3493 3153 3720 3224; x_wconf 90' lang='lat' dir='ltr'><strong>digniﬁ-</strong></span> 
     </span>
    </p>
   </div>
   <div class='ocr_carea' id='block_1_88' title="bbox 2140 3243 3721 3311">
    <p class='ocr_par' dir='ltr' id='par_1_88' title="bbox 2140 3243 3721 3311">
     <span class='ocr_line' id='line_1_89' title="bbox 2140 3243 3721 3311; baseline -0.001 -11"><span class='ocrx_word' id='word_1_615' title='bbox 2140 3254 2226 3300; x_wconf 93' lang='lat' dir='ltr'><strong>cet</strong></span> <span class='ocrx_word' id='word_1_616' title='bbox 2257 3243 2418 3300; x_wconf 83' lang='lat' dir='ltr'><strong>Jesus</strong></span> <span class='ocrx_word' id='word_1_617' title='bbox 2457 3244 2713 3301; x_wconf 89' lang='lat' dir='ltr'><strong>Christus</strong></span> <span class='ocrx_word' id='word_1_618' title='bbox 2755 3245 2808 3299; x_wconf 92' lang='lat' dir='ltr'><strong>in</strong></span> <span class='ocrx_word' id='word_1_619' title='bbox 2847 3245 3097 3300; x_wconf 90' lang='lat' dir='ltr'><strong>oratione</strong></span> <span class='ocrx_word' id='word_1_620' title='bbox 3122 3252 3303 3300; x_wconf 90' lang='lat' dir='ltr'><strong>vestra</strong></span> <span class='ocrx_word' id='word_1_621' title='bbox 3324 3285 3340 3311; x_wconf 92' lang='lat'><strong>,</strong></span> <span class='ocrx_word' id='word_1_622' title='bbox 3368 3253 3424 3299; x_wconf 92' lang='lat' dir='ltr'><strong>et</strong></span> <span class='ocrx_word' id='word_1_623' title='bbox 3457 3245 3721 3299; x_wconf 86' lang='lat' dir='ltr'><strong>voluntas</strong></span> 
     </span>
    </p>
   </div>
   <div class='ocr_carea' id='block_1_89' title="bbox 2139 3335 3722 3408">
    <p class='ocr_par' dir='ltr' id='par_1_89' title="bbox 2139 3335 3722 3408">
     <span class='ocr_line' id='line_1_90' title="bbox 2139 3335 3722 3408; baseline -0.001 -16"><span class='ocrx_word' id='word_1_624' title='bbox 2139 3337 2233 3401; x_wconf 91' lang='lat' dir='ltr'><strong>sit,</strong></span> <span class='ocrx_word' id='word_1_625' title='bbox 2287 3336 2343 3390; x_wconf 92' lang='lat' dir='ltr'><strong>in</strong></span> <span class='ocrx_word' id='word_1_626' title='bbox 2402 3336 2646 3392; x_wconf 91' lang='lat' dir='ltr'><strong>secundo</strong></span> <span class='ocrx_word' id='word_1_627' title='bbox 2694 3335 2884 3393; x_wconf 88' lang='lat' dir='ltr'><strong>libello</strong></span> <span class='ocrx_word' id='word_1_628' title='bbox 2938 3352 3101 3408; x_wconf 90' lang='lat' dir='ltr'><strong>quem</strong></span> <span class='ocrx_word' id='word_1_629' title='bbox 3135 3336 3442 3406; x_wconf 89' lang='lat' dir='ltr'><strong>scripturus</strong></span> <span class='ocrx_word' id='word_1_630' title='bbox 3463 3351 3588 3391; x_wconf 91' lang='lat' dir='ltr'><strong>sum</strong></span> <span class='ocrx_word' id='word_1_631' title='bbox 3624 3351 3722 3390; x_wconf 83' lang='lat' dir='ltr'><strong>vo-</strong></span> 
     </span>
    </p>
   </div>
   <div class='ocr_carea' id='block_1_90' title="bbox 2139 3428 3723 3502">
    <p class='ocr_par' dir='ltr' id='par_1_90' title="bbox 2139 3428 3723 3502">
     <span class='ocr_line' id='line_1_91' title="bbox 2139 3428 3723 3502; baseline -0.003 -16"><span class='ocrx_word' id='word_1_632' title='bbox 2139 3431 2224 3486; x_wconf 92' lang='lat' dir='ltr'><strong>bis</strong></span> <span class='ocrx_word' id='word_1_633' title='bbox 2248 3432 2294 3496; x_wconf 78' lang='lat'><strong>‘,</strong></span> <span class='ocrx_word' id='word_1_634' title='bbox 2327 3448 2346 3483; x_wconf 77' lang='grc' dir='ltr'><strong><em>ι</em></strong></span> <span class='ocrx_word' id='word_1_635' title='bbox 2406 3439 2512 3486; x_wconf 85' lang='lat' dir='ltr'><strong>etc.</strong></span> <span class='ocrx_word' id='word_1_636' title='bbox 2550 3429 2654 3486; x_wconf 88' lang='lat' dir='ltr'><strong>Sed</strong></span> <span class='ocrx_word' id='word_1_637' title='bbox 2685 3431 2800 3487; x_wconf 65' lang='lat' dir='ltr'><strong>haec</strong></span> <span class='ocrx_word' id='word_1_638' title='bbox 2838 3430 3076 3502; x_wconf 91' lang='lat' dir='ltr'><strong>objectio</strong></span> <span class='ocrx_word' id='word_1_639' title='bbox 3109 3445 3140 3485; x_wconf 93' lang='lat' dir='ltr'><strong>a</strong></span> <span class='ocrx_word' id='word_1_640' title='bbox 3185 3428 3371 3484; x_wconf 62' lang='lat' dir='ltr'><strong>Dallaei</strong></span> <span class='ocrx_word' id='word_1_641' title='bbox 3409 3428 3622 3498; x_wconf 90' lang='lat' dir='ltr'><strong>judicio</strong></span> <span class='ocrx_word' id='word_1_642' title='bbox 3667 3438 3723 3482; x_wconf 89' lang='lat' dir='ltr'><strong>et</strong></span> 
     </span>
    </p>
   </div>
   <div class='ocr_carea' id='block_1_91' title="bbox 2139 3520 3722 3594">
    <p class='ocr_par' dir='ltr' id='par_1_91' title="bbox 2139 3520 3722 3594">
     <span class='ocr_line' id='line_1_92' title="bbox 2139 3520 3722 3594; baseline -0.003 -14"><span class='ocrx_word' id='word_1_643' title='bbox 2139 3523 2408 3594; x_wconf 89' lang='lat' dir='ltr'><strong>sapientia</strong></span> <span class='ocrx_word' id='word_1_644' title='bbox 2461 3524 2721 3579; x_wconf 90' lang='lat' dir='ltr'><strong>abhorret</strong></span> <span class='ocrx_word' id='word_1_645' title='bbox 2769 3522 3263 3594; x_wconf 85' lang='lat' dir='ltr'><strong>quamplurimum.</strong></span> <span class='ocrx_word' id='word_1_646' title='bbox 3336 3520 3450 3576; x_wconf 91' lang='lat' dir='ltr'><strong>Illis</strong></span> <span class='ocrx_word' id='word_1_647' title='bbox 3514 3520 3722 3590; x_wconf 86' lang='lat' dir='ltr'><strong>quippe</strong></span> 
     </span>
    </p>
   </div>
   <div class='ocr_carea' id='block_1_92' title="bbox 2137 3613 3725 3690">
    <p class='ocr_par' dir='ltr' id='par_1_92' title="bbox 2137 3613 3725 3690">
     <span class='ocr_line' id='line_1_93' title="bbox 2137 3613 3725 3690; baseline -0.002 -20"><span class='ocrx_word' id='word_1_648' title='bbox 2137 3616 2345 3684; x_wconf 83' lang='lat' dir='ltr'><strong>verbis,</strong></span> <span class='ocrx_word' id='word_1_649' title='bbox 2375 3619 2436 3670; x_wconf 81' lang='grc' dir='ltr'><strong>ὲν</strong></span> <span class='ocrx_word' id='word_1_650' title='bbox 2467 3616 2546 3688; x_wconf 82' lang='grc' dir='ltr'><strong>τῷ</strong></span> <span class='ocrx_word' id='word_1_651' title='bbox 2572 3616 2810 3690; x_wconf 80' lang='grc' dir='ltr'><strong>δευτέρῳ</strong></span> <span class='ocrx_word' id='word_1_652' title='bbox 2845 3616 3089 3688; x_wconf 75' lang='grc' dir='ltr'><strong>βιϐλιδίῳ</strong></span> <span class='ocrx_word' id='word_1_653' title='bbox 3123 3655 3141 3683; x_wconf 87' lang='grc'><em>,</em></span> <span class='ocrx_word' id='word_1_654' title='bbox 3175 3630 3286 3670; x_wconf 90' lang='lat' dir='ltr'><strong>non</strong></span> <span class='ocrx_word' id='word_1_655' title='bbox 3313 3614 3561 3670; x_wconf 85' lang='lat' dir='ltr'><strong>libellum</strong></span> <span class='ocrx_word' id='word_1_656' title='bbox 3580 3655 3598 3681; x_wconf 94' lang='lat'><strong>,</strong></span> <span class='ocrx_word' id='word_1_657' title='bbox 3624 3613 3725 3668; x_wconf 84' lang='lat' dir='ltr'><strong>sed</strong></span> 
     </span>
    </p>
   </div>
   <div class='ocr_carea' id='block_1_93' title="bbox 2139 3707 3724 3782">
    <p class='ocr_par' dir='ltr' id='par_1_93' title="bbox 2139 3707 3724 3782">
     <span class='ocr_line' id='line_1_94' title="bbox 2139 3707 3724 3782; baseline -0.003 -18"><span class='ocrx_word' id='word_1_658' title='bbox 2139 3710 2440 3764; x_wconf 87' lang='lat' dir='ltr'><strong>secundam</strong></span> <span class='ocrx_word' id='word_1_659' title='bbox 2473 3707 2713 3782; x_wconf 88' lang='lat' dir='ltr'><strong>lgnatius</strong></span> <span class='ocrx_word' id='word_1_660' title='bbox 2745 3709 3017 3780; x_wconf 89' lang='lat' dir='ltr'><strong>promittit</strong></span> <span class='ocrx_word' id='word_1_661' title='bbox 3057 3709 3347 3780; x_wconf 89' lang='lat' dir='ltr'><strong>epistolam</strong></span> <span class='ocrx_word' id='word_1_662' title='bbox 3368 3749 3383 3775; x_wconf 94' lang='lat'><strong>,</strong></span> <span class='ocrx_word' id='word_1_663' title='bbox 3409 3707 3496 3763; x_wconf 89' lang='lat' dir='ltr'><strong>his</strong></span> <span class='ocrx_word' id='word_1_664' title='bbox 3533 3716 3724 3762; x_wconf 85' lang='lat' dir='ltr'><strong>tamen</strong></span> 
     </span>
    </p>
   </div>
   <div class='ocr_carea' id='block_1_94' title="bbox 2139 3795 3727 3870">
    <p class='ocr_par' dir='ltr' id='par_1_94' title="bbox 2139 3795 3727 3870">
     <span class='ocr_line' id='line_1_95' title="bbox 2139 3795 3727 3870; baseline -0.001 -16"><span class='ocrx_word' id='word_1_665' title='bbox 2139 3800 2474 3870; x_wconf 58' lang='lat' dir='ltr'><strong>aequissimis</strong></span> <span class='ocrx_word' id='word_1_666' title='bbox 2513 3799 2966 3856; x_wconf 89' lang='lat' dir='ltr'><strong>conditionibus:</strong></span> <span class='ocrx_word' id='word_1_667' title='bbox 3005 3818 3025 3851; x_wconf 72' lang='grc' dir='ltr'>ι</span> <span class='ocrx_word' id='word_1_668' title='bbox 3061 3797 3119 3853; x_wconf 92' lang='lat' dir='ltr'><strong>Si</strong></span> <span class='ocrx_word' id='word_1_669' title='bbox 3153 3814 3241 3853; x_wconf 91' lang='lat' dir='ltr'><strong>me</strong></span> <span class='ocrx_word' id='word_1_670' title='bbox 3263 3795 3727 3870; x_wconf 68' lang='lat' dir='ltr'><strong>digniﬁcetlesus</strong></span> 
     </span>
    </p>
   </div>
   <div class='ocr_carea' id='block_1_95' title="bbox 2140 3891 3725 3949">
    <p class='ocr_par' dir='ltr' id='par_1_95' title="bbox 2140 3891 3725 3949">
     <span class='ocr_line' id='line_1_96' title="bbox 2140 3891 3725 3949; baseline -0.002 0"><span class='ocrx_word' id='word_1_671' title='bbox 2140 3892 2394 3949; x_wconf 91' lang='lat' dir='ltr'><strong>Christus</strong></span> <span class='ocrx_word' id='word_1_672' title='bbox 2423 3891 2477 3946; x_wconf 94' lang='lat' dir='ltr'><strong>in</strong></span> <span class='ocrx_word' id='word_1_673' title='bbox 2507 3892 2758 3947; x_wconf 90' lang='lat' dir='ltr'><strong>oratione</strong></span> <span class='ocrx_word' id='word_1_674' title='bbox 2786 3899 2971 3946; x_wconf 89' lang='lat' dir='ltr'><strong>vestra</strong></span> <span class='ocrx_word' id='word_1_675' title='bbox 3011 3909 3024 3947; x_wconf 94' lang='lat'>:</span> <span class='ocrx_word' id='word_1_676' title='bbox 3061 3892 3108 3948; x_wconf 91' lang='lat' dir='ltr'><strong>si</strong></span> <span class='ocrx_word' id='word_1_677' title='bbox 3149 3891 3404 3947; x_wconf 89' lang='lat' dir='ltr'><strong>voluntas</strong></span> <span class='ocrx_word' id='word_1_678' title='bbox 3439 3892 3513 3946; x_wconf 88' lang='lat' dir='ltr'><strong>sit</strong></span> <span class='ocrx_word' id='word_1_679' title='bbox 3549 3909 3564 3946; x_wconf 87' lang='lat'><strong>:</strong></span> <span class='ocrx_word' id='word_1_680' title='bbox 3599 3905 3725 3945; x_wconf 80' lang='lat' dir='ltr'><strong>ma-</strong></span> 
     </span>
    </p>
   </div>
   <div class='ocr_carea' id='block_1_96' title="bbox 2141 3980 3726 4050">
    <p class='ocr_par' dir='ltr' id='par_1_96' title="bbox 2141 3980 3726 4050">
     <span class='ocr_line' id='line_1_97' title="bbox 2141 3980 3726 4050; baseline -0.001 -12"><span class='ocrx_word' id='word_1_681' title='bbox 2141 3984 2288 4039; x_wconf 91' lang='lat' dir='ltr'><strong>xime</strong></span> <span class='ocrx_word' id='word_1_682' title='bbox 2309 3983 2358 4039; x_wconf 91' lang='lat' dir='ltr'><strong>si</strong></span> <span class='ocrx_word' id='word_1_683' title='bbox 2391 3981 2658 4038; x_wconf 89' lang='lat' dir='ltr'><strong>Dominus</strong></span> <span class='ocrx_word' id='word_1_684' title='bbox 2685 3981 2890 4038; x_wconf 90' lang='lat' dir='ltr'><strong>revelet</strong></span> <span class='ocrx_word' id='word_1_685' title='bbox 2914 3982 3074 4037; x_wconf 91' lang='lat' dir='ltr'><strong>mihi.</strong></span> <span class='ocrx_word' id='word_1_686' title='bbox 3119 4001 3138 4035; x_wconf 75' lang='grc' dir='ltr'><strong><em>ι</em></strong></span> <span class='ocrx_word' id='word_1_687' title='bbox 3162 3981 3337 4049; x_wconf 77' lang='lat' dir='ltr'><strong>Quod</strong></span> <span class='ocrx_word' id='word_1_688' title='bbox 3368 3997 3502 4038; x_wconf 90' lang='lat' dir='ltr'><strong>sane</strong></span> <span class='ocrx_word' id='word_1_689' title='bbox 3525 3980 3726 4050; x_wconf 82' lang='lat' dir='ltr'><strong>Ignatii</strong></span> 
     </span>
    </p>
   </div>
   <div class='ocr_carea' id='block_1_97' title="bbox 2137 4075 3728 4150">
    <p class='ocr_par' dir='ltr' id='par_1_97' title="bbox 2137 4075 3728 4150">
     <span class='ocr_line' id='line_1_98' title="bbox 2137 4075 3728 4150; baseline -0.001 -16"><span class='ocrx_word' id='word_1_690' title='bbox 2137 4078 2346 4150; x_wconf 89' lang='lat' dir='ltr'><strong>judicio</strong></span> <span class='ocrx_word' id='word_1_691' title='bbox 2379 4086 2434 4132; x_wconf 93' lang='lat' dir='ltr'><strong>et</strong></span> <span class='ocrx_word' id='word_1_692' title='bbox 2488 4075 2772 4147; x_wconf 65' lang='lat' dir='ltr'><strong>sapientiae</strong></span> <span class='ocrx_word' id='word_1_693' title='bbox 2811 4075 3392 4132; x_wconf 87' lang='lat' dir='ltr'><strong>convenientissimum</strong></span> <span class='ocrx_word' id='word_1_694' title='bbox 3440 4090 3568 4132; x_wconf 86' lang='lat' dir='ltr'><strong>esse</strong></span> <span class='ocrx_word' id='word_1_695' title='bbox 3594 4078 3728 4148; x_wconf 88' lang='lat' dir='ltr'><strong>quis</strong></span> 
     </span>
    </p>
   </div>
   <div class='ocr_carea' id='block_1_98' title="bbox 2139 4169 2498 4225">
    <p class='ocr_par' dir='ltr' id='par_1_98' title="bbox 2139 4169 2498 4225">
     <span class='ocr_line' id='line_1_99' title="bbox 2139 4169 2498 4225; baseline -0.003 -1"><span class='ocrx_word' id='word_1_696' title='bbox 2139 4185 2250 4225; x_wconf 91' lang='lat' dir='ltr'><strong>non</strong></span> <span class='ocrx_word' id='word_1_697' title='bbox 2279 4169 2498 4225; x_wconf 77' lang='lat' dir='ltr'><strong>videat?</strong></span> 
     </span>
    </p>
   </div>
   <div class='ocr_carea' id='block_1_99' title="bbox 2214 4259 3734 4342">
    <p class='ocr_par' dir='ltr' id='par_1_99' title="bbox 2214 4259 3734 4342">
     <span class='ocr_line' id='line_1_100' title="bbox 2214 4259 3734 4342; baseline 0.001 -25"><span class='ocrx_word' id='word_1_698' title='bbox 2214 4262 2423 4317; x_wconf 84' lang='lat' dir='ltr'><strong>Laesam</strong></span> <span class='ocrx_word' id='word_1_699' title='bbox 2465 4276 2630 4332; x_wconf 92' lang='lat' dir='ltr'><strong>porro</strong></span> <span class='ocrx_word' id='word_1_700' title='bbox 2661 4259 2858 4333; x_wconf 86' lang='lat' dir='ltr'><strong>Ignatii</strong></span> <span class='ocrx_word' id='word_1_701' title='bbox 2891 4261 3386 4342; x_wconf 42' lang='lat' dir='ltr'><strong>modestiam‘alibi</strong></span> <span class='ocrx_word' id='word_1_702' title='bbox 3407 4262 3734 4332; x_wconf 80' lang='lat' dir='ltr'><strong>expostulat</strong></span> 
     </span>
    </p>
   </div>
   <div class='ocr_carea' id='block_1_100' title="bbox 2143 4353 3736 4423">
    <p class='ocr_par' dir='ltr' id='par_1_100' title="bbox 2143 4353 3736 4423">
     <span class='ocr_line' id='line_1_101' title="bbox 2143 4353 3736 4423; baseline 0.001 -14"><span class='ocrx_word' id='word_1_703' title='bbox 2143 4353 2403 4423; x_wconf 70' lang='lat' dir='ltr'><strong>Dallaeus,</strong></span> <span class='ocrx_word' id='word_1_704' title='bbox 2427 4355 2522 4410; x_wconf 91' lang='lat' dir='ltr'><strong>ubi</strong></span> <span class='ocrx_word' id='word_1_705' title='bbox 2556 4355 2820 4410; x_wconf 91' lang='lat' dir='ltr'><strong>nimirum</strong></span> <span class='ocrx_word' id='word_1_706' title='bbox 2852 4353 2993 4410; x_wconf 90' lang='lat' dir='ltr'><strong>idem</strong></span> <span class='ocrx_word' id='word_1_707' title='bbox 3019 4364 3214 4410; x_wconf 88' lang='lat' dir='ltr'><strong>auctor</strong></span> <span class='ocrx_word' id='word_1_708' title='bbox 3251 4367 3437 4410; x_wconf 88' lang='lat' dir='ltr'><strong>uoster</strong></span> <span class='ocrx_word' id='word_1_709' title='bbox 3468 4355 3537 4408; x_wconf 88' lang='lat' dir='ltr'><strong>ad</strong></span> <span class='ocrx_word' id='word_1_710' title='bbox 3567 4353 3736 4411; x_wconf 87' lang='lat' dir='ltr'><strong>Tral-</strong></span> 
     </span>
    </p>
   </div>
   <div class='ocr_carea' id='block_1_101' title="bbox 2143 4444 3732 4517">
    <p class='ocr_par' dir='ltr' id='par_1_101' title="bbox 2143 4444 3732 4517">
     <span class='ocr_line' id='line_1_102' title="bbox 2143 4444 3732 4517; baseline -0.002 -12"><span class='ocrx_word' id='word_1_711' title='bbox 2143 4449 2327 4505; x_wconf 89' lang='lat' dir='ltr'><strong>lenses</strong></span> <span class='ocrx_word' id='word_1_712' title='bbox 2351 4447 2418 4502; x_wconf 93' lang='lat' dir='ltr'><strong>de</strong></span> <span class='ocrx_word' id='word_1_713' title='bbox 2445 4462 2504 4502; x_wconf 90' lang='lat' dir='ltr'><strong>se</strong></span> <span class='ocrx_word' id='word_1_714' title='bbox 2523 4447 2642 4517; x_wconf 90' lang='lat' dir='ltr'><strong>ipso</strong></span> <span class='ocrx_word' id='word_1_715' title='bbox 2674 4448 2754 4502; x_wconf 92' lang='lat' dir='ltr'><strong>sic</strong></span> <span class='ocrx_word' id='word_1_716' title='bbox 2781 4446 2972 4501; x_wconf 90' lang='lat' dir='ltr'><strong>scribit</strong></span> <span class='ocrx_word' id='word_1_717' title='bbox 2994 4445 3017 4478; x_wconf 89' lang='grc'><strong>⁸</strong></span> <span class='ocrx_word' id='word_1_718' title='bbox 3045 4464 3059 4501; x_wconf 90' lang='lat'><strong>:</strong></span> <span class='ocrx_word' id='word_1_719' title='bbox 3094 4465 3114 4498; x_wconf 75' lang='grc' dir='ltr'><strong><em>ι</em></strong></span> <span class='ocrx_word' id='word_1_720' title='bbox 3139 4446 3306 4502; x_wconf 81' lang='lat' dir='ltr'><strong>Multa</strong></span> <span class='ocrx_word' id='word_1_721' title='bbox 3332 4445 3483 4516; x_wconf 91' lang='lat' dir='ltr'><strong>sapio</strong></span> <span class='ocrx_word' id='word_1_722' title='bbox 3507 4446 3562 4500; x_wconf 92' lang='lat' dir='ltr'><strong>in</strong></span> <span class='ocrx_word' id='word_1_723' title='bbox 3588 4444 3732 4516; x_wconf 90' lang='lat' dir='ltr'><strong>Deo,</strong></span> 
     </span>
    </p>
   </div>
   <div class='ocr_carea' id='block_1_102' title="bbox 2144 4539 3738 4612">
    <p class='ocr_par' dir='ltr' id='par_1_102' title="bbox 2144 4539 3738 4612">
     <span class='ocr_line' id='line_1_103' title="bbox 2144 4539 3738 4612; baseline -0.001 -14"><span class='ocrx_word' id='word_1_724' title='bbox 2144 4542 2238 4599; x_wconf 89' lang='lat' dir='ltr'><strong>sed</strong></span> <span class='ocrx_word' id='word_1_725' title='bbox 2269 4556 2358 4596; x_wconf 89' lang='lat' dir='ltr'><strong>me</strong></span> <span class='ocrx_word' id='word_1_726' title='bbox 2401 4541 2578 4611; x_wconf 89' lang='lat' dir='ltr'><strong>ipsum</strong></span> <span class='ocrx_word' id='word_1_727' title='bbox 2611 4554 2892 4605; x_wconf 91' lang='lat' dir='ltr'><strong>mensuro,</strong></span> <span class='ocrx_word' id='word_1_728' title='bbox 2925 4549 2986 4596; x_wconf 87' lang='lat' dir='ltr'><strong>ut</strong></span> <span class='ocrx_word' id='word_1_729' title='bbox 3015 4555 3128 4595; x_wconf 91' lang='lat' dir='ltr'><strong>non</strong></span> <span class='ocrx_word' id='word_1_730' title='bbox 3173 4541 3225 4594; x_wconf 92' lang='lat' dir='ltr'><strong>in</strong></span> <span class='ocrx_word' id='word_1_731' title='bbox 3256 4539 3585 4610; x_wconf 86' lang='lat' dir='ltr'><strong>gloriatione</strong></span> <span class='ocrx_word' id='word_1_732' title='bbox 3609 4556 3738 4612; x_wconf 83' lang='lat' dir='ltr'><strong>per-</strong></span> 
     </span>
    </p>
   </div>
   <div class='ocr_carea' id='block_1_103' title="bbox 2144 4633 3733 4706">
    <p class='ocr_par' dir='ltr' id='par_1_103' title="bbox 2144 4633 3733 4706">
     <span class='ocr_line' id='line_1_104' title="bbox 2144 4633 3733 4706; baseline -0.001 -14"><span class='ocrx_word' id='word_1_733' title='bbox 2144 4637 2313 4692; x_wconf 92' lang='lat' dir='ltr'><strong>dar...</strong></span> <span class='ocrx_word' id='word_1_734' title='bbox 2350 4633 2488 4690; x_wconf 83' lang='lat' dir='ltr'><strong>Nam</strong></span> <span class='ocrx_word' id='word_1_735' title='bbox 2532 4649 2760 4706; x_wconf 89' lang='lat' dir='ltr'><strong>possum</strong></span> <span class='ocrx_word' id='word_1_736' title='bbox 2805 4635 2964 4690; x_wconf 90' lang='lat' dir='ltr'><strong>vobis</strong></span> <span class='ocrx_word' id='word_1_737' title='bbox 3005 4633 3417 4704; x_wconf 73' lang='lat' dir='ltr'><strong>supercoelestia</strong></span> <span class='ocrx_word' id='word_1_738' title='bbox 3461 4635 3733 4692; x_wconf 90' lang='lat' dir='ltr'><strong>scribere.</strong></span> 
     </span>
    </p>
   </div>
   <div class='ocr_carea' id='block_1_104' title="bbox 2145 4725 3736 4797">
    <p class='ocr_par' dir='ltr' id='par_1_104' title="bbox 2145 4725 3736 4797">
     <span class='ocr_line' id='line_1_105' title="bbox 2145 4725 3736 4797; baseline -0.001 -14"><span class='ocrx_word' id='word_1_739' title='bbox 2145 4727 2253 4783; x_wconf 91' lang='lat' dir='ltr'><strong>Sed</strong></span> <span class='ocrx_word' id='word_1_740' title='bbox 2283 4727 2449 4782; x_wconf 91' lang='lat' dir='ltr'><strong>timeo</strong></span> <span class='ocrx_word' id='word_1_741' title='bbox 2475 4742 2543 4782; x_wconf 93' lang='lat' dir='ltr'><strong>ne</strong></span> <span class='ocrx_word' id='word_1_742' title='bbox 2567 4726 2830 4797; x_wconf 91' lang='lat' dir='ltr'><strong>periculis</strong></span> <span class='ocrx_word' id='word_1_743' title='bbox 2849 4725 3267 4791; x_wconf 86' lang='lat' dir='ltr'><strong>exsistentibus,</strong></span> <span class='ocrx_word' id='word_1_744' title='bbox 3286 4725 3444 4781; x_wconf 91' lang='lat' dir='ltr'><strong>vobis</strong></span> <span class='ocrx_word' id='word_1_745' title='bbox 3459 4725 3736 4782; x_wconf 85' lang='lat' dir='ltr'><strong>damnum</strong></span> 
     </span>
    </p>
   </div>
   <div class='ocr_carea' id='block_1_105' title="bbox 2145 4819 3736 4893">
    <p class='ocr_par' dir='ltr' id='par_1_105' title="bbox 2145 4819 3736 4893">
     <span class='ocr_line' id='line_1_106' title="bbox 2145 4819 3736 4893; baseline -0.001 -16"><span class='ocrx_word' id='word_1_746' title='bbox 2145 4837 2489 4893; x_wconf 88' lang='lat' dir='ltr'><strong>apponam...</strong></span> <span class='ocrx_word' id='word_1_747' title='bbox 2526 4829 2721 4891; x_wconf 90' lang='lat' dir='ltr'><strong>potens</strong></span> <span class='ocrx_word' id='word_1_748' title='bbox 2789 4820 2933 4876; x_wconf 93' lang='lat' dir='ltr'><strong>scire</strong></span> <span class='ocrx_word' id='word_1_749' title='bbox 2993 4819 3268 4887; x_wconf 72' lang='lat' dir='ltr'><strong>cmlestia,</strong></span> <span class='ocrx_word' id='word_1_750' title='bbox 3327 4828 3383 4874; x_wconf 91' lang='lat' dir='ltr'><strong>et</strong></span> <span class='ocrx_word' id='word_1_751' title='bbox 3427 4819 3534 4873; x_wconf 92' lang='lat' dir='ltr'><strong>loci</strong></span> <span class='ocrx_word' id='word_1_752' title='bbox 3571 4821 3736 4890; x_wconf 85' lang='lat' dir='ltr'><strong>posi-</strong></span> 
     </span>
    </p>
   </div>
   <div class='ocr_carea' id='block_1_106' title="bbox 2148 4910 3737 4984">
    <p class='ocr_par' dir='ltr' id='par_1_106' title="bbox 2148 4910 3737 4984">
     <span class='ocr_line' id='line_1_107' title="bbox 2148 4910 3737 4984; baseline -0.001 -14"><span class='ocrx_word' id='word_1_753' title='bbox 2148 4915 2328 4970; x_wconf 88' lang='lat' dir='ltr'><strong>tiones</strong></span> <span class='ocrx_word' id='word_1_754' title='bbox 2362 4913 2707 4984; x_wconf 90' lang='lat' dir='ltr'><strong>angelorum,</strong></span> <span class='ocrx_word' id='word_1_755' title='bbox 2750 4931 2770 4965; x_wconf 75' lang='grc' dir='ltr'><strong><em>ι</em></strong></span> <span class='ocrx_word' id='word_1_756' title='bbox 2817 4921 2926 4968; x_wconf 89' lang='lat' dir='ltr'><strong>etc.</strong></span> <span class='ocrx_word' id='word_1_757' title='bbox 2950 4910 3094 4979; x_wconf 90' lang='lat' dir='ltr'><strong>Quid</strong></span> <span class='ocrx_word' id='word_1_758' title='bbox 3155 4911 3230 4966; x_wconf 90' lang='lat' dir='ltr'><strong>ibi</strong></span> <span class='ocrx_word' id='word_1_759' title='bbox 3289 4920 3476 4966; x_wconf 87' lang='lat' dir='ltr'><strong>contra</strong></span> <span class='ocrx_word' id='word_1_760' title='bbox 3527 4912 3737 4983; x_wconf 87' lang='lat' dir='ltr'><strong>lgnatii</strong></span> 
     </span>
    </p>
   </div>
   <div class='ocr_carea' id='block_1_107' title="bbox 2147 5001 3738 5074">
    <p class='ocr_par' dir='ltr' id='par_1_107' title="bbox 2147 5001 3738 5074">
     <span class='ocr_line' id='line_1_108' title="bbox 2147 5001 3738 5074; baseline -0.001 -14"><span class='ocrx_word' id='word_1_761' title='bbox 2147 5005 2512 5061; x_wconf 86' lang='lat' dir='ltr'><strong>modestiam?</strong></span> <span class='ocrx_word' id='word_1_762' title='bbox 2536 5023 2555 5057; x_wconf 74' lang='grc' dir='ltr'><strong><em>ι</em></strong></span> <span class='ocrx_word' id='word_1_763' title='bbox 2599 5003 2738 5072; x_wconf 89' lang='lat' dir='ltr'><strong>Sibi,</strong></span> <span class='ocrx_word' id='word_1_764' title='bbox 2773 5004 3071 5074; x_wconf 90' lang='lat' dir='ltr'><strong>respondet</strong></span> <span class='ocrx_word' id='word_1_765' title='bbox 3092 5001 3329 5060; x_wconf 69' lang='lat' dir='ltr'><strong>Dallaaus</strong></span> <span class='ocrx_word' id='word_1_766' title='bbox 3349 5043 3365 5071; x_wconf 93' lang='lat'><strong>,</strong></span> <span class='ocrx_word' id='word_1_767' title='bbox 3398 5018 3461 5057; x_wconf 92' lang='lat' dir='ltr'><strong>ea</strong></span> <span class='ocrx_word' id='word_1_768' title='bbox 3492 5004 3738 5072; x_wconf 87' lang='lat' dir='ltr'><strong>tribuit,</strong></span> 
     </span>
    </p>
   </div>
   <div class='ocr_carea' id='block_1_108' title="bbox 2145 5097 3744 5175">
    <p class='ocr_par' dir='ltr' id='par_1_108' title="bbox 2145 5097 3744 5175">
     <span class='ocr_line' id='line_1_109' title="bbox 2145 5097 3744 5175; baseline -0.004 -15"><span class='ocrx_word' id='word_1_769' title='bbox 2145 5120 2270 5175; x_wconf 65' lang='lat' dir='ltr'><strong>quae</strong></span> <span class='ocrx_word' id='word_1_770' title='bbox 2326 5103 2532 5158; x_wconf 90' lang='lat' dir='ltr'><strong>nemini</strong></span> <span class='ocrx_word' id='word_1_771' title='bbox 2580 5101 2796 5157; x_wconf 91' lang='lat' dir='ltr'><strong>mortali</strong></span> <span class='ocrx_word' id='word_1_772' title='bbox 2851 5115 3113 5156; x_wconf 90' lang='lat' dir='ltr'><strong>concessa</strong></span> <span class='ocrx_word' id='word_1_773' title='bbox 3136 5107 3284 5155; x_wconf 92' lang='lat' dir='ltr'><strong>sunt.</strong></span> <span class='ocrx_word' id='word_1_774' title='bbox 3325 5117 3347 5152; x_wconf 75' lang='grc' dir='ltr'><strong><em>ι</em></strong></span> <span class='ocrx_word' id='word_1_775' title='bbox 3375 5097 3515 5166; x_wconf 85' lang='lat' dir='ltr'><strong>Quid</strong></span> <span class='ocrx_word' id='word_1_776' title='bbox 3559 5103 3744 5170; x_wconf 82' lang='lat' dir='ltr'><strong>ergo?</strong></span> 
     </span>
    </p>
   </div>
   <div class='ocr_carea' id='block_1_109' title="bbox 2143 5187 3740 5258">
    <p class='ocr_par' dir='ltr' id='par_1_109' title="bbox 2143 5187 3740 5258">
     <span class='ocr_line' id='line_1_110' title="bbox 2143 5187 3740 5258; baseline -0.004 -8"><span class='ocrx_word' id='word_1_777' title='bbox 2143 5193 2335 5251; x_wconf 86' lang='lat' dir='ltr'><strong>Nonne</strong></span> <span class='ocrx_word' id='word_1_778' title='bbox 2365 5202 2421 5248; x_wconf 85' lang='lat' dir='ltr'><strong>et</strong></span> <span class='ocrx_word' id='word_1_779' title='bbox 2449 5191 2651 5247; x_wconf 85' lang='lat' dir='ltr'><strong>Paulus</strong></span> <span class='ocrx_word' id='word_1_780' title='bbox 2688 5191 2879 5246; x_wconf 88' lang='lat' dir='ltr'><strong>eadem</strong></span> <span class='ocrx_word' id='word_1_781' title='bbox 2901 5229 2916 5256; x_wconf 94' lang='lat'><strong>,</strong></span> <span class='ocrx_word' id='word_1_782' title='bbox 2952 5189 3066 5244; x_wconf 93' lang='lat' dir='ltr'><strong>imo</strong></span> <span class='ocrx_word' id='word_1_783' title='bbox 3096 5199 3151 5242; x_wconf 92' lang='lat' dir='ltr'><strong>et</strong></span> <span class='ocrx_word' id='word_1_784' title='bbox 3181 5188 3391 5258; x_wconf 88' lang='lat' dir='ltr'><strong>majora</strong></span> <span class='ocrx_word' id='word_1_785' title='bbox 3437 5187 3544 5243; x_wconf 88' lang='lat' dir='ltr'><strong>sibi</strong></span> <span class='ocrx_word' id='word_1_786' title='bbox 3587 5202 3740 5243; x_wconf 84' lang='lat' dir='ltr'><strong>con-</strong></span> 
     </span>
    </p>
   </div>
   <div class='ocr_carea' id='block_1_110' title="bbox 2145 5279 3712 5352">
    <p class='ocr_par' dir='ltr' id='par_1_110' title="bbox 2145 5279 3712 5352">
     <span class='ocr_line' id='line_1_111' title="bbox 2145 5279 3712 5352; baseline -0.006 -10"><span class='ocrx_word' id='word_1_787' title='bbox 2145 5301 2302 5342; x_wconf 91' lang='lat' dir='ltr'><strong>cessa</strong></span> <span class='ocrx_word' id='word_1_788' title='bbox 2327 5283 2500 5340; x_wconf 90' lang='lat' dir='ltr'><strong>fuisse</strong></span> <span class='ocrx_word' id='word_1_789' title='bbox 2527 5293 2715 5339; x_wconf 88' lang='lat' dir='ltr'><strong>narrat</strong></span> <span class='ocrx_word' id='word_1_790' title='bbox 2743 5282 2788 5351; x_wconf 79' lang='grc'><strong>’⁵,</strong></span> <span class='ocrx_word' id='word_1_791' title='bbox 2816 5281 2912 5352; x_wconf 90' lang='lat' dir='ltr'><strong>qui</strong></span> <span class='ocrx_word' id='word_1_792' title='bbox 2935 5291 3012 5337; x_wconf 93' lang='lat' dir='ltr'><strong>tot</strong></span> <span class='ocrx_word' id='word_1_793' title='bbox 3029 5280 3339 5337; x_wconf 90' lang='lat' dir='ltr'><strong>visionibus</strong></span> <span class='ocrx_word' id='word_1_794' title='bbox 3355 5288 3411 5334; x_wconf 92' lang='lat' dir='ltr'><strong>et</strong></span> <span class='ocrx_word' id='word_1_795' title='bbox 3437 5279 3712 5335; x_wconf 86' lang='lat' dir='ltr'><strong>revelatio</strong></span> 
     </span>
    </p>
   </div>
   <div class='ocr_carea' id='block_1_111' title="bbox 2145 5371 3736 5446">
    <p class='ocr_par' dir='ltr' id='par_1_111' title="bbox 2145 5371 3736 5446">
     <span class='ocr_line' id='line_1_112' title="bbox 2145 5371 3736 5446; baseline -0.004 -12"><span class='ocrx_word' id='word_1_796' title='bbox 2145 5380 2311 5434; x_wconf 90' lang='lat' dir='ltr'><strong>nibus</strong></span> <span class='ocrx_word' id='word_1_797' title='bbox 2343 5393 2403 5433; x_wconf 92' lang='lat' dir='ltr'><strong>se</strong></span> <span class='ocrx_word' id='word_1_798' title='bbox 2430 5377 2720 5443; x_wconf 89' lang='lat' dir='ltr'><strong>donatum,</strong></span> <span class='ocrx_word' id='word_1_799' title='bbox 2753 5375 2846 5446; x_wconf 93' lang='lat' dir='ltr'><strong>qui</strong></span> <span class='ocrx_word' id='word_1_800' title='bbox 2887 5389 3086 5430; x_wconf 88' lang='lat' dir='ltr'><strong>arcana</strong></span> <span class='ocrx_word' id='word_1_801' title='bbox 3109 5373 3284 5444; x_wconf 78' lang='lat' dir='ltr'><strong>verba,</strong></span> <span class='ocrx_word' id='word_1_802' title='bbox 3318 5387 3438 5443; x_wconf 72' lang='lat' dir='ltr'><strong>quae</strong></span> <span class='ocrx_word' id='word_1_803' title='bbox 3474 5389 3579 5426; x_wconf 84' lang='lat' dir='ltr'><strong>non</strong></span> <span class='ocrx_word' id='word_1_804' title='bbox 3600 5371 3736 5428; x_wconf 63' lang='lat' dir='ltr'><strong>licet</strong></span> 
     </span>
    </p>
   </div>
   <div class='ocr_carea' id='block_1_112' title="bbox 2145 5463 3734 5540">
    <p class='ocr_par' dir='ltr' id='par_1_112' title="bbox 2145 5463 3734 5540">
     <span class='ocr_line' id='line_1_113' title="bbox 2145 5463 3734 5540; baseline -0.003 -15"><span class='ocrx_word' id='word_1_805' title='bbox 2145 5471 2348 5526; x_wconf 85' lang='lat' dir='ltr'><strong>homini</strong></span> <span class='ocrx_word' id='word_1_806' title='bbox 2372 5470 2618 5540; x_wconf 83' lang='lat' dir='ltr'><strong>loqui,se</strong></span> <span class='ocrx_word' id='word_1_807' title='bbox 2649 5466 2930 5523; x_wconf 85' lang='lat' dir='ltr'><strong>audivisse</strong></span> <span class='ocrx_word' id='word_1_808' title='bbox 2973 5465 3243 5521; x_wconf 76' lang='lat' dir='ltr'><strong>testatur?</strong></span> <span class='ocrx_word' id='word_1_809' title='bbox 3280 5463 3442 5520; x_wconf 89' lang='lat' dir='ltr'><strong>Certe</strong></span> <span class='ocrx_word' id='word_1_810' title='bbox 3485 5463 3734 5521; x_wconf 71' lang='lat' dir='ltr'><strong>Daliteus</strong></span> 
     </span>
    </p>
   </div>
   <div class='ocr_carea' id='block_1_113' title="bbox 2145 5557 3732 5634">
    <p class='ocr_par' dir='ltr' id='par_1_113' title="bbox 2145 5557 3732 5634">
     <span class='ocr_line' id='line_1_114' title="bbox 2145 5557 3732 5634; baseline -0.005 -14"><span class='ocrx_word' id='word_1_811' title='bbox 2145 5564 2263 5634; x_wconf 90' lang='lat' dir='ltr'><strong>ipse</strong></span> <span class='ocrx_word' id='word_1_812' title='bbox 2291 5561 2347 5617; x_wconf 90' lang='lat' dir='ltr'><strong>id</strong></span> <span class='ocrx_word' id='word_1_813' title='bbox 2377 5561 2558 5628; x_wconf 85' lang='lat' dir='ltr'><strong>fateri,</strong></span> <span class='ocrx_word' id='word_1_814' title='bbox 2581 5575 2646 5616; x_wconf 92' lang='lat' dir='ltr'><strong>ac</strong></span> <span class='ocrx_word' id='word_1_815' title='bbox 2675 5573 2860 5616; x_wconf 90' lang='lat' dir='ltr'><strong>secum</strong></span> <span class='ocrx_word' id='word_1_816' title='bbox 2886 5560 3053 5629; x_wconf 84' lang='lat' dir='ltr'><strong>paulo</strong></span> <span class='ocrx_word' id='word_1_817' title='bbox 3079 5565 3205 5630; x_wconf 90' lang='lat' dir='ltr'><strong>post</strong></span> <span class='ocrx_word' id='word_1_818' title='bbox 3220 5570 3466 5627; x_wconf 87' lang='lat' dir='ltr'><strong>pugnare</strong></span> <span class='ocrx_word' id='word_1_819' title='bbox 3484 5557 3732 5629; x_wconf 84' lang='lat' dir='ltr'><strong>cogitur,</strong></span> 
     </span>
    </p>
   </div>
   <div class='ocr_carea' id='block_1_114' title="bbox 2145 5646 3732 5708">
    <p class='ocr_par' dir='ltr' id='par_1_114' title="bbox 2145 5646 3732 5708">
     <span class='ocr_line' id='line_1_115' title="bbox 2145 5646 3732 5708; baseline -0.003 0"><span class='ocrx_word' id='word_1_820' title='bbox 2145 5653 2239 5708; x_wconf 90' lang='lat' dir='ltr'><strong>ubi</strong></span> <span class='ocrx_word' id='word_1_821' title='bbox 2273 5653 2391 5708; x_wconf 66' lang='lat' dir='ltr'><strong>haec</strong></span> <span class='ocrx_word' id='word_1_822' title='bbox 2413 5649 2640 5707; x_wconf 89' lang='lat' dir='ltr'><strong>totidem</strong></span> <span class='ocrx_word' id='word_1_823' title='bbox 2669 5649 2852 5705; x_wconf 91' lang='lat' dir='ltr'><strong>verbis</strong></span> <span class='ocrx_word' id='word_1_824' title='bbox 2875 5649 3106 5705; x_wconf 90' lang='lat' dir='ltr'><strong>tradidit</strong></span> <span class='ocrx_word' id='word_1_825' title='bbox 3124 5650 3147 5682; x_wconf 87' lang='grc'><strong><em>³</em></strong></span> <span class='ocrx_word' id='word_1_826' title='bbox 3178 5666 3193 5703; x_wconf 90' lang='lat'><strong>:</strong></span> <span class='ocrx_word' id='word_1_827' title='bbox 3220 5668 3240 5701; x_wconf 73' lang='grc' dir='ltr'>ι</span> <span class='ocrx_word' id='word_1_828' title='bbox 3269 5647 3391 5704; x_wconf 84' lang='lat' dir='ltr'><strong>Jam</strong></span> <span class='ocrx_word' id='word_1_829' title='bbox 3425 5663 3551 5703; x_wconf 88' lang='lat' dir='ltr'><strong>cum</strong></span> <span class='ocrx_word' id='word_1_830' title='bbox 3581 5646 3732 5704; x_wconf 57' lang='lat' dir='ltr'><strong>Pauo</strong></span> 
     </span>
    </p>
   </div>
   <div class='ocr_carea' id='block_1_115' title="bbox 527 5741 2035 5845">
    <p class='ocr_par' dir='ltr' id='par_1_115' title="bbox 527 5741 2035 5845">
     <span class='ocr_line' id='line_1_116' title="bbox 527 5741 2035 5845; baseline 0.001 -19"><span class='ocrx_word' id='word_1_831' title='bbox 527 5768 735 5845; x_wconf 70' lang='lat' dir='ltr'><strong>&#39;j_buc.</strong></span> <span class='ocrx_word' id='word_1_832' title='bbox 757 5777 911 5845; x_wconf 43' lang='lat' dir='ltr'><strong>XXIV,</strong></span> <span class='ocrx_word' id='word_1_833' title='bbox 947 5774 1031 5827; x_wconf 70' lang='lat'><strong>45.</strong></span> <span class='ocrx_word' id='word_1_834' title='bbox 1087 5741 1156 5845; x_wconf 60' lang='grc' dir='ltr'><strong>’ξτ</strong></span> <span class='ocrx_word' id='word_1_835' title='bbox 1187 5790 1306 5844; x_wconf 80' lang='lat' dir='ltr'><strong>cap.</strong></span> <span class='ocrx_word' id='word_1_836' title='bbox 1325 5775 1417 5839; x_wconf 72' lang='lat'><strong>22,</strong></span> <span class='ocrx_word' id='word_1_837' title='bbox 1441 5791 1495 5845; x_wconf 89' lang='lat' dir='ltr'><strong>p.</strong></span> <span class='ocrx_word' id='word_1_838' title='bbox 1523 5775 1648 5828; x_wconf 81' lang='lat'><strong>566.</strong></span> <span class='ocrx_word' id='word_1_839' title='bbox 1684 5775 1854 5843; x_wconf 86' lang='lat' dir='ltr'><strong>Epist.</strong></span> <span class='ocrx_word' id='word_1_840' title='bbox 1881 5776 1946 5829; x_wconf 90' lang='lat' dir='ltr'><strong>ad</strong></span> <span class='ocrx_word' id='word_1_841' title='bbox 1979 5775 2035 5828; x_wconf 51' lang='lat' dir='ltr'><strong>si</strong></span> 
     </span>
    </p>
   </div>
   <div class='ocr_carea' id='block_1_116' title="bbox 2141 5741 3707 5845">
    <p class='ocr_par' dir='ltr' id='par_1_116' title="bbox 2141 5766 3707 5845">
     <span class='ocr_line' id='line_1_117' title="bbox 2141 5766 3707 5845; baseline -0.005 -14"><span class='ocrx_word' id='word_1_842' title='bbox 2141 5794 2188 5831; x_wconf 83' lang='grc' dir='ltr'><strong>η.</strong></span> <span class='ocrx_word' id='word_1_843' title='bbox 2289 5775 2334 5806; x_wconf 73' lang='grc'><strong>’⁸</strong></span> <span class='ocrx_word' id='word_1_844' title='bbox 2358 5790 2476 5844; x_wconf 86' lang='lat' dir='ltr'><strong>cap.</strong></span> <span class='ocrx_word' id='word_1_845' title='bbox 2515 5773 2607 5833; x_wconf 59' lang='grc' dir='ltr'><strong>ἐξ.</strong></span> <span class='ocrx_word' id='word_1_846' title='bbox 2641 5788 2760 5843; x_wconf 88' lang='lat' dir='ltr'><strong>pag.</strong></span> <span class='ocrx_word' id='word_1_847' title='bbox 2791 5770 3039 5845; x_wconf 32' lang='grc' dir='ltr'><strong>ὄϐα-’³⁸</strong></span> <span class='ocrx_word' id='word_1_848' title='bbox 3070 5785 3195 5845; x_wconf 69' lang='lat' dir='ltr'><strong>pag.</strong></span> <span class='ocrx_word' id='word_1_849' title='bbox 3223 5768 3350 5845; x_wconf 63' lang='grc' dir='ltr'><strong>βοὶ.</strong></span> <span class='ocrx_word' id='word_1_850' title='bbox 3393 5769 3450 5844; x_wconf 48' lang='grc' dir='ltr'><strong>σί</strong></span> <span class='ocrx_word' id='word_1_851' title='bbox 3475 5782 3599 5840; x_wconf 86' lang='lat' dir='ltr'><strong>cap.</strong></span> <span class='ocrx_word' id='word_1_852' title='bbox 3627 5766 3707 5824; x_wconf 65' lang='lat'><strong>33</strong></span> 
     </span>
    </p>
   </div>
   <div class='ocr_carea' id='block_1_117' title="bbox 460 5838 1882 5917">
    <p class='ocr_par' dir='ltr' id='par_1_117' title="bbox 460 5838 1882 5917">
     <span class='ocr_line' id='line_1_118' title="bbox 460 5838 1882 5917; baseline 0.004 -21"><span class='ocrx_word' id='word_1_853' title='bbox 460 5855 513 5914; x_wconf 85' lang='lat' dir='ltr'><strong>p.</strong></span> <span class='ocrx_word' id='word_1_854' title='bbox 547 5838 671 5896; x_wconf 84' lang='grc'><strong>571.</strong></span> <span class='ocrx_word' id='word_1_855' title='bbox 751 5844 771 5874; x_wconf 82' lang='grc'>⁸</span> <span class='ocrx_word' id='word_1_856' title='bbox 800 5838 970 5915; x_wconf 77' lang='lat' dir='ltr'><strong>Epist.</strong></span> <span class='ocrx_word' id='word_1_857' title='bbox 1005 5845 1073 5899; x_wconf 83' lang='lat' dir='ltr'><strong>ad</strong></span> <span class='ocrx_word' id='word_1_858' title='bbox 1112 5838 1303 5916; x_wconf 61' lang='lat' dir='ltr'><strong>Eli/tes.</strong></span> <span class='ocrx_word' id='word_1_859' title='bbox 1373 5838 1538 5917; x_wconf 10' lang='lat' dir='ltr'><strong>‘ic&#39;ap.</strong></span> <span class='ocrx_word' id='word_1_860' title='bbox 1566 5846 1632 5900; x_wconf 71' lang='lat' dir='ltr'><strong>2i</strong></span> <span class='ocrx_word' id='word_1_861' title='bbox 1674 5838 1882 5916; x_wconf 45' lang='lat' dir='ltr'><strong>p.972.</strong></span> 
     </span>
    </p>
   </div>
   <div class='ocr_carea' id='block_1_118' title="bbox 1963 5840 3264 5917">
    <p class='ocr_par' dir='ltr' id='par_1_118' title="bbox 1963 5840 3264 5917">
     <span class='ocr_line' id='line_1_119' title="bbox 1963 5840 3264 5917; baseline -0.005 -17"><span class='ocrx_word' id='word_1_862' title='bbox 1963 5847 1984 5878; x_wconf 73' lang='grc'><strong>⁸</strong></span> <span class='ocrx_word' id='word_1_863' title='bbox 2008 5845 2050 5900; x_wconf 91' lang='lat' dir='ltr'><strong>ll</strong></span> <span class='ocrx_word' id='word_1_864' title='bbox 2072 5840 2201 5903; x_wconf 70' lang='lat' dir='ltr'><strong>Cor.</strong></span> <span class='ocrx_word' id='word_1_865' title='bbox 2234 5863 2332 5915; x_wconf 80' lang='lat' dir='ltr'><strong>xtl,</strong></span> <span class='ocrx_word' id='word_1_866' title='bbox 2372 5847 2392 5901; x_wconf 78' lang='grc'>1</span> <span class='ocrx_word' id='word_1_867' title='bbox 2426 5840 2479 5902; x_wconf 76' lang='lat' dir='ltr'><strong>et</strong></span> <span class='ocrx_word' id='word_1_868' title='bbox 2513 5859 2664 5917; x_wconf 80' lang='lat' dir='ltr'><strong>seqq.</strong></span> <span class='ocrx_word' id='word_1_869' title='bbox 2717 5840 2756 5877; x_wconf 68' lang='grc'><em>’³</em></span> <span class='ocrx_word' id='word_1_870' title='bbox 2784 5858 2904 5912; x_wconf 82' lang='lat' dir='ltr'><strong>cap.</strong></span> <span class='ocrx_word' id='word_1_871' title='bbox 2930 5840 3102 5913; x_wconf 63' lang='lat'><strong>29,1).</strong></span> <span class='ocrx_word' id='word_1_872' title='bbox 3137 5841 3264 5896; x_wconf 69' lang='lat'><strong>“4.</strong></span> 
     </span>
    </p>
   </div>
  </div>
