3852 6206
155 294 260 351 $33

1136 288 1202 344 D.
1242 285 1534 344 NOURRII
1569 285 2051 345 DlSSERTATIO.
2100 314 2171 327 -
2205 278 2388 336 PARS
2423 278 2466 334 l.

3322 271 3424 327 554

157 415 243 472 lus
263 415 338 472 ad
358 412 686 472 Corinthios
720 413 970 471 scribens
1001 412 1236 473 dixisset
1270 429 1331 469 se
1359 426 1563 471 arcana
1593 426 1745 482 quae—
1772 421 1818 476 Α
1846 407 2107 462 nimirum
2139 404 2474 476 l‘olycarpus
2510 401 2655 457 haud
2685 400 2849 457 dubie
2871 398 2941 456 ab
2967 413 3035 455 eo
3063 396 3278 468 magnis
3303 413 3427 468 pre-

157 507 282 563 dam
315 506 603 562 audivisse
626 504 813 570 verba,
838 519 962 574 quae
991 504 1199 566 nemini
1220 503 1371 572 loqui
1399 502 1616 570 liceret,
1635 502 1742 566 hoc

159 615 386 669 quoque
439 598 655 670 putavit
713 596 946 666 scriptor
1007 595 1102 651 ille
1156 605 1346 650 noster
1390 608 1494 653 suo
1531 591 1744 664 lgnatio

158 691 497 747 imitandum
527 705 672 746 esse.
699 687 890 758 Itaque
921 703 1047 742 eum
1071 702 1294 758 quoque
1331 684 1468 740 facit
1500 683 1570 740 ad
1596 682 1745 738 Tral-

158 777 348 839 lcnscs
377 781 716 837 scribentem
734 779 1104 852 quorumdam
1125 794 1462 834 arcanorum
1488 777 1744 832 notitiam

154 873 263 930 sibi
295 886 610 929 assumere.
637 870 834 928 Nonne
866 885 1098 940 possum
1127 869 1286 926 vobis
1330 867 1744 939 supercmlestia

155 965 427 1032 scribere,
465 983 485 1018 ι
535 974 642 1021 etc.
713 963 772 1020 Si
813 973 1006 1021 auctor
1058 971 1248 1018 noster
1281 961 1543 1027 Paulum,
1577 969 1639 1017 ut
1665 960 1744 1016 ait

153 1055 416 1124 Dallazus,
444 1057 520 1112 ibi
549 1056 798 1113 imitatus
823 1065 942 1124 est,
964 1057 1108 1113 idem
1150 1055 1386 1112 Dallzeus
1416 1055 1557 1111 falso
1580 1055 1744 1125 plane

151 1149 377 1216 asserit,
412 1149 565 1220 quod
589 1149 683 1205 ille
714 1148 822 1204 sibi
845 1164 912 1205 ea
944 1149 1172 1212 tribuat,
1199 1163 1324 1220 quae
1358 1147 1568 1204 nemini
1589 1161 1742 1203 rnor-

150 1242 246 1296 tali
270 1257 546 1298 concessa
571 1253 720 1299 sunt.

217 1332 402 1388 Instat
429 1332 669 1390 Dallaeus
690 1343 974 1391 auctorem
1009 1343 1262 1389 nostrum
1289 1349 1355 1390 ea
1385 1332 1493 1390 sibi
1518 1331 1745 1388 tribuis-

146 1441 207 1482 se
231 1441 306 1482 eo
342 1425 472 1481 loco
497 1441 564 1481 ac
590 1435 835 1497 tempore
857 1441 970 1496 quo
1001 1426 1168 1482 etiam
1199 1440 1328 1480 vere
1361 1424 1405 1482 si
1435 1424 1739 1490 habuisset,

143 1518 289 1572 nihil
320 1533 556 1574 necesse
585 1529 706 1574 erat
745 1519 1008 1591 explicari
1049 1527 1106 1574 et
1153 1517 1422 1576 ostentari
1447 1518 1488 1571 ⁸.
1537 1515 1645 1573 Sed
1677 1532 1743 1571 ea

144 1616 262 1660 tum
295 1607 406 1662 sibi
438 1608 634 1663 tribuit
676 1607 919 1680 lgnatius
946 1650 961 1676 ,
1008 1624 1137 1666 cum
1168 1607 1555 1665 auctoritatem
1596 1606 1742 1678 apud

143 1697 473 1755 Trallenses
505 1701 770 1773 majorem
794 1703 906 1758 sibi
947 1703 1245 1759 conciliare
1270 1702 1482 1771 voluit,
1521 1717 1627 1773 qua
1661 1703 1741 1757 eis

1848 498 2005 554 cibus
2039 496 2441 566 ciDagitaverat.
2476 492 2547 548 At
2592 491 2830 564 lgnatius
2863 493 2980 548 haec
3023 490 3079 546 in
3113 490 3300 545 eadem
3332 489 3424 544 illa

1843 588 2074 664 epistola
2106 587 2210 658 ipsi
2242 585 2441 654 tradit,
2472 601 2584 640 non
2623 595 2686 640 ut
2730 584 3000 640 tironibus
3026 581 3295 652 magistri,
3327 581 3422 636 sed

1844 689 1905 736 ut
1933 679 2146 735 amicus
2187 678 2386 745 amico,
2412 686 2472 731 ut
2502 676 2686 732 senior
2709 679 2974 746 martyrio
3000 673 3274 742 mortique
3297 685 3421 740 pro-

1845 769 2027 824 ximus
2055 767 2212 823 alteri
2255 767 2419 837 longe
2445 765 2654 837 juniori
2683 765 2835 836 loqui
2881 765 3019 819 solet
3064 771 3120 818 et
3159 761 3420 818 scribere.

1844 859 2120 927 Quantum
2145 868 2326 914 autem
2352 857 2594 928 lguatius
2609 855 2914 928 Polycarpo
2940 863 3098 910 aetate
3116 850 3422 924 provectior

1843 953 2028 1022 fuerit,
2085 953 2211 1008 inde
2257 959 2575 1021 computent
2623 947 2902 1012 Dallzeani,
2944 946 3090 1018 quod
3133 945 3226 1000 ille
3275 957 3422 999 anno

1844 1047 1948 1104 108
1979 1046 2065 1101 vel
2111 1044 2237 1110 109,
2283 1043 2374 1098 hic
2411 1058 2557 1098 anno
2601 1051 2813 1097 tantum
2847 1039 2949 1095 166
2992 1047 3086 1095 aut
3115 1038 3240 1107 169,
3271 1052 3420 1093 mar-

1844 1151 1989 1214 tyres
2017 1139 2342 1196 occubuisse
2363 1137 2632 1193 dicantur.

2409 1249 2642 1309 CAPUT
2686 1248 2853 1305 XVII.

1842 1388 2025 1429 BARUI
2055 1387 2431 1430 EPISTOLARUI
2458 1383 2668 1425 ετϊιωι
2697 1381 2822 1422 ESSE
2851 1378 3049 1420 OMNINO
3073 1373 3418 1419 IGNATIANIJI.

2009 1492 2038 1568 ᾗ
2071 1494 2116 1549 l.
2153 1492 2366 1564 Stylum
2389 1490 2737 1562 epistolarum
2757 1503 2868 1544 esse
2897 1486 3261 1556 Ignalianum.

1911 1608 2120 1667 Caetera
2165 1607 2352 1663 Dallaei
2405 1616 2598 1663 contra
2650 1606 2752 1661 has
2789 1601 3046 1672 epistolas
3077 1607 3417 1670 argumenta,

1841 1715 1909 1756 ex
1956 1715 2144 1755 earum
2180 1700 2431 1755 oratione
2476 1708 2532 1754 et
2575 1696 2756 1752 verbis
2789 1695 3064 1751 ducuntur
3092 1692 3134 1746 ⁸.
3172 1689 3418 1744 Primum

141 1791 364 1847 scilicet
389 1791 684 1866 Polybium
705 1795 952 1866 ipsorum
982 1796 1322 1866 episcopum,
1345 1810 1509 1867 quem
1539 1809 1651 1850 non
1672 1809 1738 1849 ea
1765 1813 1813 1875 Β
1842 1801 2024 1848 autem
2076 1792 2214 1848 illud
2261 1790 2459 1860 arguit,
2510 1788 2659 1860 quod
2697 1800 2793 1842 eas
2817 1803 2837 1837 ι
2861 1784 2980 1856 ipsa
3016 1781 3203 1838 statim
3241 1779 3420 1835 oratio

139 1884 402 1950 omnino,
429 1902 540 1955 qua
564 1901 666 1957 par
691 1897 844 1955 erat,
877 1888 1232 1945 veneratione
1271 1887 1562 1958 complecti
1592 1886 1740 1943 vide-

141 1976 378 2042 bantur,
402 1979 580 2050 magis
601 1981 1032 2050 commendaret,
1055 1989 1222 2052 atque
1241 1995 1339 2039 eos
1356 1981 1621 2036 adversus
1637 1980 1743 2036 ha:-

140 2068 354 2124 reticos
381 2071 640 2129 redderet
678 2077 954 2130 cautiores
988 2091 1053 2130 ac
1085 2072 1369 2131 fortiores.
1404 2072 1560 2129 Hanc
1587 2084 1740 2130 certe

139 2163 213 2217 ob
247 2179 488 2218 causam
543 2165 612 2222 de
644 2170 926 2225 concessis
969 2169 1077 2226 sibi
1110 2185 1140 2224 a
1176 2169 1289 2225 Deo
1331 2169 1740 2241 cognitionibus

138 2272 438 2316 sermones
472 2260 700 2328 miscet;
733 2260 829 2316 sed
863 2261 990 2317 illos
1017 2263 1284 2319 continuo
1330 2277 1460 2318 vere
1500 2261 1740 2333 lgnatia-

139 2367 237 2415 na,
272 2353 336 2408 id
363 2364 472 2420 est,
505 2369 724 2409 summa
750 2355 1062 2412 humilitate
1086 2364 1357 2427 temperat
1385 2372 1401 2410 :
1432 2376 1452 2408 ι
1487 2357 1595 2414 Sed
1627 2373 1738 2414 non

139 2449 294 2514 novi,
334 2449 560 2520 inquit,
591 2451 641 2506 si
684 2451 882 2521 dignus
923 2464 1118 2507 sum...
1154 2449 1361 2507 Praeter
1395 2451 1502 2507 hoc
1525 2452 1640 2522 jam
1683 2462 1741 2509 et

138 2540 470 2612 discipulus
495 2560 641 2600 sum.
675 2563 695 2597 ›

143 2674 171 2746 §
212 2673 508 2759 ll._!‘feque
545 2678 602 2730 in
645 2694 705 2732 eo
736 2679 876 2759 quod
911 2678 1214 2759 TraLleitses
1255 2697 1445 2759 pueros
1482 2683 1736 2752 appellat,

209 2757 310 2823 qut
346 2751 506 2823 in__iis
528 2763 645 2823 qua:
673 2751 888 2820 scripsit
913 2752 988 2804 ad
1012 2751 1394 2823 Polycarpum,
1425 2751 1610 2808 lteram
1626 2770 1741 2809 esse

213 2814 430 2887 Ignatii
456 2814 788 2874 modestiam.

214 2922 471 2981 Rursum
505 2925 742 2984 Dallatus
788 2927 1016 2999 opponit
1064 2943 1260 2999 parum
1301 2940 1736 2988 consentaneum

139 3015 320 3070 videri
351 3014 667 3074 Trallenses
697 3017 924 3088 νηπίους
956 3035 1169 3090 pueros,
1194 3030 1248 3076 et
1272 3021 1514 3079 infantes
1541 3023 1611 3078 ab
1633 3038 1738 3078 au-

140 3115 301 3157 ctore
332 3111 531 3158 nostro
570 3104 857 3174 appellari,
881 3121 1022 3176 quos
1055 3106 1146 3162 ille
1194 3107 1312 3177 ipse
1355 3123 1531 3178 nuper
1563 3128 1582 3161 ι
1620 3108 1736 3165 Deo

139 3195 373 3265 dignos.
399 3205 457 3252 et
492 3209 731 3253 mentem
766 3198 1103 3270 inculpatam
1134 3209 1190 3256 et
1225 3200 1656 3271 insuperabilem
1679 3203 1735 3259 in
1762 3178 1807 3238 θ

139 3286 417 3355 patientia
453 3307 474 3340 ›
501 3287 702 3345 habere
733 3288 893 3345 dixit.
927 3289 1094 3347 Addit
1127 3301 1309 3348 tamen
1337 3293 1572 3351 Dallaaus
1595 3311 1655 3351 se
1685 3296 1741 3352 id

139 3396 253 3438 non
292 3397 519 3450 urgere.
579 3381 685 3439 Sed
718 3399 822 3440 nec
864 3399 1300 3443 commemorare
1347 3388 1462 3444 ullo
1495 3403 1738 3458 unquam

139 3475 310 3530 modo
341 3474 598 3530 debebat.
630 3473 768 3542 Quis
793 3477 940 3532 enim
972 3477 1183 3533 nesciat
1214 3477 1448 3534 Paulum
1486 3480 1741 3534 similiter

140 3581 383 3620 vocasse
433 3565 753 3620 Corinthios
794 3566 1023 3636 νηπίους
1077 3567 1325 3636 parvulos
1370 3575 1426 3622 ct
1460 3565 1737 3633 infantes;

139 3659 408 3728 quamvis
432 3673 533 3713 eos
566 3659 620 3712 in
645 3659 866 3715 Christo
894 3659 1029 3714 etin
1075 3659 1228 3714 omni
1281 3659 1512 3716 scientia
1544 3660 1740 3717 divites

140 3749 390 3804 dixerit?
434 3749 684 3820 Iguatius
732 3750 918 3821 itaque
950 3749 1264 3808 Trallenses
1310 3751 1423 3806 Deo
1450 3751 1646 3822 dignos
1686 3758 1742 3808 et

142 3843 498 3911 inculpatam
551 3850 791 3899 mentem
840 3844 1046 3900 habere
1104 3846 1285 3915 potuit
1316 3861 1600 3912 asserere;
1635 3847 1740 3902 etsi

141 3950 243 3991 eos
269 3937 425 3991 circa
461 3929 814 3992 sublimi'ores
865 3935 1099 3993 Deitatis
1133 3937 1478 4008 cognitiones
1514 3935 1743 4009 νηπίους

141 4027 408 4098 parvulos
435 4037 493 4083 et
517 4027 766 4084 infantes
793 4043 918 4084 esse
950 4029 1136 4086 sciret.

223 4121 506 4178 Violatam
543 4122 727 4178 denuo
776 4121 972 4193 lguatii
1025 4124 1354 4180 modestiam
1407 4124 1465 4178 in
1511 4122 1744 4193 epistola

142 4215 216 4271 ad
247 4217 622 4288 Polycarpum
646 4215 852 4287 duplici
884 4232 952 4270 ex
982 4217 1160 4286 capite
1183 4225 1448 4271 causatur
1477 4215 1743 4283 Dallaaus;

144 4320 266 4365 tum
313 4310 468 4379 quod
516 4317 711 4364 auctor
761 4310 982 4364 titulum
1033 4308 1295 4379 martyris
1336 4307 1442 4362 sibi
1493 4316 1741 4379 arroget,

146 4411 266 4455 tum
297 4401 454 4470 quod
511 4419 530 4452 ι
585 4400 890 4470 Polycarpo
920 4415 1022 4456 suo
1057 4399 1459 4469 condiscipulo,
1486 4408 1542 4454 ct
1569 4399 1746 4454 admi-

143 4497 314 4552 rabili
359 4494 719 4567 Smyrnensis
750 4494 1011 4552 Ecclesia:
1040 4497 1298 4566 episcopo
1327 4494 1396 4550 de
1423 4495 1646 4565 pietate,
1675 4493 1744 4548 de

143 4591 235 4646 sui
267 4589 525 4645 muneris
551 4589 739 4647 olIiciis
771 4589 846 4644 ita
871 4588 1056 4644 omnia
1091 4588 1359 4658 praacipit,
1382 4596 1444 4642 ut
1474 4586 1746 4642 tironibus

145 4683 407 4756 magistri
443 4683 625 4738 solent
657 4683 701 4735 ⁷.
739 4700 760 4734 ι
795 4681 877 4736 Ad
908 4680 1146 4750 primum
1176 4671 1574 4748 respOndemus
1610 4677 1745 4732 titu-

146 4778 264 4832 lum
298 4775 567 4846 martyris
596 4775 652 4828 in
679 4773 1028 4828 Bibliotheca:
1069 4769 1400 4826 Florentium
1439 4771 1747 4825 manuscri-

146 4879 241 4941 pto
289 4868 491 4924 codice
520 4866 710 4922 Graeco
759 4865 1000 4930 sincero,
1047 4878 1150 4918 nec
1192 4862 1555 4932 interpolato,
1586 4869 1640 4918 et
1690 4862 1747 4916 in

146 4963 386 5030 antiqua
443 4959 596 5014 illius
647 4956 843 5012 Latina
879 4955 1133 5012 versione
1156 4953 1379 5009 minime
1402 4953 1654 5024 reperiri.
1688 4951 1747 5009 1d

147 5055 334 5109 cuivis
368 5051 575 5121 legenti
627 5049 703 5104 ita
749 5049 972 5104 obvium
1002 5056 1122 5114 est;
1174 5055 1234 5102 ut
1265 5049 1468 5102 mirum
1521 5046 1595 5101 sit
1639 5060 1748 5116 qua

144 5148 373 5210 ratione
427 5142 618 5198 Dallazi
667 5141 924 5197 defensor
953 5141 1136 5196 dicere
1167 5140 1368 5196 audeat
1398 5140 1421 5171 ⁸
1451 5156 1466 5192 :
1505 5157 1523 5190 α
1557 5137 1636 5193 Ita
1667 5147 1750 5193 ta-

145 5255 277 5294 men
309 5252 376 5292 se
405 5235 647 5306 appellat
687 5233 744 5287 in
787 5232 1034 5302 epistola:
1059 5231 1126 5286 ad
1155 5229 1517 5303 Polycarpum
1549 5229 1749 5285 inscri-

147 5337 342 5401 ptione
374 5327 601 5392 Graeca,
633 5343 758 5397 quae
808 5325 1133 5396 interpolata
1180 5340 1293 5380 non
1338 5332 1440 5380 est.
1481 5341 1511 5384 ι,
1541 5322 1623 5376 Ad
1661 5337 1749 5377 se-

147 5423 405 5479 cundum
437 5433 572 5476 vero
598 5417 836 5473 dicimus
865 5417 921 5472 in
965 5431 1031 5471 ea
1059 5415 1289 5486 epistola
1329 5413 1598 5484 lguatium
1625 5413 1748 5483 plu-

149 5531 292 5571 rima
338 5526 565 5568 morum
615 5508 945 5581 pietatisque
972 5507 1264 5574 tradidisse
1292 5515 1598 5577 praecepta,
1627 5518 1751 5575 quae

223 5703 245 5732 ι
273 5714 406 5768 ρας.
439 5696 568 5768 373.
663 5696 684 5726 τ
712 5693 963 5768 φιλ-24,
993 5711 1046 5766 ιι.
1088 5697 1215 5765 275,
1245 5695 1371 5753 276.

154 5772 201 5804 "
226 5765 520 5827 «3115252.
600 5769 642 5800 ¹³
677 5766 801 5823 cod.
835 5765 961 5822 2‘29.

1476 5695 1496 5726 ⁸
1526 5709 1647 5765 pag.
1676 5690 1801 5749 291.

1840 1885 2080 1942 ostendit
2127 1899 2236 1940 non
2283 1899 2404 1941 esse
2450 1882 2614 1936 unius
2639 1878 2882 1950 ejusdem
2919 1874 3192 1940 auctoris;
3229 1872 3419 1927 multi-

1840 1979 1964 2049 plex
2005 1978 2148 2049 ipsa,
2198 1992 2377 2047 neque
2405 1975 2570 2031 unius
2605 1971 2821 2044 generis
2861 1967 3230 2024 autcoloris.»
3269 1964 3326 2019 Si
3351 1963 3421 2018 de

1841 2071 1911 2127 iis
1945 2085 2088 2141 quas
2137 2069 2406 2141 genuinas
2435 2081 2673 2137 vereque
2725 2062 2793 2119 ab
2843 2060 3052 2132 lgnatio
3101 2062 3256 2114 datas
3298 2070 3422 2111 esse

1839 2177 2272 2234 propugnamus,
2325 2159 2561 2215 Dallzeus
2603 2158 2893 2228 loquatur,
2947 2151 3000 2206 id
3059 2148 3417 2205 falsissimum

1839 2269 1964 2310 esse
2008 2253 2188 2324 palam
2218 2260 2514 2322 aperteque
2562 2245 3006 2320 pronuntiamus.
3049 2240 3242 2311 Liquet
3272 2239 3420 2294 enim

1839 2345 1962 2401 illas
1989 2360 2184 2402 omnes
2213 2343 2408 2399 eodem
2437 2349 2691 2397 exaratas
2719 2338 2891 2394 fuisse
2923 2335 3066 2406 stylo
3084 2375 3100 2402 ,
3131 2330 3422 2404 apostolici

1840 2437 2048 2493 scilicet
2070 2433 2334 2502 hominis,
2363 2432 2432 2488 ad
2474 2430 2797 2502 martyrium
2828 2423 3194 2497 properantis,
3219 2429 3422 2476 morte-

1839 2545 1948 2600 que
1975 2527 2386 2600 quamprimum
2431 2521 2735 2586 alliciendi,
2763 2519 2859 2590 qui
2890 2519 2946 2572 in
2976 2516 3195 2580 itinere,
3228 2513 3422 2569 vincu-

1839 2621 2017 2690 lisque
2059 2626 2316 2684 onustus,
2361 2631 2426 2671 ea
2455 2613 2643 2668 furtim
2676 2625 2742 2665 ac
2780 2615 2993 2667 secreto
3019 2604 3236 2676 scriptis
3266 2618 3423 2657 man-

1838 2712 2009 2780 davit,
2076 2726 2200 2782 quae
2265 2706 2688 2764 ardentissimus
2746 2700 3079 2760 Christianae
3141 2696 3422 2768 religionis

1839 2817 1998 2858 amor
2026 2802 2130 2872 ipsi
2160 2798 2482 2872 suggerebat
2516 2795 2951 2867 inspirabatque.

1843 2916 1885 2991 si
1903 2917 1984 2991 ll._
2010 2915 2198 2991 Vocem
2230 2912 2545 2991 Theophori
2563 2927 2675 2991 esse
2701 2909 3067 2991 ignaua-nam
3087 2947 3103 2973 ,
3128 2919 3272 2960 uoces
3301 2918 3421 2985 pero

1875 2986 2065 3060 ἱερέων
2086 2995 2136 3041 et
2163 2975 2464 3059 ἀρχιερέξυν
2494 2984 2550 3036 in
2575 2975 2813 3052 epistolis
2844 2981 2978 3034 veris
3011 2993 3115 3031 non
3143 2975 3384 3045 reperiri.

1911 3100 2141 3167 Contra,
2171 3099 2349 3168 inquit
2379 3095 2638 3159 Dallaaus,
2688 3101 2881 3148 auctor
2914 3090 3270 3160 epistolarum
3300 3085 3425 3144 ubi-

1839 3208 1948 3264 que
1975 3191 2211 3262 sumpsit
2239 3187 2553 3259 Theopbori
2593 3192 3040 3256 cognomentum,
3072 3179 3219 3252 quod
3245 3193 3424 3249 neque

1839 3283 2084 3357 lgnatius
2113 3282 2218 3337 sibi
2258 3295 2504 3350 unquam
2537 3278 2697 3334 vivus
2746 3275 3043 3346 arrogavit,
3076 3286 3253 3342 neque
3278 3271 3425 3341 apud

1839 3375 2248 3434 vetustissimos
2287 3371 2582 3442 scriptores
2604 3368 2878 3430 auditum,
2905 3367 3064 3436 plane
3088 3362 3342 3418 iictitium
3368 3370 3424 3416 et

1838 3485 1906 3526 ex
1963 3466 2166 3522 fabulis
2222 3473 2406 3520 ortum
2465 3471 2570 3518 est.
2623 3458 2828 3514 Verum
2884 3456 3217 3512 Pearsouius
3270 3453 3425 3509 vocis

1841 3559 2152 3630 Theophori
2181 3554 2562 3626 antiquitatem
2593 3560 2649 3606 et
2678 3565 2843 3607 usum
2875 3558 2987 3603 tam
3011 3547 3160 3604 clare
3190 3546 3422 3602 demon-

1840 3650 2072 3717 stravit;
2128 3656 2191 3704 ut
2236 3642 2428 3700 Dallzei
2479 3642 2740 3698 defensor
2795 3638 2931 3693 illud
2984 3636 3206 3691 tandem
3261 3633 3426 3689 fateri

1839 3753 2066 3800 coactus
2111 3754 2126 3792 :
2182 3756 2201 3789 ι
2262 3733 2485 3798 Multis,
2542 3729 2757 3801 inquit,
2800 3738 3044 3784 veterum
3094 3725 3426 3782 testimoniis

1842 3834 2004 3892 istius
2050 3830 2203 3887 vocis
2238 3843 2412 3884 usum
2459 3841 2524 3881 ac
2572 3820 3000 3878 familiaritatem
3028 3818 3428 3876 demonstravit

1841 3924 2173 3983 Pearsonius
2207 3921 2272 3975 ιθ.
2314 3939 2334 3972 ι
2371 3915 2764 3973 Verumtamen
2793 3911 2886 3966 ille
2914 3910 2969 3966 in
3006 3907 3192 3963 Dallaei
3222 3906 3309 3962 sui
3339 3907 3429 3961 de-

1842 4017 2150 4074 fensionem
2176 4012 2443 4067 adversus
2465 4003 2825 4060 Pearsonium
2863 4002 2944 4058 sic
2973 3999 3156 4071 arguit
3190 4018 3204 4054 ;
3243 4017 3262 4049 ι
3292 3994 3428 4078 Νυιτ

1843 4112 1957 4167 lum
1991 4118 2173 4164 tamen
2199 4102 2511 4172 exemplum
2542 4099 2739 4154 afferre
2759 4095 2937 4167 potuit
2965 4091 3426 4164 sanctipalicujus,

1845 4203 1940 4276 qui
1971 4203 2145 4256 instar
2181 4195 2377 4268 lgnatii
2413 4189 2725 4260 Theophori
2758 4202 3063 4260 cognomen
3091 4184 3196 4239 sibi
3230 4183 3431 4238 tribue-

1844 4300 1938 4355 rit.
1980 4315 2001 4350 ι
2029 4293 2155 4348 Haec
2177 4288 2421 4362 profecto
2459 4283 2662 4340 infirmi
2709 4279 3020 4352 argumenti
3047 4277 3316 4353 inﬁrmior
3347 4283 3432 4334 est

1845 4388 2118 4448 defensio.
2170 4383 2361 4438 Potest
2396 4378 2544 4433 enim
2588 4373 2823 4444 scriptor
2855 4371 3056 4441 aliquis
3094 4368 3314 4440 nomine
3343 4368 3431 4422 vel

1847 4479 2175 4553 cognomine
2205 4475 2302 4539 _ita
2334 4469 2598 4526 inusitato
2647 4473 2702 4519 et
2749 4459 3193 4541 extraordinario
3237 4458 3428 4528 appelr

1850 4575 1989 4638 lari,
2039 4581 2101 4628 ut
2149 4569 2336 4624 nullus
2380 4566 2640 4634 deinceps
2699 4573 2766 4614 eo
2817 4554 3123 4637 nuncupari
3172 4553 3409 4634 voluerit

1850 4664 2054 4722 Deinde
2075 4662 2201 4734 quis
2229 4667 2548 4727 sanctorum
2577 4652 2825 4720 omnium
2856 4646 3079 4726 nomina
3125 4654 3234 4700 tam
3264 4660 3430 4700 accu-

1849 4766 1968 4814 rate
1995 4754 2273 4822 calluisse,
2297 4762 2353 4806 ct
2372 4745 2720 4804 reccnsuisse
2744 4739 2852 4796 dici
2888 4744 3100 4809 potest;
3138 4744 3199 4790 ut
3219 4734 3432 4790 nullum

1849 4849 1936 4905 vel
1967 4855 2114 4914 ante,
2143 4843 2228 4899 vel
2254 4848 2379 4912 post
2411 4835 2608 4908 lgnatii
2647 4841 2864 4890 rctatem
2888 4845 2954 4884 eo
2983 4826 3301 4897 Theophori
3331 4843 3435 4881 no-

1852 4940 2002 5011 mine
2053 4934 2380 5011 insignitum
2428 4927 2605 4985 fuisse
2637 4938 2884 4982 asserere
2917 4919 3154 4976 audeat?
3187 4917 3437 4988 Denique

1851 5047 1964 5101 non
1994 5029 2064 5102 de
2098 5027 2244 5094 aliis,
2291 5023 2382 5080 sed
2426 5022 2495 5078 de
2529 5017 2752 5101 lgnatio.
2789 5015 2907 5096 solo
2934 5013 3029 5069 hic
3056 5012 3287 5083 quaestio
3317 5027 3436 5064 mo-

1850 5096 2205 5190 vetur,'num
2236 5113 2554 5186 Theophori
2596 5095 2898 5190 cognOmen
2953 5105 3185 5161 sortitus
3229 5104 3321 5159 sit.
3365 5105 3436 5157 At

1850 5219 1927 5277 ita
1957 5188 2024 5272 se
2039 5229 2155 5269 rem
2185 5210 2390 5266 habere
2411 5205 2534 5261 aliis
2554 5204 2623 5258 ab
2648 5188 2726 5282 eo~
2745 5198 2984 5280 laudatis
3002 5239 3019 5265 ,
3048 5213 3115 5252 ex
3149 5195 3347 5250 Photio
3369 5195 3432 5259 “,

1852 5285 1908 5369 et
1958 5307 2251 5364 Theodoro
2300 5301 2617 5380 presbytero
2650 5297 2717 5364 ἐ,
2763 5292 3042 5364 Stephano
3098 5286 3432 5380 Cobaroi‘i‘,

1857 5419 2022 5478 atque
2058 5371 2356 5474 Ephremo,
2407 5371 2807 5463 'l‘heopolitano
2861 5386 3008 5441 circa
3069 5395 3276 5436 annum

1854 5470 2188 5572 pairiarcba,
2223 5507 2325 5547 nec
2368 5502 2480 5544 non
2509 5500 2581 5551 ex.
2619 5482 2761 5558 veris
2804 5487 2862 5534 et
2907 5474 3139 5555 sinceris
3183 5470 3432 5558 ejusdem

3037 5663 3092 5713 υς
3115 5658 3254 5732 ςοςιο,
3305 5654 3429 5728 1,26-

1910 5693 1929 5723 ⁸
1959 5702 2081 5758 cap.
2111 5684 2205 5751 25,
2247 5696 2299 5758 p.
2341 5677 2469 5733 577.
2572 5671 2616 5704 ¹⁹
2648 5683 2768 5740 pag.
2805 5663 2934 5722 292.
