3852 6206
443 344 548 402 535

442 466 639 538 Ignatii
694 465 943 538 martyrii

443 561 655 631 liquido
674 560 956 632 probatur.
986 557 1084 614 His
1112 558 1346 628 denique
1367 566 1662 626 possumus
1694 550 2017 605 subnectere

445 652 767 719 Eusebium,
792 650 887 721 qui
927 650 1065 705 nihil
1093 647 1218 704 novi
1254 657 1348 701 aut
1374 642 1609 699 fabulosi
1637 642 1693 697 in
1723 641 1829 695 hoc
1860 635 2017 708 Igna-

444 744 506 798 tii
534 742 864 814 cognomine
898 756 1142 811 unquam
1178 736 1494 809 suspicatus
1526 743 1630 790 est.

514 835 628 893 Nec
657 845 777 891 erat
809 835 953 906 quod
985 833 1218 888 Dailaaus
1244 847 1312 887 ex
1340 828 1521 885 verbis
1553 825 1744 900 ἱερέων
1771 836 1825 881 et
1841 826 2020 897 ἀρχιε-

447 929 589 999 ρέων
621 927 879 997 deinceps
928 926 1158 982 instaret
1186 922 1250 978 “.
1282 922 1379 978 Illa
1421 921 1622 993 quippe
1661 934 1771 975 non
1802 916 1857 971 in
1888 930 2019 971 vero

446 1019 543 1076 sed
587 1017 916 1089 interpolato
944 1016 1299 1087 epistolarum
1350 1022 1500 1069 textu
1552 1010 1921 1081 reperiuntur.
1959 1004 2019 1062 Si

446 1121 629 1168 autem
676 1111 733 1167 in
780 1111 1010 1182 epistola
1052 1110 1118 1166 ad
1172 1092 1706 1177 Ριιιιδᾶθιρὴίθιιερε“
1724 1101 1887 1158 simul
1919 1099 2021 1156 ali-

445 1205 667 1276 quando
689 1212 1003 1271 occurrant,
1032 1202 1232 1259 ibidem
1263 1202 1330 1258 ad
1359 1198 1610 1256 Mosaicae
1637 1197 1771 1269 legis
1796 1195 2019 1266 presby-

448 1308 614 1364 teros,
645 1296 732 1352 vel
760 1295 1037 1351 Christum
1069 1294 1413 1351 sacerdotum
1445 1294 1690 1349 omnium
1722 1289 2019 1362 principem

445 1387 869 1460 signiﬁcandum
898 1388 990 1442 illa
1021 1385 1266 1458 lgnatius
1293 1383 1561 1441 adhibuit.

1006 1516 1236 1576 CAPUT
1270 1516 1458 1574 XVIII.

445 1642 611 1689 τοοεε
646 1648 884 1689 EPISCOPI
924 1649 995 1687 ετ
1036 1647 1363 1687 Ριιεειιῖτεκι
1396 1647 1499 1688 NON
1531 1648 1676 1699 Αιιο,
1713 1648 1855 1698 QUAI
1894 1649 2021 1688 APO-

517 1719 801 1759 S'I'OLORUI
855 1719 925 1758 [τ
977 1718 1217 1758 νικοιιωι
1272 1718 1714 1759 Αροετοιοιοοιυι
1754 1719 1917 1761 διίκεο
1955 1721 2020 1760 ΑΒ

517 1789 736 1830 IGNA'I'IO
777 1789 1103 1829 USIJRPA'I’AB.

449 1887 479 1959 ς
511 1886 551 1941 I.
579 1885 901 1957 lgnatiOJus
932 1886 1098 1955 fuisse
1127 1901 1192 1941 ea
1223 1888 1441 1959 nomine
1464 1885 1848 1959 distinguendi,
1874 1889 2021 1943 ideo-
2051 1874 2094 1929 Β

881 1972 980 2027 que
1009 1965 1144 2013 recte
1165 1974 1230 2013 ea
1255 1958 1586 2013 distinxisse.

515 2071 835 2137 Maximum,
863 2073 1122 2145 quodque
1152 2071 1354 2129 Dalleo
1393 2073 1659 2130 invictum
1688 2072 1902 2133 videtur
1932 2088 2023 2129 ar-

446 2175 767 2237 gumentum
802 2167 869 2233 “,
911 2164 1047 2220 illud
1087 2173 1175 2221 est
1194 2206 1211 2233 ,
1237 2166 1385 2236 quod
1414 2166 1651 2237 scriptor
1681 2173 1868 2221 noster
1894 2179 2020 2234 pre-

446 2258 651 2331 sbyteri
691 2267 748 2313 et
777 2258 1022 2329 episcopi
1062 2258 1316 2326 nomina,
1356 2272 1481 2330 quae
1527 2258 1763 2328 apostoli
1808 2258 2022 2328 virique

447 2350 733 2422 apostolici
761 2349 1012 2421 confuse,
1042 2354 1393 2424 promiscue,
1439 2362 1494 2409 et
1540 2352 2021 2409 indiscriminatim

445 2459 661 2517 semper
700 2453 1064 2515 acceperunt;
1100 2460 1165 2502 ea
1212 2446 1304 2501 ille
1351 2461 1461 2501 non
1495 2445 1664 2502 semel
1702 2454 1756 2500 et
1799 2446 2019 2509 iterum,

446 2537 541 2593 sed
571 2544 852 2608 perpetuo,
888 2546 943 2593 et
987 2535 1044 2591 in
1073 2537 1337 2594 omnibus
1376 2535 1580 2606 ubique
1623 2536 1872 2606 epistolis
1910 2550 2020 2589 non

446 2636 659 2685 tantum
707 2636 964 2685 accurate
1015 2637 1070 2684 et
1121 2628 1377 2700 religiose
1426 2628 1760 2699 distinguat,
1813 2628 1907 2684 sed
1955 2641 2023 2682 eo

447 2735 668 2791 quoque
694 2735 862 2777 sensu
886 2728 1135 2790 usurpet,
1158 2730 1271 2791 quo
1312 2735 1344 2775 a
1373 2721 1518 2776 tertii
1560 2729 1775 2776 tantum
1803 2727 1858 2775 et
1886 2718 2021 2774 sub-

447 2811 794 2882 sequentium
830 2812 1157 2868 saeculorum
1199 2812 1531 2870 Christianis
1575 2823 1836 2883 usurpata
1890 2814 2023 2885 legi-

446 2922 591 2964 mus.
619 2906 742 2975 Quo
786 2921 918 2964 sane
944 2916 1267 2978 argumento
1306 2907 1540 2964 Dallaeus
1566 2908 1886 2978 scriptorem
1917 2923 2020 2963 no-

446 3008 622 3055 strum
671 3014 783 3055 non
829 3008 957 3055 ante
998 2998 1263 3055 saeculum
1306 2999 1528 3055 tertium
1574 3000 1836 3069 epistolas
1890 3014 2022 3056 suas

444 3108 705 3148 exarasse
747 3102 902 3148 certo
935 3108 995 3149 se
1044 3093 1429 3148 demonstrare
1476 3093 1798 3149 arbitratur.
1846 3091 2023 3149 Porro

1514 331 1572 387 S.
1613 323 1964 386 IGNATIUS.
2003 353 2067 362 —
2105 309 2635 377 PROLECOMENA.

991 464 1144 520 Actis
1192 476 1318 517 cum
1372 456 1575 513 Graecis
1633 464 1750 510 tum
1806 446 2013 509 Latinis
2041 457 2085 510 Α
2117 444 2321 515 scopis,
2350 437 2685 512 presbyteris
2723 440 2781 489 et
2814 420 3351 520 diaconis,_singulis
3376 415 3689 520 quibusque

3587 293 3687 348 536

2115 510 2233 607 pro—
2249 510 2371 590 suo?
2383 530 2578 587 ordine
2608 524 2869 588 debitam,
2901 533 3024 607 qua:
3063 515 3184 572 sine
3216 510 3691 607 singulorummo-

2116 600 2331 679 ininum
2354 618 2707 678 distinctione
2732 606 3003 670 declarari
3028 621 3139 662 non
3169 611 3371 675 potest,
3406 600 3463 654 in
3496 600 3694 667 primis

2117 713 2465 773 commendat
2494 719 2549 767 et
2570 705 2835 780 praecipit.

2188 806 2330 864 Huic
2358 813 2539 861 autem
2565 808 2769 858 nostrae
2795 790 3141 867 responsioni
3158 803 3270 845 non
3293 786 3474 843 solum
3497 798 3572 838 ex
3603 781 3695 846 iis,

2119 917 2241 975 qua:
2284 898 2601 970 imprudens
2654 893 2889 957 Dallieus
2932 883 3236 949 concessit,
3441 892 3507 933 ex
3555 876 3695 975 ipsa

2117 968 2284 1051 etiam
2330 968 2655 1063 rigidiorum
2681 986 3195 1058 presbyteranorum
3233 973 3491 1046 opinione
3517 968 3695 1063 pluri-

2120 1099 2273 1142 mum
2301 1061 2517 1139 roboris
2562 1081 2775 1136 accedit
2812 1086 2869 1134 et
2901 1070 3250 1132 ﬁrmamenti.
3291 1064 3504 1121 Etenim
3531 1061 3698 1114 Blon-

2120 1179 2317 1245 dellus,
2333 1190 2447 1247 quo
2473 1189 2634 1230 nemo
2662 1172 2807 1227 inter
2824 1169 3243 1241 presbyteranos
3264 1158 3515 1227 rigidior,
3536 1155 3701 1211 docet

2120 1268 2544 1341 apostolicorum
2582 1265 2826 1319 virorum
2874 1271 3118 1326 tempore
3164 1252 3518 1309 vetustiorem

2121 1335 2401 1432 sbyterum
2430 1357 2487 1413 in
2526 1353 2772 1411 defuncti
2809 1347 3051 1421 episcopi
3083 1347 3263 1423 locum
3293 1341 3443 1395 nulla
3470 1335 3697 1432 quidem

2120 1429 2388 1509 electione
2407 1449 2493 1505 vel
2519 1446 2897 1510 ordinatione,
2928 1440 3025 1498 sed
3070 1439 3189 1496 solo
3226 1432 3575 1504 antiquitatis
3608 1429 3702 1498 ju-

2122 1561 2205 1612 re,
2236 1560 2299 1601 ea
2350 1544 2469 1613 lege
2520 1541 2879 1609 subrogatum
2919 1533 3122 1599 fuisse;
3153 1540 3215 1586 ut
3241 1544 3309 1584 eo
3353 1528 3474 1598 ipso
3504 1523 3703 1595 primae

2121 1635 2427 1700 cathedrae,
2477 1629 2908 1704 praesidialisque
2961 1623 3248 1695 potestatis
3299 1620 3426 1689 jus,
3482 1615 3705 1672 caeteris

2122 1726 2455 1799 presbyteris
2489 1735 2767 1797 negatum,
2795 1722 2874 1777 illi
2903 1720 3257 1777 tribueretur.
3284 1712 3389 1779 Qui
3416 1718 3605 1765 autem
3644 1708 3702 1761 in

2122 1835 2208 1883 ea,
2236 1818 2365 1873 licet
2387 1816 2548 1882 falsa,
2582 1826 2712 1871 sunt
2755 1811 3036 1883 opinione,
3068 1805 3303 1862 inﬁciari
3343 1815 3702 1871 nequaquam

2122 1918 2355 1982 possunt
2384 1924 2583 1965 nomen
2624 1905 2863 1977 episcopi
2895 1900 3252 1975 presbyteris,
3283 1897 3378 1968 qui
3412 1910 3480 1951 eo
3510 1892 3708 1961 prima

2121 2003 2394 2061 cathedra
2452 1999 2883 2072 praesidialisque
2952 1993 3239 2067 potestatis
3300 1990 3427 2060 jure
3498 1987 3703 2058 privati

2122 2106 2317 2162 erant,
2366 2094 2562 2150 merito
2613 2092 2683 2148 ab
2734 2089 2942 2161 lgnatio
2980 2089 3340 2158 denegatum;
3395 2097 3462 2138 ac
3499 2080 3705 2135 merito

2123 2186 2352 2257 proinde
2402 2183 2627 2240 nomina
2669 2179 2913 2252 episcopi
2940 2187 2997 2235 et
3045 2175 3347 2247 presbyteri
3374 2173 3444 2228 ab
3478 2171 3575 2225 illo
3600 2185 3705 2224 nec

2122 2276 2409 2344 confundi,
2452 2290 2554 2330 nec
2595 2272 2910 2345 promiscue
2957 2266 3554 2339 indiscriminatimque
3603 2265 3708 2318 ha—

2122 2369 2261 2423 beri.
2284 2367 2364 2422 Ad
2393 2364 2775 2436 distinguenda
2820 2363 2967 2418 enim
3009 2375 3193 2417 rerum
3239 2359 3483 2423 nomina,
3512 2371 3706 2411 veram

2124 2475 2309 2516 rerum
2357 2462 2601 2529 ipsarum
2639 2454 3054 2512 distinctionem
3086 2453 3222 2510 satis
3248 2465 3523 2522 superque
3553 2463 3705 2513 esse,

2123 2552 2327 2617 nullus,
2350 2551 2568 2621 opinor,
2597 2549 2973 2605 dubitaverit..

2126 2663 2157 2737 δ
2185 2663 2249 2719 II.
2280 2662 2411 2719 Haec
2447 2664 2664 2719 nomina
2693 2665 2764 2737 nl;
2803 2662 3090 2737 apostoiis,
3132 2660 3362 2729 virisque
3389 2655 3707 2726 apostolicis

2676 2734 2844 2804 fuisse
2878 2732 3153 2787 distincta.

2194 2845 2321 2902 Haec
2352 2860 2486 2901 sane
2535 2847 2604 2902 ad
2655 2845 3048 2902 destruendum
3077 2842 3404 2915 penitusque
3444 2848 3707 2897 everten-

2122 2941 2251 2996 dum
2308 2939 2611 2995 maximum
2663 2938 2849 2994 Dallaei
2896 2947 3280 3009 argumentum
3332 2935 3435 2991 etsi
3486 2936 3711 2989 abunde

2123 3032 2397 3089 sulﬁciant
2416 3073 2433 3098 ,
2464 3032 2532 3088 ad
2569 3047 2684 3088 rem
2719 3040 2903 3087 tamen
2930 3031 3105 3103 ipsam
3134 3028 3556 3085 examinandam
3583 3030 3707 3082 ani-

2122 3139 2215 3181 mo
2242 3124 2625 3181 Iubentissimo
2646 3123 3013 3195 aggredimur.
3038 3121 3195 3189 Quod
3221 3121 3387 3192 igitur
3406 3121 3710 3191 apostolos,

445 3201 549 3287 ξοδ
578 3185 671 3287 in?
699 3186 848 3287 serio
873 3194 1175 3287 φθηθιζθθ
1197 3199 1306 3287 ηῨυ
1336 3184 1404 3241 de
1431 3185 1663 3287 ¹Σ⁸ᾸΡ⁸³⁹
1826 3186 1894 3241 de
1924 3201 2017 3241 ⁸⁰³
2045 3211 2092 3273 C
2122 3215 2559 3287 apostolicosque
2585 3184 2745 3271 m5;
2766 3214 2985 3271 duobus
3010 3184 3286 3283 prioribus
3318 3184 3581 3267 Ecclesiae

444 3278 512 3333 lis
563 3277 806 3349 episcopi
859 3286 916 3335 et
963 3277 1264 3349 presbyteri
1310 3277 1628 3334 nominibus
1670 3278 1951 3348 disputare
1996 3296 2011 3333 :

450 3388 471 3420 ι
510 3368 668 3425 Nunc
696 3372 765 3425 de
810 3385 871 3426 re
916 3370 1035 3440 ipsa
1058 3410 1076 3439 ,
1112 3369 1295 3441 inquit
1328 3369 1391 3436 “,
1423 3383 1533 3424 non
1564 3370 1807 3441 disputo.
1838 3368 2018 3425 Done-

444 3476 571 3517 mus
601 3461 926 3519 doctissimo
953 3445 1260 3527 Iiamondo,
1289 3458 1438 3530 quod
1474 3460 1567 3515 ille
1596 3468 1708 3515 tam
1732 3459 2020 3516 vehemen-

446 3564 530 3611 ter
553 3556 726 3627 cupit,
764 3574 785 3609 ι
821 3557 1083 3613 nimirum
1115 3557 1218 3614 hos
1247 3556 1469 3613 ordines
1511 3572 1699 3611 revera
1739 3555 1911 3613 fuisse
1935 3557 2019 3612 di-

445 3649 693 3706 stinctos.
722 3650 791 3707 Et
834 3651 1002 3722 paulo
1040 3659 1211 3722 post:
1250 3669 1271 3704 (
1298 3649 1377 3706 De
1422 3649 1664 3721 episcopi
1713 3657 1926 3706 tantum
1965 3660 2022 3707 et

444 3742 751 3814 presbyteri
812 3744 1131 3801 nominibus
1200 3758 1390 3815 quam
1437 3784 1452 3797 .
1496 3783 1512 3799 .
1557 3782 1573 3799 .
1617 3782 1633 3797 .
1690 3742 1758 3799 de
1817 3744 2019 3814 quibus

444 3849 592 3891 nunc
622 3837 756 3893 solis
776 3837 1017 3908 disputo.
1056 3856 1079 3891 ι

515 3924 721 3982 Verum
762 3928 811 3984 si
859 3928 1102 4000 episcopi
1126 3936 1182 3985 et
1211 3932 1515 4002 presbyteri
1546 3929 1770 3986 ordines
1794 3929 1937 3983 inter
1961 3943 2021 3984 se

445 4034 637 4076 revera
688 4021 932 4078 distincti
980 4022 1206 4090 fuerint,
1249 4038 1456 4096 eosque
1501 4024 1794 4080 distinctos
1851 4023 2023 4080 fuisse

444 4115 717 4171 concedat
746 4114 1002 4183 Dallaeus,
1034 4115 1106 4171 ab
1149 4131 1217 4172 eo
1254 4117 1419 4172 etiam
1450 4115 1643 4187 procul
1676 4115 1845 4173 dubio
1884 4116 2022 4173 con-

446 4205 753 4262 cedendum
783 4215 870 4262 est
897 4208 990 4278 jus
1039 4205 1251 4279 lgnatio
1300 4206 1473 4264 fuisse
1518 4207 1840 4266 earumdem
1875 4206 2025 4261 ordi—

445 4312 580 4352 num
608 4298 832 4354 nomina
857 4299 915 4353 in
940 4298 1188 4369 epistolis
1218 4300 1548 4372 scriptisque
1575 4300 1693 4357 suis
1729 4314 1946 4370 semper
1969 4306 2026 4353 et

444 4389 651 4459 ubique
673 4390 1070 4463 distinguendi.
1094 4390 1289 4448 Nullus
1316 4394 1460 4449 enim
1499 4393 1612 4448 ullo
1640 4407 1882 4463 unquam
1900 4391 2026 4462 jure

444 4484 716 4554 suspicari
760 4495 971 4556 potest,
1022 4487 1310 4558 multoque
1355 4487 1541 4542 minus
1581 4485 1786 4542 inferre
1841 4486 2021 4553 debet,

443 4581 651 4650 scripta
699 4579 944 4635 auctoris
998 4579 1235 4651 alicujus
1282 4580 1407 4636 ideo
1459 4580 1849 4651 proscribenda
1896 4596 2020 4638 esse
2050 4570 2094 4627 Ι)

442 4675 662 4745 ipsique
689 4672 1229 4743 abjudicanda,quod
1258 4673 1313 4727 in
1345 4673 1413 4729 iis
1441 4688 1506 4729 ea
1556 4675 1779 4729 nomina
1821 4674 2020 4729 distin-

442 4769 606 4833 xerit,
629 4781 865 4837 qnorum
887 4767 990 4821 rite
1016 4766 1527 4837 distinguendorum
1556 4767 1650 4838 jus
1678 4777 2023 4840 potestatem-

442 4876 550 4932 que
576 4860 830 4915 habebat.

512 4954 605 5022 At,
644 4954 826 5025 inquit
846 4952 1102 5022 Dallaeus,
1127 4956 1357 5026 apostoli
1387 4957 1604 5027 virique
1640 4956 1927 5028 apostolici
1956 4970 2019 5010 ea

440 5047 667 5101 nomina
699 5060 809 5099 non
835 5044 1152 5101 distinxere.
1179 5046 1309 5102 Esto
1339 5062 1449 5102 non
1476 5048 1827 5103 distinxerim
1844 5089 1857 5102 .
1886 5047 2028 5114 Quid

440 5138 570 5196 inde
622 5137 859 5192 Dallaeus
906 5138 1185 5207 conjicere
1216 5146 1430 5208 potest,
1463 5138 1570 5195 nisi
1618 5139 1740 5195 illos
1776 5140 1901 5210 jure
1923 5154 2026 5195 suo

441 5245 543 5284 nec
573 5242 707 5284 usos
735 5243 881 5294 esse,
912 5244 1015 5284 nec
1064 5228 1143 5283 uti
1173 5229 1435 5296 voluisse,
1460 5246 1571 5301 quo
1600 5231 1819 5302 quidem
1867 5229 2025 5302 Igna-

443 5322 551 5376 tius
583 5323 663 5376 uti
691 5323 887 5388 voluit,
920 5323 1139 5393 sibique
1163 5325 1424 5379 utendum
1456 5340 1579 5382 esse
1602 5326 1771 5396 justis
1802 5326 1868 5380 de
1889 5341 2021 5382 cau—

448 5411 520 5466 sis
548 5413 850 5470 arbitratus
883 5416 1002 5471 est?
1043 5414 1100 5471 In
1150 5417 1397 5486 epistolis
1428 5418 1572 5473 enim
1620 5421 1758 5485 suis,
1784 5435 1925 5490 quas
1953 5417 2022 5473 ad

447 5501 718 5563 Ecclesias
749 5510 1039 5578 dirigebat,
1067 5519 1124 5563 et
1169 5511 1226 5565 in
1274 5510 1343 5566 iis
1371 5511 1586 5580 publice
1621 5512 1878 5583 legendas
1902 5528 2025 5568 esse

447 5596 800 5656 subdubitare
812 5613 1046 5672 poterat,
1059 5602 1423 5659 obedientiam
1438 5620 1504 5660 ac
1524 5605 1882 5661 reverentiam
1909 5607 2024 5676 epi-

2121 3310 2263 3366 culis
2304 3310 2530 3365 nomina
2579 3308 2823 3379 episcopi
2852 3306 3239 3378 etpresbyteri
3274 3320 3489 3375 semper
3509 3304 3713 3359 confu-

2118 3400 2270 3457 disse
2296 3416 2362 3456 ac
2391 3400 2871 3456 indiscriminatim
2912 3407 2970 3454 et
3014 3398 3328 3468 promiscue
3377 3410 3711 3465 usurpasse,

2119 3502 2271 3549 tanta
2309 3492 2509 3549 ﬁducia
2560 3492 2797 3549 Dalleus
2845 3492 3065 3557 asserit,
3123 3491 3178 3547 id
3222 3488 3421 3547 falsum
3476 3490 3715 3544 omnino

2117 3595 2222 3654 est,
2248 3585 2575 3656 penitusque
2620 3585 2894 3640 ﬁctitium.
2936 3583 3006 3640 Et
3033 3584 3211 3654 primo
3240 3583 3464 3654 quidem
3499 3583 3556 3637 in
3607 3585 3714 3638 hoc

2117 3670 2296 3733 falsus
2322 3685 2408 3733 est
2432 3673 2703 3740 Dallzus,
2729 3674 2877 3745 quod
2916 3673 3097 3744 plura,
3124 3688 3293 3744 quam
3339 3688 3438 3742 par
3462 3681 3611 3735 erat,
3642 3691 3711 3731 ex

2120 3767 2243 3839 ipso
2262 3766 2789 3839 Presbyteranorum
2839 3779 3069 3821 suorum
3115 3764 3436 3820 testimonio
3462 3776 3714 3832 tempora

2121 3860 2440 3932 complexus
2486 3861 2579 3916 sit.
2631 3859 2770 3915 Nam
2824 3858 3141 3915 Blondellus
3176 3854 3713 3928 Presbyteranorum

2121 3955 2346 4018 erroris,
2377 3952 2459 4007 uti
2507 3952 2773 4017 diximus,
2822 3950 3129 4007 acerrimus
3173 3948 3450 4014 defensor,
3483 3948 3717 4003 indubi-

2123 4054 2304 4100 tanter
2352 4044 2586 4099 aﬁirmat
2624 4058 2820 4099 novam
2869 4042 3095 4098 creandi
3141 4041 3385 4112 episcopi
3435 4038 3717 4105 formam,

2124 4150 2231 4206 qua
2278 4135 2612 4205 presbyteris
2656 4134 2909 4205 superior
2953 4134 3331 4199 constituitur,
3383 4132 3456 4187 ab
3501 4130 3719 4187 Christi

2124 4242 2273 4283 anno
2298 4227 2404 4283 150
2448 4225 2623 4282 fuisse
2666 4225 3055 4283 introductam.
3087 4224 3159 4279 At
3184 4233 3335 4279 certe
3365 4236 3572 4292 negare
3604 4237 3720 4276 non

2126 4326 2360 4388 possunt
2386 4316 2793 4388 Presbyterani,
2826 4318 2975 4371 hunc
3014 4316 3259 4386 episcopi
3284 4329 3451 4384 supra
3482 4314 3724 4383 presby-

2124 4417 2277 4465 teres
2330 4409 2584 4480 gradum,
2633 4422 2821 4463 secum
2873 4408 3121 4478 ipsorum
3169 4419 3390 4476 quoque
3418 4404 3722 4458 nominum

2130 4503 2404 4558 invexisse
2454 4502 2887 4557 distinctionem.
2933 4497 3053 4554 Non
3095 4502 3242 4554 enim
3288 4497 3396 4552 alia
3426 4496 3497 4551 de
3538 4512 3724 4552 causa

2123 4611 2244 4653 eam
2275 4594 2439 4650 tertio
2467 4594 2671 4650 saeculo
2696 4592 2894 4648 factam
2935 4592 3107 4647 fuisse
3134 4591 3269 4646 dicit
3293 4590 3530 4645 Dallaeus
3552 4630 3572 4657 ,
3609 4592 3723 4645 nisi

2124 4690 2254 4760 quia
2280 4701 2419 4742 nova
2449 4686 2668 4741 creandi
2699 4687 3015 4755 episcopum
3046 4683 3222 4738 forma
3246 4692 3377 4739 tunc
3397 4683 3726 4739 introducta

2123 4790 2229 4837 est.
2276 4779 2415 4835 Cum
2464 4779 2555 4833 illa
2601 4793 2732 4847 ergo
2761 4778 2915 4847 juxta
2954 4775 3379 4848 Presbyteranos
3424 4790 3579 4829 anno
3614 4778 3727 4831 £30

2121 4874 2266 4930 facta
2308 4874 2400 4938 sit,
2433 4871 2776 4943 septuaginta
2825 4870 2955 4924 anni
2993 4884 3026 4924 a
3056 4868 3334 4924 Dallaano
3370 4869 3592 4925 calcqu
3622 4870 3726 4925 de.

2122 4964 2374 5020 trahendi
2398 4972 2548 5019 sunt.

2197 5052 2318 5107 Jam
2358 5067 2490 5107 vero
2529 5052 2575 5108 si
2615 5053 2683 5107 ad
2715 5051 3000 5121 superiora
3042 5060 3291 5121 tempora
3317 5049 3726 5116 ascendamus,

2128 5143 2421 5199 Dallazante
2443 5144 2764 5200 assertionis
2792 5143 3003 5198 falsitas
3037 5142 3258 5212 planius
3300 5141 3728 5212 dilucidiusque

2126 5236 2430 5306 apparebit.
2458 5234 2672 5290 Nemini
2714 5234 2915 5305 quippe
2939 5235 3189 5305 ignotum
3226 5241 3311 5289 est
3335 5249 3503 5304 quam
3535 5248 3727 5303 pauca

2127 5328 2288 5384 nobis
2342 5329 2619 5398 supersint
2667 5327 3103 5397 apostolicorum
3152 5326 3401 5381 virorum
3464 5326 3725 5396 scripta,

2127 5438 2232 5479 nec
2263 5423 2357 5477 ulli
2406 5421 2632 5477 dubium
2686 5435 2812 5476 esse
2850 5429 3052 5491 potest,
3080 5420 3214 5491 quin
3252 5419 3488 5490 plurima
3516 5433 3724 5474 eorum

2128 5529 2293 5584 opera
2347 5513 2460 5568 sint
2506 5511 2781 5584 deperdita
2805 5550 2821 5577 ,
2854 5527 3032 5582 neque
3078 5512 3133 5566 in
3189 5521 3410 5566 nostras
3461 5511 3728 5566 venerint

2132 5621 2347 5662 manus.
2384 5603 2537 5662 Unde
2566 5620 2694 5676 ergo
2723 5605 2981 5676 probabit
3024 5603 3257 5659 Dalbcus
3278 5642 3294 5669 ,
3326 5617 3521 5659 omnes
3551 5602 3721 5672 primi

524 5751 563 5781 "
592 5768 709 5822 cap.
743 5755 834 5824 ‘25,
869 5771 921 5826 p.
956 5755 1083 5812 385.
1163 5760 1205 5790 ”
1234 5774 1353 5829 cap.
1381 5758 1469 5826 ‘26,
1497 5774 1551 5829 p.
1581 5758 1703 5814 386.
1786 5760 1827 5791 "
1862 5774 1984 5831 pag.
2024 5759 2143 5814 586.
