3852 6206
196 312 305 368 537

1181 310 1246 366 D.
1283 310 1574 370 NOURRII
1610 310 2097 371 DISSERTATIO.
2134 342 2205 352 —
2253 306 2432 363 PARS
2469 305 2510 361 Ι.

3376 307 3481 364 538

194 443 254 488 et
286 435 519 490 secundi
549 435 735 491 seaculi
766 436 1067 506 scriptores
1111 436 1325 491 nullum
1364 451 1608 505 unquam
1651 435 1795 490 inter
1822 440 1871 498 Α
1896 432 2350 490 consuetudinem
2386 429 2611 487 secundi
2641 429 2831 486 saeculi
2856 429 3215 501 scriptorum,
3238 428 3333 501 qui
3357 429 3482 486 istis

195 526 448 595 episcopi
497 536 556 582 et
603 527 910 598 presbyteri
955 527 1181 583 nomina
1215 527 1572 584 constituisse
1592 524 1792 582 discri-

196 618 364 671 men?
385 618 644 690 Nunquid
678 619 783 690 ipsi
812 619 959 690 quod
992 619 1049 675 in
1084 619 1383 691 deperditis
1410 619 1637 675 Patrum
1664 633 1795 689 ope-

122 776 125 777 ,
197 710 354 765 ribus
385 712 651 781 scriptum
674 710 860 779 fuerit,
892 710 1225 782 patefactum
1252 711 1377 767 est?

270 800 593 872 Respondet
633 802 867 858 Dallcus
915 818 976 858 se
1002 804 1055 859 id
1086 804 1321 873 probare
1355 818 1425 859 ex
1465 800 1793 874 Cbrysosto-

194 908 312 959 mo,
349 892 726 961 Theodoreto,
764 896 1000 967 aliisque
1049 896 1482 968 posterioribus,
1530 895 1626 966 qui
1675 896 1792 951 haec

195 985 429 1040 nomina
482 988 807 1056 apostolicis
845 989 1186 1058 temporibus
1212 988 1468 1045 distincta
1512 996 1569 1044 et
1594 987 1792 1044 discri-

192 1078 411 1133 minata
462 1078 634 1135 fuisse
680 1092 869 1151 aperte
914 1081 1254 1138 inficiantur.
1302 1080 1449 1137 Bene
1488 1090 1573 1138 est
1615 1089 1787 1148 certe,

142 1192 151 1196 ι
188 1168 340 1237 quod
371 1169 464 1224 ille
495 1184 596 1226 eos
638 1171 801 1229 nobis
844 1171 1117 1243 producat
1149 1181 1337 1237 testes,
1372 1170 1468 1242 qui
1498 1180 1690 1228 contra
1717 1171 1787 1227 il-

186 1258 299 1315 lius
328 1261 650 1331 opinionem
695 1263 1082 1334 gravissimum
1122 1263 1284 1333 plane
1314 1263 1507 1324 dicunt
1535 1263 1787 1321 testimo-

188 1351 371 1406 nium.
419 1350 486 1408 Hi
540 1369 739 1424 nempe
786 1355 1039 1426 quamvis
1069 1356 1273 1426 optime
1328 1365 1556 1412 nossent
1595 1356 1651 1410 in
1699 1354 1788 1412 his

183 1443 447 1512 epistolis
489 1446 717 1501 nomina
760 1448 1004 1519 episcopi
1036 1456 1091 1504 et
1121 1448 1424 1521 presbyteri
1453 1463 1669 1519 semper
1696 1448 1785 1503 di-

182 1535 435 1606 stingui,
460 1552 561 1593 nec
586 1537 733 1594 inter
764 1553 825 1595 se
867 1540 981 1595 ullo
1010 1556 1254 1611 unquam
1292 1539 1457 1596 modo
1484 1539 1781 1607 confundi;

181 1625 308 1681 illas
340 1635 526 1683 tamen
550 1629 765 1699 Ignatio
800 1640 993 1687 nostro
1023 1640 1342 1688 constanter
1373 1632 1781 1703 adjudicarunt.

178 1718 349 1790 Atqui
390 1721 438 1776 si
474 1722 667 1777 eadem
698 1724 924 1779 nomina
969 1724 1040 1779 ab
1083 1723 1342 1781 omnibus
1380 1722 1505 1779 aliis
1534 1722 1701 1794 primi
1728 1731 1784 1778 et

1896 527 2179 583 vocabulis
2253 524 2731 581 indiscriminatim
2799 531 3053 579 utuntur.
3118 541 3140 576 ι
3201 522 3477 593 Optimam

1895 632 2029 672 sane
2072 615 2357 671 Pearsonii
2393 614 2555 670 tidem
2592 612 2788 685 probat
2836 609 3144 668 Dallaeanus
3179 610 3341 666 liber.
3371 609 3477 664 Sed

1892 708 2163 779 quidquid
2218 708 2287 764 de
2335 723 2399 763 ea
2437 706 2536 773 sit,
2582 722 2649 761 ex
2705 706 2791 762 his
2851 703 3109 759 Dalla’ani
3171 700 3478 758 defensoris

1891 801 2095 865 verbis,
2122 800 2255 855 illud
2288 810 2469 855 ratum
2514 809 2837 869 certumque
2880 796 3170 861 habemus,
3202 793 3348 865 quod
3376 794 3478 848 ali-

1893 897 2023 967 qui,
2059 898 2310 963 nemine,
2352 912 2420 952 ne
2458 896 2580 967 ipso
2630 893 2887 966 quidem,
2928 900 2989 947 ut
3028 890 3120 946 ille
3160 890 3308 956 vult,
3351 887 3477 943 Dal-

1889 986 1994 1043 lzeo
2034 986 2373 1058 refragante,
2412 986 2597 1042 saeculi
2651 983 2877 1041 secundi
2918 982 3215 1053 scriptores
3252 978 3473 1035 nomina

1889 1078 2134 1149 episcopi
2188 1087 2245 1134 et
2302 1077 2606 1150 presbyteri
2657 1077 2847 1133 eodem
2906 1091 2972 1131 ac
3028 1073 3273 1147 lgnatius
3311 1073 3475 1129 modo

1888 1172 2263 1231 distinxerim.
2304 1170 2385 1225 Ex
2422 1172 2509 1226 his
2550 1184 2715 1241 porro
2752 1184 2875 1239 qua:
2912 1166 3210 1222 adversarii
3251 1166 3337 1220 vel
3374 1180 3474 1219 vo-

1885 1264 2064 1321 lentes
2098 1266 2184 1321 vel
2224 1265 2378 1319 inviti
2416 1263 2676 1329 fatentur,
2715 1272 2907 1318 contra
2930 1276 3026 1317 eos
3061 1260 3145 1316 sic
3179 1275 3473 1330 argumen—

1892 1356 2210 1413 tamurzﬁze
2243 1356 2489 1427 epistolae
2513 1355 2567 1410 in
2607 1355 2810 1425 quibus
2840 1362 3037 1425 przeter
3074 1369 3236 1409 usum
3265 1360 3320 1407 et
3341 1367 3475 1407 con-

1886 1448 2234 1505 suetudinem
2300 1446 2452 1505 illius
2497 1447 2726 1513 seculi,
2782 1461 2974 1501 verum
3028 1447 3171 1501 inter
3228 1445 3471 1516 episcopi

1885 1548 1942 1596 et
1974 1539 2281 1611 presbyteri
2325 1539 2554 1596 nomina
2586 1537 2886 1594 discrimen
2934 1552 3152 1607 semper
3185 1538 3468 1603 statuitur,

1885 1648 1999 1688 non
2025 1633 2211 1689 minus
2236 1631 2433 1704 lgnatii
2454 1630 2599 1687 fetus
2640 1638 2791 1697 sunt,
2814 1644 2980 1700 quam
3003 1630 3207 1700 scripta
3235 1629 3467 1685 aliorum

1885 1724 2131 1795 ejusdem
2158 1724 2348 1781 seculi
2375 1733 2689 1789 auctorum,
2719 1720 2775 1775 in
2798 1721 3002 1792 quibus
3024 1720 3193 1787 idem,
3219 1721 3472 1791 quamvis

177 1813 418 1866 secundi
466 1814 653 1869 saeculi
678 1815 1045 1886 scriptoribus
1089 1814 1341 1882 confusa,
1374 1824 1432 1870 et
1463 1814 1533 1869 ab
1555 1825 1780 1870 auctore
1815 1788 1855 1848 Β
1884 1818 2087 1882 rarius,
2105 1818 2401 1874 discrimen
2428 1817 2674 1887 ponitur,
2694 1788 2888 1871 eorum
2916 1828 3041 1869 vere
3062 1822 3211 1879 sunt,
3233 1788 3469 1884 quorum

174 1913 380 1960 nostro
430 1916 629 1976 praeter
676 1917 1021 1965 constantem
1072 1909 1501 1979 apostolicorum
1530 1907 1777 1964 virorum

174 2010 344 2051 usum
381 2006 441 2053 et
468 2000 929 2057 consuetudinem
982 2000 1241 2057 distincta
1276 1999 1449 2057 fuisse
1478 2014 1578 2070 pro
1626 2008 1778 2056 certo

172 2087 535 2158 habuissent,
561 2100 671 2147 tam
698 2101 905 2149 certam
942 2092 1011 2149 de
1040 2092 1129 2148 his
1159 2092 1407 2163 epistolis
1435 2090 1644 2164 lgnatio
1674 2092 1777 2149 tri-

170 2178 414 2235 buendis
444 2198 557 2236 non
588 2183 841 2239 tulissent
866 2184 1220 2240 sententiam.

236 2268 394 2335 Quid
423 2286 557 2342 ergo
582 2282 774 2329 contra
808 2282 976 2329 testes
1004 2289 1138 2330 suos
1165 2274 1449 2345 proferent
1477 2275 1777 2333 Dallaeani?

167 2363 448 2421 Dicentne
493 2367 617 2422 illos
664 2368 721 2423 in
768 2384 836 2424 eo
879 2384 1134 2435 errasse,
1182 2372 1331 2441 quod
1367 2372 1467 2429 has
1512 2375 1774 2444 epistolas

166 2456 391 2526 lgnatio
427 2460 823 2531 ascripserint!
864 2460 935 2517 At
981 2462 1031 2517 si
1086 2463 1144 2518 in
1195 2463 1302 2520 hoc
1347 2480 1623 2534 erravere,
1674 2485 1776 2526 cur

165 2566 277 2605 non
308 2550 493 2606 etiam
523 2552 580 2606 in
602 2568 669 2609 eo
697 2551 821 2609 falsi
851 2562 999 2620 sunt,
1031 2555 1183 2624 quod
1208 2555 1277 2611 de
1316 2557 1644 2616 confusione
1672 2576 1775 2616 no-

168 2644 394 2699 minum
428 2645 677 2716 episcopi
707 2653 762 2701 et
787 2647 1093 2719 presbyteri
1122 2648 1343 2719 scriptis
1373 2650 1776 2720 prodiderunt?

164 2735 385 2791 Deinde
432 2738 693 2807 quamvis
737 2738 794 2793 in
846 2739 1018 2809 priori
1067 2740 1246 2810 capite
1286 2742 1499 2812 decepti
1531 2742 1769 2812 fuerint,

162 2844 227 2883 ex
254 2844 465 2884 eorum
491 2839 675 2885 tamen
709 2846 898 2889 errore
933 2832 1125 2888 eadem
1152 2848 1368 2904 semper
1397 2834 1619 2891 elicitur
1638 2851 1770 2892 con-

162 2921 371 2987 clusio,
404 2921 532 2977 illos
581 2937 908 2993 persuasum
951 2924 1183 2981 lirrniter
1237 2925 1497 2982 habuisse
1551 2943 1619 2983 ea
1649 2928 1769 2999 epi-

160 3013 317 3083 scopi
346 3022 407 3068 et
438 3014 746 3085 presbyteri
776 3016 1001 3072 nomina
1027 3032 1138 3072 non
1168 3031 1200 3071 a
1228 3017 1347 3073 solo
1373 3015 1605 3090 Ignatio,
1631 3035 1771 3091 prte-

1880 1910 2204 1968 nominibus
2254 1909 2654 1966 inscribuntur.
2699 1907 2838 1975 Quis
2863 1906 3012 1961 enim
3055 1907 3264 1961 abnuat
3309 1903 3469 1976 lgna-

1880 2003 2024 2058 tium
2053 2001 2299 2073 potuisse
2326 2016 2393 2057 ea
2432 2016 2651 2071 semper
2678 1999 3019 2069 distinguere
3058 1998 3317 2065 nomina,
3345 2012 3472 2068 qua:

1872 2097 2000 2167 jure
2040 2098 2242 2154 merito
2279 2097 2351 2153 ab
2404 2096 2532 2152 aliis
2580 2094 2833 2166 pluribus
2873 2091 3170 2164 aliquando
3209 2090 3469 2147 distincta

1876 2187 2050 2246 fuisse
2101 2198 2314 2245 certum
2378 2202 2609 2259 prorsus
2657 2198 3099 2254 concessumque
3136 2182 3262 2237 est?
3300 2180 3468 2251 Atqui

1875 2281 2180 2338 fatentibus
2208 2279 2579 2348 adversariis,
2626 2279 2812 2351 plures
2863 2275 3092 2334 secundi
3127 2274 3316 2331 saeculi
3362 2289 3468 2328 au-

1875 2386 2056 2432 ctores
2086 2375 2142 2430 in
2173 2374 2446 2445 Operibus
2479 2382 2537 2429 et
2577 2372 2835 2442 scriptis,
2862 2385 2987 2442 quae
3026 2384 3152 2425 vere
3172 2368 3243 2423 ab
3270 2367 3466 2423 iisdem

1874 2478 2007 2525 sunt
2031 2468 2202 2536 edita,
2236 2466 2481 2538 episcopi
2505 2475 2561 2523 et
2580 2465 2884 2537 presbyteri
2909 2462 3134 2519 nomina
3165 2460 3467 2533 aliquando

1872 2562 2270 2619 distinxerunt.
2298 2557 2486 2615 Potuit
2510 2572 2644 2629 ergo
2667 2555 2912 2629 lgnatius
2939 2555 3130 2611 eadem
3161 2554 3385 2611 nomina
3408 2554 3465 2608 in

1870 2653 2119 2722 epistolis
2159 2651 2279 2707 suis
2313 2665 2533 2721 semper
2558 2649 2919 2719 distinguere,
2946 2662 3049 2703 nec
3071 2661 3193 2702 eam
3224 2646 3297 2702 ob
3326 2662 3462 2701 cau-

1872 2761 1990 2802 sam
2016 2744 2219 2800 debent
2245 2743 2348 2814 ipsi
2378 2743 2450 2798 ab
2478 2740 2817 2797 adversariis
2846 2736 3175 2810 abjudicari.

1939 2836 2257 2919 Addamus,
2305 2833 2356 2889 si
2404 2832 2587 2900 lubet,
2638 2830 2781 2902 apud
2821 2829 3118 2885 Eusebium
3160 2826 3461 2883 Ecclesiam

1870 2918 2299 2999 Lugdunensem
2355 2924 2452 2981 lib.
2494 2940 2526 2979 v
2566 2922 2717 2979 Hist.
2752 2938 2876 2993 cap.
2909 2921 2960 2989 Ι,
2994 2920 3313 2991 Dionysium
3348 2918 3459 2973 Co-

1865 3017 2134 3074 rinthium
2164 3016 2259 3071 lib.
2287 3030 2362 3082 tv,
2397 3029 2519 3085 cap.
2534 3014 2627 3080 23,
2659 3012 2999 3085 Polycratem
3022 3010 3118 3067 lib.
3137 3026 3191 3079 v,
3219 3025 3339 3080 cap.
3364 3008 3457 3076 24,

160 3113 252 3201 ter
266 3112 627 3201 constantem
650 3114 972 3201 cancrorum
997 3106 1245 3162 omnium
1272 3124 1483 3165 morem
1501 3119 1557 3167 et
1579 3127 1764 3177 usum,
1792 3140 1838 3201 ε
1869 3113 1926 3167 in
1994 3110 2113 3165 suis
2165 3107 2412 3179 epistolis
2474 3121 2757 3176 nunquam
2805 3103 3125 3175 presbytero
3198 3101 3461 3157 tribuisse

159 3193 256 3249 sed
300 3194 379 3251 ab
421 3194 551 3249 aliis
593 3196 759 3251 etiam
790 3198 1128 3268 quibusdam
1173 3201 1461 3271 apostolici
1491 3203 1594 3259 cvi
1626 3206 1767 3261 scri—

158 3286 420 3356 ptoribus
456 3285 630 3343 fuisse
658 3287 935 3345 distincta.

226 3397 299 3453 Et
321 3407 483 3456 certe
512 3414 630 3455 rem
674 3400 751 3455 ita
792 3416 854 3458 se
880 3402 1087 3460 habere
1115 3405 1244 3462 inde
1274 3406 1581 3477 evincitur,
1613 3410 1762 3482 quod

154 3500 379 3548 ceruum
407 3491 485 3547 sit
522 3493 806 3561 apostolos
838 3495 989 3565 ipsos
1019 3496 1096 3551 ita
1126 3496 1195 3554 de
1228 3498 1534 3571 presbyteri
1561 3510 1615 3557 et
1643 3502 1763 3558 dia-

155 3586 280 3642 coni
331 3585 784 3647 ordinationibus
845 3589 1154 3659 disserere,
1201 3604 1262 3648 ut
1310 3608 1405 3651 eas
1442 3609 1661 3667 semper
1692 3595 1762 3653 ab

152 3683 449 3751 episcopo,
490 3697 776 3752 nunquam
818 3699 851 3738 a
883 3683 1208 3757 presbytero
1238 3684 1359 3741 lieri
1387 3686 1585 3744 debere
1610 3704 1763 3745 asse-

154 3781 377 3829 verent.
400 3774 489 3829 Ad
518 3776 636 3830 haec
660 3788 793 3831 vero
818 3773 1048 3845 Paulus,
1081 3791 1208 3832 cum
1239 3778 1505 3836 adversus
1534 3783 1761 3854 presby-

156 3873 311 3920 teros
331 3864 750 3921 accusationem
776 3865 950 3937 recipi
974 3874 1122 3922 vetat
1150 3884 1164 3921 :
1191 3867 1455 3923 Adversus
1488 3869 1751 3942 presbyte-

156 3973 276 4010 rum
313 3958 431 4011 cito
475 3958 870 4012 accusationem
904 3957 1016 4011 noli
1042 3958 1274 4028 recipere
1312 3959 1391 4026 ";
1426 3959 1502 4015 ibi
1546 3960 1613 4017 de
1638 3963 1758 4033 epi-

1866 3203 2113 3274 episcopi
2135 3216 2358 3256 nomen.
2378 3198 2523 3268 Ergo
2546 3198 2768 3254 nomina
2802 3195 3045 3267 episcopi
3076 3202 3132 3249 et
3156 3193 3460 3265 presbyteri

1866 3312 1976 3352 non
2007 3308 2225 3365 semper
2253 3292 2632 3359 confundunt,
2674 3291 2769 3346 sed
2802 3289 2895 3344 illa
2925 3303 3082 3359 atque
3120 3303 3186 3344 ac
3215 3286 3461 3359 lgnatius

1865 3398 2051 3444 noster
2081 3403 2114 3443 a
2145 3402 2207 3444 se
2231 3386 2469 3442 invicem
2508 3391 2697 3456 aperte
2725 3382 3134 3439 discriminant.

1867 3501 1897 3574 ς
1924 3499 2013 3557 ll].
2032 3499 2396 3571 Respondetur
2421 3494 2702 3619 objectitiati
2732 3508 2798 3549 ea:
2817 3491 3107 3564 Polycarpi
3137 3491 3457 3546 auctoritate

2552 3582 2617 3621 ne
2646 3582 2664 3620 ι
2692 3580 2758 3621 ω.

2552 3582 2758 3639 penus.

1939 3684 2150 3742 instant
2198 3696 2384 3742 tamen
2437 3681 2768 3747 adversarii,
2810 3679 3059 3752 nihilque
3112 3677 3454 3734 remittentes

1861 3783 2062 3849 urgent
2118 3774 2482 3847 Polycarpum
2510 3813 2527 3842 ,
2589 3772 2834 3828 amicitia
2884 3779 2940 3826 et
2992 3768 3188 3826 ordine
3241 3767 3454 3841 lgnatio

1862 3868 2403 3939 conjunctissimum,
2428 3866 2483 3921 in
2508 3864 2737 3936 epistola
2766 3864 2835 3920 ad
2856 3858 3267 3934 Philippenses,’
3282 3860 3452 3916 tacito

1860 3960 2107 4033 episcopi
2164 3961 2410 4029 nomine,
2462 3958 2601 4015 illud
2655 3974 2783 4015 cum
2835 3956 3139 4029 presbyteri
3179 3954 3452 4011 vocabulo

154 4063 326 4119 scopo
353 4048 700 4121 presbyteris
729 4048 1020 4119 superiore
1056 4048 1321 4120 loquitur.
1346 4047 1423 4106 Ex
1458 4052 1544 4107 his
1572 4062 1755 4109 autem
1860 4066 2083 4122 semper
2118 4051 2470 4120 confudisse;
2512 4050 2750 4120 hincque
2779 4063 2906 4105 eum
2937 4048 3145 4103 dixisse
3172 4062 3186 4101 τ
3219 4064 3239 4100 ‹
3268 4046 3451 4113 Quare

154 4156 264 4195 non
297 4140 543 4197 obscure
589 4141 899 4213 colligimus
941 4142 1222 4211 apostolos
1267 4150 1399 4200 tunc
1425 4143 1669 4216 episcopi
1702 4154 1758 4201 et
1856 4153 2190 4216 Oportet...”
2210 4144 2409 4215 subjici
2435 4142 2770 4216 presbyteris
2803 4150 2859 4199 et
2883 4140 3153 4209 diaconis,
3183 4148 3448 4210 tanquam

153 4232 468 4304 presbyteri
500 4233 752 4300 nomina,
796 4248 927 4289 cum
952 4232 1024 4290 de
1050 4232 1248 4291 oﬂiciis
1289 4235 1590 4307 unicuique
1619 4252 1751 4307 pro-
1854 4238 2079 4294 Christo
2123 4245 2181 4293 et
2212 4234 2363 4292 Deo?
2388 4254 2407 4289 ι
2461 4233 2880 4305 Respondemus
2923 4232 3105 4305 primo
3158 4232 3298 4287 nihil
3348 4246 3447 4302 pe-

154 4324 290 4393 priis
333 4325 729 4396 loquebantur,
766 4335 915 4382 recte
936 4325 1298 4394 distinxisse;
1328 4342 1431 4383 nec
1452 4342 1520 4385 ea
1551 4328 1752 4384 confu—
1854 4330 2007 4385 nitus
2036 4343 2106 4385 ex
2130 4327 2233 4384 hac
2255 4327 2544 4399 Polycarpi
2575 4327 2903 4382 auctoritate
2932 4332 3123 4379 contra
3150 4338 3253 4378 nos
3283 4321 3446 4377 θωπί.

153 4416 325 4485 disse,
363 4417 475 4474 nisi
503 4432 631 4473 cum
660 4418 729 4474 de
757 4418 987 4487 muniis,
1010 4434 1135 4490 quae
1163 4419 1415 4493 utrisque
1433 4423 1749 4481 communia
1784 4482 1820 4493 __
1854 4418 2121 4488 Quamvis
2183 4420 2331 4475 enim
2390 4416 2726 4491 Polycarpus
2768 4415 2885 4471 haec
2910 4415 3053 4470 inter
3104 4429 3166 4469 se
3219 4413 3447 4468 nomina

152 4518 337 4576 erant,
369 4524 688 4566 sermonem
717 4511 982 4566 facerent.

221 4597 376 4666 Quid
421 4600 575 4670 quod
612 4607 671 4655 et
716 4599 903 4671 plures
938 4611 1243 4658 occurrunt
1290 4604 1519 4660 secundi
1563 4603 1750 4660 saeculi

152 4692 494 4761 scriptores,
534 4690 632 4763 qui
665 4690 812 4747 idem
845 4706 925 4757 ac,
950 4689 1233 4764 Ignatius,
1256 4693 1399 4750 inter
1420 4694 1666 4766 episcopi
1692 4703 1751 4752 et

154 4781 465 4855 presbyteri
508 4781 736 4838 nomina
782 4782 1115 4852 discrimen,
1154 4785 1514 4855 eamdemque
1551 4786 1751 4842 distin-

153 4878 399 4934 ctionem
428 4884 696 4934 statuere.
733 4877 793 4933 ld
823 4877 1044 4948 quidem
1078 4880 1229 4949 quod
1258 4880 1494 4937 Dallazus
1518 4897 1750 4953 negasse

154 4971 469 5038 videbatur,
488 4977 643 5026 tanta
666 4969 936 5027 evidentia
960 4971 1357 5028 demonstravit
1377 4971 1747 5045 Pearsonius;

155 5072 212 5118 ut
254 5064 330 5119 ab
380 5078 662 5134 anonymo
702 5062 889 5118 Dallaei
930 5062 1222 5119 defensore
1272 5063 1380 5120 hoc
1421 5080 1748 5137 responsum

152 5154 432 5225 acceperit
459 5154 505 5187 “
534 5175 549 5212 :
585 5173 606 5207 r
641 5153 785 5210 Mala
817 5154 925 5211 fide
971 5154 1159 5211 Dallaai
1189 5157 1518 5213 sententiam
1549 5174 1751 5229 repra-

153 5255 356 5315 sentat,
388 5247 553 5318 quasi
581 5255 809 5319 negaret
833 5246 1132 5304 discrimen
1163 5246 1299 5304 illud
1334 5249 1479 5305 inter
1500 5249 1744 5323 episcopi

152 5350 203 5395 et
243 5341 559 5413 presbyteri
609 5340 837 5396 nomina
883 5355 917 5395 a
966 5340 1243 5398 veteribus
1273 5357 1516 5413 unquam
1554 5346 1746 5403 obser-

153 5444 339 5489 vatum
366 5446 513 5489 esse.
536 5429 745 5487 Tamen
781 5429 889 5487 alia
918 5445 1076 5488 mens
1104 5430 1210 5487 fuit
1237 5430 1461 5501 Dallaao,
1484 5435 1580 5506 qui
1605 5436 1748 5493 dun-

152 5534 301 5581 taxat
348 5522 551 5581 asserit
607 5521 876 5593 lgnatium
925 5522 1121 5592 ingens
1162 5537 1381 5594 semper
1443 5526 1745 5586 discrimen

151 5627 396 5673 statuere
447 5616 591 5671 inter
640 5614 759 5669 hac
806 5614 919 5669 duo
969 5615 1218 5682 nomina,
1254 5624 1453 5687 preter
1495 5634 1659 5677 usum
1690 5630 1744 5678 et

254 5766 295 5799 ⁵⁷
320 5764 342 5821 l
370 5762 517 5820 Tim.
561 5779 612 5829 v,
651 5764 731 5818 l9.
834 5764 874 5795 ¹¹¹
902 5781 1023 5837 pag.
1050 5765 1177 5821 300.

1781 4482 1827 4539 Β
1854 4482 2192 4578 confuderit,
2244 4508 2380 4565 illud
2436 4482 2641 4565 tamenu
2672 4505 2884 4578 lgnatio
2942 4504 3037 4575 jus
3078 4519 3189 4559 non
3221 4504 3448 4559 abstulit

1852 4616 1917 4657 ea
1944 4600 2340 4673 distinguendi,
2366 4616 2489 4670 qua:
2508 4598 2577 4654 ab
2602 4598 2727 4653 aliis
2751 4611 2865 4652 suae
2888 4594 3063 4651 atatis
3084 4594 3447 4666 scriptoribus

1854 4692 2118 4749 distincta
2145 4690 2320 4747 fuisse
2350 4689 2583 4746 inliciari
2610 4702 2772 4744 nemo
2804 4693 3001 4756 potest.
3028 4684 3443 4757 Respondemus

1856 4785 2126 4851 secundo,
2158 4783 2430 4839 incertum
2480 4780 2709 4837 omnino
2734 4795 2879 4845 esse,
2909 4786 3096 4835 utrum
3128 4787 3263 4834 tunc
3302 4785 3442 4833 tem-

1854 4880 2005 4951 poris
2047 4894 2175 4935 cum
2220 4891 2379 4934 suam
2420 4875 2755 4947 Polycarpus
2807 4872 3076 4928 scriberet
3127 4872 3442 4943 epistolam,

1851 4971 2282 5043 Philippensium
2298 4970 2591 5041 episcopus
2610 4957 2791 5023 adhuc
2804 4975 2951 5024 esset
2979 4968 3033 5021 in
3050 4967 3208 5023 vivis.
3236 4964 3441 5022 Deinde

1856 5064 1974 5120 haec
2004 5063 2253 5135 epistola
2273 5064 2341 5119 ad
2370 5078 2472 5118 nos
2505 5062 2717 5133 integra
2765 5058 2995 5116 omnino
3022 5068 3079 5114 et
3122 5058 3438 5128 incorrupta

1855 5172 1965 5216 non
1988 5158 2258 5229 pervenit.
2294 5154 2511 5211 Rursus
2536 5169 2638 5227 ego
2670 5153 2943 5209 incertum
2976 5167 3111 5208 num
3152 5151 3209 5205 in
3240 5166 3306 5205 ea
3333 5150 3432 5206 Po-

1854 5249 2113 5322 lycarpus
2169 5250 2373 5305 alicubi
2428 5251 2725 5322 specialem
2791 5249 3032 5321 episcopi
3099 5248 3436 5305 mentionem

1850 5342 2064 5399 fecerit.
2108 5340 2297 5400 Tertio
2334 5344 2577 5415 denique
2619 5345 2889 5400 incertum
2922 5352 3108 5398 utrum
3146 5341 3237 5397 ille
3270 5341 3435 5396 aliam

1847 5435 2159 5505 epistolam,
2189 5452 2313 5508 quae
2340 5436 2408 5494 de
2433 5437 2692 5509 episcopo
2716 5436 3041 5495 nominatim
3064 5437 3279 5509 agebat,
3304 5438 3435 5495 huic

1847 5526 2217 5598 subjunxerit.

1920 5619 2127 5695 Urgent
2164 5622 2382 5680 tandem
2408 5621 2770 5695 Polycarpum
2812 5621 2868 5680 in
2906 5622 3153 5694 ejusdem
3183 5622 3433 5695 epistolae
