3852 6206
1454 309 1512 364 S.
1554 307 1901 364 IGNATIUS.
1947 337 2010 346 ——
2047 300 2581 359 PROLEGOMENA.

3542 299 3648 355 540

386 439 748 512 inscriptione
794 453 854 496 se
900 454 1012 494 non
1054 437 1394 508 episcopum,
1445 434 1542 491 sed
1589 434 1967 504 presbyterum
1999 444 2044 500 Α
2072 437 2306 500 possunt
2374 427 2632 482 facillime
2682 425 2742 478 in
2792 423 3035 478 medium
3087 419 3340 490 proferri.
3395 417 3504 475 Sed
3555 419 3648 475 illa

385 549 614 590 vocasse
665 533 755 589 his
791 531 1041 587 verbiszr
1082 530 1440 601 Polycarpus,
1490 537 1545 583 et
1587 529 1682 599 qui
1735 543 1860 582 cum
1898 541 1966 580 eo

386 625 713 698 presbyteri.
742 626 876 684 sSed
888 627 1005 682 hac
1025 623 1462 679 adversariorum
1489 621 1633 676 ratio
1663 619 1800 674 adeo
1830 619 1965 673 levis

383 726 470 773 est
499 725 555 771 et
589 716 836 782 infirma;
873 723 934 768 ut
960 713 1213 785 Moynius
1239 711 1669 767 Calvinistarum
1693 711 1964 775 minister,

382 823 690 878 eorumque
713 807 1018 879 symmista,
1044 805 1386 860 contrarium
1416 804 1644 858 omnino
1675 819 1742 858 ex
1771 803 1965 857 iisdem

383 901 571 956 verbis
621 908 1003 971 argumentum
1035 898 1330 953 conficiat:
1366 916 1384 948 ‹
1417 895 1536 952 Non
1579 896 1770 953 scribit
1801 894 1966 968 Poly—

385 1007 608 1061 carpus,
652 990 830 1060 inquit
857 989 921 1056 ",
959 990 1265 1062 presbyteri
1308 988 1568 1044 Ecclesiae
1615 987 1966 1061 Smyrnensis

385 1081 849 1153 Philippensibus,
881 1083 976 1137 sed
999 1081 1334 1154 Polycarpus
1363 1091 1415 1138 et
1443 1081 1744 1152 presbyteri
1777 1079 1965 1135 Eccle-

386 1175 484 1229 sia:
513 1173 865 1244 Smyrnensis
898 1172 1158 1228 Ecclesia:
1188 1171 1623 1242 Philippensium
1642 1213 1657 1238 ,
1692 1182 1750 1226 nt
1778 1171 1969 1226 discri-

385 1281 510 1319 men
541 1265 769 1334 aliquod
807 1265 947 1320 inter
976 1279 1036 1318 se
1071 1272 1127 1319 et
1165 1264 1515 1335 presbyteros
1562 1263 1966 1318 observandum

386 1352 656 1417 innueret,
694 1351 1124 1423 dignitatemque
1154 1367 1332 1417 suam,
1375 1363 1429 1407 et
1456 1353 1746 1422 primatum
1782 1353 1968 1422 aliquo

389 1441 552 1496 modo
587 1450 855 1497 tueretur.
905 1440 1041 1496 Nam
1071 1443 1166 1511 qui
1198 1443 1352 1513 paris
1387 1443 1674 1514 dignitatis
1701 1453 1755 1499 et
1779 1453 1968 1498 aucto-

383 1534 563 1590 ritatis
608 1533 968 1605 Polycarpum
1040 1533 1214 1590 fuisse
1288 1551 1412 1590 cum
1474 1536 1590 1592 suis
1637 1535 1968 1606 presbyteris

383 1637 631 1691 censent,
686 1642 768 1680 me
820 1627 896 1680 illi
950 1627 1085 1681 mihi
1133 1628 1389 1683 videntur
1439 1629 1580 1684 tbesi
1628 1644 1742 1683 suae
1781 1629 1965 1696 nimis,

383 1735 550 1788 quam
582 1734 680 1788 par
721 1720 811 1783 sit,
848 1717 1112 1775 fervidius
1153 1729 1208 1775 et
1239 1719 1546 1775 studiosius
1587 1719 1880 1786 δουλεύειν,
1914 1729 1969 1775 et

383 1827 446 1865 ea
484 1812 658 1866 officia
699 1811 1056 1877 confundere,
1105 1828 1226 1882 qua:
1266 1821 1511 1882 tempore
1542 1811 1825 1885 Polycarpi
1853 1813 1968 1882 jam
1999 1802 2042 1856 Β

382 1912 542 1957 erant
569 1903 868 1972 disparata.
907 1923 926 1956 ι
966 1902 1090 1958 Ilaec
1125 1920 1257 1960 sane
1298 1921 1364 1960 ex
1387 1905 1700 1961 Calvinista:
1738 1899 1968 1976 Presby-

382 1994 668 2063 teranique
716 1994 954 2051 hominis
999 2011 1094 2051 ore
1131 1996 1319 2051 elicuit
1363 1997 1586 2063 veritas,
1650 2013 1773 2066 qua:
1815 1997 1869 2050 in
1902 2012 1970 2052 eo

385 2097 532 2141 esset
563 2085 904 2157 incorrupta,
938 2089 983 2142 si
1016 2103 1078 2142 ea
1107 2088 1283 2144 oﬂicia
1325 2098 1379 2144 et
1408 2089 1632 2144 nomina
1669 2103 1778 2142 non
1812 2087 1971 2158 Poly-

385 2178 536 2247 rarpi
586 2187 836 2246 tantum,
888 2181 981 2235 sed
1029 2182 1404 2250 apostolorum
1451 2195 1672 2251 quoque
1725 2189 1968 2250 tempore

385 2269 665 2339 disparata
702 2271 952 2326 dixisset.
988 2271 1066 2326 Ex
1098 2273 1182 2328 his
1216 2282 1397 2329 tamen
1431 2289 1554 2344 quae
1584 2274 1655 2328 ibi
1691 2289 1817 2328 vera
1845 2289 1967 2328 esse
2044 2286 2051 2293 '

385 2365 654 2433 agnoscit,
679 2365 784 2419 ruit
809 2367 994 2435 procul
1019 2366 1188 2421 dubio
1207 2366 1533 2422 Dallzeanum
1560 2376 1963 2438 argumentum,

386 2453 747 2525 funditusque
773 2458 1057 2512 evertitur.

968 2629 1200 2686 CAPUT
1239 2629 1382 2686 XIX.

419 2759 592 2802 κυιιλ
633 2763 684 2800 IN
720 2761 996 2800 EPISTOLIS
1038 2761 1302 2799 AUCTOBIS
1333 2755 1532 2800 NOSTRI
1572 2759 1698 2800 ESSE
1737 2761 1928 2811 νειιΒΑ,

791 2832 908 2879 QUE
949 2831 1052 2870 NON
1094 2831 1215 2870 SINT
1258 2829 1567 2869 IGNATIANA.

776 2927 802 2999 §
843 2926 885 2982 I.
928 2927 1004 2982 De
1041 2928 1211 2983 verbis
1253 2929 1579 2998 compositis.

455 3037 624 3094 Multa
671 3039 774 3094 alia
808 3040 1040 3098 Dallaaus
1087 3058 1146 3098 se
1179 3043 1266 3098 bis
1311 3043 1364 3096 in
1411 3041 1657 3113 episrolis
1697 3041 1967 3096 vocabula

2067 519 2326 576 omnibus
2379 519 2454 572 ita
2510 524 2641 572 sunt
2697 515 2894 580 obvia,
2947 523 3009 568 ut
3050 512 3272 584 longum
3326 513 3650 567 earumdem

2068 626 2266 667 vocum
2292 610 2603 679 catalogum
2645 615 2830 662 texere
2875 605 3210 676 superfluum
3244 606 3317 660 sit
3349 614 3406 660 et
3431 606 3648 660 inutile.

2066 703 2252 774 Neque
2276 718 2406 757 vero
2437 704 2489 756 in
2518 701 2693 756 sacris
2721 709 2934 754 tantum
2960 699 3258 769 Scripturis
3285 713 3382 753 eas
3407 698 3655 768 reperire

2066 800 2168 855 est,
2195 789 2292 845 sed
2336 789 2390 843 in
2440 788 2680 860 genuina
2712 788 2878 843 etiam
2911 787 3209 843 Clementis
3229 788 3484 858 epistola,
3519 803 3653 857 qua:

2068 879 2368 952 lgnatianis
2392 894 2504 934 non
2541 889 2626 936 est
2646 879 2934 949 prolixior,
2975 879 3083 935 illa:
3113 879 3316 935 eadem
3345 894 3510 936 voces
3549 893 3655 934 nec

2066 971 2306 1027 rariores
2333 979 2484 1037 sunt,
2513 985 2614 1026 nec
2641 969 3023 1027 modestiores.

2175 1105 2202 1179 §
2243 1105 2308 1160 II.
2349 1105 2427 1160 De
2458 1121 2628 1160 verats
2652 1121 2776 1160 nove
2799 1116 3089 1179 usurpatis,
3121 1105 3324 1159 scilicet
3354 1102 3528 1173 φύσις,

2733 1185 2782 1230 et
2811 1176 2979 1247 ᾄδειν.

2138 1285 2366 1354 Verum,
2407 1286 2590 1357 inquit
2625 1285 2876 1352 Dallaaus,
2906 1287 3158 1357 quaedam
3190 1286 3353 1340 verba
3405 1285 3646 1355 scriptor

2068 1388 2258 1434 noster
2319 1394 2459 1434 nove
2507 1387 2758 1450 usurpat,
2808 1389 2862 1434 et
2905 1388 3102 1450 printer
3149 1379 3385 1433 aliorum
3417 1394 3651 1434 morem.

2070 1471 2189 1526 Duo
2237 1482 2419 1527 tamen
2460 1472 2729 1527 duntaxat
2786 1473 3124 1541 ejusccmodi
3180 1473 3346 1527 verba
3391 1488 3457 1526 ex
3506 1472 3658 1526 veris

2070 1564 2268 1633 Ignatii
2315 1564 2565 1634 epistolis
2615 1564 2903 1634 desumpta
2951 1564 3111 1619 nobis
3139 1564 3350 1634 objicit.
3403 1563 3654 1618 Primum

2068 1663 2154 1710 est
2202 1655 2425 1710 verbum
2465 1654 2660 1724 φύσιςς
2710 1655 2803 1709 sed
2851 1655 2984 1709 illud
3034 1656 3176 1726 apud
3227 1656 3456 1709 diversae
3505 1655 3659 1708 litte-

2071 1754 2269 1800 ratura:
2313 1746 2608 1816 scriptores
2653 1747 2807 1800 vario
2856 1761 3024 1801 sensu
3075 1755 3398 1816 usurpatum
3433 1747 3663 1816 legitur,

2073 1837 2320 1906 nihilque
2361 1852 2517 1890 nova:
2545 1836 2970 1904 significationis
2996 1837 3138 1906 apud
3169 1837 3437 1907 Ignatium
3467 1838 3654 1892 habet.

2145 1924 2460 1980 Secundum
2501 1927 2730 1980 verbum
2771 1936 2855 1981 est
2890 1927 3056 1998 ᾅδειν.
3088 1928 3230 1997 quod
3264 1925 3497 1981 Dallzeus
3527 1943 3658 1996 poe-

2073 2016 2241 2070 ticum
2281 2030 2403 2070 esse
2440 2015 2596 2070 dicit.
2645 2014 2833 2085 Neque
2876 2025 3057 2071 tamen
3090 2026 3144 2070 et
3189 2018 3242 2071 in
3283 2019 3459 2072 soluta
3487 2018 3658 2071 etiam

2071 2108 2322 2164 oratione
2367 2109 2436 2164 ab
2467 2109 2785 2164 auctoribus
2823 2110 3045 2179 optimis
3083 2126 3224 2180 sazpe
3269 2111 3466 2180 saepius
3499 2111 3657 2165 adhi-

2071 2200 2243 2254 bitun
2304 2201 2396 2256 ille
2443 2201 2666 2274 negabit
2718 2217 2984 2271 unquam.
3036 2200 3239 2268 Quidni
3289 2218 3419 2272 ergo
3477 2211 3532 2257 et
3585 2203 3656 2258 ab

2070 2287 2281 2359 Ignatio
2305 2291 2330 2343 ?

2291 2403 2320 2476 ᾗ
2363 2403 2449 2458 III.
2488 2402 2565 2458 De
2594 2403 2761 2458 verbis
2791 2404 3066 2459 inusitatis
3102 2415 3151 2459 et
3182 2405 3440 2461 obscuris.

2141 2520 2308 2576 Addit
2347 2518 2584 2574 Dallaeus
2633 2519 2687 2572 in
2735 2519 2984 2588 epistolis
3029 2518 3330 2589 Ignatianis
3381 2520 3653 2590 quasdam

2071 2613 2418 2669 obscuriores
2461 2620 2517 2667 et
2535 2611 2826 2666 inusitatas
2862 2626 3025 2668 voces
3078 2611 3334 2668 inveniri.
3385 2613 3656 2680 Quamvis

2071 2705 2123 2759 id
2153 2705 2508 2760 verissimum
2553 2710 2719 2769 esset,
2751 2701 2884 2772 quid
2935 2703 3062 2758 inde
3101 2705 3354 2760 conficiet
3382 2702 3654 2759 Dallaeus?

2069 2795 2330 2867 Nunquid
2380 2795 2671 2866 lgnatius,
2739 2794 2902 2848 sicuti
2963 2794 3194 2864 quilibet
3249 2796 3390 2850 alius
3432 2805 3650 2858 auctor.

2069 2885 2321 2942 obscuris
2363 2893 2418 2939 et
2465 2884 2742 2939 inusitatis
2819 2884 3079 2954 loquendi
3146 2884 3326 2940 modis
3391 2886 3472 2938 uti
3541 2901 3650 2938 non

2069 2977 2283 3047 potuit?
2321 2975 2377 3030 Id
2405 2991 2538 3030 sane
2579 2976 2632 3029 in
2665 2975 2951 3045 principiis
2983 2974 3308 3031 Christianae
3345 2975 3650 3045 religionis,

2071 3085 2193 3140 quae
2220 3083 2362 3123 nova
2393 3077 2448 3123 et
2474 3067 2736 3122 inusitata
2781 3082 2969 3122 secum
3005 3067 3212 3123 invexit
3239 3068 3424 3130 verba,
3454 3082 3654 3137 parum

383 3132 803 3229 δθντθίηῗνδίδδθ
851 3134 953 3229 sibi
997 3134 1455 3229 Vil'clury‘l"?
1492 3135 1815 3229 δθτίριοτίῖφ
1865 3149 1967 3229 mf
1996 3157 2038 3212 C
2072 3172 2219 3218 esset
2256 3161 2541 3227 mirabile;
2593 3161 2686 3216 sed
2741 3160 2914 3215 multo
2955 3161 3139 3214 minus
3172 3160 3225 3213 in
3259 3159 3489 3229 lgnatio,
3533 3161 3657 3215 viro

383 3235 560 3278 strum
585 3224 678 3280 diu
708 3235 833 3294 post
877 3224 1147 3296 Ignatium
1175 3227 1381 3286 vixisse
1408 3226 1628 3296 planum
1674 3225 1830 3280 nobis
1861 3225 1967 3279 uti-

383 3331 491 3384 que
535 3315 743 3372 facinnt
775 3320 844 3373 ὀ.
896 3318 989 3373 Illa
1041 3331 1223 3374 autem
1273 3320 1510 3390 primum
1558 3319 1800 3390 exagitat
1844 3334 1967 3389 qua:

384 3426 414 3463 a
449 3411 731 3465 Blondello
776 3413 930 3482 prius
978 3413 1193 3482 objecta
1242 3413 1484 3480 fuerant,
1538 3413 1760 3466 nomina
1815 3413 1967 3468 varie

383 3505 712 3573 composita,
762 3513 821 3559 ut
869 3505 1238 3577 σαρκοφόρος,
1273 3504 1636 3578 νεκροφόρος,
1681 3513 1734 3559 et
1783 3503 1888 3558 alia
1935 3519 1969 3560 a

384 3596 551 3650 verbo
595 3597 745 3668 φέρω
781 3607 901 3652 orta
924 3641 938 3665 ,
973 3599 1100 3653 item
1143 3598 1249 3652 alia
1292 3614 1322 3652 a
1350 3614 1484 3653 voce
1521 3596 1700 3662 ἄξιος,
1731 3605 1789 3651 ut
1819 3594 1969 3662 ἀξιὸ-

385 3687 602 3752 πλοκος,
661 3689 922 3756 ἀξιόϐεος,
977 3698 1031 3743 et
1086 3690 1192 3744 alia
1244 3689 1481 3760 denique
1519 3705 1548 3744 a
1587 3689 1755 3743 verbo
1801 3687 1957 3754 Θεός,

384 3784 545 3838 sicuti
598 3783 993 3855 Θεομακὰριος,
1052 3783 1383 3855 θεόδρομος,
1443 3791 1550 3838 etc.
1606 3781 1971 3838 Doctissimus

385 3877 607 3946 quidem
639 3876 956 3934 Hamondus
1008 3879 1138 3933 huic
1167 3879 1434 3932 Blondelli
1485 3889 1810 3947 argumento
1853 3880 1968 3949 jam

387 3970 746 4043 responderat
771 3971 988 4025 divinos
1029 3987 1200 4026 sacra:
1231 3970 1529 4040 Scriptura!
1565 3981 1823 4025 auctores
1867 3985 1969 4024 no-

389 4062 634 4118 minibus
693 4063 860 4118 simili
909 4065 1074 4120 modo
1125 4066 1472 4136 compositis,
1519 4082 1754 4137 quorum
1813 4066 1970 4136 plura

387 4155 575 4208 tetulit
599 4157 868 4225 exempla,
897 4173 1030 4212 usos
1051 4174 1272 4228 quoque
1313 4157 1508 4214 fuisse.

463 4245 569 4302 Sed
604 4248 773 4303 instat
800 4249 1036 4305 Dallmus
1060 4251 1131 4318 ²¹,
1175 4267 1239 4305 ea
1271 4267 1393 4320 qum
1427 4267 1492 4305 ex
1531 4250 1704 4306 sacris
1737 4249 1970 4319 scripto-

389 4342 544 4398 ribus
574 4343 802 4398 adduxit
827 4343 1167 4410 Hamondus,
1199 4361 1321 4400 esse
1347 4344 1681 4415 paucissima
1718 4353 1772 4396 et
1803 4340 1970 4397 semel

389 4443 604 4490 tantum
635 4435 704 4490 ab
733 4436 800 4492 iis
831 4436 996 4505 dicta,
1025 4453 1090 4492 ac
1117 4436 1414 4510 lgnatianis
1445 4437 1553 4492 illis
1578 4436 1750 4490 multo
1779 4435 1971 4489 mode-

2067 3254 2390 3325 apostolico,
2422 3253 2515 3323 qui
2557 3250 2818 3321 epistolas
2859 3265 2989 3305 suas
3019 3251 3223 3304 cursim
3259 3291 3274 3316 ,
3319 3259 3375 3304 et
3416 3251 3656 3314 occulte,

2068 3361 2132 3400 ac
2185 3359 2404 3399 suran
2459 3342 2706 3414 martyrii
2759 3341 2956 3396 ardore
2997 3342 3260 3396 incensus
3311 3349 3655 3394 exaraverat.

2073 3432 2459 3490 Verumtamen
2511 3450 2619 3488 non
2666 3433 2788 3488 aliis
2840 3433 2929 3486 ille
2969 3431 3229 3498 vocibus,
3269 3431 3354 3485 vel
3394 3432 3656 3500 loquendi

2069 3527 2245 3583 modis
2279 3544 2413 3595 usus
2445 3536 2562 3594 est,
2596 3542 2761 3592 quam
2802 3525 2870 3580 iis
2901 3525 2995 3594 qui
3033 3526 3086 3577 in
3120 3524 3291 3579 sacris
3324 3523 3656 3594 Scripturis,

2070 3620 2304 3692 aliisque
2344 3630 2486 3674 nota:
2534 3618 2779 3673 melioris
2829 3617 3194 3688 scriptoribus
3240 3617 3420 3672 solent
3462 3630 3663 3670 occur-

2074 3723 2214 3763 rere.

2657 3819 2891 3881 CAPUT
2932 3820 3052 3876 XX.

2246 3951 2298 3989 IN
2338 3950 2424 3991 HIS
2461 3949 2738 3990 EPISTOLIS
2778 3949 2878 3988 NON
2918 3950 3044 3988 ESSE
3089 3948 3290 3988 PRAVAS
3329 3947 3488 3985 PAULI

2684 4020 3054 4059 IIITATIONES.

2181 4115 2208 4187 §
2253 4115 2291 4170 I.
2337 4116 2609 4181 Quantum
2649 4115 2947 4168 adversarii
2983 4113 3085 4168 sibi
3117 4115 3224 4167 sint
3269 4111 3551 4165 contrarii.

2143 4228 2288 4284 Inter
2322 4237 2402 4283 tot
2451 4237 2678 4298 tamque
2706 4228 2922 4283 diversa
2955 4225 3142 4282 Dallaai
3173 4227 3436 4280 adversus
3463 4225 3665 4294 Ignatii

2071 4322 2328 4392 epistolas
2353 4330 2694 4392 argumenta,
2711 4320 2842 4374 illud
2861 4319 3105 4390 profecto
3121 4319 3308 4372 mirari
3322 4317 3488 4383 subit,
3507 4317 3666 4385 quod

2073 4416 2163 4470 ille
2203 4415 2524 4484 scriptorem
2567 4423 2817 4468 nostrum
2873 4428 2982 4466 non
3023 4410 3316 4482 Ignatium,
3359 4411 3454 4465 sed
3485 4409 3662 4464 alium

392 4527 583 4582 stiora.
643 4526 701 4581 Si
746 4528 813 4584 de
856 4501 1167 4599 paucitate'
1203 4531 1497 4585 verborum
1558 4529 1629 4583 ab
1683 4526 1967 4580 IIamondo

2078 4508 2298 4562 omnino
2325 4506 2496 4561 fuisse
2524 4506 2650 4560 inde
2677 4505 2909 4575 probare
2933 4505 3065 4559 velit
3083 4504 3148 4568 ",
3176 4503 3306 4573 quia
3323 4519 3368 4554 :r
3393 4501 3662 4568 Quasdam

391 4619 678 4674 allaturum
753 4619 1113 4690 conqueritur
1139 4619 1395 4685 Dallaaus,
1422 4619 1491 4674 de
1516 4619 1711 4690 majori
1749 4616 1982 4671 Dallaza-'

395 4724 590 4764 norum
633 4727 866 4766 numero
901 4728 1003 4767 nos
1028 4714 1226 4782 potiori
1263 4713 1386 4784 jure
1415 4711 1825 4782 conquerimur.
1877 4709 1972 4766 Ille

393 4798 666 4870 siquidem
707 4810 766 4855 ut
791 4804 1226 4870 compositarum
1275 4803 1421 4874 apud
1472 4802 1740 4873 Ignatium
1771 4817 1970 4857 vocum

395 4899 620 4962 augeret
667 4891 1098 4960 multitudinem,
1151 4909 1255 4948 eas
1296 4908 1423 4962 quae
1468 4892 1524 4946 in
1578 4892 1732 4946 falsis
1777 4891 1976 4962 Ignatii

391 4979 682 5051 epistolis,
750 4981 836 5035 vel
902 4980 957 5035 in
1019 4983 1384 5053 genuinarum
1454 4979 1973 5049 interpolationibus

392 5080 728 5138 occurrunt,
779 5073 903 5128 aliis
950 5073 1226 5128 immerito
1268 5074 1538 5144 adjunxit.
1589 5070 1793 5126 Deinde
1849 5071 1972 5126 ideo

397 5164 718 5220 Hamondus
777 5166 965 5221 decem
1026 5174 1239 5222 tantum
1293 5182 1362 5220 ex
1413 5163 1614 5219 divinis
1672 5161 1973 5233 Scripturis

393 5257 829 5326 compositarum
876 5273 1074 5312 vocum
1130 5258 1360 5330 protulit
1412 5255 1686 5326 exempla,
1733 5255 1878 5325 quod
1907 5269 1972 5308 ea

395 5349 464 5403 ad
496 5365 692 5403 vanam
723 5347 989 5404 Blondelli
1018 5350 1379 5419 objectionem
1411 5347 1808 5405 destruendam
1838 5343 1973 5400 satis

397 5455 671 5512 superque
742 5457 865 5498 csse
927 5444 1225 5499 censuerit.
1295 5442 1366 5498 At
1425 5443 1586 5512 longe
1640 5440 1794 5510 plura
1850 5453 1974 5508 quae

398 5533 606 5602 passim
651 5535 707 5590 in
742 5533 925 5592 Veteri
960 5532 1225 5606 Novoque
1253 5533 1603 5590 Testamento
1645 5539 1968 5598 occurrunt,

415 5684 672 5822 μέθιὲῗη.
699 5692 755 5748 in
779 5687 1062 5764 Polycarp.
1089 5691 1250 5764 epist.
1261 5731 1276 5761 ,
1307 5706 1362 5763 p.
1390 5691 1478 5749 I0.

2069 4598 2224 4654 Pauli
2256 4597 2488 4668 apostoli
2518 4597 2764 4652 studiose
2803 4603 2889 4650 est
2919 4595 3186 4659 imitatus,
3227 4609 3456 4663 sperans
3486 4607 3546 4646 se
3577 4593 3666 4646 his

2073 4691 2242 4747 veluti
2289 4689 2574 4761 apostolici
2627 4687 2882 4757 discipuli
2953 4686 3300 4740 lineamentis
3344 4684 3670 4739 hominibus

2075 4785 2160 4840 sui
2199 4783 2408 4852 saeculi,
2439 4782 2745 4854 prasertim
2783 4781 3023 4850 posteris
3051 4780 3120 4834 ab
3145 4777 3355 4850 Ignatio
3390 4777 3664 4831 remotio-

2076 4878 2253 4944 ribus,
2281 4876 2528 4946 adeoque
2564 4889 2751 4930 rerum
2786 4871 3218 4942 apostolicarum
3257 4869 3443 4924 minus
3477 4868 3668 4938 gnaris

2076 4969 2237 5025 facile
2270 4969 2680 5039 impositurum,
2717 4977 2887 5038 atque
2922 4964 3240 5021 effecturum
3286 4969 3348 5016 ut
3386 4976 3485 5030 pro
3521 4961 3665 5014 scri-

2079 5073 2234 5133 ptnre
2278 5062 2582 5132 apostolico
2624 5060 2944 5116 haberetur.
2979 5075 2999 5110 ι
3048 5055 3315 5110 Eumdem
3360 5054 3508 5108 enim
3535 5051 3668 5107 Dal-

2077 5154 2237 5209 latum
2269 5169 2332 5208 ex
2365 5153 2547 5208 verbis
2586 5151 2826 5222 episcopi
2867 5158 2922 5205 et
2963 5147 3292 5220 presbyteri,
3327 5159 3451 5214 qute
3480 5144 3667 5199 alieno

2079 5263 2110 5302 a
2133 5246 2304 5301 Paulo
2336 5245 2569 5315 apostoli
2604 5259 2770 5300 sensu
2817 5243 2887 5298 ab
2921 5241 3136 5312 Ignatio
3172 5248 3439 5307 usurpata
3467 5253 3667 5308 perpe-

2080 5355 2197 5395 ram
2221 5338 2434 5404 effutiit,
2468 5337 2548 5391 sic
2572 5335 2940 5406 disputantem
2971 5331 3285 5386 audivimus
3305 5330 3390 5383 “z
3421 5347 3442 5381 ι
3474 5326 3664 5397 Nequa

2079 5430 2452 5502 apostolorum
2483 5427 2658 5483 filium
2702 5426 2874 5482 fuisse
2908 5425 3162 5479 diversus
3207 5437 3392 5478 sermo
3421 5418 3663 5474 manife-

2077 5537 2163 5583 ste
2185 5524 2384 5596 arguit,
2403 5537 2564 5594 quem
2589 5534 2780 5577 omncs
2804 5527 2859 5574 et
2881 5517 3257 5588 apostolorum
3281 5512 3662 5570 observantis-

1581 5692 1626 5725 ²⁰
1675 5706 1796 5762 cap.
1829 5689 1923 5758 27,
1950 5707 1967 5762 j

2078 5690 2164 5747 07.
2237 5691 2279 5723 ²¹
2313 5704 2434 5761 pag.
2470 5686 2595 5745 406.
2674 5687 2721 5718 ’⁸
2761 5698 2882 5752 cap.
2911 5676 3002 5745 38,
3035 5691 3091 5748 p.
3126 5675 3253 5732 410.
3332 5673 3378 5706 ³³
3410 5687 3535 5742 cap.
3566 5669 3662 5737 26,
