3852 6206
183 299 286 358 5“

1161 311 1224 367 D.
1262 313 1554 374 NOURRII
1593 319 2072 381 DISSERTATIO.
2111 356 2182 367 —
2227 325 2410 384 PARS
2445 328 2484 384 Ι.

3353 340 3460 396 582

184 426 416 534 :imum,
441 440 502 484 et
522 433 1019 534 cum-apostolicis
1040 436 1224 534 ‘corde
1272 449 1329 495 et
1353 456 1474 510 ore,
1502 445 1687 500 anima
1712 456 1767 502 et
1795 454 1843 512 Α
1869 448 1979 504 lina
2013 449 2318 508 imitatione
2350 455 2602 524 putidum
2644 456 2783 529 quid
2827 459 2898 516 ab
2930 461 3044 518 ullo
3070 476 3314 534 unquam
3355 461 3457 519 ob-

182 518 372 590 lingua
410 521 927 591 coniunctissimum
974 527 1150 587 fuisse
1175 535 1553 592 consentiunt.
1587 557 1606 590 ι
1635 538 1771 605 Quis

179 610 472 678 argutulos
500 611 884 682 hujuscemodi
915 621 1192 691 sophistas
1218 634 1410 682 contra
1435 627 1626 699 lgnatii
1654 633 1773 701 epi-

177 702 358 757 stolas
405 705 762 775 rationibus,
808 709 915 766 sibi
962 712 1195 770 invicem
1252 726 1364 774 tam
1419 722 1771 779 vehementer

176 797 655 865 repugnantibus,
708 801 1051 873 disputantes
1092 822 1202 864 non
1249 811 1516 868 miretur?
1581 813 1770 870 Enim-

175 899 315 941 vero
362 887 411 942 si
465 891 690 947 nomina
736 895 980 968 episcopi
1024 908 1078 954 et
1114 900 1420 973 presbyteri
1467 919 1535 962 eo
1579 920 1766 974 sensu,

176 993 344 1046 quem
378 979 533 1036 Pauli
564 999 687 1040 esse
716 1001 826 1040 non
855 998 1071 1058 putant,
1099 993 1340 1064 scriptor
1386 1005 1578 1052 noster
1617 1000 1769 1054 adhi-

173 1068 326 1136 beat,
360 1072 397 1126 ii
437 1074 676 1131 clamant
703 1078 850 1134 illico
877 1097 892 1135 :
929 1099 947 1133 ι
975 1080 1164 1155 Neque
1192 1088 1567 1157 apostolorum
1592 1090 1763 1148 lilium

174 1159 352 1218 fuisse
375 1167 630 1224 diversus
659 1187 846 1228 sermo
875 1175 1167 1233 manifeste
1195 1192 1394 1253 arguit.
1427 1200 1446 1233 ι
1475 1180 1517 1236 Ε
1546 1191 1764 1238 contra-
1833 1181 1842 1187 ’

171 1254 259 1309 rio
290 1256 338 1312 si
365 1256 522 1313 Pauli
550 1276 715 1319 voces
747 1272 801 1320 et
835 1267 1067 1337 phrases
1101 1269 1190 1325 ille
1219 1281 1449 1342 usurpet
1467 1274 1552 1331 vel
1585 1275 1766 1330 imite-

171 1354 288 1413 tur,
347 1351 693 1409 continenter
740 1355 906 1412 iidem
970 1372 1243 1432 arguunt,
1299 1363 1410 1419 illis
1457 1381 1584 1422 cum
1639 1367 1763 1422 ideo

63 1503 68 1507 ,
171 1454 344 1495 usum
387 1457 549 1509 esse,
586 1455 648 1501 ut
677 1446 987 1519 imponeret
1046 1473 1067 1506 ι
1096 1470 1282 1510 rerum
1330 1459 1761 1527 apostolicarum

168 1534 363 1592 minus
392 1537 605 1620 gnaris,
640 1549 806 1610 atque
851 1543 1088 1601 ediceret
1117 1556 1178 1602 ut
1206 1563 1307 1618 pro
1334 1550 1599 1621 scriptore
1628 1568 1762 1623 apo-

171 1625 382 1680 stolico
419 1626 734 1684 haberetur.
769 1651 786 1683 ι
835 1632 928 1689 Sic
960 1650 1093 1692 sane
1132 1638 1374 1695 immane
1401 1640 1486 1696 his
1513 1641 1760 1711 epistolis

166 1730 512 1788 quocunque
562 1722 780 1777 tandem
812 1725 979 1781 modo
1014 1731 1425 1786 contradicendi
1467 1733 1757 1790 cacoethes

1866 545 2075 616 jectum
2107 546 2282 605 fuisse
2311 549 2532 621 legitur.

1941 635 2097 702 Quod
2149 639 2430 712 subjimgit
2486 642 2742 711 Dallteus,
2798 661 2989 702 vocem
3042 647 3335 718 ἀντίψυχος
3392 661 3459 702 ex

1868 725 2098 785 Paulina
2131 731 2384 804 ἱσόψυχος
2411 733 2481 788 ab
2512 732 2722 805 lgnatio
2751 735 3070 802 formatam.
3103 740 3313 809 puerile
3353 745 3456 800 est,

1869 820 2138 892 planeque
2172 824 2440 894 ineptum.
2485 823 2624 881 Nam
2655 841 2737 883 ea:
2767 841 2930 884 voces
2961 829 3210 885 diversos
3244 831 3462 886 habent

1868 911 2245 983 signiﬁcatus,
2295 923 2348 970 et
2379 931 2486 971 vox
2519 916 2811 988 ἀντίψυχος
2859 932 2970 973 non
3016 919 3160 989 apud
3187 917 3360 975 Paulu
3377 931 3457 981 In,

1869 1003 1965 1058 sed
1997 1005 2136 1062 alios
2167 1007 2462 1078 scriptores
2497 1010 2759 1065 occurrit.

1937 1094 2049 1153 Nec
2081 1098 2310 1168 majoris
2341 1100 2475 1155 illud
2506 1111 2590 1156 est
2623 1101 2912 1171 ponderis,
2952 1103 3098 1172 quod
3131 1102 3278 1158 idem
3311 1103 3443 1159 Dal-

1865 1185 2000 1242 laaus
2032 1197 2188 1258 urget
2215 1189 2261 1220 “
2293 1189 2410 1245 haec
2441 1189 2597 1245 Pauli
2629 1191 2796 1246 verba
2818 1232 2835 1258 ,
2869 1192 3275 1264 ὲλαχιστότερον
3308 1193 3446 1246 πάνυ

1865 1297 1972 1334 των
2003 1281 2208 1350 ἁγίων,
2276 1301 2296 1334 ε
2344 1291 2663 1339 sanctorum
2728 1284 2976 1339 omnium
3034 1285 3323 1339 minimum
3384 1301 3445 1340 se

1863 1389 2006 1440 esse,
2035 1396 2054 1425 ι
2088 1371 2355 1444 lgnatium
2391 1390 2560 1443 prave
2593 1374 2817 1439 imitari,
2846 1391 2969 1430 cum
3004 1375 3137 1430 dicit
3162 1375 3264 1429 οὐκ
3293 1375 3444 1439 ἄξιός

1864 1467 2001 1536 εἰμι,
2047 1465 2131 1520 vel
2173 1465 2250 1528 ὼς
2297 1465 2619 1536 μικρότερος
2669 1464 2843 1534 ὑμῶν.
2908 1463 3205 1520 Postremis
3243 1464 3444 1533 quippe

1864 1558 1950 1613 his
1983 1558 2163 1614 verbis
2199 1572 2309 1612 non
2341 1557 2518 1628 magis
2553 1557 2644 1611 ille
2676 1556 2747 1611 ad
2780 1555 2960 1621 Pauli,
2993 1572 3158 1626 quam
3206 1556 3274 1610 ad
3303 1555 3442 1609 Mat—
3510 1564 3514 1568 '

1864 1651 1991 1706 thaai
2023 1650 2110 1705 vel
2142 1648 2304 1704 Lucae
2347 1648 2676 1704 sententiam
2726 1647 3049 1703 collineasse
3093 1647 3327 1703 videtur.
3380 1645 3439 1700 In

1861 1743 1983 1798 aliis
2017 1758 2147 1797 vero
2185 1740 2600 1810 superioribus,
2634 1740 2721 1794 vel
2767 1739 3095 1802 quibusdam
3144 1739 3438 1804 similibus,

165 1807 369 1864 doctos
391 1809 648 1867 homines
672 1813 976 1870 obcmcavit
1007 1826 1063 1871 et
1092 1828 1439 1876 transversos
1493 1823 1623 1892 egit.
1689 1823 1756 1878 Et
1788 1835 1830 1894 Β
1857 1835 2060 1905 quibus
2092 1849 2202 1888 non
2232 1807 2516 1903 epistolas,
2547 1841 2607 1888 ut
2640 1832 2716 1887 ait
2748 1831 3003 1898 Dallaeus,
3041 1832 3305 1901 implevit,
3345 1831 3439 1887 sed

165 1910 323 1955 certe
358 1901 405 1956 si
441 1903 515 1958 ita
559 1909 930 1975 argumentari
982 1910 1168 1978 liceat,
1213 1914 1363 1969 nulla
1413 1927 1576 1972 erunt
1620 1933 1758 1990 apo-

165 1994 498 2051 stolicorum
548 1998 817 2069 virorum,
873 2019 938 2058 ac
989 2005 1155 2074 primi
1202 2009 1504 2077 praesertim
1563 2020 1618 2066 et
1669 2029 1757 2068 se-

163 2088 338 2142 cundi
376 2091 563 2145 saeculi
601 2093 932 2164 scriptorum
972 2113 1160 2164 opera,
1194 2116 1317 2171 quae
1347 2102 1433 2158 his
1459 2119 1756 2175 argumen-

162 2175 238 2231 tis
295 2175 483 2249 falsa,
539 2181 788 2255 ipsisque
853 2190 1134 2258 supposita
1190 2206 1314 2248 esse
1370 2209 1480 2249 non
1529 2195 1756 2251 demon-

161 2276 439 2325 strentur.

233 2361 324 2416 Ex
364 2363 469 2419 hac
513 2366 718 2437 itaque,
751 2384 874 2439 qua:
923 2370 975 2424 in
1021 2370 1215 2442 lgnatii
1264 2375 1512 2445 epistolis
1553 2377 1752 2446 elucet,

162 2453 531 2513 Paulinarum
571 2475 764 2516 vocum
816 2462 1124 2520 imitatione
1161 2470 1498 2523 contrarium
1532 2474 1755 2529 omnino

159 2551 244 2606 sic
274 2551 500 2608 elicitur
537 2565 940 2625 argumentum.
974 2557 1140 2615 Recta
1169 2561 1308 2616 ratio
1342 2561 1504 2618 docet
1529 2580 1592 2618 ea
1619 2567 1755 2621 scri-

157 2653 277 2714 pta,
333 2661 463 2715 quat
506 2640 699 2716 Pauli,
748 2649 1096 2722 aliorumque
1146 2653 1522 2723 apostolorum
1566 2672 1750 2726 voces,

158 2737 423 2815 phrases,
467 2739 692 2810 stylum,
733 2752 1070 2812 ceterosque
1111 2745 1370 2814 loquendi
1403 2748 1594 2803 modos
1625 2749 1752 2804 imi-

161 2841 390 2900 tantur,
445 2843 610 2904 atque
663 2834 730 2889 ad
784 2850 879 2890 eos
923 2836 1151 2907 prOpius
1203 2839 1509 2906 accedunt,
1561 2855 1592 2894 a
1633 2841 1754 2897 viro

159 2939 292 2978 vere
326 2925 636 2994 apostolico
670 2923 843 2981 fuisse
874 2925 1141 2996 profecta.
1194 2929 1359 2999 Atqui
1399 2931 1518 2986 hate
1543 2933 1749 3001 omnia,

161 3014 494 3085 fatentibus,
526 3017 638 3072 imo
675 3017 1067 3088 objicientibus
1093 3020 1446 3085 adversariis,
1475 3023 1530 3078 in
1556 3023 1751 3095 lgnatii

160 3109 346 3163 nostri
373 3108 619 3180 epistolis
644 3111 1010 3181 reperiuntur.
1031 3111 1114 3167 Ab
1138 3128 1204 3170 eo
1229 3129 1360 3185 ergo
1382 3129 1509 3170 vere
1531 3117 1752 3186 scriptae

158 3208 313 3254 sunt.

307 3348 342 3422 ς
383 3347 452 3403 ll.
496 3347 769 3420 Ignatium
801 3366 907 3406 non
931 3353 1113 3422 putide
1134 3353 1372 3409 Paulum
1399 3357 1627 3416 imitari.

231 3483 470 3550 Verum,
504 3485 683 3556 inquit
710 3485 968 3556 Dallaeus,
995 3489 1164 3545 verba
1198 3505 1321 3561 quae
1345 3493 1487 3562 apud
1519 3493 1750 3550 Paulum

157 3591 283 3630 rara
324 3585 483 3642 sunt,
520 3591 586 3631 ea
615 3578 760 3647 apud
801 3589 1086 3636 auctorem
1129 3591 1404 3652 nostrum,
1445 3600 1556 3640 non
1590 3603 1752 3644 SCCIJS

157 3682 225 3722 ac
260 3665 627 3735 Sallustiana,
674 3677 736 3724 ut
756 3669 888 3725 olim
926 3670 1109 3728 aiebat
1135 3671 1367 3742 Seneca,
1399 3677 1542 3747 apud
1571 3675 1753 3730 Arun-

159 3762 299 3816 tium
338 3761 673 3816 creberrima
703 3770 854 3829 sunt,
883 3779 949 3818 ac
980 3780 1120 3834 pene
1149 3775 1433 3836 perpetua.
1472 3767 1613 3838 Ergo
1635 3768 1753 3824 haec

156 3853 356 3925 putida
405 3853 643 3908 imitatio
689 3854 948 3924 epistolas
997 3853 1210 3927 Ignatio
1250 3858 1395 3913 male
1434 3858 1752 3929 suppositas

156 3944 369 4014 prodit.
404 3939 512 3997 Sed
546 3941 685 3998 falsa
718 3951 804 3998 est
833 3943 949 3998 hate
981 3947 1392 4015 consequentia.
1428 3945 1575 4002 Nihil
1603 3949 1750 4004 enim

155 4052 224 4090 ex
257 4035 621 4091 antecedente
671 4035 816 4090 aliud
863 4037 1116 4092 concludi
1151 4046 1363 4108 potest,
1420 4040 1528 4096 nisi
1588 4043 1751 4113 lgna-

156 4129 297 4183 tium
335 4128 693 4199 epistolarum
726 4126 904 4192 Pauli,
934 4129 1097 4184 sicuti
1131 4128 1425 4186 Aruntium
1462 4130 1754 4189 Sallustia-

156 4235 366 4275 norum
418 4235 651 4290 operum
705 4237 815 4276 non
865 4220 1039 4277 fuisse
1069 4233 1373 4279 auctorem.
1436 4223 1572 4280 Nam
1607 4225 1753 4282 sicut

158 4311 404 4366 imitatio
442 4309 693 4367 Sallustii
757 4326 925 4382 opera
961 4313 1182 4369 Aruntii
1234 4316 1304 4370 ab
1347 4317 1467 4387 ipso
1520 4317 1752 4373 Aruntio

157 4405 368 4474 scripta
437 4418 550 4457 non
596 4403 770 4459 fuisse
835 4420 1183 4478 nequaquam
1240 4408 1612 4476 demonstrat,
1672 4412 1752 4468 sic

1863 1941 1990 1980 raro
2014 1941 2149 1981 usus
2175 1934 2280 1990 est,
2311 1924 2413 1979 etsi
2458 1923 2689 1978 Paulum
2725 1921 2968 1978 aemulari
3006 1923 3270 1993 gestierit,
3305 1922 3440 1977 illud

1863 2032 2136 2071 summam
2198 2015 2415 2087 l‘gnatii,
2470 2015 2564 2086 qui
2618 2031 2810 2070 omnes
2855 2014 3012 2068 Pauli
3067 2014 3318 2078 virtutes,
3373 2029 3439 2069 ac

1860 2109 2188 2180 martyrium
2224 2108 2476 2162 imitandi
2511 2107 2817 2163 incredibili
2848 2107 3116 2180 ﬂagrabat
3145 2106 3437 2175 desiderio,

1861 2201 2226 2257 humilitatem
2248 2200 2476 2271 pulchre
2508 2198 2755 2254 decebat.

2439 2421 2670 2478 CAPUT
2708 2421 2851 2477 XXI.

1857 2580 2029 2628 NEQUE
2082 2579 2134 2618 IN
2187 2579 2560 2617 EPISTOLARUI
2619 2575 3111 2621 INSGBIPTIONIBUS.
3172 2577 3343 2624 NEQUE
3383 2577 3439 2616 IN

1905 2649 2356 2689 REPETITIONIBUS
2393 2649 2519 2688 ESSE
2557 2648 2768 2687 PBAVAI
2809 2648 2964 2686 PAULI
3006 2647 3386 2686 IIITATIONEI.

1860 2746 1888 2819 ξ
1922 2746 1964 2800 1.
1995 2745 2195 2819 Errare
2221 2745 2481 2800 Dallazum
2507 2745 2561 2797 in
2587 2745 3249 2819 inscriptionuntnuntero,
3279 2753 3436 2815 atque

1997 2818 2054 2872 in
2087 2817 2155 2871 iis
2192 2833 2297 2870 non
2327 2832 2438 2871 esse
2469 2832 2688 2884 pravam
2721 2813 2880 2869 Pauli
2915 2816 3290 2869 imitationem.

1924 2927 2164 2984 Dallmus
2201 2929 2254 2982 id
2289 2927 2462 2982 multo
2495 2926 2905 2991 vehementius,
2938 2926 3033 2981 sed
3073 2941 3179 2980 non
3219 2925 3433 2982 felicius

1854 3021 2115 3090 exagitat,
2143 3019 2291 3090 quod
2327 3027 2516 3074 noster
2563 3017 2806 3088 lgnatius
2839 3017 3086 3087 epistolis
3117 3018 3233 3073 suis
3256 3019 3437 3087 praeli-

1855 3115 1994 3169 xcrit
2026 3114 2411 3183 inscriptiones
2448 3131 2466 3163 ι
2500 3111 2779 3176 miriﬁcas,
2813 3110 3132 3177 laciuiosas,
3173 3110 3436 3165 incondi-

1853 3219 1957 3271 tas,
1994 3213 2049 3259 et
2082 3205 2408 3274 prodigiosa:
2439 3202 3008 3271 longitudinis,»quas
3022 3211 3212 3256 amnes
3235 3217 3436 3270 pravas

1851 3292 2007 3349 Pauli
2043 3293 2377 3348 imitatioues
2410 3307 2532 3346 esse
2565 3297 2825 3345 causatur
2847 3291 2915 3342 ³⁸.
2954 3289 3177 3342 Fatetur
3209 3287 3429 3356 quidem

1853 3387 1944 3443 ille
1979 3385 2312 3457 epigraphen
2345 3379 2600 3455 Epistola:
2647 3380 2892 3451 ejusdem
2944 3379 3175 3450 apostoli
3209 3380 3276 3433 ad
3316 3376 3434 3431 Ro-

1851 3494 2067 3544 manos,
2103 3492 2224 3548 quae
2256 3484 2462 3545 septem
2497 3472 2801 3528 versiculos
2845 3479 2993 3526 totos
3023 3479 3276 3540 occupat,
3312 3483 3436 3524 esse

1853 3574 2269 3645 longissimam;
2325 3587 2389 3626 ac
2431 3571 2485 3625 in
2531 3585 2592 3624 ea
2635 3583 2758 3639 quae
2803 3567 2870 3623 ad
2918 3565 3100 3621 Titum
3154 3566 3278 3620 data
3325 3573 3430 3631 est,

1854 3666 2036 3721 simile
2079 3664 2361 3735 quidpiam
2415 3661 2718 3717 observari.
2760 3659 2962 3715 Verum
2991 3659 3133 3729 apud
3162 3657 3432 3728 lgnatium

1853 3759 2122 3823 omnium,
2146 3757 2345 3828 inquit,
2375 3754 2758 3822 inscriptiones
2789 3750 3168 3822 epistolarum,
3199 3749 3246 3804 si
3283 3746 3433 3802 illam

1852 3864 2017 3920 quam
2073 3847 2296 3916 scripsit
2345 3844 2412 3899 ad
2457 3842 2812 3913 Polycarpum
2863 3839 3180 3909 exceperis,
3235 3838 3438 3910 longis-

1853 3945 2006 4001 simae
2033 3951 2184 4010 sunt,
2211 3941 2494 3996 laciniosae
2520 3945 2576 3992 et
2607 3935 3061 4006 impeditissima}.
3109 3933 3215 3989 Sed
3249 3935 3437 4003 primo

1852 4036 1943 4092 ille
1977 4037 2031 4090 in
2067 4032 2460 4089 enumerandis
2511 4029 2870 4100 epistolarum
2927 4042 3052 4082 cum
3084 4025 3268 4092 Pauli,
3316 4035 3434 4080 tum

1852 4129 2048 4200 lgnatii
2099 4123 2552 4196 inscriptionibus
2595 4122 2829 4176 multum
2878 4120 3115 4175 aberrat.
3172 4118 3307 4173 Nam
3349 4118 3436 4173 in-

1853 4220 2078 4288 scriptio
2121 4218 2313 4287 primat
2341 4213 2496 4270 Pauli
2544 4213 2610 4268 ad
2644 4213 2961 4268 Corinthios
2999 4212 3257 4283 Epistolae
3300 4209 3436 4266 satis

1853 4320 1937 4366 est
1977 4308 2223 4379 prolixa,
2277 4307 2543 4378 prolixior
2588 4321 2720 4361 vero
2744 4301 2911 4360 illius
2944 4319 3068 4374 qua:
3111 4304 3179 4357 ad
3209 4302 3440 4358 Galatas

1855 4404 2056 4474 scripta
2089 4411 2205 4469 est;
2233 4402 2350 4456 haec
2374 4401 2519 4454 enim
2551 4399 2794 4470 quinque
2821 4397 3122 4453 versiculos
3151 4394 3431 4463 continet;

157 4497 399 4553 imitatio
415 4496 576 4552 Pauli
609 4498 870 4568 epistolas
896 4499 1112 4572 lgnatii,
1149 4502 1216 4559 ab
1250 4502 1371 4574 ipso
1407 4503 1617 4576 Ignatio
1647 4506 1751 4560 mi-
1780 4514 1826 4570 Ι)
1857 4510 1982 4552 cum
2013 4507 2075 4548 ea
2115 4508 2239 4562 qum
2279 4491 2346 4547 ad
2377 4490 2562 4545 Τίῑυῐη
2597 4497 2825 4546 exarata
2871 4487 2996 4553 ἷυίῑ,
3031 4494 3268 4557 quatuor
3306 4487 3439 4540 ’ωηο

155 4587 309 4642 nime
339 4587 581 4656 scriptas
611 4587 783 4644 fuisse
810 4605 921 4645 non
950 4593 1152 4663 arguit.

225 4678 444 4735 Deinde
478 4678 678 4735 falsum
711 4691 794 4737 est
826 4685 1176 4754 antecedens,
1195 4684 1249 4740 in
1274 4683 1467 4756 Ignatii
1490 4687 1752 4744 nimirum

155 4772 416 4841 epistolis
451 4787 575 4828 esse
607 4784 717 4828 tam
759 4793 777 4826 ε
810 4776 1034 4832 crebras
1067 4793 1133 4833 ac
1164 4794 1303 4848 pene
1335 4779 1590 4837 assiduas
1607 4781 1755 4852 Apo-

155 4863 283 4917 stoli
306 4878 499 4931 voces,
512 4881 532 4915 ›
555 4873 616 4918 ut
631 4866 888 4922 omnibus
905 4866 1037 4922 fiant
1051 4869 1276 4939 putidaa.
1294 4869 1374 4924 Ex
1394 4870 1462 4926 iis
1479 4872 1748 4943 siquidem

155 4971 297 5026 quas
337 4954 574 5013 Dallaaus
620 4957 844 5027 objicit,
879 4961 1058 5031 primo
1105 4961 1334 5016 verbum
1371 4963 1604 5036 ὀναίμην
1639 4980 1746 5020 non

157 5049 511 5115 sexcenties,
545 5057 607 5104 ut
650 5051 740 5106 ille
785 5052 1017 5122 asserit,
1061 5055 1155 5109 sed
1189 5055 1392 5111 sexties
1441 5065 1653 5112 tantum
1688 5056 1744 5112 iu

155 5141 421 5212 genuinis
454 5139 649 5210 Ignatii
690 5144 946 5214 epistolis
992 5147 1237 5216 reperire
1269 5156 1375 5204 est.
1429 5147 1564 5204 Illud
1601 5165 1744 5220 prat—

157 5242 309 5287 terea
347 5233 582 5288 verbum
634 5251 744 5290 non
777 5233 950 5293 Paulo
996 5240 1274 5308 peculiare
1318 5248 1423 5306 est,
1472 5239 1567 5296 sed
1601 5240 1746 5310 apud

156 5325 296 5381 alios
315 5324 546 5381 Grecos
575 5336 830 5385 auctores
847 5346 1062 5401 semper
1081 5333 1268 5388 tritum
1287 5345 1342 5389 et
1363 5333 1590 5405 vulgare
1616 5334 1743 5391 fuit.

157 5415 253 5473 His
287 5417 550 5474 addimus
576 5434 764 5476 vocem
798 5421 1148 5490 ἀγαθοποιία,
1185 5441 1293 5495 qua
1336 5423 1539 5481 Paulus
1575 5425 1744 5482 semel

156 5511 210 5565 in
246 5511 518 5566 omnibus
561 5509 820 5583 Epistolis
852 5515 969 5570 suis
1003 5531 1139 5572 usus
1171 5525 1277 5584 est,
1314 5527 1510 5589 quater
1559 5533 1590 5573 a
1622 5518 1745 5574 Gle-

158 5612 346 5660 mente
379 5603 435 5658 in
472 5605 636 5661 unica
667 5607 898 5677 epistola
931 5609 1207 5680 usurpari,
1242 5624 1344 5665 nec
1377 5610 1432 5665 in
1466 5609 1570 5668 hac
1605 5609 1748 5667 Ριω-

237 5763 286 5795 ³⁵
314 5775 440 5832 cap.
467 5759 559 5830 29,
584 5777 639 5833 p.
674 5763 801 5820 415.
878 5765 926 5799 ’⁵
953 5781 1072 5837 cap.
1103 5764 1192 5830 ’50,
1224 5780 1279 5835 ρ.
1313 5764 1434 5821 155.

1857 4601 1974 4645 tum
2019 4587 2434 4656 complectatur.
2482 4582 2595 4639 Nec
2626 4585 2809 4638 minus
2847 4593 2993 4637 errat
3037 4583 3093 4635 in
3127 4580 3432 4651 lgnatiana-

1859 4697 1982 4738 rum
2021 4677 2497 4750 inscriptionibus.
2531 4675 2899 4746 Epistolarum
2931 4673 3198 4744 siquidem
3244 4670 3434 4742 lgnatii

1856 4775 1922 4828 ad
1979 4772 2326 4843 Smyrnazos,
2391 4767 2740 4838 Magnesios,
2790 4775 2844 4820 et
2892 4764 3201 4820 Trallenses
3239 4763 3437 4819 inscri-

1855 4865 2071 4935 ptiones
2116 4862 2308 4934 primae
2356 4859 2509 4914 Pauli
2561 4859 2628 4913 ad
2671 4856 2989 4912 Corinthios
3038 4855 3437 4926 longitudinem

1853 4973 1962 5012 non
2023 4963 2304 5025 superant.
2349 4952 2620 5007 Praeterea
2662 4967 2796 5006 vero
2841 4950 3086 5020 epistola
3135 4945 3327 5019 lgnatii
3367 4949 3437 5005 ad

1847 5049 2112 5118 Ephesios
2140 5048 2333 5103 titulus
2364 5054 2418 5101 et
2447 5043 2729 5114 inscriptio
2760 5056 2868 5096 non
2899 5041 3114 5110 longior
3137 5048 3241 5104 est,
3268 5054 3436 5110 quam

1848 5143 2094 5199 Paulinae
2116 5141 2182 5196 ad
2213 5140 2454 5196 Galatas.
2483 5137 2727 5206 Denique
2765 5144 2998 5203 utraque
3028 5132 3436 5202 Ignatianarum

1848 5241 1917 5290 ad
1960 5231 2476 5301 Philadelphienses
2522 5238 2577 5282 et
2634 5228 2913 5280 Romanos
2973 5222 3262 5291 inscriptio
3323 5237 3438 5275 non

1847 5324 2098 5395 majoris,
2133 5337 2301 5393 quam
2332 5320 2578 5376 Paulinae
2604 5319 2671 5375 ad
2697 5317 2921 5373 eosdem
2945 5313 3225 5370 Romanos
3254 5315 3438 5385 longi-

1851 5419 2179 5569 mdSle‘cfnfdz
2205 5511 2403 5566 falsum
2430 5510 2590 5567 estin
2623 5507 2708 5563 his
2741 5505 3094 5576 epistolarum
3125 5500 3317 5573 lgnatii
3353 5502 3439 5554 iu—

1854 5607 2248 5679 srriptionibus
2272 5620 2496 5677 pravam
2525 5618 2647 5662 esse
2678 5599 2836 5657 Pauli
2865 5597 3252 5655 imitationem.
3278 5593 3437 5663 Quod
