3852 6206
371 326 481 385 ω

1456 317 1514 373 S.
1557 310 1906 373 ICNATIUS.
1944 343 2012 353 —-
2048 305 2579 366 PROLEGOHENA.

3539 290 3644 345 5M

372 448 598 521 quidem
645 464 716 505 ex
767 446 858 516 iis,
884 461 1010 518 qua:
1062 442 1298 501 Dallaeus
1344 444 1463 513 ipse
1503 442 1572 497 de
1602 439 1957 495 Paulinarum
1988 440 2035 497 Α
2062 447 2192 497 tres,
2227 432 2351 505 plus
2395 430 2605 495 minus,
2658 427 2833 482 lineas
2859 421 3111 496 epistolis
3161 417 3301 484 suis,
3332 414 3418 472 vel
3439 428 3645 521 earum

376 543 684 598 litterarum
744 538 1197 611 inscriptionibus
1261 533 1663 608 pronuntiat",
1699 530 1961 586 facillime

374 634 673 692 evincitur.
720 652 740 687 ι
781 632 1010 694 Paulus.
1062 630 1240 700 inquit
1290 629 1400 695 ille,
1443 625 1717 683 interdum
1766 621 1964 679 inscri-

376 728 596 797 ptiones
612 725 978 795 Epistolarum
1012 723 1177 778 habet
1216 737 1326 779 non
1354 721 1547 775 breves
1578 727 1634 772 ct
1658 714 1962 786 expeditas,

378 827 440 871 ut
489 815 657 887 vulgo
709 831 834 872 mos
882 826 1021 883 erat,
1064 816 1158 871 sed
1202 810 1576 883 longiusculas
1617 814 1674 864 et
1715 804 1966 861 nonnihil

381 908 698 975 obvolutas,
731 908 804 963 ob
846 923 934 964 res
989 906 1342 978 gravissimas
1373 903 1575 974 quibus
1614 900 1787 972 plena
1813 907 1967 964 sunt,

378 1013 440 1055 ut
499 1016 566 1056 ex
613 1016 677 1055 ea
717 1016 840 1071 quae
861 1001 929 1055 ad
960 1000 1242 1055 Romanos
1271 1006 1376 1065 est,
1415 995 1599 1067 quivis
1628 993 1846 1049 discere
1871 1006 1969 1061 po-

385 1096 516 1142 test.
551 1106 572 1141 »
603 1087 770 1158 Atqui
820 1097 874 1142 et
927 1088 1070 1143 idem
1110 1103 1229 1143 mos
1264 1086 1460 1158 lgnatii
1508 1095 1756 1155 tempore
1790 1082 1970 1136 adhuc

378 1180 615 1251 vigebat,
645 1190 702 1235 et
747 1195 837 1236 res
871 1181 1211 1252 gravissimae
1238 1180 1294 1234 in
1335 1179 1457 1249 ejus
1485 1176 1734 1248 epistolis
1758 1186 1971 1246 pertra-

376 1281 629 1340 ctantur;
658 1282 715 1326 ut
745 1286 813 1327 ex
849 1272 989 1335 sola,
1014 1288 1181 1343 quam
1218 1271 1493 1330 dedimus.
1533 1284 1726 1324 earum
1759 1267 1969 1339 analysi

377 1362 638 1419 omnibus
666 1362 895 1433 planum
917 1362 1012 1418 ﬁet
1036 1373 1091 1417 et
1121 1363 1494 1433 perspicuum.
1521 1360 1762 1429 lgnatius
1787 1359 1973 1428 itaque

378 1455 436 1510 in
473 1456 837 1527 epistolarum
877 1472 1105 1513 suarum
1141 1454 1600 1525 inscriptionibus
1646 1468 1756 1507 non
1806 1466 1975 1521 prave

380 1548 626 1603 imitatus
654 1556 742 1603 est
773 1547 1031 1614 Paulum,
1060 1547 1157 1602 sed
1184 1561 1281 1602 eas
1304 1546 1452 1617 tales
1473 1544 1745 1611 exhibuit,
1780 1545 1972 1613 quales

378 1660 518 1703 sane
557 1646 907 1718 gravissima,
941 1662 1066 1718 quae
1095 1647 1150 1702 in
1182 1646 1264 1702 eis
1292 1654 1600 1703 tractantur
1627 1653 1971 1718 argumenta,

378 1738 450 1792 ab
480 1753 547 1793 eo
576 1735 949 1809 postulabant.

506 1850 535 1923 ς
570 1852 640 1906 ιι.
682 1850 760 1907 De
798 1852 1140 1921 inscriptione
1175 1847 1416 1920 epistolae
1455 1847 1525 1902 ad
1558 1844 1845 1901 Romanos.

451 1963 573 2019 Jam
606 1980 739 2024 vero
768 1966 838 2021 ad
870 1966 1047 2035 ipsam
1085 1964 1334 2035 epistolae
1358 1963 1556 2035 lgnatii
1587 1961 1655 2016 ad
1691 1960 1972 2015 Romanos

382 2056 742 2128 epigraphen,
767 2072 932 2127 quam
971 2056 1230 2112 Dallatani
1266 2054 1643 2111 vehementius
1668 2051 1969 2123 exagitant,

385 2150 613 2220 propius
661 2149 1008 2205 accedamus.
1044 2148 1119 2204 De
1169 2148 1321 2203 illius
1366 2146 1732 2218 longitudine,
1762 2152 1858 2198 aut
1902 2142 1972 2198 de

385 2256 555 2312 prava
588 2240 747 2296 Pauli
792 2241 1101 2301 imitatione
1134 2240 1273 2295 nihil
1316 2240 1576 2309 amplius,
1606 2238 1687 2293 uti
1730 2235 1974 2292 ostendi-

385 2352 533 2403 mus,
558 2345 789 2407 possunt
836 2352 962 2391 cum
1006 2337 1219 2407 lgnatio
1247 2335 1621 2405 expostulare.
1654 2331 1798 2399 Quid
1841 2346 1973 2401 ergo

386 2432 444 2486 in
495 2446 560 2487 ea
614 2432 889 2503 arguunt?
935 2430 1114 2497 Illam,
1161 2430 1558 2500 inquiunt,tot
1602 2425 1971 2497 epithetorum

387 2524 589 2589 laudis,
626 2524 683 2579 in
719 2540 888 2578 unum
945 2524 1127 2578 locum
1181 2522 1325 2577 male
1370 2528 1762 2592 congestorum
1796 2516 1974 2572 farra-

387 2614 717 2686 ginem.Sed
747 2614 952 2669 similia
985 2613 1192 2669 Paulus
1218 2613 1472 2668 adhibuit
1499 2612 1741 2682 epitheta
1770 2609 1971 2676 laudis,

388 2723 515 2763 cum
570 2708 627 2762 in
670 2708 917 2777 Epistola
965 2706 1033 2762 ad
1084 2705 1368 2762 Romanos
1410 2705 1663 2761 scribit"
1698 2722 1716 2760 :
1751 2702 1974 2757 Dilectt's

387 2799 510 2863 Dei,
540 2801 738 2855 vocatis
759 2803 983 2866 sanctis,
1019 2809 1070 2856 et
1101 2802 1157 2854 in
1186 2800 1363 2870 prima
1389 2799 1457 2854 ad
1484 2796 1823 2860 Corinthios,
1848 2811 1976 2847 san—

388 2894 644 2964 ctificatis
682 2894 738 2947 in
779 2894 994 2950 Christo
1038 2893 1191 2959 Iesu,
1224 2892 1425 2946 vocatis
1459 2890 1679 2945 sanctis.
1709 2885 1829 2942 Non
1853 2885 1976 2941 inil-

387 2988 605 3042 ciamur
624 2986 846 3058 quidem
873 2988 928 3042 in
949 2987 1038 3042 his
1058 2985 1317 3056 Epistolis
1351 2983 1525 3039 multo
1547 2982 1808 3053 pauciora
1831 2995 1974 3048 esse,

387 3097 557 3155 quam
591 3082 646 3136 in
691 3081 992 3151 lgnatianis
1024 3079 1250 3135 laudum
1296 3078 1560 3148 epitheta.
1591 3073 1795 3130 Verum
1832 3088 1974 3144 prae-

2062 523 2517 596 inscriptionibus
2572 519 2818 576 adderet.
2870 519 2991 572 lmo
3033 512 3161 569 inde
3197 519 3347 567 certo
3370 507 3649 577 colligitur

2063 617 2218 673 illum
2245 615 2397 671 nulla
2418 621 2537 669 arte
2560 612 2614 666 in
2642 607 2888 680 epistolis
2910 605 3029 663 suis
3043 619 3109 660 ea
3130 601 3316 658 omnia
3334 598 3647 669 scripsisse,

2063 725 2188 781 quas
2225 707 2566 765 incredibilis
2591 702 2801 759 Christi
2827 716 2985 757 amor
3010 706 3066 755 et
3095 695 3343 767 martyrii
3375 691 3650 750 subeundi

2066 802 2232 857 ardor
2263 798 2573 856 immensus
2603 795 2709 867 ipsi
2734 792 3012 864 extemplo
3037 788 3404 861 inspirahant.

2071 917 2099 990 ᾗ
2133 918 2227 972 ill.
2265 915 2342 972 De
2369 912 2769 987 repetitionibus
2800 924 2920 982 qua:
2960 908 3016 962 in
3062 903 3303 976 epistolis
3339 911 3652 957 occurrunt.

2142 1027 2407 1085 Ultimum
2449 1025 2634 1081 Dallaei
2678 1030 2868 1079 contra
2920 1018 3120 1092 Ignatii
3181 1016 3443 1088 epistolas
3488 1030 3658 1085 argu-

2069 1130 2316 1177 mentum
2341 1118 2520 1175 est":
2561 1137 2579 1169 ε
2617 1114 2803 1186 Neque
2834 1112 2968 1169 illud
3002 1109 3273 1183 lgnatium
3297 1108 3655 1178 episcopum,

2070 1216 2249 1271 atatis
2280 1222 2578 1286 provectae,
2596 1220 2651 1267 et
2678 1208 2820 1280 apud
2851 1205 3130 1279 apostolos
3152 1204 3441 1259 educatum
3460 1200 3660 1255 decere

2071 1309 2305 1376 videtur,
2341 1307 2489 1379 quod
2534 1305 2623 1359 ille
2676 1302 2838 1358 toties
2868 1300 3056 1357 eadem
3100 1306 3298 1370 praeter
3326 1294 3435 1349 viri
3471 1291 3661 1364 gravis

2071 1416 2282 1456 morem
2327 1398 2523 1469 repetit
2573 1404 2739 1466 atque
2792 1392 3049 1448 inculcat.
3091 1409 3110 1442 ι
3146 1388 3369 1459 Dignam
3404 1400 3540 1441 sane
3581 1390 3662 1436 lot

2072 1494 2230 1551 vanis
2262 1491 2626 1561 futilibusque
2659 1487 3020 1561 argumentis,
3050 1485 3104 1540 in
3132 1491 3241 1538 tam
3264 1482 3425 1551 longa
3461 1480 3658 1547 dispu-

2074 1589 2283 1643 tatione
2325 1599 2612 1657 perperam
2656 1575 3302 1644 accumulatis,Dalla3us
3336 1571 3662 1628 coronidem

2075 1680 2328 1752 imponit.
2360 1676 2617 1747 Nunquid
2674 1673 2822 1730 enim
2878 1668 3119 1743 episcopi
3155 1675 3422 1738 provecta
3455 1664 3663 1728 aetatis,

2003 1786 2046 1846 Β
2072 1783 2127 1830 et
2163 1774 2308 1843 apud
2335 1770 2614 1843 apostolos
2650 1764 2889 1829 educati,
2919 1778 3009 1818 res
3034 1760 3278 1824 easdem,
3309 1755 3528 1827 quoties
3564 1770 3667 1808 ex—

2071 1864 2243 1935 pedit,
2289 1862 2475 1917 minus
2522 1873 2686 1929 quam
2738 1856 2829 1911 alii
2878 1854 3178 1923 scriptores
3208 1855 3461 1919 repetunt
3486 1853 3543 1899 et
3576 1844 3667 1898 in-

2070 1954 2327 2013 culcant?
2355 1953 2515 2008 Certe
2565 1949 2773 2004 Paulus
2818 1947 2958 2017 ipse,
2987 1952 3049 1999 ut
3081 1951 3309 1998 caeteros
3350 1948 3664 2003 taceamus,

2072 2047 2127 2102 in
2159 2046 2404 2117 Epistula
2437 2044 2502 2099 ad
2536 2042 2803 2112 Ephesios
2835 2054 2960 2094 cum
2988 2036 3218 2093 dixisset
3253 2053 3267 2089 :
3306 2031 3528 2088 Induite
3568 2048 3664 2086 vos

2072 2151 2411 2195 armaturam
2466 2136 2645 2203 Dei",
2691 2133 2911 2190 duobus
2963 2138 3088 2202 post
3137 2127 3387 2183 versibus
3438 2141 3665 2181 rursum

2074 2232 2265 2290 scribit
2300 2250 2313 2286 :
2355 2229 2599 2301 Accipite
2641 2235 2979 2282 armaturam
3023 2222 3116 2276 Dei
3142 2220 3210 2275 ⁸⁸.
3237 2218 3391 2287 Quod
3437 2218 3664 2289 quidem

2074 2327 2119 2381 si
2156 2326 2481 2394 interpretes
2508 2323 2820 2385 audiamus,
2851 2316 2986 2372 nihil
3008 2315 3153 2370 aliud
3186 2324 3272 2369 est
3299 2327 3466 2383 quam
3497 2325 3668 2380 supe-

2073 2415 2237 2472 rioris
2288 2410 2689 2470 exhortationis
2762 2405 3035 2478 repetitio.
3091 2403 3208 2459 Etsi
3270 2417 3401 2473 ergo
3453 2399 3669 2456 similes

2074 2504 2216 2576 apud
2246 2503 2515 2574 lgnatium
2541 2505 2896 2555 occurrerent
2922 2494 3297 2565 repetitiones,
3326 2492 3383 2545 in
3416 2492 3502 2546 his
3529 2505 3666 2560 pro.

2074 2598 2165 2654 cui
2198 2596 2371 2653 dubio
2410 2592 2566 2648 Pauli
2604 2589 2849 2659 vestigiis
2878 2588 2969 2642 ille
2999 2582 3532 2640 adhuc.institisset.
3563 2579 3666 2634 Ve-

2075 2694 2383 2743 rumtamen
2405 2724 2423 2753 ,
2452 2691 2514 2737 ut
2534 2696 2725 2737 verum
2760 2679 3054 2742 fateamur,
3088 2674 3439 2745 repetitiones
3464 2672 3665 2726 verbo-

2077 2795 2200 2835 rum
2255 2777 2310 2832 in
2363 2790 2473 2831 una
2526 2773 2831 2841 eademque
2862 2767 3059 2840 lgnatii
3090 2765 3321 2837 epistola
3353 2780 3490 2819 rarae
3513 2773 3665 2827 sunt,

2075 2888 2179 2929 nec
2223 2870 2299 2926 ibi
2331 2884 2362 2925 a
2394 2866 2643 2923 Paulinis
2669 2863 2936 2934 exemplis
2968 2862 3061 2917 ille
3086 2860 3333 2916 recessit.
3363 2857 3669 2927 Repetitio-
3732 2862 3739 2870 ‘

2075 2980 2175 3021 nes
2197 2976 2330 3019 vero
2352 2959 2752 3018 sententiarum
2785 2955 2909 3011 aliis
2930 2962 3059 3010 sunt
3086 2951 3579 3022 infrequentiores;
3610 2958 3672 3003 et

2077 3057 2126 3113 si
2175 3070 2315 3126 quas
2365 3052 2511 3123 apud
2538 3066 2667 3107 eum
2698 3065 2808 3105 non
2834 3063 2994 3105 secus
3025 3060 3091 3101 ac
3120 3044 3352 3100 Paulum
3399 3044 3667 3113 reperias,

387 3135 639 3246 :erquam
667 3135 816 3244 quod
846 3173 1144 3243 scriptores
1170 3184 1275 3226 suo
1305 3135 1511 3239 q-uique
1537 3166 1756 3238 ingenio
1786 3135 1891 3220 hac
1915 3165 1970 3219 in
1996 3145 2044 3205 θ
2186 3146 2429 3246 ’ξηειίωί
2455 3153 2611 3246 lium
2664 3142 2954 3246 momt’f”:
3003 3153 3208 3246 earl“?
3248 3136 3496 3239 ξῧηδῑίυε
3539 3135 3672 3191 ideo

388 3283 450 3323 re
498 3266 803 3337 indulgent,
828 3264 995 3336 justls
1044 3261 1291 3334 Ignatius
1316 3260 1385 3317 de
1415 3259 1602 3317 causis
1646 3258 1805 3329 plura
1857 3272 1973 3313 sua:

387 3360 458 3415 ad
507 3359 787 3415 Romanos
831 3358 1077 3428 epistolae
1118 3354 1456 3425 inscriptioni
1484 3351 1773 3408 inserenda
1807 3359 1971 3422 puta-

387 3451 486 3506 vit.
504 3448 751 3506 Primum
785 3448 1006 3519 quidem
1034 3448 1148 3505 haec
1178 3448 1246 3501 ab
1266 3462 1332 3502 eo
1359 3444 1591 3501 extorsit
1613 3459 1830 3499 summa
1855 3441 1973 3497 Ro-

389 3558 569 3599 manae
591 3542 871 3609 Ecclesiae,
895 3550 977 3597 tot
1000 3549 1324 3611 martyrum,
1355 3554 1421 3594 ac
1450 3539 1504 3592 in
1527 3536 1720 3607 primis
1744 3535 1891 3591 Petri
1916 3545 1973 3592 et

388 3636 542 3691 Pauli
595 3635 866 3706 sanguine
913 3648 1261 3703 conspersus,
1308 3647 1477 3702 quam
1530 3629 1739 3685 dudum
1785 3629 1972 3684 animo

387 3736 739 3796 conceperat,
754 3726 944 3795 opinio
967 3734 1022 3779 et
1044 3723 1403 3780 existimatio.
1438 3719 1641 3776 Deinde
1673 3720 1763 3774 illa
1786 3719 1974 3774 omnia

389 3820 614 3876 laudum
641 3820 882 3889 epitheta
919 3819 1042 3874 ideo
1076 3816 1376 3888 congessit,
1401 3815 1550 3886 quod
1580 3813 1795 3884 singula
1819 3828 1973 3883 quae-

388 3929 498 3985 que
524 3913 747 3968 totidem
781 3912 887 3981 ipsi
912 3912 1230 3967 viderentur
1254 3924 1375 3964 esse
1407 3915 1682 3962 momenta
1721 3914 1777 3961 et
1804 3906 1974 3960 ratio-

390 4021 512 4073 nes,
544 4004 747 4075 quibus
783 4003 1063 4060 Romanos
1092 4002 1162 4059 ad
1195 4010 1431 4058 mortem
1468 4016 1627 4058 suam
1658 4015 1768 4055 non
1800 3998 1973 4070 impe-

388 4094 649 4151 diendam
680 4093 993 4150 adduceret.

463 4187 637 4243 instat
686 4185 923 4241 Dallaeus
948 4184 1100 4241 viros
1144 4183 1494 4254 apostolicos,
1535 4190 1669 4253 puta
1714 4180 1974 4255 Polyca‘r-

2072 3240 2294 3296 adhibet
2315 3278 2331 3305 ,
2362 3246 2423 3293 ut
2454 3236 2546 3292 illa
2575 3250 2699 3305 quae
2743 3231 3039 3296 scribebat,
3068 3229 3510 3286 Christianorum
3544 3241 3671 3281 me-

2072 3328 2265 3386 moriae
2302 3328 2471 3386 aitius
2524 3327 2716 3393 intixa,
2744 3338 2814 3380 ex
2865 3336 3059 3379 eorum
3120 3319 3327 3376 animis
3378 3331 3669 3388 nunquam

2082 3421 2420 3477 exciderent.

2656 3508 2887 3568 CAPUT
2927 3508 3097 3563 XXII.

2076 3621 2338 3663 IGNA'I'IUI
2386 3619 2586 3670 lLLlUS,
2636 3619 2779 3666 ρυλε
2828 3617 2967 3658 ιιυιηο
2996 3614 3259 3661 BABEIUS,
3292 3610 3567 3651 EPISTOLE
3602 3610 3673 3649 AD

2357 3690 2708 3731 POLYCARPUI
2742 3689 2881 3728 VERE
2914 3687 3040 3727 ESSE
3075 3684 3385 3725 AUCTOREI.

2279 3789 2309 3863 ᾗ
2342 3792 2385 3845 Ι.
2417 3788 2484 3844 Ιά
2514 3788 2774 3858 probatur
2803 3785 3127 3841 auctoritate
3150 3778 3457 3852 Polycarpi.

2153 3906 2227 3963 De
2275 3906 2451 3978 prima
2493 3904 2849 3975 epistolarum
2889 3900 3085 3971 Ignatii
3132 3898 3309 3954 classe
3342 3893 3501 3950 nobis
3531 3892 3676 3947 nihil

2073 3998 2311 4069 amplius
2378 4002 2691 4066 superesset
2745 3991 3070 4057 dicendum,
3132 3986 3242 4043 nisi
3310 3982 3678 4041 doctissimus

2078 4091 2357 4157 Usserius,
2388 4087 2484 4160 qui
2513 4088 2614 4142 has
2640 4086 2887 4157 ejusdem
2926 4081 3121 4138 classis
3171 4079 3429 4150 epistolas
3460 4077 3678 4147 Ignatio

2073 4191 2389 4242 constanter
2440 4179 2754 4250 adiudicat,
2805 4177 2952 4231 illam
3002 4188 3127 4245 qua
3184 4172 3253 4227 ad
3302 4170 3676 4241 Polycarpum

390 4295 545 4351 pum,
568 4279 928 4345 Clementem,
949 4286 1006 4334 et
1033 4278 1193 4346 alios,
1217 4285 1332 4332 tam
1362 4276 1555 4347 longas
1579 4274 1828 4346 epistolis
1856 4273 1974 4330 suis
2073 4276 2275 4347 scripta
2345 4283 2471 4341 est,
2533 4271 2711 4326 eidem
2762 4268 2975 4339 lgnatio
3008 4267 3169 4337 plane
3209 4263 3538 4334 penitusqu
3574 4263 3677 4317 ab-

392 4388 501 4429 non
536 4371 840 4443 praeﬁxisse
866 4370 1269 4440 inscriptiones.
1306 4366 1461 4424 Unde
1488 4366 1653 4422 infert
1677 4365 1969 4437 lgnatium,
2072 4366 2397 4439 iudicasset.
2443 4362 2709 4430 Quamvis
2756 4369 2939 4415 autem
2987 4374 3051 4415 ea
3095 4372 3218 4426 quae
3241 4356 3308 4412 de
3333 4356 3530 4426 lgnatii
3557 4357 3678 4425 epi-

390 4466 490 4537 qui
524 4465 668 4521 inter
695 4463 933 4519 militum
981 4462 1260 4532 custodias
1290 4462 1525 4531 positus,
1551 4458 1621 4513 ad
1644 4459 1970 4530 martyrium
2004 4488 2049 4543 ι)
2081 4459 2245 4517 stolis
2303 4457 2569 4511 hactenus
2602 4452 3024 4522 disputavimus,
3072 4448 3221 4503 illam
3254 4461 3364 4501 non
3414 4461 3580 4501 secus
3608 4462 3680 4501 ac

390 4565 542 4612 tanta
574 4556 853 4612 celeritate
875 4554 1200 4621 ducebatur,
1225 4553 1647 4624 inscriptionum
1672 4551 1809 4606 adeo
1844 4564 1974 4620 pro-
2004 4537 2039 4543 ⁷
2076 4554 2237 4616 alias,
2270 4549 2379 4619 ipsi
2440 4544 2787 4602 tribuendam
2830 4556 2950 4598 esse
3005 4540 3411 4605 demonstrent;
3477 4537 3547 4593 de
3606 4554 3677 4593 ea

393 4649 630 4704 lixarum
659 4662 770 4703 non
802 4663 923 4704 esse
953 4656 1257 4702 auctorem.
1281 4648 1351 4701 At
1380 4660 1545 4715 porro
1570 4659 1696 4700 cum
1728 4643 1977 4712 plurimae
2074 4652 2255 4701 tamen
2278 4640 2485 4697 idcirco
2505 4637 2823 4694 censuimus
2849 4632 3103 4704 privatim
3127 4627 3676 4705 essedisserendum,

391 4742 824 4813 apostolicorum
862 4741 1111 4797 virorum
1166 4756 1232 4797 ac
1279 4740 1553 4810 praecipue
1582 4738 1974 4802 Asiaticorum,
2074 4736 2225 4808 quod
2252 4732 2464 4790 Usserii
2500 4728 2801 4785 auctoritas
2824 4728 2971 4780 viros
2994 4722 3263 4794 quosdam
3284 4721 3680 4777 celeberrimos

391 4837 510 4907 qui,
568 4844 704 4892 teste
748 4834 1034 4901 Cicerone,
1087 4842 1246 4891 erant
1291 4833 1683 4900 redundantes,
1749 4831 1819 4886 ad
1872 4845 1974 4885 nos
2076 4845 2206 4886 suas
2257 4824 2490 4881 traxerit
2540 4822 2597 4877 in
2654 4832 2859 4891 partes.
2892 4815 3005 4872 Hos
3056 4816 3201 4870 inter
3240 4823 3297 4870 et
3345 4828 3591 4884 purpura
3617 4822 3675 4868 et

393 4943 572 5000 usque
614 4928 858 4999 epistolae
887 4942 998 4984 non
1029 4925 1399 4996 pervenerint,
1438 4926 1565 4995 quis
1599 4923 1799 4979 audeat
1829 4935 1982 4976 asse-

395 5037 519 5078 rere
558 5021 681 5076 illas
714 5035 825 5074 non
853 5018 1068 5084 eodem,
1097 5032 1164 5074 ac
1182 5016 1518 5089 lgnatianas,
1544 5016 1687 5087 stylo
1707 5015 1794 5069 vel
1826 5013 1980 5069 simi-

393 5114 541 5170 libus
592 5111 1046 5182 inscriptionibus
1101 5109 1275 5165 fuisse
1322 5107 1617 5164 exaratas?
1659 5104 1793 5164 Utut
1860 5104 1931 5159 sit
1961 5141 1976 5166 ,

396 5215 548 5263 certe
595 5205 843 5276 lgnatius
889 5205 943 5259 in
976 5203 1131 5260 Pauli
1161 5202 1420 5273 Epistolis
1454 5200 1696 5272 egregia,
1721 5199 1801 5254 uti
1833 5198 1979 5253 dixi—

395 5310 541 5362 mus,
573 5292 998 5363 inscriptionum
1042 5308 1269 5349 suarum
1320 5290 1513 5347 habuit
1560 5290 1830 5359 exempla,
1876 5304 1979 5345 nec

394 5388 462 5443 de
519 5388 631 5443 ullo
685 5387 794 5442 alio
840 5385 1069 5442 meliora
1126 5385 1376 5454 accipere
1426 5390 1658 5453 poterat.
1712 5380 1975 5448 Quamvis
2016 5410 2019 5415 -

396 5489 581 5535 autem
631 5481 701 5536 ad
753 5478 1078 5551 martyrium
1122 5492 1342 5533 summa
1391 5474 1678 5531 velocitate
1714 5488 1976 5543 propera-

399 5582 509 5637 ret,
544 5571 596 5627 id
646 5580 832 5627 tamen
887 5586 999 5627 non
1046 5566 1654 5639 obstabat,quominus
1701 5565 1838 5621 duas
1888 5564 1974 5622 vel

2081 4920 2331 4978 doctrina
2385 4917 2593 4987 primas
2645 4920 2794 4969 tenet
2847 4906 3321 4966 eminentissimus
3371 4905 3678 4961 cardinalis

2082 5013 2254 5079 Bona,
2290 5011 2387 5081 qui
2415 5008 2680 5079 judicium
2724 5002 2931 5060 Usserii
2953 5008 3197 5066 secutus,
3218 5000 3287 5053 de
3314 5012 3380 5052 ea
3411 4996 3494 5052 sic
3536 5011 3677 5065 prn-

2083 5105 2302 5159 nuntiat
2324 5104 2404 5156 ":
2445 5120 2463 5153 ι
2501 5098 2658 5155 Addo
2692 5095 2838 5167 quod
2886 5094 3030 5149 hanc
3077 5091 3366 5163 epistolam
3417 5103 3527 5143 non
3578 5103 3647 5157 ge

2082 5197 2315 5253 nuinum
2358 5193 2555 5266 lgnatii
2601 5191 2770 5246 fetum
2802 5202 2952 5252 esse,
2988 5185 3085 5243 sed
3117 5182 3526 5255 supposititium
3565 5179 3673 5233 viri

2082 5288 2285 5344 eruditi
2338 5286 2546 5343 dudum
2597 5284 3082 5339 observaruntzet
3110 5277 3181 5333 ad
3228 5275 3282 5332 id
3314 5274 3672 5345 probandum

2084 5381 2255 5435 multa
2311 5378 2552 5434 aﬂ’erunt
2601 5391 2713 5431 non
2763 5372 2917 5445 parvi
2960 5369 3218 5443 ponderis
3252 5375 3603 5440 argumenta.
3651 5386 3673 5419 ι

2082 5472 2188 5529 Sed
2236 5472 2284 5527 si
2317 5472 2436 5527 viro
2480 5479 2590 5526 tam
2624 5466 2841 5524 erudito
2885 5480 2981 5535 per
3019 5463 3195 5519 otium
3237 5460 3488 5518 licuisset
3516 5458 3676 5512 illam

2079 5564 2392 5622 accuratius
2435 5562 2774 5630 examinare,
2791 5559 2848 5616 in
2870 5559 3033 5615 aliam
3064 5554 3261 5628 procul
3286 5553 3457 5610 dubio
3478 5552 3677 5608 ivisset

472 5732 518 5764 "
550 5746 671 5800 pag.
703 5730 828 5802 {15.
922 5730 965 5761 ’⁷
998 5743 1123 5802 pag.
1154 5726 1277 5785 M7.
1357 5725 1401 5759 ’⁸
1435 5738 1553 5796 cap.
1606 5722 1696 5789 5|,
1742 5737 1795 5793 p.
1834 5720 1959 5777 421.
2038 5721 2308 5792 "Ephcs.
2364 5734 2443 5788 vr,
2503 5718 2589 5774 li.
2670 5713 2907 5784 "Ibid,
2959 5712 3047 5770 l5.
3128 5709 3315 5767 "Rer.
3373 5708 3671 5779 Liturgic.,

398 5818 520 5873 cap.
553 5799 745 5873 xxn,§
780 5802 828 5856 l.
