3852 6206
161 325 274 380 545

1142 321 1205 377 Ι).
1248 321 1537 379 NOURRII
1574 319 2057 377 DlSSE-RTATIO.
2098 353 2165 364 ——
2204 321 2385 378 PARS
2418 323 2461 378 Ι.

3323 328 3431 386 548

162 446 520 502 sententiam.
572 443 782 502 Invicto
834 462 1073 518 namque
1125 446 1419 519 ipsiusmet
1463 445 1751 519 Polycarpi
1781 449 1827 507 Α
1853 446 2107 515 exprimi,
2136 462 2204 502 ac
2252 446 2499 502 Graecam
2544 445 2711 518 hujus
2749 462 2942 503 vocem
2987 447 3135 514 ιδίως
3157 463 3257 520 per
3276 447 3432 505 Lati-

163 536 510 603 testimonio,
540 552 653 606 quo
697 548 847 593 certe
899 538 1113 594 nullum
1150 537 1333 610 majus
1358 554 1508 595 nunc
1531 537 1749 595 deside-

161 629 273 682 rari
305 636 509 697 potest,
537 628 845 684 luculenter
867 630 1135 701 probatur
1163 632 1306 687 hanc
1344 632 1635 702 epistolam
1679 632 1751 687 ab

162 716 372 786 lgnatio
418 717 596 774 fuisse
638 720 922 790 scriptam.
955 719 1211 777 Testatur
1250 722 1401 778 enim
1449 723 1505 778 in
1550 737 1651 778 sua
1681 723 1750 780 ad

160 810 541 882 Philippenses
578 813 809 883 epistola
840 828 899 869 se
926 815 998 870 ab
1032 830 1100 872 eo
1157 816 1437 887 accepisse
1489 816 1700 873 litteras
1730 834 1746 873 :

167 922 184 952 ι
226 901 545 974 Scripsistis
573 905 641 960 ad
672 920 759 961 me
790 915 846 961 et
876 920 974 962 vos
1013 915 1069 962 et
1090 906 1360 979 lgnatius,
1396 927 1415 961 ι
1449 917 1555 965 etc.
1582 907 1748 978 Atqui

160 995 254 1049 illa
288 995 559 1065 epistola,
589 1013 753 1067 quam
799 998 888 1054 his
916 1000 1100 1055 verbis
1133 1000 1359 1066 indicat,
1388 1002 1578 1057 eadem
1628 1003 1747 1073 ipsa

156 1098 267 1156 est,
282 1089 353 1145 de
376 1105 487 1161 qua
520 1106 669 1146 nunc
687 1092 918 1162 quaestio
949 1102 1223 1150 movetur.
1248 1093 1386 1151 Nam
1408 1112 1750 1167 quaecunque

157 1183 503 1257 Polycarpus
552 1187 621 1243 de
667 1188 897 1259 epistola
958 1188 1153 1261 lgnatii
1192 1190 1369 1246 nostri
1417 1191 1485 1245 ad
1523 1204 1582 1245 se
1619 1190 1748 1246 data

160 1279 513 1345 memoravit,
562 1280 654 1334 illa
703 1281 889 1336 omnia
928 1282 982 1336 in
1005 1297 1069 1338 ea
1092 1296 1258 1353 quam
1301 1282 1587 1351 habemus,
1616 1300 1750 1341 nus-

158 1389 331 1443 quam
368 1389 498 1429 vcro
526 1375 582 1429 in
619 1375 731 1430 ulla
776 1376 883 1430 alia
934 1375 1306 1447 reperiuntur.
1351 1375 1570 1433 Scimus
1618 1377 1745 1448 qui-

157 1467 287 1519 dem
330 1464 386 1518 in
424 1465 565 1520 hanc
612 1466 857 1537 epistolae
895 1466 1183 1539 Polycarpi
1225 1477 1439 1538 partem
1472 1470 1744 1538 ultimam,

155 1574 332 1629 quam
389 1558 714 1625 citavimus,
768 1560 1030 1616 nonnulla
1090 1576 1123 1617 a
1185 1563 1519 1633 quibusdam
1575 1562 1748 1620 fuisse

155 1653 402 1723 objecta.
461 1652 569 1709 Sed
618 1653 735 1708 haec
784 1655 972 1710 omnia
1026 1664 1140 1712 tam
1188 1657 1339 1713 clare
1391 1657 1655 1715 diluimus
1673 1659 1741 1726 ",

153 1759 398 1815 eamque
424 1745 668 1816 epistolae
706 1755 915 1816 partem
945 1762 1057 1803 non
1095 1749 1281 1806 minus
1321 1766 1488 1820 quam
1534 1752 1672 1809 alias
1716 1767 1747 1807 a

156 1836 467 1908 Polycarpo
518 1839 780 1909 scriptam
816 1854 961 1909 esse,
993 1850 1165 1910 tanta,
1202 1844 1281 1899 uti
1317 1854 1597 1914 putamus,
1631 1848 1744 1903 evi-

155 1931 349 1986 dentia
373 1947 407 1985 a
434 1931 591 1989 nobis
610 1933 1045 1991 demonstratum
1072 1949 1187 2003 est,
1213 1945 1273 1991 ut
1295 1938 1526 1995 sinceris
1557 1956 1744 1997 rerum

155 2027 594 2084 aestimatoribus
630 2027 686 2084 id
714 2029 943 2086 omnino
992 2045 1316 2102 persuasum
1352 2031 1472 2090 fore
1502 2034 1747 2091 conﬁda-

280 2270 314 2344 ς
344 2270 415 2329 ll.
455 2269 606 2328 Idem
636 2271 856 2329 Eusebii
884 2284 935 2329 et
970 2273 1285 2348 Hieronymi
1317 2282 1634 2339 auctoritate

819 2349 1096 2414 probatur.

227 2497 415 2555 Porro
445 2507 627 2556 autem
657 2502 909 2573 epistolae
940 2505 1011 2561 ad
1044 2504 1410 2580 Polycarpum
1462 2519 1745 2569 auctorem

150 2605 285 2648 esse
338 2592 643 2663 Ignatium,
667 2609 781 2651 non
813 2595 1101 2669 Polycarpi
1144 2608 1358 2657 tantum
1390 2604 1746 2673 testimoniis,

153 2685 255 2741 sed
288 2684 519 2742 Eusebii
564 2688 731 2744 etiam
760 2693 1086 2749 auctoritate
1117 2696 1282 2764 plane
1316 2696 1744 2755 demonstratur.

156 2777 267 2835 Ubi
337 2779 487 2834 enim
541 2781 742 2852 lgnatii
780 2784 1043 2854 epistolas
1090 2797 1345 2844 accurate
1375 2800 1432 2846 et
1457 2791 1748 2864 diligenter

154 2882 442 2940 recenset,
467 2873 585 2929 haec
634 2874 727 2932 ille
773 2878 1003 2934 totidem
1038 2880 1222 2937 verbis
1249 2882 1418 2938 tradit
1440 2884 1515 2938 ”:
1551 2904 1570 2938 ‹
1604 2885 1746 2942 Cum

153 2965 441 3022 Troadem
481 2968 742 3037 venisset,
767 2970 894 3027 inde
917 2972 985 3026 ad
1007 2970 1515 3044 Philadelphienses
1538 2978 1747 3036 litteras

152 3059 333 3123 dedit,
373 3068 432 3114 et
480 3060 549 3115 ad
580 3058 987 3133 Smyrneorum
1024 3062 1347 3135 Ecclesiam,
1378 3068 1746 3141 privatimque

153 3153 226 3206 ad
276 3150 648 3223 Polycarpum
722 3169 914 3210 eorum
975 3157 1317 3229 episcopum,
1365 3161 1525 3226 ἰδίωςι
1558 3179 1619 3216 τε
1668 3161 1745 3235 τῷ
1772 3151 1814 3207 C

151 3248 371 3320 ταύτης
388 3266 635 3322 προηγου
644 3251 789 3323 μένῳ
811 3252 1482 3326 Πολυκάρπῳιευεθῢίυε
1508 3272 1745 3330 namque

154 3339 233 3394 ibi
262 3349 383 3396 tres
426 3341 627 3411 lgnatii
665 3342 928 3412 epistolas
979 3354 1168 3415 aperte
1212 3345 1529 3418 distinguit;
1579 3358 1746 3420 atque

154 3430 303 3486 hanc
326 3446 455 3502 qua:
484 3432 555 3487 ad
578 3431 961 3505 Polycarpum,
989 3444 1100 3490 tam
1124 3436 1193 3492 ab
1220 3452 1286 3493 ea
1312 3454 1435 3509 quae
1460 3440 1529 3495 ad
1557 3439 1747 3513 Smyr-

154 3539 335 3591 naeus,
381 3539 553 3603 quam
584 3525 654 3580 ab
691 3527 785 3581 illa
814 3542 938 3598 quae
972 3527 1041 3583 ad
1070 3526 1575 3601 Philadelphienses
1602 3535 1743 3589 scris

152 3627 246 3688 pta
276 3627 389 3685 est,
418 3617 686 3675 discernit
713 3628 769 3675 et
804 3619 1173 3676 discriminat.
1210 3620 1345 3689 Quae
1385 3623 1608 3693 quidem
1655 3625 1744 3680 di-

154 3711 386 3765 stinctio
430 3725 500 3765 ex
550 3710 637 3765 his
658 3725 783 3782 quae
828 3710 1268 3784 subsequuntur,
1315 3715 1491 3771 multo
1542 3716 1745 3777 clarius

152 3801 571 3873 dilucidiusque
599 3802 929 3873 perspicitur
977 3821 993 3859 :
1050 3822 1071 3855 ‹
1119 3804 1296 3872 Quem
1344 3823 1470 3864 cum
1523 3821 1745 3881 aposto-

150 3892 329 3948 licum
391 3892 606 3959 virum,
658 3892 738 3948 sic
801 3892 897 3949 ille
957 3894 1332 3965 prosequitur,
1394 3910 1522 3953 esse
1584 3899 1746 3968 plane

152 3994 511 4057 agnosceret,
543 3985 649 4056 ipsi
683 3994 946 4058 tanquam
995 3990 1176 4046 bonus
1223 4005 1289 4046 ac
1335 3990 1513 4048 ﬁdelis
1555 4004 1746 4063 pastor

152 4095 384 4152 gregem
413 4080 776 4136 Antiochena:
799 4079 1062 4140 Ecclesia:
1088 4084 1517 4153 commendavit,
1542 4100 1744 4158 rogans

153 4182 216 4227 ut
237 4174 400 4228 omni
431 4187 566 4229 cura
596 4173 750 4229 illum
784 4173 972 4233 fovere
996 4177 1180 4233 vellet.
1214 4178 1363 4234 Idem
1412 4179 1469 4234 in
1511 4180 1745 4250 epistola

152 4266 223 4321 ad
276 4264 605 4338 Smyrnaeos
641 4267 711 4324 de
742 4267 1036 4326 Servature
1064 4279 1255 4327 nostro
1284 4272 1537 4343 loquens,
1576 4294 1597 4329 ι
1633 4285 1742 4335 etc.

152 4359 222 4416 Et
247 4369 405 4416 certe
432 4361 494 4415 in
526 4360 756 4430 epistola
786 4361 856 4419 ad
899 4361 1211 4435 Smyrnaeos
1237 4366 1449 4421 nullum
1480 4366 1549 4423 de
1577 4367 1744 4442 Poly-

1853 552 1979 591 nam
2001 538 2215 608 proprie
2251 538 2327 593 ab
2356 539 2453 593 illo
2479 538 2660 595 fuisse
2681 538 2972 594 redditam.
3007 537 3126 594 Vox
3149 538 3318 610 igitur
3338 540 3431 595 illa

1849 629 2061 699 proprie
2083 628 2221 684 nihil
2248 628 2397 685 aliud
2436 629 2581 699 apud
2610 628 3001 701 Hieronymum
3035 630 3111 685 ibi
3137 631 3432 700 significat,

1850 734 2017 789 quam
2066 719 2341 788 privatim,
2380 720 2612 777 seorsim
2643 736 2709 777 ac
2749 722 3068 791 separatim.
3106 723 3283 792 Atque
3335 739 3434 779 eo-

1849 812 1974 867 dem
2022 811 2186 881 plane
2226 826 2394 867 sensu
2420 811 2512 868 illa
2539 812 2733 868 eodem
2769 814 2824 869 in
2853 814 2993 869 libro
3018 828 3129 869 non
3162 813 3331 870 semel
3361 813 3433 868 ab

1850 901 1973 972 ipso
2012 912 2275 975 usurpata
2326 904 2546 975 legitur.
2595 903 2690 962 Sic
2735 907 2939 977 quippe
2967 907 3170 962 ibidem
3203 907 3272 962 de
3301 907 3429 962 Cle-

1850 1005 2034 1052 mente
2078 997 2453 1053 Alexandrino
2500 998 2724 1054 disserit
2771 1019 2786 1055 :
2838 1018 2857 1052 ‹
2907 998 2986 1054 De
3029 999 3428 1054 canonibus....

1848 1085 1992 1141 liber
2034 1102 2196 1152 unus,
2228 1101 2393 1157 quem
2429 1088 2649 1157 proprie
2691 1087 3007 1145 Alexandro
3042 1086 3432 1159 Hierosolymi-

1848 1187 1982 1234 tano
2027 1180 2284 1250 episcopo
2341 1180 2758 1253 προσεφώνησε,
2804 1200 2823 1234 ι
2877 1191 2933 1237 et
2973 1183 3041 1238 de
3079 1182 3376 1252 Apollonio
3408 1200 3426 1237 ;

1854 1293 1873 1327 ι
1909 1274 2214 1345 Septimum
2253 1277 2471 1345 proprie
2503 1276 2766 1332 adversus
2792 1274 3142 1345 Apollonium
3175 1275 3432 1330 elabora-

1846 1369 1946 1424 vit.
1980 1385 1999 1419 ι
2033 1364 2189 1422 Unde
2240 1366 2584 1437 SOphronius
2621 1369 2677 1421 in
2722 1366 2909 1423 Graeca
2944 1369 3109 1438 hujus
3140 1366 3266 1423 libri
3304 1382 3431 1422 ver-

1848 1458 2004 1513 sione
2034 1456 2171 1512 illud
2203 1458 2429 1513 verbum
2477 1459 2688 1528 proprie
2724 1473 2822 1528 per
2861 1472 3051 1513 vocem
3091 1457 3431 1528 t6txw;,qua

1847 1550 1989 1607 idem
2025 1566 2091 1607 ac
2122 1548 2433 1606 Eusebiana
2458 1550 2606 1614 ἰδίως
2634 1560 2815 1619 sonat,
2846 1550 3107 1606 reddidit.

2169 1661 2199 1735 ς
2227 1664 2322 1718 lll.
2362 1662 2601 1735 Objectio
2636 1664 2838 1719 Usserii
2860 1664 3106 1720 diluitur.

1778 1800 1823 1855 Β
1922 1780 2123 1853 Objicit
2146 1792 2327 1838 tamen
2344 1781 2601 1838 Usserius
2619 1784 2734 1837 haec
2756 1780 3073 1853 Hieronymi
3101 1783 3265 1837 verba
3291 1801 3304 1837 :
3327 1802 3344 1835 ι
3370 1784 3422 1840 in

1847 1891 1957 1946 qua
1984 1886 2039 1930 et
2059 1875 2126 1931 de
2154 1874 2449 1947 Evangelia
2484 1876 2555 1942 ³⁸,
2590 1894 2608 1928 ι
2631 1884 2761 1944 etc.,
2803 1875 2871 1930 ad
2906 1876 3193 1945 epistolam
3238 1874 3425 1948 Smyr-

1848 1969 1982 2024 naris
2004 1969 2188 2023 datam
2217 1969 2445 2024 omnino
2476 1969 2702 2037 referri;
2728 1968 3064 2037 proindeque
3086 1967 3232 2021 illam
3256 1983 3426 2022 unam

1846 2075 1913 2116 ac
1942 2063 2190 2117 eamdem
2235 2078 2358 2119 esse
2385 2077 2511 2117 cum
2544 2078 2631 2129 ea,
2661 2076 2783 2132 quae
2812 2061 2878 2116 ad
2900 2060 3259 2133 Polycarpum
3289 2062 3427 2116 scri-

1846 2162 1938 2223 pta
1976 2153 2195 2209 dicitur.
2234 2152 2392 2220 Quod
2425 2153 2664 2225 quidem,
2697 2153 2873 2223 inquit
2907 2153 3050 2207 idem
3088 2149 3426 2219 Usserius",

1848 2249 1922 2303 ita
1953 2263 2144 2302 verum
2177 2256 2281 2311 est,
2312 2255 2373 2301 ut
2407 2264 2425 2297 ε
2475 2244 2753 2300 Honorius
2806 2244 3321 2316 Augustodunensis
3369 2246 3425 2300 in

1847 2342 1992 2397 libro
2022 2340 2101 2396 De
2128 2340 2481 2394 luminaribus
2513 2338 2767 2392 Ecclesia:
2799 2338 2910 2408 (cui
2936 2337 3425 2411 Hieronymianum

1849 2433 2185 2503 scriptorum
2237 2430 2547 2501 catalogum
2593 2428 2649 2482 in
2693 2429 2965 2499 epitomen
3000 2444 3033 2482 a
3063 2443 3121 2484 se
3143 2430 3425 2485 redactum

1851 2526 2105 2597 inseruit)
2145 2523 2445 2595 Epistolam
2475 2522 2545 2577 ad
2591 2519 2954 2593 Polycarpum
2990 2521 3047 2576 in
3077 2536 3246 2577 censu
3281 2523 3425 2578 scri-

1848 2627 2066 2690 ptorum
2094 2612 2289 2687 lgnatii
2311 2614 2474 2685 plane
2514 2612 3033 2683 praetermittendam
3063 2628 3185 2669 esse
3211 2613 3428 2683 judica-

1848 2709 1947 2765 vit.
1982 2727 2002 2762 ι
2039 2706 2145 2763 Sed
2175 2722 2285 2763 non
2314 2706 2498 2777 magni
2520 2705 2777 2776 ponderis
2806 2717 2891 2761 est
2910 2705 3213 2760 auctoritas
3241 2704 3428 2761 Hono-

1848 2798 1939 2866 rii,
1996 2798 2092 2868 qui
2136 2798 2192 2851 in
2234 2796 2344 2851 hac
2405 2795 2530 2849 libri
2589 2792 3003 2865 Hieronymiani
3052 2793 3288 2864 epitome
3348 2795 3425 2849 ita

1849 2905 1992 2960 saepe
2021 2904 2121 2960 per
2152 2903 2395 2944 errorem
2437 2887 2626 2958 lapsus
2655 2895 2768 2954 est,
2799 2895 2858 2941 ut
2894 2886 2987 2940 vix
3018 2884 3129 2941 ulla
3154 2887 3290 2941 lides
3321 2886 3425 2956 ipsi

1848 2983 2037 3039 haberi
2066 2983 2261 3053 possit.
2294 2980 2518 3051 Majoris
2550 2988 2731 3035 autem
2769 2980 3034 3034 momenti
3066 2990 3151 3035 est
3178 2980 3427 3035 testimo-

1848 3078 2001 3133 nium
2032 3075 2257 3131 alterius
2284 3073 2527 3129 auctoris
2552 3073 2712 3144 longe
2736 3072 3071 3139 vetustioris,
3099 3073 3195 3143 qui
3216 3083 3428 3127 utram-

1846 3189 1954 3244 que
1999 3172 2284 3243 epistolam
2338 3169 2628 3226 manifeste
2675 3168 2932 3225 distinxit
2981 3169 3037 3223 in
3080 3167 3305 3222 homilia
3344 3166 3427 3222 De

1846 3282 1952 3319 uno
1974 3266 2249 3334 utriusque
2285 3262 2611 3319 Testamenti
2644 3261 2970 3332 legislature,
3002 3276 3166 3332 quam
3193 3259 3424 3316 Photius

1844 3357 2274 3428 Chrysostomo,
2323 3356 2418 3411 alii
2469 3370 2600 3411 vero
2658 3355 2875 3411 cuidam
2932 3354 3182 3425 ejusdem
3248 3355 3427 3409 aetatis

1847 3449 2101 3519 scriptori
2131 3449 2415 3519 assignant
2437 3448 2502 3503 ³⁷.

1915 3541 2183 3599 Praeterea
2233 3558 2358 3599 cum
2416 3541 2691 3600 Honorius
2748 3542 2952 3598 librum
3008 3540 3324 3615 Hieronymi
3368 3543 3424 3598 in

1846 3636 2120 3707 epitomen
2163 3635 2464 3708 redegerit;
2519 3636 2590 3691 ad
2617 3635 2794 3701 illum,
2827 3635 2924 3705 qui
2970 3635 3217 3690 omnium
3245 3635 3425 3690 mani-

1846 3730 1950 3786 bus
1981 3728 2197 3796 teritur,
2229 3743 2445 3799 semper
2469 3728 2809 3784 redeundum
2840 3737 2943 3783 est.
2971 3724 3029 3782 Si
3054 3742 3178 3797 quae
3205 3741 3336 3782 vero
3364 3727 3425 3781 in

1846 3822 2163 3894 Hieronymi
2206 3836 2428 3893 quoque
2478 3822 2662 3878 verbis
2715 3821 2895 3877 subsit
2953 3820 3301 3884 obscuritas,
3351 3820 3421 3875 ad

1846 3912 2143 3969 Eusebium
2185 3925 2447 3985 tanquam
2478 3914 2546 3970 ad
2580 3913 2812 3980 fontem,
2845 3928 2913 3967 ex
2958 3928 3070 3983 quo
3097 3928 3195 3968 sua
3224 3912 3422 3967 Hiero-

1846 4020 2044 4075 nymus
2075 4004 2279 4070 hausit,
2309 4005 2510 4060 debent
2547 4019 2742 4060 omnes
2771 4019 3073 4060 recurrere.
3112 4003 3276 4074 Atqui
3306 4002 3420 4059 Eu-

1847 4096 2032 4151 sebius
2087 4097 2373 4167 epistolam
2423 4096 2491 4151 ad
2547 4095 2911 4169 Polycarpum
2964 4097 3035 4152 ab
3076 4096 3304 4166 epistola
3352 4095 3423 4151 ad

1848 4186 2159 4261 Sntyrnaeos
2203 4189 2569 4258 apertissime,
2600 4198 2661 4244 ut
2694 4189 2956 4255 vidimus,
2987 4189 3259 4243 distinxit.
3287 4186 3420 4243 Hie-

1847 4293 2108 4351 ronymus
2148 4294 2281 4351 ergo
2332 4281 2474 4335 idem
2528 4280 2667 4336 inter
2695 4290 2985 4350 utramque
3015 4280 3421 4335 statultdiscr't-

1845 4389 1991 4430 men.
2038 4373 2217 4444 Atque
2264 4374 2393 4430 hinc
2442 4375 2651 4444 liquido
2702 4374 2978 4445 colligitur
3023 4373 3116 4428 illa
3167 4373 3418 4442 ejusdem

153 4468 328 4523 carpo
368 4452 604 4509 verbum
654 4453 820 4523 facit;
859 4471 1041 4527 neque
1097 4457 1178 4513 illi
1224 4456 1526 4517 Ecclesiam
1584 4476 1741 4517 suam
1776 4486 1821 4543 ο
1845 4465 2159 4539 Hieronymi
2193 4466 2359 4522 verba
2393 4484 2409 4522 :
2439 4484 2459 4519 ε
2487 4465 2546 4521 ιιι
2584 4482 2692 4537 qua
2729 4475 2785 4522 et
2812 4467 2879 4523 de
2908 4464 3225 4536 Evangetio,
3258 4484 3279 4516 ι
3306 4474 3413 4519 etc.

152 4546 568 4602 Antiochenam
609 4550 977 4605 commendat.
1007 4549 1142 4617 Quae
1164 4566 1292 4607 cum
1324 4551 1382 4607 in
1407 4553 1636 4623 epistola
1673 4554 1744 4632 ad

151 4636 529 4711 Polycarpum
590 4650 906 4710 occurrant,
956 4641 1106 4698 illam
1149 4644 1531 4715 proculdubio
1557 4647 1626 4701 ab
1654 4661 1742 4716 ea,

151 4748 279 4803 qua:
336 4732 410 4788 ad
461 4731 775 4805 Smyrnam
818 4736 1022 4807 scripta
1064 4748 1170 4806 est,
1211 4736 1481 4796 Eusebius
1509 4740 1745 4811 apertis-

152 4826 297 4883 sime
327 4826 642 4899 distinguit.

218 4918 423 4990 Neque
469 4921 579 4976 alia
629 4920 950 4997 Hieronymi
994 4925 1265 4981 sententia
1294 4924 1466 4982 fuisse
1489 4923 1739 4992 videtur;

152 5012 229 5067 ait
257 5012 421 5068 enim
437 5012 487 5045 “
514 5030 529 5070 ;
563 5031 584 5067 r
615 5013 750 5071 Inde
778 5017 1067 5088 egrediens
1095 5018 1322 5089 scripsit
1351 5019 1424 5075 ad
1465 5019 1743 5078 Philadel-

126 5104 371 5213 gpluteos,
401 5112 463 5160 et
507 5105 578 5161 ad
612 5105 963 5213 S‘myrnaa‘os,‘
981 5117 1038 5166 et
1081 5111 1302 5181 proprie
1359 5111 1427 5168 ad
1478 5111 1739 5185 Polycar—

132 5199 312 5267 fpum,
368 5199 768 5255 commendans
818 5201 899 5256 illi
933 5200 1359 5260 Antiochean
1398 5204 1736 5277 Ecclesiam;

150 5294 205 5349 in
236 5309 357 5365 qua
387 5301 449 5349 et
480 5293 548 5350 de
578 5293 878 5368 Evangelia
928 5299 1077 5369 quod
1115 5313 1290 5371 nuper
1313 5316 1346 5355 a
1374 5315 1463 5357 me
1502 5301 1741 5357 transla-

149 5395 263 5443 tum
316 5396 432 5455 est,
481 5402 652 5459 super
694 5405 930 5461 persona
998 5391 1205 5448 Christi
1266 5394 1423 5464 ponit
1489 5393 1740 5450 testimo-

147 5482 330 5537 nium.
370 5500 391 5535 ι
420 5480 622 5540 Nullus
670 5483 916 5555 profecto
960 5499 1073 5540 non
1101 5485 1249 5541 videt
1280 5487 1370 5543 his
1419 5486 1740 5558 Hieronymi

149 5576 338 5631 verbis
379 5574 608 5632 Eusebii
636 5591 883 5646 sensum,
906 5587 970 5635 ut
995 5579 1182 5637 omnia
1218 5594 1358 5651 pene
1394 5580 1518 5652 ejus
1542 5581 1733 5649 verba,

253 5734 303 5766 ⁸⁸
350 5731 521 5803 Supr.
557 5748 681 5817 cap.
712 5735 767 5795 4,
812 5734 858 5769 ⁸³
885 5734 1088 5791 Euseb.
1121 5736 1218 5792 lib.
1246 5751 1343 5819 nr,
1376 5734 1609 5818 Histor.,
1642 5750 1743 5861 (ξιξ

253 5807 297 5858 te
332 5802 515 5863 lgnat.
549 5816 705 5863 epist.
735 5821 854 5863 can.
892 5809 959 5863 8.
994 5822 1047 5863 υ.
1082 5807 1133 5862 8.
1214 5807 1256 5839 ³⁷
1283 5806 1681 5863 Βιὺιιοιιιωοά.

1850 5736 1880 5802 ἱ,
1918 5732 1998 5805 §2
2027 5741 2083 5788 et
2108 5746 2225 5801 seq.

1851 5814 1905 5863 et
1940 5802 2146 5863 Synod.
2169 5817 2225 5858 vi

153 5803 196 5835 ³⁴
217 5804 297 5858 De
332 5802 515 5873 lgnat.
549 5802 705 5873 epist.
735 5821 854 5875 cap.
892 5809 923 5859 8
947 5849 959 5872 ,
994 5822 1047 5875 p.
1082 5807 1133 5862 8.
1214 5807 1256 5839 ³⁷
1283 5806 1538 5864 Biblioth.
1559 5808 1681 5865 cod.

1849 4577 1959 4618 non
1996 4561 2064 4615 ad
2091 4561 2390 4629 posteriora
2411 4560 2483 4614 ad
2509 4558 2889 4628 Polycarpum,
2915 4559 3012 4613 sed
3041 4558 3109 4614 ad
3131 4558 3418 4628 superiora

1846 4654 1917 4708 art
1947 4655 2250 4723 Smyrnam
2288 4665 2410 4706 esse
2438 4649 2741 4705 referenda.

1916 4746 2006 4813 At,
2061 4744 2298 4816 inquies,
2333 4744 2451 4798 haec
2500 4742 2673 4798 textui
2720 4739 3146 4812 Hieronymiano
3183 4740 3293 4795 vim
3330 4740 3416 4797 fa—

1842 4842 2014 4898 ciunt.
2072 4838 2179 4894 Sed
2223 4838 2271 4894 si
2310 4851 2475 4892 verus
2524 4835 2617 4890 ille
2652 4834 2726 4891 sit
2766 4834 3062 4889 verborum
3096 4831 3417 4906 Hieronymi

1841 4949 2070 4998 sensus,
2113 4932 2264 4987 nulla
2313 4945 2382 4986 ex
2428 4944 2556 4985 vera
2594 4941 2785 4985 eorum
2844 4925 3207 4996 explicatione
3242 4930 3426 4981 textui

1840 5024 1960 5095 ejus
2004 5023 2088 5079 vis
2130 5021 2374 5077 affertur.
2416 5017 2603 5088 Neque
2654 5015 2843 5072 forsan
2908 5032 2938 5070 a
2989 5028 3121 5069 vero
3181 5016 3408 5068 multnn

1842 5116 2143 5182 aberrabit,
2183 5114 2279 5184 qui
2324 5110 2527 5169 dixerit
2561 5109 2617 5163 in
2665 5107 2982 5178 Hieronymi
3018 5114 3169 5161 textu
3213 5103 3423 5159 factam

1838 5210 2011 5266 fuisse
2039 5223 2071 5262 a
2096 5205 2337 5262 librariis
2355 5201 2865 5271 transpositionem;
2894 5198 3001 5253 nisi
3025 5195 3422 5267 Hieronymus,

1839 5302 1935 5374 qui
1980 5300 2199 5356 Graecos
2246 5302 2500 5351 auctores
2527 5300 2679 5347 tanta
2709 5290 2986 5345 celeritate
3019 5287 3245 5343 reddere
3273 5283 3420 5340 sole-

1837 5394 1952 5460 bat,
1975 5406 2075 5448 sua
2099 5390 2216 5459 ipse
2238 5386 2405 5442 verba
2427 5382 2845 5453 transposuerit.

1908 5481 2164 5549 lnstabis,
2185 5479 2385 5549 stylnm
2413 5474 2605 5547 lgnatii
2626 5474 2682 5529 in
2705 5470 3024 5543 epistolapad
3050 5468 3414 5541 Polycarpum

1837 5594 1951 5635 non
1996 5572 2351 5647 deprehendi,
2378 5568 2625 5640 nullique
2666 5565 2951 5637 probabile
2976 5563 3093 5620 fieri
3116 5561 3413 5635 lgnatium,

2301 5728 2349 5761 “
2374 5727 2470 5783 lib.
2505 5725 2583 5780 De
2611 5726 2800 5795 script.
2838 5726 3022 5783 ποιεί.
3074 5724 3117 5759 ³⁸
3156 5722 3288 5793 Snp.
3313 5722 3409 5779 cit.

1940 5797 2146 5874 Synod.
2169 5797 2248 5858 vn
2303 5813 2510 5869 gener.,
2545 5806 2651 5852 act.
2681 5797 2734 5867 6.
