3834 6214
425 307 525 364 641

1503 308 1562 364 S.
1603 305 1956 366 IGNA'TIUS.
1996 338 2063 346 —
2101 305 2636 365 PROLEGOMENA.

3603 314 3712 370 548

425 442 552 484 cum
579 427 647 483 ad
674 427 1036 502 Polycarpum
1067 431 1324 502 privatim
1356 431 1514 488 daret
1537 432 1826 502 epistolam
1855 432 1908 484 in
1938 446 2002 486 ea
2034 445 2080 502 Α
2108 447 2216 486 non
2261 433 2502 487 servavit
2532 433 2733 500 solum,
2769 451 2787 486 ι
2819 443 2923 490 etc.
2949 432 3124 490 Porro
3151 433 3426 493 Eusebius
3465 438 3568 507 qui
3595 439 3716 495 haec

426 521 496 575 ad
525 529 698 576 totam
723 521 1113 595 Smyrneusem
1141 525 1446 581 Ecclesiam
1477 541 1640 581 suum
1674 527 2018 582 convertisse

427 627 761 670 sermonem.
798 614 904 672 Sed
957 619 1044 674 his
1076 617 1239 674 facile
1285 618 1688 689 respondemus
1717 619 1864 675 hanc
1900 619 2017 690 epi-

427 702 630 759 stolam
652 707 868 773 eodem,
881 722 946 765 ac
961 709 1098 766 alias
1117 709 1382 781 genuinas
1396 710 1588 782 lgnatii
1606 711 1840 780 litteras,
1877 713 2017 768 scri-

427 804 578 865 ptam
609 811 732 853 esse
763 799 926 871 style.
964 797 1268 856 Ecclesiam
1297 815 1428 856 vero
1458 801 1856 874 Smyruensem
1885 819 2015 860 cum

425 885 502 942 ibi
526 889 844 960 alloquitur,
870 891 1008 946 nihil
1031 900 1228 962 praeter
1251 893 1513 964 temporis
1542 896 1629 951 sui
1654 911 1866 952 morem
1887 911 2016 952 eum

425 977 627 1036 fecisse
675 992 885 1038 certum
935 993 1040 1039 est.
1071 983 1209 1040 Nam
1241 984 1540 1058 Dionysius
1585 987 1911 1044 Corinthius
1938 989 2010 1046 ad

429 1070 679 1128 Soterem
737 1089 1016 1130 summum
1072 1076 1385 1147 pontiﬁcem
1437 1079 1711 1149 privatam
1763 1080 2015 1137 scribens

427 1163 735 1232 epistolam,
770 1164 827 1220 iu
860 1181 924 1221 ea
973 1166 1042 1222 ad
1098 1165 1404 1224 Romanam
1463 1169 1767 1227 Ecclesiam
1813 1173 2015 1244 stylum

428 1256 511 1311 sic
539 1258 811 1313 convertit
846 1273 1010 1315 suum
1047 1275 1063 1315 :
1100 1278 1120 1311 ι
1154 1258 1280 1316 Haec
1303 1261 1464 1318 vobis
1495 1264 1841 1320 consuetudo
1860 1272 2018 1322 est...

427 1349 604 1420 Atque
634 1350 785 1407 hunc
833 1366 1044 1408 morem
1084 1352 1278 1410 beatus
1318 1355 1614 1428 episcopus
1649 1368 1830 1414 vester
1859 1356 2022 1415 Soter

2120 522 2366 592 Dionysii
2413 525 2579 579 verba
2619 524 2826 594 retulit,
2858 527 2941 582 sic
2967 530 3318 598 prosequitur
3334 529 3416 583 "2
3455 547 3479 580 ε
3516 531 3577 584 in
3609 531 3718 588 hac

2117 616 2238 687 ipsa
2285 615 2450 672 etiam
2479 617 2705 688 epistola
2741 618 2993 674 meminit
3019 618 3320 676 Clementis
3349 623 3606 692 epistola:
3646 625 3716 677 ad

2118 708 2459 775 Corinthios,
2487 725 2652 780 quam
2691 725 2761 766 ex
2790 711 2972 782 prisca
3005 712 3408 769 consuetudine
3433 715 3493 768 in
3532 714 3720 771 Eccle-

2119 802 2200 858 sia
2231 803 2335 875 legi
2371 803 2590 859 solitam
2622 813 2876 862 testatur.
2917 823 2936 858 ι
2969 804 3115 862 Nulli
3140 805 3325 876 itaque
3355 809 3565 862 mirum
3589 824 3718 866 esse

2118 896 2299 965 debet,
2329 898 2381 953 si
2422 897 2690 968 lgnatius,
2719 898 2814 970 qui
2859 913 3016 954 suam
3061 913 3285 969 quoque
3323 900 3397 954 ad
3442 897 3729 973 Polycarcl

2114 1006 2246 1062 pum
2310 991 2603 1062 epistolam
2679 992 2736 1046 in
2791 991 3113 1064 Smyrnensi
3184 991 3434 1049 Ecclesia
3492 993 3720 1063 publice

2115 1084 2399 1156 legendam
2453 1085 2574 1141 fore
2623 1085 2772 1143 haud
2837 1085 3115 1141 immerito
3163 1083 3580 1156 suspicabatur,
3648 1082 3719 1138 ad

2118 1193 2311 1235 omnes
2360 1178 2660 1236 universim
2689 1177 3034 1236 Christianos
3071 1192 3232 1235 suum
3253 1177 3308 1233 in
3327 1176 3425 1237 illa
3446 1176 3720 1234 direxerit

2119 1286 2431 1330 sermonem
2439 1311 2454 1326 .

1605 1709 1896 1802 PARS
1967 1710 2536 1803 SECUNDA.

429 1933 520 1993 De
567 1929 1181 2010 interpolationibus
1233 1928 1662 2011 genuinarum
1715 1928 1943 2011 lgnatii
2005 1928 2598 2011 epistolarum,_ac
2651 1928 2732 1992 de
2774 1927 2922 1990 aliis
2998 1927 3296 2008 epistolis
3349 1927 3488 2009 ipsi
3547 1928 3724 1993 falso

1498 2009 1820 2089 ascriptis,
1860 2008 2214 2088 earumque
2261 2008 2660 2072 auctoribus.

937 2198 1167 2255 CAPUT
1203 2197 1500 2254 PRIMUM.

556 2329 624 2368 DE
660 2328 1216 2369 INTERPOLATIONIBUS
1245 2325 1622 2367 EPlSTOLARUI
1657 2325 1886 2365 IGNATII.

432 2425 463 2499 ε
503 2428 544 2480 1.
583 2425 857 2498 Ignatium
891 2433 1084 2480 harum
1115 2425 1733 2499 interpolationumnon
1773 2438 1886 2479 esse
1919 2438 2020 2477 au-

714 2507 912 2553 ctorem
943 2506 1131 2552 contra
1162 2495 1364 2550 Morini
1391 2495 1730 2550 sententiam.

501 2631 752 2688 Secunda
786 2631 1142 2702 epistolarum
1176 2628 1374 2701 lgnatii
1409 2627 1608 2684 classis
1637 2627 1858 2683 easdem
1880 2667 1896 2694 ,
1949 2626 2018 2682 de

427 2724 635 2796 quibus
677 2726 949 2779 hactenus
987 2721 1392 2787 disseruimus,
1445 2721 1622 2792 ipsius
1665 2719 1879 2774 litteras
1922 2717 2019 2774 sed

428 2816 601 2872 variis
647 2813 1163 2884 interpolationibus
1193 2822 1358 2883 atque
1390 2810 1777 2866 additamentis
1804 2817 2017 2873 auctas,

429 2907 666 2977 aliisque
697 2905 1179 2977 depravationibus
1209 2903 1352 2960 fmde
1385 2911 1676 2973 corruptas
1706 2910 1762 2956 et
1805 2899 2021 2956 adulte-

431 3007 584 3054 ratas
631 2997 1040 3067 complectitur.
1095 2993 1306 3051 Harum
1351 3003 1536 3050 autem
1586 2993 1932 3048 additionum
1966 2997 2022 3046 et

429 3090 852 3160 corruptionum
895 3095 1178 3143 auctorem
1224 3101 1337 3142 non
1386 3101 1510 3142 esse
1552 3083 1848 3156 lgnatium,
1881 3082 2020 3137 adeo

430 3188 642 3236 certum
669 3187 787 3245 est;
820 3186 882 3232 ut
923 3177 1089 3232 etiam
1125 3185 1252 3232 ante
1283 3176 1538 3247 volgatas
1589 3175 1659 3230 ab
1700 3172 1928 3229 Usserio
1964 3181 2018 3229 et

429 3269 630 3327 Vossio
671 3270 1036 3341 genuinarum
1076 3267 1273 3339 lgnatii
1316 3269 1678 3340 epistolarum
1709 3267 2020 3329 editiones,

431 3362 564 3418 illud
595 3362 730 3418 viris
763 3361 1092 3432 quibusdam
1132 3361 1312 3417 doctis
1342 3369 1397 3417 et
1433 3360 1668 3416 eruditis
1715 3357 1882 3414 fuerit
1923 3358 2024 3414 ob-

432 3463 733 3512 servatum.
755 3453 864 3509 Nos
880 3461 1030 3509 certe
1054 3468 1165 3509 non
1185 3453 1326 3523 fugit
1347 3452 1728 3508 doctissimum
1748 3449 2022 3505 Morinum

433 3547 636 3602 alicubi
699 3547 1006 3602 asscruisse
1033 3547 1081 3580 ⁸³
1119 3565 1132 3601 :
1171 3563 1193 3599 ι
1259 3531 1562 3615 Antiquam
1610 3541 2022 3614 lgnatiauarum

431 3639 790 3709 epistolarum
821 3638 1120 3692 editionem
1150 3637 1450 3708 genuinum
1485 3643 1696 3691 textum
1729 3634 1888 3690 nobis
1919 3648 2017 3689 ex-

432 3732 620 3786 hibere
653 3745 852 3786 novam
877 3744 1005 3784 vero
1038 3743 1298 3784 mancum
1337 3737 1392 3784 et
1415 3727 1829 3798 interpolatum.
1869 3744 1889 3778 ι
1938 3727 2019 3781 Ac

432 3838 504 3888 ne
551 3823 677 3894 quis
723 3838 850 3879 eum
897 3823 1015 3878 haec
1062 3831 1268 3877 temere
1305 3820 1512 3877 dixisse
1551 3827 1788 3892 putaret,
1835 3818 2016 3873 conti-

433 3930 546 3970 nuo
573 3914 784 3970 addidit
824 3933 838 3969 :
878 3933 899 3967 ‹
935 3914 1101 3970 Multa
1153 3913 1486 3985 conjectum
1515 3926 1652 3968 mea:
1697 3920 2019 3982 argumenta

431 4005 565 4061 dare
596 4020 836 4069 possem.
878 4025 897 4058 ι
937 4004 1072 4061 Rem
1121 4019 1253 4059 sane
1281 4002 1542 4058 omnibus
1579 4013 1788 4071 gratam
1815 4007 1870 4054 et
1896 4014 2022 4069 per-

434 4100 625 4154 utilem
654 4102 1001 4169 praestitisset
1027 4098 1111 4152 vir
1155 4096 1248 4150 ille
1286 4094 1547 4157 eximius,
1591 4092 1638 4147 si
1686 4106 1750 4146 ea
1781 4090 2025 4146 dedisset

434 4201 783 4265 argumenta,
816 4191 1020 4262 quibus
1059 4189 1373 4259 opinionem
1406 4187 1543 4243 adeo
1573 4186 1936 4257 singularem,
1969 4193 2024 4240 et

434 4302 466 4340 a
503 4299 635 4342 vero
685 4294 798 4340 tam
851 4283 1093 4339 alienam
1145 4279 1365 4337 defendi
1416 4294 1578 4351 posse
1628 4278 2019 4333 arbitrabatur.

434 4375 574 4432 Nam
608 4377 860 4432 sinceras
909 4389 974 4430 ac
1005 4373 1275 4445 genuinas
1317 4370 1509 4442 lgnatii
1553 4369 1729 4424 nostri
1760 4367 2025 4438 epistolas

436 4471 493 4525 in
521 4469 861 4525 edi-tionibus
895 4465 1103 4523 Usserii
1147 4474 1204 4522 et
1230 4462 1416 4519 Vossii
1445 4460 1693 4518 exhiberi
1739 4459 1905 4515 certis
1947 4459 2027 4513 iu-

434 4561 706 4632 victisque
747 4561 1027 4615 rationum
1073 4557 1370 4613 momentis
1401 4556 1562 4627 plane
1587 4553 2020 4608 demonstratur.

689 4701 720 4774 ς
752 4699 819 4756 ll.
852 4699 921 4754 Id
951 4699 1114 4755 variis
1149 4696 1469 4769 argumentis
1496 4693 1774 4765 probatur.

507 4837 755 4892 Primum
805 4835 956 4891 enim
986 4832 1326 4899 testimonia,
1363 4847 1487 4903 qua:
1527 4830 1721 4886 Patres
1767 4827 2020 4898 antiqui,

433 4941 568 5005 puta
614 4929 906 4997 Eusebius,
949 4927 1308 4992 Athanasius,
1341 4925 1732 4995 Hieronymus,
1761 4921 2020 4976 Theodo—

430 5034 610 5090 retus,
644 5022 847 5093 aliique
871 5020 1060 5092 plures
1088 5034 1158 5074 ex
1185 5014 1380 5088 lgnatii
1401 5017 1648 5090 epistolis
1671 5017 2017 5081 citaverunt,

431 5118 484 5170 iu
540 5116 631 5181 iis,
681 5129 792 5168 non
836 5120 1020 5166 autem
1071 5111 1127 5164 in
1186 5110 1638 5180 iuterpolatarum
1684 5105 2019 5162 editionibus

429 5209 652 5263 sincera
680 5218 735 5262 et
760 5205 968 5274 integra
1001 5212 1486 5274 repraesentantur.

507 5319 764 5376 Secundo
809 5316 1116 5373 additioues
1162 5317 1292 5381 illae,
1337 5329 1474 5386 quas
1518 5312 1797 5380 Usserius,
1834 5321 1896 5368 ut
1924 5327 2021 5368 eo-

429 5425 557 5464 rum
591 5425 624 5465 a
651 5409 853 5480 quibus
891 5408 1232 5479 interpolatae
1271 5416 1420 5475 sunt,
1453 5405 1678 5461 fraudes
1707 5404 1883 5474 magis
1926 5419 2018 5459 es-

436 5512 561 5559 sent
585 5501 911 5568 mauii‘estae,
928 5501 1104 5556 voluit
1129 5501 1182 5554 in
1211 5498 1454 5555 editione
1466 5513 1564 5554 sua
1582 5511 1703 5552 esse
1725 5496 1898 5551 minio
1921 5495 2019 5551 dc—

437 5596 695 5666 scriptas,
733 5595 869 5650 nihil
917 5593 1068 5650 aliud
1091 5600 1241 5658 sunt,
1275 5606 1443 5662 quam
1488 5589 1611 5645 loca
1657 5603 1831 5645 sacrae
1868 5587 2021 5644 Scri-

2044 2204 2089 2261 B
2115 2207 2288 2271 plura?
2321 2197 2606 2270 lgnatiauo
2627 2200 2799 2255 textui
2832 2199 3210 2271 superaddita,
3243 2197 3330 2256 vel
3359 2201 3598 2271 phrases
3618 2212 3725 2257 aut

2121 2292 2470 2362 periphrascs
2519 2307 2623 2348 nec
2665 2302 2854 2363 aperte
2902 2307 3005 2350 nec
3053 2293 3444 2350 convenienter
3486 2294 3573 2348 illi
3615 2295 3722 2350 ad-

2114 2382 2294 2454 jectae.
2568 2448 2572 2451 _

2193 2473 2382 2530 Tertio
2417 2475 2474 2530 in
2508 2475 2578 2531 iis
2610 2476 2876 2543 hmretici,
2904 2476 3000 2548 qui
3045 2475 3240 2547 lgnatii
3277 2485 3528 2547 tempore
3564 2493 3719 2533 non-

2120 2569 2254 2625 dum
2285 2569 2615 2625 exstiterant
2649 2584 2760 2624 non
2792 2570 2971 2625 solum
3013 2570 3425 2639 impugnantur,
3459 2570 3564 2625 sed
3609 2585 3721 2624 no-

2121 2659 2368 2714 minibus
2393 2659 2559 2714 etiam
2592 2658 2937 2728 appellantur
2958 2657 3096 2712 suis.
3125 2655 3206 2710 lbi
3232 2657 3460 2724 insuper
3495 2655 3572 2711 de
3614 2670 3717 2711 re-

2119 2752 2226 2810 bus
2255 2752 2452 2824 lgnatii
2482 2760 2730 2823 tempore
2776 2752 3022 2807 nondum
3055 2751 3293 2817 usitatis,
3342 2765 3408 2806 ac
3453 2750 3717 2822 ejusdem

2120 2847 2298 2902 astatis
2324 2844 2588 2901 doctrinae
2630 2860 2696 2901 ac
2726 2843 3033 2914 disciplina:
3059 2843 3351 2899 contrariis
3381 2850 3442 2898 et
3477 2843 3714 2912 opposi-

2121 2937 2193 2996 tis
2220 2953 2402 2996 sermo
2445 2937 2772 2994 instituitur.
2808 2936 2940 2990 Tale
2966 2943 3052 2990 est
3080 2935 3214 2990 illud
3242 2934 3392 3006 quod
3431 2933 3506 2990 ibi
3541 2934 3717 2988 indu-

2123 3033 2363 3090 bitanter
2394 3031 2719 3097 ailirmatur,
2758 3028 2993 3084 Paulum
3031 3036 3088 3083 et
3131 3027 3379 3097 reliquos
3426 3026 3718 3096 apostolos

2123 3127 2329 3197 nuptiis
2363 3125 2536 3181 fuisse
2565 3123 2826 3179 sociatos.
2862 3121 3016 3178 Talia
3041 3130 3172 3178 sunt
3215 3135 3340 3192 qua:
3365 3119 3436 3175 de
3461 3119 3717 3189 impera-

2123 3219 2336 3276 toribus
2365 3215 2678 3282 traduutur,
2707 3223 2762 3270 et
2787 3214 2896 3269 alia
2925 3214 3106 3284 plura,
3131 3227 3254 3283 quas
3288 3211 3553 3267 omnibus
3581 3226 3718 3266 cum

2125 3310 2426 3377 sintobvia,
2447 3309 2514 3364 iis
2530 3306 2880 3364 recensendis
2896 3305 3103 3361 diutius
3124 3319 3235 3359 non
3261 3301 3716 3360 immorabimur.

2200 3408 2342 3464 lliuc
2393 3409 2582 3478 itaque
2629 3405 2840 3476 liquido
2890 3403 3214 3475 intelligitur
3263 3402 3410 3458 idem
3457 3402 3719 3473 epistolis

2127 3499 2322 3571 lgnatii
2368 3499 2667 3569 contigisse
2702 3496 2852 3567 quod
2897 3495 2968 3551 de
3009 3495 3129 3551 suis
3165 3494 3467 3566 Dionysius
3509 3491 3718 3549 Corin-

2050 3581 2092 3640 Ο
2125 3593 2279 3648 thius
2307 3602 2579 3648 memorat
2598 3591 2643 3623 ⁸⁸
2675 3609 2690 3646 :
2729 3609 2748 3642 ι
2783 3589 3079 3660 Epistolas,
3109 3589 3311 3658 inquit,
3349 3587 3584 3658 scripsi,
3613 3601 3718 3643 ro-

2125 3695 2312 3758 gatus,
2345 3701 2375 3740 a
2408 3685 2673 3740 fratribus
2699 3701 2713 3738 :
2739 3685 2836 3739 sed
2867 3683 2991 3739 illas
3039 3681 3274 3738 ministri
3323 3681 3552 3752 quidam
3592 3679 3721 3735 dia—

2124 3779 2236 3836 boli
2265 3779 2496 3834 zizauiis
2527 3777 2960 3848 compleverunt,
2987 3775 3240 3847 quaedam
3269 3789 3338 3830 ex
3366 3775 3474 3829 illis
3497 3787 3719 3844 expun-

2124 3880 2339 3944 gentes;
2372 3870 2621 3942 quaedam
2663 3869 3008 3939 adjicientes.
3047 3886 3067 3920 ι
3109 3865 3246 3932 Quis
3273 3873 3460 3920 autem
3497 3866 3718 3935 episto--

2123 3965 2205 4021 las
2235 3964 2428 4036 lgnatii
2453 3960 2860 4028 adulteraverit,
2891 3961 3197 4030 harumque
3223 3957 3718 4028 interpolationum

2123 4059 2686 4130 depravatiouumque
2710 4065 2906 4112 auctor
2933 4055 3130 4122 fuerit,
3161 4055 3211 4110 si
3244 4053 3518 4123 inquiras,
3557 4054 3719 4108 dice—

2123 4168 2250 4209 mus
2272 4153 2430 4209 nobis
2461 4152 2743 4222 probabile
2767 4151 2996 4207 omnino
3035 4149 3207 4204 videri
3255 4147 3412 4202 illum
3448 4147 3716 4203 eumdem

2123 4261 2268 4314 esse,
2299 4245 2394 4316 qui
2437 4243 2629 4314 lgnatii
2657 4245 2883 4300 nomine
2917 4242 3054 4296 alias
3084 4239 3388 4312 publicavit
3416 4238 3717 4310 epistolas,

2123 4340 2191 4396 de
2217 4341 2419 4412 quibus
2450 4353 2598 4394 nunc
2626 4347 2712 4395 est
2737 4335 3140 4394 disserendum.

2766 4496 2996 4586 CAPUT
3037 4495 3097 4551 ll.

2345 4635 2414 4675 DE
2445 4633 2588 4673 ALIIS
2613 4629 2887 4673 EPISTOLIS
2918 4625 3137 4668 IGNATIO
3171 4624 3472 4668 ASCRIP'I'IS.

2125 4738 2154 4812 ᾖ
2192 4737 2232 4793 l.
2263 4733 2515 4804 Anatysis
2542 4726 3158 4812 'harumuepistotaru'm,
3203 4734 3253 4812 et
3284 4723 3459 4812 primo
3492 4722 3717 4794 quidem

2471 4801 2707 4873 epistola:
2737 4794 2929 4854 Maria:
2963 4798 3032 4851 ad
3060 4794 3353 4868 lgnatium.

2191 4923 2251 4978 lu
2282 4921 2444 4979 tertia
2477 4916 2834 4989 epistolarum
2864 4910 3062 4983 lgnatii
3097 4909 3278 4966 classe
3303 4907 3425 4964 aliae
3459 4909 3717 4980 quinque

2124 5019 2488 5080 collocantur,
2519 5011 2721 5081 quibus
2752 5008 2864 5073 illa,
2896 5021 3064 5076 quam
3092 5003 3263 5059 Maria
3291 5019 3359 5058 ex
3385 5001 3716 5060 Cassobelis

2124 5112 2194 5167 ad
2223 5109 2494 5181 lgnatium
2526 5102 2812 5173 scripsisse
2837 5098 3058 5162 dicitur,
3085 5097 3140 5151 in
3175 5094 3512 5151 editionibus
3538 5092 3716 5151 Usse-

2123 5206 2215 5270 rii,
2263 5201 2468 5264 Vossii,
2505 5213 2569 5254 ac
2598 5193 2856 5253 Cotelerii
2884 5189 3106 5263 praeﬁxa
3136 5197 3240 5244 est.
3278 5186 3392 5242 Hac
3422 5196 3628 5249 autem
3651 5188 3709 5242 ir

2125 5297 2356 5370 epistola
2398 5293 2572 5349 Maria
2613 5289 2881 5362 lgnatium
2923 5286 3216 5342 certiorem
3258 5280 3394 5338 facit
3429 5280 3677 5336 Christia

2126 5408 2255 5449 nam
2289 5390 2451 5446 ﬁdem
2480 5389 2536 5442 in
2569 5385 2788 5456 regione
2817 5394 2918 5437 sua
2959 5377 3130 5434 fuisse
3161 5383 3512 5446 susceptam;
3543 5380 3714 5442 atque

2125 5487 2332 5543 idcirco
2356 5497 2483 5538 eum
2511 5481 2855 5550 deprecatur,
2888 5473 3322 5542 obtestaturque,
3345 5477 3406 5524 ut
3438 5467 3624 5522 mittat
3642 5467 3710 5520 ad

2125 5597 2185 5638 se
2210 5578 2406 5634 Marim
2438 5573 2759 5646 episcopum
2775 5565 3103 5639 Neapoleos,
3135 5562 3457 5635 Eulogium,
3481 5570 3539 5617 et
3575 5558 3712 5614 Zar-

541 5737 587 5770 ³⁸
614 5736 802 5820 lib_.'iv_
850 5735 1232 5820 Histor.,nc'ap.
1256 5733 1328 5789 25
1419 5733 1483 5808 f9
1507 5730 1584 5787 De
1607 5745 1748 5787 sacr.
1783 5731 2046 5820 ordinat"
2074 5734 2340 5808 partui,
2366 5718 2595 5781 exercit.
2620 5717 2675 5785 5,
2701 5713 2914 5813 cap..5,
2936 5726 2993 5785 p.
3024 5709 3116 5768 46.
3219 5705 3268 5740 ⁸ο
3294 5702 3478 5775 Apud.
3502 5699 3706 5758 Euseb.

436 5809 534 5868 Ιώ.
567 5824 620 5864 tv
679 5805 910 5873 Histor.,
937 5820 1056 5876 cap.
1082 5804 1174 5861 25.
