3852 6206
175 311 285 368 569

1161 312 1225 367 D.
1262 310 1554 369 NOURRII
1593 310 2055 370 DISSERTATIO
2082 346 2152 356 —
2191 313 2376 371 PARS
2413 315 2478 370 ll.

3351 318 3460 378 550

173 433 306 487 hum
349 433 734 506 presbyterum
776 455 790 490 :
829 453 849 489 ι
889 434 970 494 Ne
1008 437 1299 508 praesidiis,
1346 438 1548 508 inquit,
1593 439 1766 493 divini
1799 450 1844 509 Α
1872 437 2004 509 cipi.
2031 437 2380 509 Quapropter
2404 448 2599 496 contra
2629 448 2866 512 quatuor
2891 443 3112 500 diversa
3137 441 3283 499 circa
3305 457 3460 498 eam-

173 527 327 581 verhi
376 528 689 583 antistitum
739 539 793 585 et
825 530 1344 586 administratorum
1387 533 1565 588 simus
1595 531 1770 587 desti-

170 621 298 675 tuti.
334 638 354 668 ι
387 619 615 676 Fatetur
642 622 864 691 quidem
895 638 992 680 eos
1035 625 1268 694 juvenes
1301 639 1447 690 esse,
1475 625 1570 681 sed
1606 634 1770 695 negat

169 713 481 782 quidquam
527 713 578 768 ei
621 714 746 770 ideo
789 713 908 771 fore
939 717 1278 783 timendum;
1329 733 1457 773 cum
1505 715 1765 784 Samuel,

171 804 390 871 Daniel,
425 804 720 872 Jeremias,
756 807 1018 864 Salomon
1039 849 1054 874 ,
1086 808 1292 873 Josias,
1323 818 1380 864 et
1408 808 1577 864 David
1601 810 1657 864 in
1681 816 1768 865 te-

173 911 304 950 nera
349 896 700 966 juvenilique
741 906 900 954 aetate
943 899 1130 969 populi
1178 900 1470 956 Israelitici
1516 900 1764 970 judices,

173 1003 354 1058 reges,
407 998 574 1060 atque
626 989 794 1044 etiam
849 991 1133 1062 prophetat
1189 992 1476 1047 constituti
1533 993 1762 1048 fuerint.

168 1081 341 1136 Addit
371 1098 482 1138 non
513 1083 665 1138 illum
691 1084 946 1148 docendi,
977 1085 1072 1140 sed
1099 1085 1381 1141 memoria:
1411 1099 1581 1141 causa
1605 1101 1665 1141 se
1688 1085 1764 1140 illi

171 1174 295 1230 haec
337 1175 594 1231 retulisse
639 1177 910 1246 exempla.
966 1177 1213 1248 Denique
1261 1175 1476 1249 lgnatio
1519 1186 1574 1234 et
1615 1178 1767 1234 clero

169 1268 296 1338 ejus
323 1284 452 1324 cum
484 1270 622 1335 suis,
655 1278 772 1324 tum
802 1271 1040 1326 aliorum
1087 1271 1333 1327 ﬁdelium
1359 1273 1546 1329 verbis
1573 1281 1630 1329 et
1663 1286 1767 1327 no—

169 1363 325 1418 mine
345 1363 587 1420 breviter
612 1365 887 1431 salutatis,
913 1365 1122 1421 claudit
1151 1366 1460 1435 epistolam.

173 1475 203 1550 ς
231 1476 304 1532 Π.
333 1479 592 1550 Analysis
628 1479 871 1554 aliarum,
892 1481 1243 1554 epistolarum
1281 1498 1398 1552 qua:
1425 1483 1629 1554 Ignatii
1669 1499 1767 1538 no-

695 1553 836 1606 mine
856 1551 1244 1606 inscribuntur.

239 1662 492 1736 lgnatius
534 1673 758 1736 accepta
801 1665 990 1721 Mariae
1039 1665 1293 1736 epistola,
1331 1669 1476 1724 hanc
1512 1667 1762 1724 eamdem

165 1773 280 1828 qua
327 1773 563 1828 magnas
593 1759 792 1814 animae
822 1759 996 1830 ipsius
1038 1760 1272 1815 virtutes
1309 1769 1625 1830 perspectas
1669 1761 1768 1817 ha-

167 1851 314 1916 buit,
370 1851 656 1920 respondit
704 1851 808 1908 sibi
857 1851 1033 1908 fuisse
1083 1853 1478 1925 gratissimam.
1533 1853 1767 1921 Quantis

163 1957 324 2005 vero,
357 1958 483 2013 quae
509 1943 730 2013 quidem
773 1945 1160 2000 lubentissime
1188 1961 1289 2016 pro
1329 1945 1553 2001 Christo
1596 1949 1767 2017 patie-

165 2033 358 2098 batur,
401 2043 808 2091 tormentorum
839 2038 1134 2107 generibus
1160 2047 1472 2098 vexaretur.
1501 2054 1626 2094 cum
1651 2038 1766 2093 Ma-

164 2126 265 2179 riae
295 2125 559 2196 deinceps
586 2128 971 2199 signiﬁcasset,
1001 2139 1200 2185 cuncta
1227 2147 1350 2199 qua:
1371 2132 1763 2201 postulaverat,

164 2229 456 2289 gratanter
479 2237 539 2276 se
569 2221 884 2291 implevisse
911 2230 1166 2277 testatur.
1197 2223 1485 2277 Aitautem
1516 2239 1575 2280 se
1599 2225 1762 2279 etiam

164 2313 425 2381 exempla
453 2313 662 2378 omnia,
695 2329 820 2384 quae
855 2329 920 2368 ex
950 2312 1253 2384 Scripturis
1278 2316 1450 2370 sacris
1479 2317 1762 2385 retulerat,

163 2418 275 2456 non
305 2404 432 2459 sine
455 2405 735 2475 voluptate
761 2406 1070 2472 audivisse;
1096 2422 1197 2462 nec
1225 2407 1317 2462 illa
1344 2409 1492 2478 ipsa,
1524 2423 1762 2480 quorum

161 2504 377 2548 certam
426 2496 496 2550 ab
529 2511 594 2550 ea
629 2497 854 2552 haberet
881 2499 1436 2564 demonstrationem,
1485 2501 1766 2570 putavisse

160 2586 270 2640 sibi
314 2587 374 2640 in
407 2587 604 2642 iisdem
647 2587 950 2659 Scripturis
977 2605 1102 2646 esse
1137 2591 1313 2646 oculis
1341 2593 1762 2662 perscrutanda.

163 2677 384 2734 Dehinc
427 2693 771 2750 quaecunque
820 2682 887 2736 de
939 2697 1027 2748 ea,
1073 2697 1200 2738 cum
1245 2682 1436 2739 Romae
1477 2684 1582 2740 sub
1625 2684 1765 2742 Lino

161 2773 454 2840 pontiﬁce,
499 2773 801 2830 Clementis
854 2785 1237 2843 antecessore,
1289 2788 1763 2848 commoraretur,

163 2867 285 2934 ipse
311 2867 591 2932 audierat,
620 2881 750 2923 vera
784 2882 939 2935 esse;
987 2869 1250 2941 illamque
1294 2871 1534 2940 majores
1573 2882 1763 2943 postea

163 2960 220 3014 in
255 2957 580 3014 Christiana
611 2957 950 3029 perfectione
980 2961 1180 3018 fecisse
1223 2978 1583 3033 progressus,
1613 2973 1764 3020 certo

162 3066 226 3106 se
255 3051 558 3122 agnovisse
601 3050 865 3107 declarat.
898 3049 1037 3107 llinc
1077 3063 1285 3124 quanto
1310 3069 1430 3110 eam
1470 3056 1762 3125 invisendi,

141 3143 256 3198 nisi
269 3144 548 3199 obstraret
563 3143 847 3199 «militaris
871 3145 1166 3213 custodia.)
1180 3146 1446 3219 ﬂagrabat
1469 3149 1761 3218 desiderio,

162 3234 362 3303 aperit.
377 3234 610 3290 Interim
645 3249 781 3291 vero
810 3245 873 3291 ut
897 3251 1015 3303 eos,
1045 3239 1142 3307 qui
1169 3238 1377 3294 Christi
1420 3241 1760 3296 nativitatem

160 3334 217 3381 et
242 3327 564 3396 passionem
589 3327 645 3382 in
674 3341 842 3383 carne
871 3329 1168 3400 negabant,
1193 3330 1386 3401 fugiat,
1412 3333 1766 3389 vehementer

161 3413 529 3468 adhortatur.
569 3413 711 3470 Tum
734 3417 956 3473 demum
996 3421 1086 3488 iis,
1115 3422 1211 3492 qui
1250 3421 1396 3477 sicut
1428 3422 1547 3492 ipsa
1573 3423 1766 3480 salutis

163 3519 284 3559 sua:
308 3507 658 3577 satagebant,
691 3511 1073 3579 consalutatis,
1107 3514 1285 3568 eidem
1310 3515 1762 3587 presbyterorum

163 3611 404 3651 suorum
438 3612 506 3653 ac
543 3598 928 3671 diaconorum,
971 3603 1024 3658 in
1082 3605 1276 3674 primis
1305 3615 1488 3661 autem
1530 3605 1765 3664 Heronis

160 3699 219 3745 et
251 3688 536 3759 Cassiani,
581 3693 942 3766 ejusdemque
985 3711 1113 3752 cum
1153 3696 1345 3753 uxoris
1377 3706 1494 3754 tum
1524 3699 1763 3758 ﬁliorum

164 3783 397 3838 nomine
423 3784 658 3840 salutem
689 3787 951 3857 impertit.

236 3873 499 3928 Secunda
543 3877 778 3946 epistola
828 3877 1100 3950 Philippis
1141 3881 1209 3935 ad
1248 3879 1592 3939 Tharsenses
1636 3885 1764 3940 data

161 3973 272 4029 est,
299 3981 411 4034 qua
439 3975 631 4021 auctor
657 3984 716 4023 se
739 3984 771 4023 a
794 3970 1082 4038 militibus,
1109 3973 1316 4042 quibus
1339 3974 1632 4030 Antiochia
1654 3975 1766 4031 Ro-

165 4073 322 4112 mam
352 4059 678 4127 ducebatur,
707 4063 879 4118 variis
906 4065 1248 4121 cruciatibus
1280 4069 1550 4137 torqueri,
1575 4070 1670 4124 sed
1695 4069 1763 4126 ad

159 4151 361 4204 omnia
392 4158 665 4208 tormenta
690 4169 792 4224 pro
813 4153 1036 4212 Christo
1060 4155 1383 4227 perferenda
1415 4169 1670 4229 paratum
1705 4176 1765 4217 se

164 4254 295 4296 esse
322 4241 560 4297 nuntiat.
601 4241 711 4300 Eos
749 4245 948 4301 deinde
975 4247 1248 4316 obsecrat,
1281 4258 1342 4303 ut
1373 4249 1427 4304 in
1475 4249 1581 4305 ﬁde
1603 4248 1765 4308 Chri-

167 4333 351 4387 stiana
400 4333 547 4388 ﬁrmi
589 4344 959 4404 perseverent,
1002 4347 1166 4410 atque
1208 4340 1279 4395 ab
1321 4341 1390 4396 iis
1420 4341 1760 4409 hmresibus,

165 4437 315 4491 quas
337 4422 433 4479 ille
457 4435 708 4482 recenset
737 4435 794 4482 et
819 4427 1123 4500 impugnat,
1151 4430 1346 4487 sedulo
1371 4444 1622 4500 caveant,
1664 4435 1766 4489 ad-

165 4521 380 4569 monet.
415 4515 647 4588 Insuper
686 4527 870 4574 autem
903 4521 1026 4578 illos
1070 4523 1344 4589 hortatur,
1378 4536 1440 4580 ut
1469 4527 1762 4595 nonnulla,

1872 532 1998 588 d'em
2024 531 2229 588 Christi
2253 532 2595 588 divinitatem
2622 544 2677 590 et
2706 535 3170 603 lncarnationem,
3189 535 3457 589 hteresum

1879 639 2081 693 genera
2131 624 2354 678 totidem
2387 624 2538 680 elicit
2578 625 2988 682 conclusiones.
3034 624 3153 680 Non
3201 623 3461 680 diﬂitetur

1872 723 2055 773 tamen
2082 715 2458 772 Antiochenos
2485 718 2556 773 ab
2590 718 2660 774 iis
2684 720 2968 774 erroribus
2994 720 3155 789 longe
3177 733 3300 774 esse
3326 717 3459 771 alie-

1872 824 2008 878 nos;
2044 823 2146 864 nec
2173 809 2279 863 alia
2309 819 2492 866 mente
2527 811 2716 867 isthaec
2739 812 2806 867 ad
2837 827 2932 867 eos
2960 827 3018 867 se
3054 810 3346 881 scripsisse
3377 809 3459 864 di-

1871 901 1965 966 cit,
1997 900 2104 956 nisi
2155 910 2217 955 ut
2240 916 2434 956 eorum
2487 902 2710 958 animos
2755 904 3025 958 adversus
3053 903 3292 958 haereses
3339 912 3452 956 tam

1870 1007 2158 1059 perversas
2183 1001 2533 1062 prmverteret
2571 1009 2637 1048 ac
2665 995 3036 1063 praemuniret.
3066 993 3263 1049 Subdit
3285 1009 3345 1048 se
3369 1009 3456 1058 ea,

1869 1097 1993 1153 quae
2032 1098 2276 1154 praesens
2325 1084 2562 1151 dixerat,
2607 1085 2889 1140 absentem
2931 1085 3194 1150 scribere,
3227 1083 3459 1152 illosque

1870 1172 2014 1229 Petri
2038 1183 2093 1228 et
2106 1172 2262 1228 Pauli
2279 1173 2582 1244 discipulos
2604 1172 2798 1238 fuisse,
2819 1190 2884 1229 ac
2905 1173 3173 1228 Evodium
3197 1173 3458 1228 habuisse

1867 1266 2189 1336 episcopum
2235 1273 2290 1320 et
2336 1275 2651 1337 pastorem;
2696 1267 3042 1337 proindeque
3081 1265 3286 1332 vitam,
3332 1279 3456 1334 quae

1867 1364 2148 1413 tantorum
2183 1358 2428 1412 virorum
2455 1357 2686 1412 decebat
2727 1358 2890 1420 ﬁlios,
2924 1358 3058 1426 ipsis
3085 1371 3301 1426 semper
3331 1371 3457 1413 esse

1867 1450 2156 1519 agendam.
2211 1449 2516 1520 Eapropter
2561 1453 2714 1508 varia
2758 1453 2872 1507 illis
2917 1451 3084 1506 tradit
3127 1452 3252 1506 vita:
3289 1451 3456 1506 Chrio

1868 1542 2060 1597 stianae
2086 1541 2440 1604 documenta,
2475 1558 2540 1599 ac
2571 1545 2833 1598 omnibus
2872 1552 2927 1598 et
2989 1559 3092 1599 suo
3131 1552 3184 1597 et
3218 1543 3456 1596 aliorum

1867 1633 2092 1687 nomine
2135 1633 2408 1700 salutatis,
2442 1635 2518 1688 illi
2551 1636 2774 1690 tandem
2821 1651 2986 1706 quem
3033 1636 3087 1690 in
3133 1635 3456 1706 episcopatu

1868 1725 2214 1780 Antiocheno
2265 1733 2642 1782 successorem
2690 1729 2982 1784 habiturus
3024 1735 3166 1792 erat,
3217 1728 3454 1782 salutem

1869 1815 2022 1871 dicit.

1799 1902 1840 1957 Β
1940 1907 2207 1979 Philippis
2241 1926 2462 1965 rursum
2493 1919 2718 1966 exarata
2754 1919 2839 1966 est
2869 1911 3100 1981 epistola
3144 1919 3374 1982 quarta,
3399 1918 3459 1966 et

1868 1999 1994 2054 data
2024 2001 2093 2054 ad
2121 1999 2394 2056 Heronem
2427 2002 2747 2067 diaconum,
2778 2017 2943 2072 quem
2987 2011 3181 2056 auctor
3203 2001 3456 2072 plurimis

1867 2107 2082 2147 morum
2111 2093 2377 2149 institutis
2409 2094 2483 2148 ita
2516 2095 2733 2158 imbuit,
2775 2105 2834 2148 ut
2868 2095 3126 2150 nonnulla
3160 2096 3453 2150 adversum

1867 2195 2106 2256 quatuor
2137 2187 2521 2242 haereticorum
2547 2203 2770 2258 genera,
2806 2188 3102 2244 identidem
3133 2189 3453 2246 admisceat.

1869 2277 2114 2332 Subinde
2139 2293 2266 2333 eum
2300 2280 2580 2349 quomodo
2614 2296 2645 2334 a
2675 2296 2734 2335 se
2766 2281 3034 2336 educatus
3074 2280 3263 2349 fuerit,
3301 2297 3366 2337 ac
3396 2297 3458 2338 se

1867 2369 2075 2423 imitari
2141 2381 2435 2440 Oporteat,
2496 2373 2951 2438 commonefacit;
3013 2375 3458 2444 praenuntiatquc

1867 2459 2045 2529 ipsum
2082 2461 2134 2514 in
2165 2462 2481 2533 episcopatu
2536 2465 2916 2531 Antiocheno,
2955 2481 3065 2536 quo
3119 2481 3178 2520 se
3223 2467 3451 2536 dignum

1866 2563 2124 2624 praestare
2154 2556 2406 2621 debebat,
2448 2557 2550 2612 sibi
2589 2556 2706 2612 fore
2733 2560 3169 2630 subrogandum.
3204 2559 3456 2616 Posthth

1867 2646 2046 2716 ipsum
2081 2647 2466 2718 episcoporum
2509 2649 2637 2716 Viti,
2686 2649 2874 2706 Damae
2908 2659 2963 2706 et
2990 2651 3204 2722 Polybii
3232 2653 3457 2708 nomine

1866 2739 2086 2804 salutat,
2122 2753 2352 2811 oratque
2382 2749 2443 2796 ut
2471 2743 2588 2798 suis
2615 2743 2858 2798 vicissim
2894 2744 3078 2799 verbis
3098 2745 3453 2816 presbyteris,

1864 2830 2134 2899 diacouis,
2166 2834 2479 2904 populoque
2505 2836 2870 2904 Antiocheno,
2914 2846 2969 2892 et
2999 2838 3327 2907 quibusdam
3354 2851 3456 2891 no-

1864 2925 2139 2990 minatim,
2172 2929 2447 2997 praecipue
2477 2943 2605 2982 vero
2641 2928 2827 2983 Mariae
2853 2944 2921 2984 ex
2949 2928 3264 2985 Cassobelis
3306 2945 3453 2984 nun-

1864 3016 1963 3072 tiet
2007 3019 2277 3086 salutem;
2316 3034 2380 3074 ac
2432 3021 2649 3075 tandem
2699 3020 2924 3090 longum
2977 3022 3054 3074 illi
3099 3021 3155 3074 in
3196 3020 3457 3076 Ecclesia:

1864 3112 2175 3178 utilitatem,
2208 3126 2434 3166 cursum
2462 3113 2589 3167 vita:
2616 3121 2768 3183 optat
2796 3121 2961 3182 atque
2988 3122 3264 3183 precatur.

1937 3225 2216 3297 Principio
2262 3228 2507 3297 epistola:
2552 3227 2779 3295 ultimae,
2807 3243 2930 3298 quae
2959 3227 3026 3282 ad
3077 3227 3456 3300 Philippenses

1869 3317 2070 3373 directa
2096 3328 2198 3384 est,
2217 3327 2425 3376 .auctor
2455 3334 2513 3374 se
2543 3319 2813 3386 omnium,
2849 3335 2971 3390 qua:
2997 3321 3065 3374 ab
3097 3320 3204 3376 illis
3229 3336 3457 3390 accepe-

1867 3420 1975 3474 rat,
2007 3410 2394 3466 beneliciorum
2423 3427 2720 3467 memorem
2753 3427 2878 3468 esse
2902 3413 3252 3480 testiﬁcatur,
3289 3422 3456 3483 atque

1869 3500 1937 3555 ad
1963 3518 2057 3558 eos
2083 3518 2143 3558 se
2170 3504 2313 3559 hanc
2349 3505 2553 3560 idcirco
2577 3520 2838 3561 exarasse
2868 3506 3154 3570 epistolam
3177 3549 3191 3572 ,
3235 3519 3294 3561 ut
3320 3507 3454 3576 quid

1867 3597 2014 3652 circa
2067 3595 2352 3654 Trinitatis
2405 3607 2571 3667 atque
2615 3598 3018 3656 lncarnationis
3073 3601 3333 3672 mysteria
3383 3603 3454 3656 ab

1867 3689 2124 3744 omnibus
2165 3699 2312 3745 esset
2344 3689 2702 3757 credendum,
2743 3691 2927 3761 palam
2973 3688 3200 3747 faceret.
3249 3689 3455 3747 Probat

1868 3781 2055 3852 itaque
2086 3793 2200 3838 tres
2234 3783 2285 3836 in
2323 3781 2593 3837 Trinitate
2623 3797 2746 3838 esse
2773 3796 3042 3852 personas
3065 3823 3079 3844 ,
3115 3782 3281 3837 unius
3321 3784 3451 3853 qui-

1865 3875 1988 3930 dem
2039 3875 2302 3942 nominis,
2335 3877 2692 3947 ejusdemque
2725 3876 2984 3940 honoris,
3020 3876 3115 3930 sed
3151 3891 3183 3931 a
3223 3892 3282 3933 se
3313 3877 3455 3932 invi-

1867 3979 1983 4020 cem
2027 3966 2352 4035 distinctas;
2395 3967 2679 4022 Christum
2716 3983 2847 4022 vero
2878 3983 3102 4022 carnem
3152 3967 3448 4024 humanam

1867 4071 1993 4111 vere
2023 4059 2413 4127 assumpsisse,
2444 4073 2682 4128 eumque
2708 4074 2858 4124 vere,
2892 4076 3001 4115 non
3039 4060 3162 4116 ﬁcte
3185 4069 3239 4116 et
3278 4062 3454 4117 simu-

1867 4149 1972 4203 late
2019 4159 2326 4217 mortuum,
2382 4159 2437 4205 et
2490 4166 2520 4204 a
2572 4151 2806 4207 mortuis
2842 4153 3190 4207 suscitatam.
3256 4152 3452 4208 Subdit

1865 4243 2146 4298 diabolum
2181 4245 2417 4314 lapidem
2455 4259 2675 4299 omnem
2712 4245 2990 4311 movisse,
3027 4255 3087 4300 ut
3129 4244 3347 4301 Judmos
3380 4247 3451 4302 ad

1865 4337 2148 4393 Christum
2184 4338 2611 4409 cruciligendum
2659 4339 3000 4410 impelleret;
3035 4340 3132 4394 scd
3173 4355 3299 4395 cum
3347 4339 3452 4396 hac

1865 4429 2040 4500 ipsius
2068 4438 2246 4486 morte
2275 4439 2477 4485 certam
2509 4431 2807 4501 perniciem
2850 4432 3186 4501 exitiumque
3221 4431 3326 4486 sibi
3364 4431 3450 4485 in-

1865 4519 1997 4576 ferri
2045 4521 2330 4587 sensisset,
2366 4529 2500 4575 tunc
2549 4521 2704 4575 illum
2735 4521 2865 4576 totis
2914 4520 3150 4586 viribus,
3185 4522 3450 4592 omnique

162 4623 295 4678 qua:
341 4617 519 4677 notat,
552 4611 683 4667 vitia
728 4611 968 4684 fugiant;
1002 4630 1069 4669 ac
1095 4616 1442 4671 continenter
1484 4618 1752 4675 omnibus
1788 4617 1840 4679 Ι)
1865 4621 2065 4668 conatu
2107 4611 2308 4666 frustra
2357 4612 2486 4667 huic
2537 4614 2702 4667 morti
2753 4611 3052 4667 obstitisse.
3106 4610 3448 4682 Quapropter

164 4700 471 4771 cujuslibet
509 4702 846 4760 conditionis
890 4705 1210 4762 hominibus
1238 4707 1392 4762 varia
1428 4708 1593 4763 tradit
1633 4710 1760 4767 vita)

165 4808 505 4864 morumque
527 4805 816 4866 praecepta.
851 4795 1093 4854 Tandem
1119 4808 1181 4855 ut
1212 4799 1383 4856 Deum
1409 4817 1509 4872 pro
1534 4817 1595 4857 se
1624 4818 1762 4858 exo-

164 4895 315 4953 rent,
344 4895 536 4957 rogat;
563 4887 808 4959 ipsisque
829 4900 1121 4962 postquam
1148 4889 1450 4948 Ecclesiam
1472 4909 1626 4950 suam
1653 4895 1762 4950 An-

165 4977 488 5033 tiochenam
514 4980 978 5051 commendasset,
1016 4985 1185 5040 variis
1211 4985 1635 5045 salutationibus
1662 4989 1760 5044 ab-

143 5053 152 5081 "
167 5069 338 5123 solvit
363 5071 680 5140 epistolam.

146 5152 151 5157 ’
237 5159 432 5217 Tertia
469 5164 540 5219 ad
573 5164 952 5223 Antiochenos
981 5169 1214 5235 directa,
1237 5169 1506 5242 Philippis
1535 5186 1759 5244 quoque

168 5253 374 5323 scripta
409 5263 514 5310 est.
549 5253 607 5308 In
635 5271 698 5311 ea
725 5270 942 5326 auctor,
971 5275 1037 5315 ex
1066 5276 1178 5332 quo
1218 5277 1410 5332 pacem
1441 5262 1548 5318 illis
1573 5263 1761 5318 reddi-

169 5352 279 5397 tam
315 5345 647 5414 acccpissct,
675 5363 774 5405 sua
803 5351 908 5406 sibi
934 5351 1152 5408 vincula
1184 5353 1318 5408 levia
1349 5363 1404 5410 et
1429 5363 1650 5425 portatu
1672 5353 1758 5409 fa-

168 5436 294 5492 cilia
317 5451 444 5493 esse
471 5441 781 5508 proﬁtetur.
811 5441 940 5501 Illos
977 5454 1160 5501 autem
1192 5446 1469 5512 obsecrat,
1499 5463 1566 5503 ne
1589 5449 1760 5504 variis

167 5529 482 5597 gentilium,
527 5532 620 5601 qui
662 5534 848 5604 plures
877 5537 1008 5593 deos
1051 5537 1395 5608 adorahant;
1432 5555 1613 5612 neque
1657 5539 1758 5595 Ju-

166 5619 438 5686 daeorum,
471 5622 567 5690 qui
594 5639 768 5680 unum
803 5635 1015 5682 tantum
1045 5645 1167 5685 esse
1200 5631 1482 5686 credentes
1507 5672 1524 5692 .
1555 5631 1758 5687 divini-

165 5719 336 5767 tatem
370 5711 580 5770 Christi
610 5717 906 5788 negabant,
950 5722 1234 5793 patiantur
1263 5738 1321 5781 sc
1346 5723 1632 5782 erroribus
1657 5722 1757 5781 de-

1869 4704 2148 4761 diabolum
2185 4704 2345 4776 longa
2374 4705 2707 4775 apostrophe
2743 4705 3064 4776 alloquitur,
3094 4705 3449 4777 ostenditque

1869 4798 2054 4853 varios
2086 4798 2155 4853 ab
2178 4813 2245 4853 eo
2276 4798 2344 4852 de
2374 4797 2580 4852 Christi
2625 4797 2913 4853 divinitate
2944 4806 3000 4853 et
3030 4796 3409 4854 incarnatione
3429 4839 3446 4866 ,

1868 4903 2058 4944 secum
2093 4889 2329 4944 invicem
2380 4898 2706 4960 pugnantes,
2753 4889 2915 4945 malis
2970 4888 3182 4944 artibus
3225 4903 3450 4945 errores

1866 4982 2286 5050 disseminatos;
2314 4982 2409 5037 sed
2450 4982 2527 5035 illi
2558 4982 2736 5052 plura,
2766 4995 2890 5052 qua:
2919 4991 3187 5048 recenset,
3224 4981 3292 5036 de
3326 4981 3448 5051 ipso

1865 5072 2264 5130 Incarnationis
2313 5074 2576 5144 mysterio
2619 5072 2793 5128 fuisse
2827 5073 3165 5142 incomperta
3216 5071 3449 5127 demon-

1865 5175 2023 5223 strat.
2051 5165 2183 5222 Post
2211 5167 2354 5221 hanc
2384 5168 2565 5221 aute‘m
2588 5164 2791 5220 diaboli
2824 5164 3229 5234 apostrophen,
3258 5163 3312 5217 in
3338 5179 3448 5234 qua

1862 5257 1985 5315 fuse
2014 5259 2079 5314 de
2105 5259 2283 5314 tribus
2309 5258 2513 5314 Christi
2555 5257 2609 5312 in
2641 5257 2860 5314 deserto
2892 5257 3286 5312 tentationibus
3334 5258 3449 5311 dis-

1863 5353 2018 5419 serit,
2046 5352 2308 5407 nonnulla
2341 5351 2409 5407 de
2439 5351 2708 5406 festorum
2739 5350 2953 5418 diebus,
2985 5347 3443 5420 Quadragesima,

1863 5442 2152 5511 Paschate,
2187 5459 2250 5498 ac
2278 5443 2344 5498 de
2381 5453 2529 5499 recta
2556 5443 2774 5498 vivendi
2817 5443 3031 5496 ratione
3074 5441 3274 5495 ibidem
3315 5437 3446 5493 sub-

1865 5536 2053 5592 nectit.
2081 5534 2287 5590 Dehinc
2317 5535 2714 5590 Antiochenam
2745 5532 3045 5588 Ecclesiam
3078 5529 3446 5600 Philippensi-

1865 5629 1968 5685 bus
2003 5627 2373 5695 commendat,
2409 5628 2686 5699 variisque
2727 5625 3152 5682 salutationibus
3205 5621 3443 5684 additis,

1863 5721 2007 5779 hanc
2028 5721 2312 5794 epistolam
2339 5721 2484 5778 circa
2517 5719 2810 5793 Rhegium,
2842 5733 2968 5776 cum
2997 5717 3112 5790 jam
3146 5715 3274 5773 navi
3311 5715 3446 5774 sub-
