3852 6206
397 309 495 368 551

1481 299 1541 354 S.
1581 291 1928 352 lCNATlUS.
1969 323 2039 332 —
2076 283 2609 345 PROLECOHENA.

3562 271 3665 326 852

399 432 684 489 vehendus
729 439 913 496 esset,
959 443 1020 485 se
1065 425 1284 482 dedisse
1329 424 1677 480 testificatur.
1734 417 1979 488 Denique
2006 422 2052 480 Α
2080 421 2186 479 ret,
2216 420 2426 468 etcum
2458 409 2576 478 ipse
2593 397 3140 458 essetsubsmilitari
3167 392 3473 458 custodia,»
3496 387 3668 453 idest,

399 540 528 580 cum
563 523 798 578 salutem
848 518 1123 590 corporis,
1172 515 1372 571 anima:
1419 521 1475 568 et
1521 510 1750 581 spiritus
1788 507 1982 563 iisdem

399 613 844 687 Pliilippensibus
874 617 1138 682 optasset,
1172 605 1459 678 epistolam
1494 601 1768 673 obsignat.

1012 779 1243 840 CAPUT
1282 781 1372 834 lli.

405 923 686 962 ΙηιοΒΑτυιι
719 919 818 958 IIAS
847 916 1020 957 OINES
1046 911 1338 954 EPISTOLAS
1367 907 1564 948 FALSAS
1593 905 1720 946 εεεε
1754 905 1824 945 ετ
1858 903 1984 944 SUB-

1063 983 1325 1024 DlTlTIAS.

408 1095 438 1169 ς
482 1095 524 1149 1.
571 1091 841 1148 Probatur
883 1089 987 1169 luis
1021 1081 1531 1169 omneslgeneratim
1575 1075 1832 1148 epistolas
1875 1087 1989 1128 esse

873 1159 1043 1232 falsas
1074 1167 1123 1211 et
1164 1153 1519 1208 adulterinas.

477 1281 592 1336 Has
624 1294 818 1334 omnes
842 1273 1106 1346 epistolas
1131 1270 1447 1328 subdititias
1484 1280 1629 1330 esse,
1665 1263 1991 1336 lgnatioque

403 1385 598 1431 nostro
622 1384 908 1442 perperam
933 1367 1223 1436 ascriptas,
1254 1362 1422 1418 variis
1452 1361 1726 1416 rationum
1751 1370 1992 1410 momen-

405 1469 502 1533 tis,
532 1480 657 1536 qua;
684 1477 781 1518 eas
807 1457 1110 1514 universim
1143 1453 1572 1524 singulatimque
1605 1455 1886 1518 spectant,
1911 1443 1994 1498 fa-

405 1560 513 1615 cile
561 1553 933 1612 convincitur.
981 1548 1168 1604 Primo
1193 1546 1344 1601 enim
1391 1542 1686 1607 Eusebius,
1723 1538 1992 1608 Hierony-

406 1667 556 1714 mus.
602 1649 809 1718 aliique
857 1643 1158 1714 scriptores
1205 1636 1565 1695 eruditissimi
1604 1650 1701 1690 eas
1749 1640 1993 1688 tantum-

409 1743 576 1800 modo
608 1739 894 1812 epistolas,
927 1751 1052 1808 quae
1081 1735 1136 1789 in
1159 1730 1494 1788 editionibus
1516 1725 1728 1783 Usserii
1771 1733 1827 1779 et
1850 1721 1992 1777 Vos-

407 1838 478 1895 sii
504 1836 857 1898 exhibentur,
885 1829 1094 1900 lgnatio
1141 1823 1479 1896 adjudicant.
1524 1819 1595 1874 At
1637 1818 1684 1874 si
1715 1831 1839 1888 quae
1869 1814 1991 1870 alia

407 1931 479 1986 ab
519 1943 589 1986 eo
629 1934 816 1983 essent
854 1923 1094 1992 scriptae,
1125 1928 1406 1974 tantorum
1461 1910 1714 1984 profecto
1744 1909 1989 1964 virorum

409 2036 602 2078 curam
633 2029 688 2075 et
727 2014 1091 2088 diligentiam,
1131 2020 1522 2077 summumque
1562 2005 1619 2058 in
1652 1999 1992 2070 investigan-

409 2116 498 2171 dis
522 2111 770 2184 priorum
805 2106 1063 2164 Ecclesia:
1086 2103 1309 2158 Patrum
1339 2093 1818 2154 lucubrationibus
1841 2091 1998 2146 labo-

410 2182 540 2264 rem?
552 2219 663 2260 non
695 2201 983 2273 fugissent,
1011 2211 1112 2252 nec
1140 2204 1250 2251 tam
1277 2192 1390 2247 alto
1415 2188 1636 2246 silentio
1664 2186 1734 2242 ab
1759 2184 1840 2240 eis
1859 2182 1997 2239 fuis-

412 2306 541 2355 sent
565 2292 974 2367 praetermissae.

482 2390 774 2452 Praeterea,
825 2383 883 2438 id
930 2395 1152 2453 quoque
1196 2376 1395 2450 probat
1441 2374 1584 2430 idem
1615 2369 1863 2428 omnium
1898 2367 1997 2422 ha-

414 2496 606 2541 runce
637 2477 998 2551 epistolarum
1027 2474 1224 2544 stylus,
1249 2471 1319 2525 ab
1349 2469 1657 2540 lgnatiano,
1689 2478 1852 2535 quem
1897 2477 1998 2516 au—

413 2586 537 2633 ctor
563 2574 771 2628 frustra
801 2567 1005 2624 imitari
1031 2574 1264 2621 conatus
1288 2572 1392 2629 est,
1418 2559 1646 2617 omnino
1671 2558 1906 2612 alienus.

489 2667 731 2738 Denique
759 2663 999 2719 maxima
1027 2667 1113 2716 est
1142 2661 1243 2714 has
1278 2657 1421 2710 inter
1451 2653 1713 2725 epistolas
1742 2647 1998 2719 cognatio

414 2771 472 2819 et
499 2757 794 2816 connexio.
830 2752 970 2808 Nam
1008 2749 1273 2816 secunda,
1317 2747 1477 2802 tertia
1505 2753 1560 2800 et
1587 2750 1786 2814 quarta
1815 2755 1882 2795 ex
1913 2753 2000 2794 ea-

414 2855 540 2911 dem
581 2848 921 2920 Philippensi
954 2847 1092 2902 urbe
1134 2844 1278 2900 datae
1316 2842 1594 2912 leguntur,
1623 2845 1679 2892 ct
1721 2837 1774 2890 in
1801 2845 1998 2905 quarta

419 2947 590 3004 Maria
623 2961 691 3002 ex
715 2941 1050 3005 Cassobelis,
1082 2938 1150 2993 ad
1183 2951 1348 3008 quam
1379 2933 1557 3004 prima
1589 2928 1822 3002 epistola
1863 2927 2000 2983 scri-

415 3051 507 3113 pta
556 3048 665 3104 est,
715 3032 1042 3092 nominatim
1076 3029 1368 3087 salutatur.
1404 3025 1464 3082 Si
1503 3041 1638 3096 ergo
1661 3040 1772 3078 una
1811 3037 1878 3077 ex
1913 3021 2000 3076 his

2085 522 2213 566 cum
2238 505 2305 560 ad
2337 501 2665 574 martyrium
2689 498 3004 554 duceretur.
3044 492 3115 546 At
3151 503 3312 544 nemo
3335 485 3542 554 estqui
3579 497 3666 538 ne-

2083 600 2224 655 sciat
2270 597 2540 670 lgnatium
2583 593 2748 664 longo
2786 598 2914 661 post
2957 583 3256 643 Clementis
3295 577 3670 652 pontificatum

2085 701 2332 762 tempore
2354 684 2625 758 martyrio
2656 682 2831 737 fuisse
2859 683 3210 734 Coronatum.

2211 801 2352 875 ειη.
2389 800 2542 856 Alias
2571 810 2773 870 quoque
2797 791 3048 865 epistolas
3069 805 3182 844 esse
3205 784 3562 842 adulterinas.

2161 916 2404 989 Epistola
2432 911 2675 970 secunda
2719 925 2875 967 suam
2899 920 3120 979 quoque
3162 900 3460 989 falsitatem
3491 903 3678 989 aperte

2087 987 2308 1080 prodit;
2358 1004 2415 1059 in
2453 1017 2519 1058 ea
2563 1000 2832 1072 siquidem
2887 1007 3082 1052 auctor
3123 992 3377 1048 haeresim
3431 987 3678 1050 Saberlni,

2089 1079 2212 1168 quae
2252 1094 2446 1166 lgnatii
2485 1103 2732 1162 tempore
2775 1087 3023 1144 nondum
3067 1084 3248 1140 fuerat
3293 1079 3680 1142 disseminata,

2089 1207 2202 1245 non
2229 1189 2466 1246 obscure
2489 1183 2817 1242 confutavit.

2163 1281 2370 1335 Deinde
2408 1277 2617 1333 Paulus
2656 1275 2762 1330 hoc
2806 1271 2924 1328 solo
2977 1269 3224 1333 nomine,
3268 1263 3577 1332 Apostolus,
3607 1261 3683 1316 ibi

2091 1373 2368 1428 laudatur.
2413 1368 2582 1440 Atqui
2621 1380 2748 1422 eum
2785 1361 2980 1433 lgnatii
3011 1370 3258 1429 tempore
3284 1371 3351 1412 eo
3379 1371 3478 1426 per
3518 1363 3687 1408 anto-

2093 1465 2399 1521 nomasiam
2430 1459 2759 1533 cognomine
2789 1455 2964 1512 fuisse
2991 1452 3348 1524 appellatum,
3393 1463 3526 1503 vero
3575 1463 3688 1500 non

2091 1558 2309 1614 videtur
2330 1555 2530 1612 simile.

2165 1648 2398 1704 Falsitas
2428 1645 2603 1701 tertia:
2646 1640 2898 1714 epistola:
2929 1637 3057 1694 inde
3087 1635 3359 1707 arguitur,
3388 1631 3541 1704 quod
3575 1631 3692 1686 An-

2097 1741 2354 1797 tiochena
2380 1735 2624 1793 Ecclesia
2655 1742 2882 1789 vocetur
2914 1749 2929 1786 :
2976 1749 2996 1783 s
3040 1728 3246 1785 Christi
3273 1741 3416 1782 nova
3443 1724 3617 1788 oliva,
3669 1743 3688 1772 ι

2094 1843 2151 1890 et
2176 1831 2341 1903 paulo
2386 1838 2510 1900 post
2544 1823 2875 1881 Antiocheni
2906 1820 3128 1878 Petrum
3160 1829 3215 1875 et
3239 1818 3471 1874 Paulum
3505 1813 3693 1887 magi-

2093 1935 2264 1989 stros,
2298 1919 2569 1976 Evodium
2595 1932 2726 1972 vero
2753 1916 3075 1987 episcopum
3107 1912 3369 1968 habuisse
3401 1909 3692 1965 dicuntur.

2095 2015 2204 2072 Sed
2231 2013 2456 2070 Petrum
2505 2025 2655 2066 anno
2699 2007 2906 2064 Christi
2939 2007 3009 2062 59
3044 2004 3397 2061 Antiochiam
3441 2002 3692 2062 venisse.

2095 2109 2284 2180 Ibique
2332 2104 2637 2162 Ecclesiam
2692 2101 2982 2165 fundasse,
3030 2106 3196 2168 atque
3248 2097 3380 2152 illnc
3428 2092 3692 2157 Paulum,

2094 2200 2297 2258 comite
2335 2197 2610 2262 Barnaba,
2641 2193 2991 2259 adventasse,
3023 2188 3244 2261 scriptis
3271 2187 3539 2243 traditum
3581 2193 3691 2242 est.

2095 2293 2218 2362 Quo
2238 2303 2370 2360 ergo
2416 2296 2574 2358 pacto
2617 2285 2736 2342 haac
2780 2281 2973 2340 eadem
3013 2279 3260 2338 Ecclesia
3298 2278 3445 2334 circa
3482 2291 3697 2332 annum

2098 2383 2227 2450 108,
2251 2396 2362 2452 quo
2384 2378 2629 2452 lgnatius
2656 2378 2724 2432 ad
2761 2373 3089 2446 martyrium
3116 2370 3467 2444 properabat,
3511 2369 3700 2443 potuit

2104 2494 2125 2530 ι
2160 2473 2369 2530 Christi
2393 2486 2536 2526 nova
2559 2469 2704 2526 oliva
2739 2483 2759 2522 ι
2789 2463 3085 2538 appellari?

2168 2567 2438 2623 Praeterea
2509 2575 2703 2621 auctor
2777 2560 2981 2617 ibidem
3032 2557 3236 2614 salutat
3284 2553 3690 2617 subdiaconos,

2100 2666 2353 2723 lectores,
2380 2665 2658 2724 cantores,
2691 2652 2976 2719 ostiarios,
3000 2650 3338 2714 laborantes,
3368 2646 3697 2708 exorcistas,

2099 2748 2360 2806 custodes
2405 2756 2724 2804 sanctarum
2754 2752 3061 2816 portarum,
3093 2751 3199 2795 etc.
3226 2736 3389 2808 Atqui
3407 2735 3568 2806 juxta
3596 2735 3700 2790 do-

2099 2842 2478 2898 ctissimorum
2508 2838 2827 2894 criticorum
2859 2832 3189 2891 sententiam
3241 2829 3298 2885 hi
3334 2829 3580 2896 ordines,
3605 2843 3703 2882 eo-

2101 2946 2339 3002 rumque
2369 2930 2597 2986 nomina
2640 2928 2820 2999 primo
2870 2923 3128 2981 Ecclesiae
3171 2921 3371 2978 saeculo
3419 2919 3701 2990 incognita

2102 3021 2346 3079 fuerunt.
2379 3020 2646 3088 Quamvis
2666 3028 2851 3075 autem
2887 3015 3135 3087 quidam,
3165 3012 3333 3068 variis
3375 3010 3704 3066 Laodicenaa

414 3103 685 3206 epistolis,
715 3131 796 3188 sic
827 3128 933 3185 sibi
967 3126 1202 3182 invicem
1233 3121 1523 3184 connexis,
1556 3117 1867 3174 adulterina
1882 3113 1994 3216 ἐκ,
2025 3159 2068 3216 c
2104 3115 2322 3188 synodi,
2361 3112 2675 3184 Epiphanii,
2721 3108 3304 3176 Constitutionumquc
3366 3103 3705 3176 apostolica-

415 3205 471 3282 et
493 3226 630 3282 alias
655 3237 877 3294 quoque
898 3233 1091 3274 omnes
1119 3214 1462 3271 adulterinas
1480 3227 1605 3268 esse
1623 3217 1859 3280 oportet.
1875 3205 1997 3261 Jam

417 3319 602 3388 itaque
635 3331 746 3371 non
785 3327 952 3369 unam
999 3317 1237 3376 tantum,
1273 3307 1369 3364 sed
1397 3319 1591 3360 omnes
1618 3300 1958 3358 adulterinas
1979 3335 1997 3366 ,

417 3411 590 3467 falsas
617 3417 672 3464 et
723 3405 1039 3478 suppositas
1091 3414 1216 3459 esse
1273 3398 1592 3471 singulatim
1653 3393 1998 3468 probandum

415 3513 519 3560 est.

421 3637 452 3710 ς
497 3635 562 3694 il.
594 3629 1112 3710 Epistolasuﬂorir‘e
1139 3642 1204 3710 ea:
1255 3623 1553 3682 Cassobelis
1606 3618 2002 3710 ad’lgnatium

612 3693 665 3761 εὶ
697 3704 900 3777 lgnatii
929 3702 999 3756 ad
1034 3699 1269 3754 Mariam
1297 3711 1409 3751 esse
1439 3693 1763 3765 suppositas.

488 3840 734 3897 Primum
764 3837 1054 3910 epistolam
1080 3833 1269 3889 Mariae
1293 3847 1360 3888 ex
1385 3829 1704 3887 Cassobelis
1739 3828 1807 3883 ad
1845 3827 2006 3900 lgna-

420 3933 581 3995 tium,
609 3940 664 3986 et
694 3929 892 4002 lgnatii
926 3928 995 3983 ad
1033 3925 1262 3980 Mariam
1301 3923 1714 3994 responsionem
1743 3921 2005 3976 adulteri-

421 4039 524 4080 nas
543 4037 670 4079 esse
690 4021 817 4076 inde
845 4020 1294 4084 demonstratur;
1318 4015 1467 4086 quod
1503 4013 1675 4068 Maria
1704 4029 1828 4084 qua-
1850 4013 2006 4085 Igna-

423 4116 560 4171 tium
582 4113 830 4170 omnium
857 4109 1302 4167 Christianorum
1336 4107 1562 4162 nomine
1585 4106 1790 4161 salutat
1806 4147 1822 4172 ,
1847 4106 1917 4160 ab
1940 4120 2006 4161 eo

423 4218 606 4262 tamen
628 4214 688 4260 ut
711 4203 906 4259 Marim
926 4209 982 4257 et
1010 4200 1325 4273 Eulogium,
1346 4200 1472 4254 licet
1494 4199 1746 4268 juvenes,
1771 4198 2007 4252 alterum

423 4315 537 4357 suae
560 4297 865 4369 Neapoleos
898 4295 1239 4366 episcOpum,
1277 4293 1508 4347 alterum
1537 4290 1911 4362 presbyterum
1937 4288 2006 4344 ad

422 4407 540 4449 suae
568 4391 752 4448 mittat
779 4387 1036 4444 Ecclesiae
1066 4386 1624 4450 administrationem,
1655 4399 1756 4439 sua
1791 4383 1906 4438 sola
1942 4397 2009 4438 ac

2100 3223 2227 3264 rum
2286 3206 2618 3262 testimoniis
2638 3245 2680 3282 ,ξ
2709 3203 2999 3274 diligenter
3038 3197 3378 3272 ponderatis,
3402 3196 3703 3267 originem,

2101 3301 2435 3371 initiumque
2465 3300 2666 3354 horum
2695 3296 2977 3360 ordinum,
3026 3292 3164 3349 nulli
3219 3292 3489 3346 hactenus
3541 3303 3704 3344 com-

2099 3403 2255 3466 perta
2286 3379 2459 3448 fuisse
2481 3397 2770 3455 asserant;
2805 3387 2936 3442 illud
2964 3398 3149 3441 tamen
3179 3395 3389 3444 certum
3414 3389 3501 3437 est
3527 3380 3704 3451 quod,

2102 3487 2151 3542 si
2177 3484 2370 3557 lgnatii
2401 3494 2646 3553 tempore
2693 3481 2920 3552 quidam
2996 3479 3068 3533 iis
3127 3475 3414 3531 ordinibus
3463 3471 3706 3527 fuissent

2103 3575 2324 3640 initiati,
2347 3575 2438 3629 ille
2470 3574 2525 3628 in
2553 3572 2700 3628 veris
2739 3571 2856 3627 suis
2881 3567 3129 3640 epistolis
3172 3566 3415 3636 aliquam
3454 3563 3702 3625 illorum,

2104 3669 2268 3727 sicuti
2296 3667 2570 3738 virginum
2595 3673 2650 3720 et
2676 3664 2991 3730 viduarum,
3019 3661 3240 3717 fecisset
3267 3657 3629 3714 mentionem.

2174 3760 2332 3829 Quod
2365 3760 2419 3814 in
2448 3767 2646 3830 quarta
2697 3755 2928 3827 epistola
2973 3753 3173 3824 legitur
3209 3749 3556 3822 Onesimum,
3597 3746 3709 3802 Da-

2106 3869 2254 3910 mam
2285 3862 2339 3908 et
2369 3850 2656 3923 Polybium
2688 3848 2758 3904 ad
2797 3845 3069 3918 Ignatium
3111 3841 3458 3898 invisendum
3482 3839 3538 3894 in
3570 3837 3709 3893 Phi-

2106 3947 2409 4016 lippensem
2437 3942 2629 3997 urbem
2674 3954 2735 3997 se
2771 3936 3096 4002 contulisse,
3133 3934 3186 3988 id
3234 3932 3530 3988 falsitatem
3577 3930 3710 4001 ejus

2106 4036 2400 4094 manifeste
2425 4035 2687 4092 declarat.
2717 4030 2797 4085 Ex
2821 4029 3076 4101 genuinis
3099 4027 3250 4084 enim
3273 4024 3472 4097 lgnatii
3496 4023 3714 4094 episto-

2108 4127 2176 4182 lis
2227 4137 2340 4182 tres
2392 4125 2516 4181 illos
2560 4124 2853 4194 episcopos
2901 4120 2971 4174 ad
3025 4117 3299 4189 lgnatium
3344 4113 3710 4172 salutandum

2109 4216 2402 4290 Smyrnam
2429 4216 2646 4271 venisse
2671 4212 2963 4269 discimus.
3005 4210 3076 4266 At
3107 4207 3332 4264 eosdem
3359 4205 3713 4276 persecutio-

2108 4328 2244 4368 num
2295 4321 2540 4381 tempore
2583 4307 2777 4364 eadem
2827 4318 3026 4360 rursus
3079 4302 3148 4358 de
3181 4314 3353 4357 causa
3393 4297 3464 4354 ad
3507 4299 3713 4353 urbe

2107 4404 2518 4475 Philippensem
2573 4401 2924 4466 adventasse,
2984 4395 3145 4464 nulli,
3187 4403 3248 4451 ut
3283 4401 3568 4464 putamus,
3615 4393 3721 4447 ﬁet

422 4485 637 4558 privata
668 4483 999 4538 auctoritate
1027 4481 1311 4551 postulat;
1346 4478 1512 4549 idque
1546 4476 1789 4549 lgnatius
1819 4475 1897 4529 illi
1925 4474 2009 4529 ul—
2039 4497 2084 4551 ι)
2110 4474 2392 4554 credibile.

423 4588 510 4634 tro
534 4576 804 4632 concedit.
837 4574 994 4643 Quod
1025 4589 1161 4632 sane
1200 4582 1467 4643 quantum
1499 4571 1626 4627 usui
1653 4570 2013 4640 moribusque

423 4671 644 4727 illorum
677 4678 986 4740 temporum
1014 4667 1355 4724 contrarium
1381 4665 1472 4732 sit,
1497 4678 1661 4719 nemo
1698 4677 1808 4718 non
1839 4662 2010 4718 videt.

495 4759 769 4827 Secundo,
797 4759 967 4814 Maria
995 4769 1056 4814 ut
1075 4757 1322 4830 lgnatius
1345 4757 1636 4828 postulatis
1658 4757 1774 4811 suis
1796 4769 2010 4810 annue-

422 4863 526 4918 ret,
571 4853 723 4908 varia
777 4851 985 4922 profert
1031 4849 1331 4921 Scripturte
1391 4864 1563 4904 sacrae
1610 4847 1894 4918 exempla,
1943 4845 2014 4901 de

422 4960 660 5016 quorum
690 4944 923 5000 veritate
944 4959 1013 4999 ex
1059 4943 1179 4999 sola
1223 4943 1344 5013 ejus
1379 4942 1669 5007 relatione,
1703 4957 1805 4996 nec
1834 4940 2012 5012 perle-

422 5039 527 5094 ctis
556 5036 853 5108 Scriptum
881 5037 1123 5109 paginis,
1164 5051 1448 5108 nunquam
1491 5035 1582 5092 ille
1620 5050 1686 5092 se
1727 5036 2013 5091 dubitasse

422 5140 676 5189 testatur.
711 5129 850 5198 Quis
878 5139 1060 5186 autem
1096 5129 1284 5186 credat
1316 5127 1587 5201 lgnatium
1617 5129 1864 5199 exempla
1895 5129 2010 5197 illa,

421 5241 546 5296 qua:
581 5223 769 5280 nullus
809 5223 865 5278 in
912 5221 1219 5295 Scripturis
1264 5237 1375 5276 non
1414 5221 1643 5277 omnino
1689 5221 2013 5292 peregrinus

424 5317 664 5388 ignorat,
703 5315 790 5372 vel
820 5315 1087 5380 nescisse,
1131 5313 1215 5370 vel
1245 5313 1512 5369 memoria
1554 5327 1666 5370 non
1692 5313 2008 5377 retinuisse,

422 5419 592 5480 atque
635 5409 791 5464 illum
834 5416 988 5464 tanta
1016 5407 1365 5480 simplicitate
1407 5421 1628 5464 omnem
1664 5405 1885 5464 mulieri
1929 5420 2015 5462 as-

425 5499 629 5554 serenti
655 5498 919 5555 tribuisse
941 5497 1126 5554 fidem.

495 5590 704 5658 Tertio,
747 5593 952 5648 Auctor
995 5590 1231 5647 afﬁrmat
1267 5606 1328 5648 se
1373 5592 1516 5648 hanc
1551 5591 1845 5662 scripsisse
1889 5590 2009 5662 epi-

431 5684 646 5752 stolam,
675 5700 800 5740 cum
823 5684 1076 5741 Clemens
1107 5683 1409 5744 Romanam
1454 5685 1601 5743 Petri
1642 5685 1827 5743 sedem
1854 5693 2009 5743 tene-

500 5801 545 5834 ⁸⁸
570 5796 742 5868 Epist.
778 5801 848 5856 ad
871 5802 1118 5857 Antioch.

2182 4587 2453 4643 Praeterea
2481 4583 2707 4656 quidam
2763 4581 3199 4638 Manichaeorum
3237 4593 3479 4645 errores,
3512 4591 3719 4648 nempe

2108 4695 2359 4745 carnem,
2390 4678 2604 4742 vinum,
2651 4675 2886 4731 feminas
2924 4672 3278 4730 detestabiles
3323 4679 3380 4728 et
3409 4685 3716 4727 exsecran-

2108 4771 2245 4838 das;
2291 4768 2630 4825 damnandas
2669 4766 2926 4837 nuptias;
2978 4765 3155 4837 legem
3192 4773 3249 4820 et
3287 4763 3610 4834 prophetas,
3659 4763 3718 4817 id

2106 4871 2194 4919 est
2233 4859 2405 4916 Vetus
2433 4857 2848 4914 Testamentum
2897 4871 3021 4913 esse
3051 4855 3435 4926 rejiciendum,
3469 4855 3546 4911 ibi
3579 4871 3720 4910 exa-

2116 4954 2365 5023 gitantur
2403 4963 2460 5009 et
2501 4950 2836 5007 refutantur.
2882 4948 3003 5006 Huc
3067 4950 3279 5006 accedit
3325 4947 3473 5019 quod
3515 4958 3721 5003 auctor

2113 5046 2344 5102 Mariam
2401 5060 2470 5101 ex
2519 5044 2861 5110 Cassobelis,
2910 5058 3034 5113 quae
3079 5043 3148 5098 ad
3209 5040 3504 5114 lgnatium,
3539 5051 3599 5098 et
3644 5045 3717 5097 ad

2112 5154 2280 5211 quam
2340 5137 2585 5209 lgnatius
2641 5137 2929 5207 epistolam
2979 5134 3270 5205 scripsisse
3315 5132 3514 5199 fertur,
3554 5134 3720 5204 jubet

2113 5233 2232 5288 suis
2267 5232 2448 5287 verbis
2498 5229 2750 5288 salutari.
2793 5229 2862 5284 At
2897 5237 3191 5299 utramque
3237 5227 3384 5282 hanc
3415 5227 3717 5297 epistolam

2113 5323 2480 5379 adulterinam
2501 5336 2625 5378 esse
2649 5321 2762 5392 jam
2788 5319 3311 5377 demonstravimus.

2191 5415 2396 5473 Ultima
2427 5431 2651 5488 quoque
2672 5415 2903 5486 epistola
2927 5415 3212 5472 evidentes
3242 5422 3576 5485 apertasqne
3601 5427 3718 5484 pra:

2119 5522 2182 5565 se
2213 5506 2319 5564 fert
2359 5506 2619 5564 falsitatis
2656 5515 2816 5561 notas
2841 5513 2898 5561 et
2925 5503 3518 5562 cbaractares.Prolixa
3549 5519 3716 5558 nam-

2118 5611 2228 5668 que
2248 5598 2317 5654 ad
2343 5598 2645 5654 daemonem
2677 5595 2940 5652 allocutio
2961 5605 3017 5652 et
3067 5597 3402 5668 apostropha
3435 5594 3586 5652 fetus
3623 5604 3712 5650 est

2117 5689 2288 5763 inepti
2311 5689 2724 5757 declamatoris,
2751 5689 2850 5760 qui
2885 5691 3050 5748 verba
3077 5688 3273 5762 lgnatii
3309 5689 3357 5720 “
3394 5731 3412 5749 .
3448 5707 3472 5742 ι
3522 5687 3713 5745 Latnit
