  <div class='ocr_page' id='page_1' title='image "/cluster/home/n/w/nwhite01/storage/ocr_20150623/5/nnc1.0046978607/284.png"; bbox 0 0 3852 6206; ppageno 0'>
   <div class='ocr_carea' id='block_1_1' title="bbox 178 290 286 345">
    <p class='ocr_par' dir='ltr' id='par_1_1' title="bbox 178 290 286 345">
     <span class='ocr_line' id='line_1_1' title="bbox 178 290 286 345; baseline 0.019 -1"><span class='ocrx_word' id='word_1_1' title='bbox 178 290 286 345; x_wconf 73' lang='lat'><strong>553</strong></span> 
     </span>
    </p>
   </div>
   <div class='ocr_carea' id='block_1_2' title="bbox 1135 279 2503 360">
    <p class='ocr_par' dir='ltr' id='par_1_2' title="bbox 1135 279 2503 360">
     <span class='ocr_line' id='line_1_2' title="bbox 1135 279 2503 360; baseline -0.003 -20"><span class='ocrx_word' id='word_1_2' title='bbox 1135 285 1198 340; x_wconf 88' lang='lat' dir='ltr'><strong>D.</strong></span> <span class='ocrx_word' id='word_1_3' title='bbox 1239 282 1531 360; x_wconf 63' lang='grc' dir='ltr'><strong>ῌΟΙΙΒΒΠ</strong></span> <span class='ocrx_word' id='word_1_4' title='bbox 1568 279 2046 340; x_wconf 80' lang='lat' dir='ltr'><strong>DlSSERTATlO.</strong></span> <span class='ocrx_word' id='word_1_5' title='bbox 2083 313 2150 322; x_wconf 94' lang='lat'><strong>—</strong></span> <span class='ocrx_word' id='word_1_6' title='bbox 2193 280 2374 337; x_wconf 78' lang='lat' dir='ltr'><strong>PARS</strong></span> <span class='ocrx_word' id='word_1_7' title='bbox 2439 281 2503 336; x_wconf 81' lang='lat' dir='ltr'><strong>ll.</strong></span> 
     </span>
    </p>
   </div>
   <div class='ocr_carea' id='block_1_3' title="bbox 3329 292 3437 371">
    <p class='ocr_par' dir='ltr' id='par_1_3' title="bbox 3329 292 3437 371">
     <span class='ocr_line' id='line_1_3' title="bbox 3329 292 3437 371; baseline 0.028 -22"><span class='ocrx_word' id='word_1_8' title='bbox 3329 292 3437 371; x_wconf 65' lang='grc' dir='ltr'><strong>εει</strong></span> 
     </span>
    </p>
   </div>
   <div class='ocr_carea' id='block_1_4' title="bbox 176 402 3438 482">
    <p class='ocr_par' dir='ltr' id='par_1_4' title="bbox 176 402 3438 482">
     <span class='ocr_line' id='line_1_4' title="bbox 176 402 3438 482; baseline 0.003 -19"><span class='ocrx_word' id='word_1_9' title='bbox 176 413 479 482; x_wconf 77' lang='lat' dir='ltr'><strong>principem</strong></span> <span class='ocrx_word' id='word_1_10' title='bbox 514 411 698 467; x_wconf 77' lang='lat' dir='ltr'><strong>szeculi</strong></span> <span class='ocrx_word' id='word_1_11' title='bbox 735 409 896 480; x_wconf 86' lang='lat' dir='ltr'><strong>hujus</strong></span> <span class='ocrx_word' id='word_1_12' title='bbox 927 408 1214 480; x_wconf 75' lang='lat' dir='ltr'><strong>virginitas</strong></span> <span class='ocrx_word' id='word_1_13' title='bbox 1248 406 1453 473; x_wconf 66' lang='lat' dir='ltr'><strong>Marias,</strong></span> <span class='ocrx_word' id='word_1_14' title='bbox 1487 426 1506 458; x_wconf 68' lang='grc' dir='ltr'><strong>ι</strong></span> <span class='ocrx_word' id='word_1_15' title='bbox 1547 405 1753 460; x_wconf 81' lang='lat' dir='ltr'><strong>insulsa</strong></span> <span class='ocrx_word' id='word_1_16' title='bbox 1784 409 1829 465; x_wconf 79' lang='grc' dir='ltr'>Α</span> <span class='ocrx_word' id='word_1_17' title='bbox 1857 404 2031 470; x_wconf 89' lang='lat' dir='ltr'><strong>ribus,</strong></span> <span class='ocrx_word' id='word_1_18' title='bbox 2067 419 2206 475; x_wconf 89' lang='lat' dir='ltr'><strong>quas</strong></span> <span class='ocrx_word' id='word_1_19' title='bbox 2246 404 2313 458; x_wconf 91' lang='lat' dir='ltr'><strong>ad</strong></span> <span class='ocrx_word' id='word_1_20' title='bbox 2358 421 2478 460; x_wconf 91' lang='lat' dir='ltr'><strong>eam</strong></span> <span class='ocrx_word' id='word_1_21' title='bbox 2527 402 2746 476; x_wconf 79' lang='lat' dir='ltr'><strong>scripsit</strong></span> <span class='ocrx_word' id='word_1_22' title='bbox 2779 409 3023 479; x_wconf 78' lang='lat' dir='ltr'><strong>epistolis</strong></span> <span class='ocrx_word' id='word_1_23' title='bbox 3055 410 3438 472; x_wconf 85' lang='lat' dir='ltr'><strong>Cbristiferam</strong></span> 
     </span>
    </p>
   </div>
   <div class='ocr_carea' id='block_1_5' title="bbox 177 503 1288 570">
    <p class='ocr_par' dir='ltr' id='par_1_5' title="bbox 177 503 1288 570">
     <span class='ocr_line' id='line_1_5' title="bbox 177 503 1288 570; baseline -0.003 -15"><span class='ocrx_word' id='word_1_24' title='bbox 177 503 606 570; x_wconf 83' lang='lat' dir='ltr'><strong>amplificatione</strong></span> <span class='ocrx_word' id='word_1_25' title='bbox 640 515 907 556; x_wconf 87' lang='lat' dir='ltr'><strong>exornare</strong></span> <span class='ocrx_word' id='word_1_26' title='bbox 931 507 1165 553; x_wconf 84' lang='lat' dir='ltr'><strong>conatus</strong></span> <span class='ocrx_word' id='word_1_27' title='bbox 1185 506 1288 553; x_wconf 90' lang='lat' dir='ltr'><strong>est.</strong></span> 
     </span>
    </p>
   </div>
   <div class='ocr_carea' id='block_1_6' title="bbox 247 587 1757 663">
    <p class='ocr_par' dir='ltr' id='par_1_6' title="bbox 247 587 1757 663">
     <span class='ocr_line' id='line_1_6' title="bbox 247 587 1757 663; baseline -0.005 -16"><span class='ocrx_word' id='word_1_28' title='bbox 247 592 530 656; x_wconf 89' lang='lat' dir='ltr'><strong>Secundo,</strong></span> <span class='ocrx_word' id='word_1_29' title='bbox 574 608 697 663; x_wconf 64' lang='lat' dir='ltr'><strong>quae</strong></span> <span class='ocrx_word' id='word_1_30' title='bbox 751 593 818 646; x_wconf 95' lang='lat' dir='ltr'><strong>de</strong></span> <span class='ocrx_word' id='word_1_31' title='bbox 868 591 1059 658; x_wconf 90' lang='lat' dir='ltr'><strong>festis,</strong></span> <span class='ocrx_word' id='word_1_32' title='bbox 1110 587 1564 659; x_wconf 82' lang='lat' dir='ltr'><strong>Quadragesimu,</strong></span> <span class='ocrx_word' id='word_1_33' title='bbox 1593 595 1757 656; x_wconf 89' lang='lat' dir='ltr'><strong>atque</strong></span> 
     </span>
    </p>
   </div>
   <div class='ocr_carea' id='block_1_7' title="bbox 174 680 1754 750">
    <p class='ocr_par' dir='ltr' id='par_1_7' title="bbox 174 680 1754 750">
     <span class='ocr_line' id='line_1_7' title="bbox 174 680 1754 750; baseline -0.003 -13"><span class='ocrx_word' id='word_1_34' title='bbox 174 683 447 739; x_wconf 88' lang='lat' dir='ltr'><strong>Paschate</strong></span> <span class='ocrx_word' id='word_1_35' title='bbox 476 685 549 738; x_wconf 87' lang='lat' dir='ltr'><strong>ibi</strong></span> <span class='ocrx_word' id='word_1_36' title='bbox 576 685 866 750; x_wconf 82' lang='lat' dir='ltr'><strong>habentur,</strong></span> <span class='ocrx_word' id='word_1_37' title='bbox 897 685 1011 738; x_wconf 80' lang='lat' dir='ltr'><strong>haec</strong></span> <span class='ocrx_word' id='word_1_38' title='bbox 1035 697 1101 738; x_wconf 90' lang='lat' dir='ltr'><strong>ex</strong></span> <span class='ocrx_word' id='word_1_39' title='bbox 1129 680 1590 738; x_wconf 86' lang='lat' dir='ltr'><strong>Constitutionum</strong></span> <span class='ocrx_word' id='word_1_40' title='bbox 1621 693 1754 748; x_wconf 90' lang='lat' dir='ltr'><strong>apo-</strong></span> 
     </span>
    </p>
   </div>
   <div class='ocr_carea' id='block_1_8' title="bbox 173 769 1754 846">
    <p class='ocr_par' dir='ltr' id='par_1_8' title="bbox 173 769 1754 846">
     <span class='ocr_line' id='line_1_8' title="bbox 173 769 1754 846; baseline -0.006 -15"><span class='ocrx_word' id='word_1_41' title='bbox 173 776 501 837; x_wconf 77' lang='lat' dir='ltr'><strong>stolicarum</strong></span> <span class='ocrx_word' id='word_1_42' title='bbox 544 775 719 840; x_wconf 87' lang='lat' dir='ltr'><strong>libris,</strong></span> <span class='ocrx_word' id='word_1_43' title='bbox 757 789 896 846; x_wconf 89' lang='lat' dir='ltr'><strong>quos</strong></span> <span class='ocrx_word' id='word_1_44' title='bbox 936 773 1178 845; x_wconf 88' lang='lat' dir='ltr'><strong>lgnatius</strong></span> <span class='ocrx_word' id='word_1_45' title='bbox 1207 786 1490 842; x_wconf 85' lang='lat' dir='ltr'><strong>nunquam</strong></span> <span class='ocrx_word' id='word_1_46' title='bbox 1529 769 1754 839; x_wconf 89' lang='lat' dir='ltr'><strong>legerat,</strong></span> 
     </span>
    </p>
   </div>
   <div class='ocr_carea' id='block_1_9' title="bbox 171 868 648 935">
    <p class='ocr_par' dir='ltr' id='par_1_9' title="bbox 171 868 648 935">
     <span class='ocr_line' id='line_1_9' title="bbox 171 868 648 935; baseline -0.002 -14"><span class='ocrx_word' id='word_1_47' title='bbox 171 868 463 935; x_wconf 84' lang='lat' dir='ltr'><strong>desumpta</strong></span> <span class='ocrx_word' id='word_1_48' title='bbox 501 874 648 921; x_wconf 91' lang='lat' dir='ltr'><strong>sunt.</strong></span> 
     </span>
    </p>
   </div>
   <div class='ocr_carea' id='block_1_10' title="bbox 246 957 1756 1030">
    <p class='ocr_par' dir='ltr' id='par_1_10' title="bbox 246 957 1756 1030">
     <span class='ocr_line' id='line_1_10' title="bbox 246 957 1756 1030; baseline 0.002 -20"><span class='ocrx_word' id='word_1_49' title='bbox 246 957 497 1028; x_wconf 88' lang='lat' dir='ltr'><strong>Denique</strong></span> <span class='ocrx_word' id='word_1_50' title='bbox 532 970 724 1014; x_wconf 83' lang='lat' dir='ltr'><strong>auctor</strong></span> <span class='ocrx_word' id='word_1_51' title='bbox 771 958 848 1013; x_wconf 89' lang='lat' dir='ltr'><strong>ibi</strong></span> <span class='ocrx_word' id='word_1_52' title='bbox 891 958 1318 1014; x_wconf 67' lang='lat' dir='ltr'><strong>Manichaeorum</strong></span> <span class='ocrx_word' id='word_1_53' title='bbox 1365 968 1529 1030; x_wconf 89' lang='lat' dir='ltr'><strong>atque</strong></span> <span class='ocrx_word' id='word_1_54' title='bbox 1562 957 1756 1014; x_wconf 84' lang='lat' dir='ltr'><strong>&#39;Patri-</strong></span> 
     </span>
    </p>
   </div>
   <div class='ocr_carea' id='block_1_11' title="bbox 173 1049 1756 1140">
    <p class='ocr_par' dir='ltr' id='par_1_11' title="bbox 173 1049 1756 1140">
     <span class='ocr_line' id='line_1_11' title="bbox 173 1049 1756 1140; baseline 0.003 -38"><span class='ocrx_word' id='word_1_55' title='bbox 173 1049 566 1118; x_wconf 87' lang='lat' dir='ltr'><strong>passianorum</strong></span> <span class='ocrx_word' id='word_1_56' title='bbox 612 1064 854 1104; x_wconf 89' lang='lat' dir='ltr'><strong>errorem</strong></span> <span class='ocrx_word' id='word_1_57' title='bbox 894 1049 1114 1104; x_wconf 77' lang='lat' dir='ltr'><strong>refellit.</strong></span> <span class='ocrx_word' id='word_1_58' title='bbox 1163 1049 1234 1104; x_wconf 82' lang='lat' dir='ltr'><strong>At</strong></span> <span class='ocrx_word' id='word_1_59' title='bbox 1277 1049 1517 1140; x_wconf 75' lang='lat' dir='ltr'><strong>Praxeas</strong></span> <span class='ocrx_word' id='word_1_60' title='bbox 1549 1050 1756 1120; x_wconf 84' lang='lat' dir='ltr'><strong>lgnatio</strong></span> 
     </span>
    </p>
   </div>
   <div class='ocr_carea' id='block_1_12' title="bbox 172 1140 1752 1213">
    <p class='ocr_par' dir='ltr' id='par_1_12' title="bbox 172 1140 1752 1213">
     <span class='ocr_line' id='line_1_12' title="bbox 172 1140 1752 1213; baseline 0.004 -19"><span class='ocrx_word' id='word_1_61' title='bbox 172 1140 452 1209; x_wconf 83' lang='lat' dir='ltr'><strong>posterior</strong></span> <span class='ocrx_word' id='word_1_62' title='bbox 477 1160 490 1195; x_wconf 88' lang='lat'><strong>:</strong></span> <span class='ocrx_word' id='word_1_63' title='bbox 523 1159 541 1193; x_wconf 74' lang='grc' dir='ltr'>ι</span> <span class='ocrx_word' id='word_1_64' title='bbox 571 1140 788 1196; x_wconf 87' lang='lat' dir='ltr'><strong>Primus</strong></span> <span class='ocrx_word' id='word_1_65' title='bbox 811 1158 876 1197; x_wconf 86' lang='lat' dir='ltr'><strong>ex</strong></span> <span class='ocrx_word' id='word_1_66' title='bbox 905 1143 1056 1208; x_wconf 82' lang='lat' dir='ltr'><strong>Asia,</strong></span> <span class='ocrx_word' id='word_1_67' title='bbox 1084 1141 1260 1213; x_wconf 86' lang='lat' dir='ltr'><strong>inquit</strong></span> <span class='ocrx_word' id='word_1_68' title='bbox 1291 1141 1662 1200; x_wconf 88' lang='lat' dir='ltr'><strong>Tertullianus</strong></span> <span class='ocrx_word' id='word_1_69' title='bbox 1686 1144 1752 1208; x_wconf 75' lang='lat'><strong>“,</strong></span> 
     </span>
    </p>
   </div>
   <div class='ocr_carea' id='block_1_13' title="bbox 173 1236 1757 1308">
    <p class='ocr_par' dir='ltr' id='par_1_13' title="bbox 173 1236 1757 1308">
     <span class='ocr_line' id='line_1_13' title="bbox 173 1236 1757 1308; baseline 0.003 -19"><span class='ocrx_word' id='word_1_70' title='bbox 173 1236 482 1290; x_wconf 84' lang='lat' dir='ltr'><strong>secundum</strong></span> <span class='ocrx_word' id='word_1_71' title='bbox 513 1237 618 1291; x_wconf 87' lang='lat' dir='ltr'><strong>hoc</strong></span> <span class='ocrx_word' id='word_1_72' title='bbox 646 1251 818 1306; x_wconf 89' lang='lat' dir='ltr'><strong>genus</strong></span> <span class='ocrx_word' id='word_1_73' title='bbox 854 1237 1229 1308; x_wconf 88' lang='lat' dir='ltr'><strong>perversitatis</strong></span> <span class='ocrx_word' id='word_1_74' title='bbox 1271 1238 1454 1293; x_wconf 90' lang='lat' dir='ltr'><strong>intulit</strong></span> <span class='ocrx_word' id='word_1_75' title='bbox 1496 1237 1757 1293; x_wconf 66' lang='lat' dir='ltr'><strong>Romanae</strong></span> 
     </span>
    </p>
   </div>
   <div class='ocr_carea' id='block_1_14' title="bbox 173 1327 1754 1405">
    <p class='ocr_par' dir='ltr' id='par_1_14' title="bbox 173 1327 1754 1405">
     <span class='ocr_line' id='line_1_14' title="bbox 173 1327 1754 1405; baseline 0.008 -25"><span class='ocrx_word' id='word_1_76' title='bbox 173 1327 369 1381; x_wconf 89' lang='lat' dir='ltr'><strong>humo.</strong></span> <span class='ocrx_word' id='word_1_77' title='bbox 408 1348 428 1381; x_wconf 80' lang='grc' dir='ltr'><strong><em>ι</em></strong></span> <span class='ocrx_word' id='word_1_78' title='bbox 463 1327 591 1385; x_wconf 69' lang='lat' dir='ltr'><strong>Haec</strong></span> <span class='ocrx_word' id='word_1_79' title='bbox 621 1330 787 1400; x_wconf 85' lang='lat' dir='ltr'><strong>igitur</strong></span> <span class='ocrx_word' id='word_1_80' title='bbox 819 1331 1067 1401; x_wconf 87' lang='lat' dir='ltr'><strong>epistola,</strong></span> <span class='ocrx_word' id='word_1_81' title='bbox 1099 1342 1263 1403; x_wconf 88' lang='lat' dir='ltr'><strong>atque</strong></span> <span class='ocrx_word' id='word_1_82' title='bbox 1294 1334 1414 1389; x_wconf 78' lang='lat' dir='ltr'><strong>alia:</strong></span> <span class='ocrx_word' id='word_1_83' title='bbox 1440 1335 1754 1405; x_wconf 87' lang='lat' dir='ltr'><strong>superiores</strong></span> 
     </span>
    </p>
   </div>
   <div class='ocr_carea' id='block_1_15' title="bbox 172 1421 1752 1498">
    <p class='ocr_par' dir='ltr' id='par_1_15' title="bbox 172 1421 1752 1498">
     <span class='ocr_line' id='line_1_15' title="bbox 172 1421 1752 1498; baseline 0.006 -26"><span class='ocrx_word' id='word_1_84' title='bbox 172 1421 359 1476; x_wconf 74' lang='lat' dir='ltr'><strong>notha:</strong></span> <span class='ocrx_word' id='word_1_85' title='bbox 397 1432 524 1476; x_wconf 89' lang='lat' dir='ltr'><strong>sunt</strong></span> <span class='ocrx_word' id='word_1_86' title='bbox 565 1430 620 1476; x_wconf 89' lang='lat' dir='ltr'><strong>et</strong></span> <span class='ocrx_word' id='word_1_87' title='bbox 662 1423 883 1492; x_wconf 57' lang='lat' dir='ltr'><strong>spuria},</strong></span> <span class='ocrx_word' id='word_1_88' title='bbox 927 1434 982 1480; x_wconf 92' lang='lat' dir='ltr'><strong>et</strong></span> <span class='ocrx_word' id='word_1_89' title='bbox 1005 1423 1215 1498; x_wconf 85' lang='lat' dir='ltr'><strong>lgnatio</strong></span> <span class='ocrx_word' id='word_1_90' title='bbox 1247 1436 1436 1482; x_wconf 89' lang='lat' dir='ltr'><strong>nostro</strong></span> <span class='ocrx_word' id='word_1_91' title='bbox 1470 1443 1752 1498; x_wconf 88' lang='lat' dir='ltr'><strong>perperam</strong></span> 
     </span>
    </p>
   </div>
   <div class='ocr_carea' id='block_1_16' title="bbox 171 1513 966 1572">
    <p class='ocr_par' dir='ltr' id='par_1_16' title="bbox 171 1513 966 1572">
     <span class='ocr_line' id='line_1_16' title="bbox 171 1513 966 1572; baseline 0.005 -4"><span class='ocrx_word' id='word_1_92' title='bbox 171 1522 226 1568; x_wconf 88' lang='lat' dir='ltr'><strong>et</strong></span> <span class='ocrx_word' id='word_1_93' title='bbox 267 1513 567 1570; x_wconf 86' lang='lat' dir='ltr'><strong>falsissime</strong></span> <span class='ocrx_word' id='word_1_94' title='bbox 592 1518 966 1572; x_wconf 87' lang='lat' dir='ltr'><strong>ascribuutur.</strong></span> 
     </span>
    </p>
   </div>
   <div class='ocr_carea' id='block_1_17' title="bbox 798 1655 1154 1714">
    <p class='ocr_par' dir='ltr' id='par_1_17' title="bbox 798 1655 1154 1714">
     <span class='ocr_line' id='line_1_17' title="bbox 798 1655 1154 1714; baseline 0.006 -2"><span class='ocrx_word' id='word_1_95' title='bbox 798 1655 1028 1712; x_wconf 82' lang='lat' dir='ltr'><strong>CAPUT</strong></span> <span class='ocrx_word' id='word_1_96' title='bbox 1064 1655 1154 1714; x_wconf 82' lang='lat' dir='ltr'><strong>IV.</strong></span> 
     </span>
    </p>
   </div>
   <div class='ocr_carea' id='block_1_18' title="bbox 303 1758 1616 1816">
    <p class='ocr_par' dir='ltr' id='par_1_18' title="bbox 303 1758 1616 1816">
     <span class='ocr_line' id='line_1_18' title="bbox 303 1758 1616 1816; baseline 0.008 -19"><span class='ocrx_word' id='word_1_97' title='bbox 303 1758 374 1798; x_wconf 76' lang='lat' dir='ltr'><strong>DE</strong></span> <span class='ocrx_word' id='word_1_98' title='bbox 414 1759 552 1800; x_wconf 75' lang='grc' dir='ltr'><strong>Αιιιε</strong></span> <span class='ocrx_word' id='word_1_99' title='bbox 589 1761 864 1803; x_wconf 73' lang='grc' dir='ltr'><strong>ειηετοιιε</strong></span> <span class='ocrx_word' id='word_1_100' title='bbox 903 1765 1138 1816; x_wconf 74' lang='lat' dir='ltr'><strong>LATlNlS,</strong></span> <span class='ocrx_word' id='word_1_101' title='bbox 1177 1767 1378 1807; x_wconf 71' lang='lat' dir='ltr'><strong>IGNATII</strong></span> <span class='ocrx_word' id='word_1_102' title='bbox 1416 1767 1616 1808; x_wconf 71' lang='lat' dir='ltr'><strong>NOIINE</strong></span> 
     </span>
    </p>
   </div>
   <div class='ocr_carea' id='block_1_19' title="bbox 807 1835 1122 1876">
    <p class='ocr_par' dir='ltr' id='par_1_19' title="bbox 807 1835 1122 1876">
     <span class='ocr_line' id='line_1_19' title="bbox 807 1835 1122 1876; baseline 0.013 -4"><span class='ocrx_word' id='word_1_103' title='bbox 807 1835 1122 1876; x_wconf 77' lang='lat' dir='ltr'><strong>INSCRIPTIS.</strong></span> 
     </span>
    </p>
   </div>
   <div class='ocr_carea' id='block_1_20' title="bbox 463 1928 1467 2005">
    <p class='ocr_par' dir='ltr' id='par_1_20' title="bbox 463 1928 1467 2005">
     <span class='ocr_line' id='line_1_20' title="bbox 463 1928 1467 2005; baseline 0.011 -23"><span class='ocrx_word' id='word_1_104' title='bbox 463 1928 490 2000; x_wconf 61' lang='grc' dir='ltr'>ᾗ</span> <span class='ocrx_word' id='word_1_105' title='bbox 523 1928 562 1983; x_wconf 90' lang='grc' dir='ltr'><strong>Ι.</strong></span> <span class='ocrx_word' id='word_1_106' title='bbox 605 1931 856 2004; x_wconf 76' lang='lat' dir='ltr'><strong>Analysis</strong></span> <span class='ocrx_word' id='word_1_107' title='bbox 887 1933 1078 1988; x_wconf 86' lang='lat' dir='ltr'><strong>harum</strong></span> <span class='ocrx_word' id='word_1_108' title='bbox 1105 1936 1467 2005; x_wconf 78' lang='lat' dir='ltr'><strong>epistolarum.</strong></span> 
     </span>
    </p>
   </div>
   <div class='ocr_carea' id='block_1_21' title="bbox 241 2041 1757 2128">
    <p class='ocr_par' dir='ltr' id='par_1_21' title="bbox 241 2041 1757 2128">
     <span class='ocr_line' id='line_1_21' title="bbox 241 2041 1757 2128; baseline 0.011 -32"><span class='ocrx_word' id='word_1_109' title='bbox 241 2041 454 2110; x_wconf 86' lang='lat' dir='ltr'><strong>Quarta</strong></span> <span class='ocrx_word' id='word_1_110' title='bbox 480 2047 833 2115; x_wconf 86' lang='lat' dir='ltr'><strong>epistolarum</strong></span> <span class='ocrx_word' id='word_1_111' title='bbox 872 2047 1064 2119; x_wconf 90' lang='lat' dir='ltr'><strong>lgnatii</strong></span> <span class='ocrx_word' id='word_1_112' title='bbox 1094 2051 1289 2108; x_wconf 90' lang='lat' dir='ltr'><strong>classis</strong></span> <span class='ocrx_word' id='word_1_113' title='bbox 1326 2054 1437 2110; x_wconf 93' lang='lat' dir='ltr'><strong>duo</strong></span> <span class='ocrx_word' id='word_1_114' title='bbox 1464 2054 1611 2112; x_wconf 89' lang='lat' dir='ltr'><strong>illius</strong></span> <span class='ocrx_word' id='word_1_115' title='bbox 1641 2056 1757 2128; x_wconf 88' lang='lat' dir='ltr'><strong>epi-</strong></span> 
     </span>
    </p>
   </div>
   <div class='ocr_carea' id='block_1_22' title="bbox 169 2136 1756 2218">
    <p class='ocr_par' dir='ltr' id='par_1_22' title="bbox 169 2136 1756 2218">
     <span class='ocr_line' id='line_1_22' title="bbox 169 2136 1756 2218; baseline 0.011 -30"><span class='ocrx_word' id='word_1_116' title='bbox 169 2136 335 2190; x_wconf 81' lang='lat' dir='ltr'><strong>stolia</strong></span> <span class='ocrx_word' id='word_1_117' title='bbox 364 2137 434 2192; x_wconf 84' lang='lat' dir='ltr'><strong>ad</strong></span> <span class='ocrx_word' id='word_1_118' title='bbox 482 2137 748 2195; x_wconf 85' lang='lat' dir='ltr'><strong>Joannem</strong></span> <span class='ocrx_word' id='word_1_119' title='bbox 794 2144 1102 2211; x_wconf 90' lang='lat' dir='ltr'><strong>apostolum</strong></span> <span class='ocrx_word' id='word_1_120' title='bbox 1143 2154 1198 2200; x_wconf 89' lang='lat' dir='ltr'><strong>et</strong></span> <span class='ocrx_word' id='word_1_121' title='bbox 1243 2149 1654 2218; x_wconf 81' lang='lat' dir='ltr'><strong>evangelistam,</strong></span> <span class='ocrx_word' id='word_1_122' title='bbox 1703 2159 1756 2206; x_wconf 91' lang='lat' dir='ltr'><strong>et</strong></span> 
     </span>
    </p>
   </div>
   <div class='ocr_carea' id='block_1_23' title="bbox 174 2229 1756 2310">
    <p class='ocr_par' dir='ltr' id='par_1_23' title="bbox 174 2229 1756 2310">
     <span class='ocr_line' id='line_1_23' title="bbox 174 2229 1756 2310; baseline 0.009 -31"><span class='ocrx_word' id='word_1_123' title='bbox 174 2229 402 2282; x_wconf 85' lang='lat' dir='ltr'><strong>tertium</strong></span> <span class='ocrx_word' id='word_1_124' title='bbox 437 2229 504 2284; x_wconf 89' lang='lat' dir='ltr'><strong>ad</strong></span> <span class='ocrx_word' id='word_1_125' title='bbox 542 2229 826 2300; x_wconf 87' lang='lat' dir='ltr'><strong>Deiparam</strong></span> <span class='ocrx_word' id='word_1_126' title='bbox 861 2230 1160 2303; x_wconf 87' lang='lat' dir='ltr'><strong>Virginem,</strong></span> <span class='ocrx_word' id='word_1_127' title='bbox 1195 2234 1550 2308; x_wconf 89' lang='lat' dir='ltr'><strong>ejusdemque</strong></span> <span class='ocrx_word' id='word_1_128' title='bbox 1579 2237 1756 2310; x_wconf 76' lang='lat' dir='ltr'><strong>Virgi-</strong></span> 
     </span>
    </p>
   </div>
   <div class='ocr_carea' id='block_1_24' title="bbox 170 2319 924 2391">
    <p class='ocr_par' dir='ltr' id='par_1_24' title="bbox 170 2319 924 2391">
     <span class='ocr_line' id='line_1_24' title="bbox 170 2319 924 2391; baseline 0.011 -18"><span class='ocrx_word' id='word_1_129' title='bbox 170 2319 260 2374; x_wconf 88' lang='lat' dir='ltr'><strong>nis</strong></span> <span class='ocrx_word' id='word_1_130' title='bbox 292 2336 622 2391; x_wconf 88' lang='lat' dir='ltr'><strong>responsum</strong></span> <span class='ocrx_word' id='word_1_131' title='bbox 657 2326 924 2382; x_wconf 88' lang='lat' dir='ltr'><strong>continet.</strong></span> 
     </span>
    </p>
   </div>
   <div class='ocr_carea' id='block_1_25' title="bbox 242 2411 1741 2495">
    <p class='ocr_par' dir='ltr' id='par_1_25' title="bbox 242 2411 1741 2495">
     <span class='ocr_line' id='line_1_25' title="bbox 242 2411 1741 2495; baseline 0.009 -29"><span class='ocrx_word' id='word_1_132' title='bbox 242 2411 306 2466; x_wconf 89' lang='lat' dir='ltr'><strong>ln</strong></span> <span class='ocrx_word' id='word_1_133' title='bbox 332 2415 516 2483; x_wconf 90' lang='lat' dir='ltr'><strong>primo</strong></span> <span class='ocrx_word' id='word_1_134' title='bbox 547 2426 743 2473; x_wconf 88' lang='lat' dir='ltr'><strong>auctor</strong></span> <span class='ocrx_word' id='word_1_135' title='bbox 771 2417 1061 2488; x_wconf 81' lang='lat' dir='ltr'><strong>Joannem,</strong></span> <span class='ocrx_word' id='word_1_136' title='bbox 1091 2431 1151 2478; x_wconf 92' lang='lat' dir='ltr'><strong>ut</strong></span> <span class='ocrx_word' id='word_1_137' title='bbox 1179 2422 1245 2478; x_wconf 84' lang='lat' dir='ltr'><strong>ad</strong></span> <span class='ocrx_word' id='word_1_138' title='bbox 1289 2438 1348 2480; x_wconf 90' lang='lat' dir='ltr'><strong>se</strong></span> <span class='ocrx_word' id='word_1_139' title='bbox 1383 2424 1571 2480; x_wconf 86' lang='lat' dir='ltr'><strong>venire</strong></span> <span class='ocrx_word' id='word_1_140' title='bbox 1623 2440 1741 2495; x_wconf 43' lang='lat' dir='ltr'><strong>pro.</strong></span> 
     </span>
    </p>
   </div>
   <div class='ocr_carea' id='block_1_26' title="bbox 166 2507 1754 2585">
    <p class='ocr_par' dir='ltr' id='par_1_26' title="bbox 166 2507 1754 2585">
     <span class='ocr_line' id='line_1_26' title="bbox 166 2507 1754 2585; baseline 0.011 -28"><span class='ocrx_word' id='word_1_141' title='bbox 166 2515 364 2574; x_wconf 88' lang='lat' dir='ltr'><strong>peret;</strong></span> <span class='ocrx_word' id='word_1_142' title='bbox 419 2522 484 2566; x_wconf 87' lang='lat' dir='ltr'><strong>ac</strong></span> <span class='ocrx_word' id='word_1_143' title='bbox 527 2507 752 2565; x_wconf 78' lang='lat' dir='ltr'><strong>Mariam</strong></span> <span class='ocrx_word' id='word_1_144' title='bbox 784 2511 880 2567; x_wconf 86' lang='lat' dir='ltr'><strong>Dei</strong></span> <span class='ocrx_word' id='word_1_145' title='bbox 910 2515 1252 2585; x_wconf 88' lang='lat' dir='ltr'><strong>genitricem,</strong></span> <span class='ocrx_word' id='word_1_146' title='bbox 1296 2527 1352 2571; x_wconf 92' lang='lat' dir='ltr'><strong>et</strong></span> <span class='ocrx_word' id='word_1_147' title='bbox 1379 2516 1607 2573; x_wconf 85' lang='lat' dir='ltr'><strong>Mariam</strong></span> <span class='ocrx_word' id='word_1_148' title='bbox 1652 2517 1754 2574; x_wconf 88' lang='lat' dir='ltr'><strong>Sa-</strong></span> 
     </span>
    </p>
   </div>
   <div class='ocr_carea' id='block_1_27' title="bbox 167 2596 1757 2675">
    <p class='ocr_par' dir='ltr' id='par_1_27' title="bbox 167 2596 1757 2675">
     <span class='ocr_line' id='line_1_27' title="bbox 167 2596 1757 2675; baseline 0.01 -25"><span class='ocrx_word' id='word_1_149' title='bbox 167 2596 344 2663; x_wconf 87' lang='lat' dir='ltr'><strong>lome,</strong></span> <span class='ocrx_word' id='word_1_150' title='bbox 373 2615 537 2669; x_wconf 89' lang='lat' dir='ltr'><strong>quam</strong></span> <span class='ocrx_word' id='word_1_151' title='bbox 575 2602 792 2658; x_wconf 82' lang='lat' dir='ltr'><strong>eximiis</strong></span> <span class='ocrx_word' id='word_1_152' title='bbox 817 2604 1072 2662; x_wconf 86' lang='lat' dir='ltr'><strong>laudibus</strong></span> <span class='ocrx_word' id='word_1_153' title='bbox 1098 2607 1329 2675; x_wconf 80' lang='lat' dir='ltr'><strong>extollit,</strong></span> <span class='ocrx_word' id='word_1_154' title='bbox 1367 2623 1554 2665; x_wconf 89' lang='lat' dir='ltr'><strong>secum</strong></span> <span class='ocrx_word' id='word_1_155' title='bbox 1580 2610 1757 2666; x_wconf 85' lang='lat' dir='ltr'><strong>addu-</strong></span> 
     </span>
    </p>
   </div>
   <div class='ocr_carea' id='block_1_28' title="bbox 167 2693 1013 2756">
    <p class='ocr_par' dir='ltr' id='par_1_28' title="bbox 167 2693 1013 2756">
     <span class='ocr_line' id='line_1_28' title="bbox 167 2693 1013 2756; baseline 0.011 -12"><span class='ocrx_word' id='word_1_156' title='bbox 167 2698 282 2756; x_wconf 73' lang='lat' dir='ltr'><strong>cat,</strong></span> <span class='ocrx_word' id='word_1_157' title='bbox 305 2693 658 2751; x_wconf 79' lang='lat' dir='ltr'><strong>vehementer</strong></span> <span class='ocrx_word' id='word_1_158' title='bbox 689 2697 1013 2753; x_wconf 85' lang='lat' dir='ltr'><strong>adhortatur</strong></span> 
     </span>
    </p>
   </div>
   <div class='ocr_carea' id='block_1_29' title="bbox 241 2785 1758 2868">
    <p class='ocr_par' dir='ltr' id='par_1_29' title="bbox 241 2785 1758 2868">
     <span class='ocr_line' id='line_1_29' title="bbox 241 2785 1758 2868; baseline 0.011 -30"><span class='ocrx_word' id='word_1_159' title='bbox 241 2785 310 2838; x_wconf 82' lang='lat' dir='ltr'><strong>In</strong></span> <span class='ocrx_word' id='word_1_160' title='bbox 368 2787 613 2843; x_wconf 88' lang='lat' dir='ltr'><strong>secundo</strong></span> <span class='ocrx_word' id='word_1_161' title='bbox 674 2798 856 2845; x_wconf 89' lang='lat' dir='ltr'><strong>autem</strong></span> <span class='ocrx_word' id='word_1_162' title='bbox 910 2792 1164 2862; x_wconf 90' lang='lat' dir='ltr'><strong>epistolio</strong></span> <span class='ocrx_word' id='word_1_163' title='bbox 1228 2792 1423 2850; x_wconf 85' lang='lat' dir='ltr'><strong>Joanni</strong></span> <span class='ocrx_word' id='word_1_164' title='bbox 1488 2796 1758 2868; x_wconf 84' lang='lat' dir='ltr'><strong>significat</strong></span> 
     </span>
    </p>
   </div>
   <div class='ocr_carea' id='block_1_30' title="bbox 166 2877 1756 2951">
    <p class='ocr_par' dir='ltr' id='par_1_30' title="bbox 166 2877 1756 2951">
     <span class='ocr_line' id='line_1_30' title="bbox 166 2877 1756 2951; baseline 0.009 -21"><span class='ocrx_word' id='word_1_165' title='bbox 166 2886 390 2946; x_wconf 88' lang='lat' dir='ltr'><strong>quanto</strong></span> <span class='ocrx_word' id='word_1_166' title='bbox 440 2877 725 2950; x_wconf 85' lang='lat' dir='ltr'><strong>Deiparam</strong></span> <span class='ocrx_word' id='word_1_167' title='bbox 761 2881 1012 2951; x_wconf 79' lang='lat' dir='ltr'><strong>Mariam,</strong></span> <span class='ocrx_word' id='word_1_168' title='bbox 1071 2883 1333 2942; x_wconf 69' lang='lat' dir='ltr'><strong>Iacobum</strong></span> <span class='ocrx_word' id='word_1_169' title='bbox 1387 2886 1612 2943; x_wconf 88' lang='lat' dir='ltr'><strong>fratrem</strong></span> <span class='ocrx_word' id='word_1_170' title='bbox 1649 2889 1756 2946; x_wconf 81' lang='lat' dir='ltr'><strong>Do-</strong></span> 
     </span>
    </p>
   </div>
   <div class='ocr_carea' id='block_1_31' title="bbox 168 2972 1758 3046">
    <p class='ocr_par' dir='ltr' id='par_1_31' title="bbox 168 2972 1758 3046">
     <span class='ocr_line' id='line_1_31' title="bbox 168 2972 1758 3046; baseline 0.009 -22"><span class='ocrx_word' id='word_1_171' title='bbox 168 2972 336 3039; x_wconf 81' lang='lat' dir='ltr'><strong>mini,</strong></span> <span class='ocrx_word' id='word_1_172' title='bbox 381 2972 631 3044; x_wconf 90' lang='lat' dir='ltr'><strong>aliosque</strong></span> <span class='ocrx_word' id='word_1_173' title='bbox 677 2977 958 3046; x_wconf 89' lang='lat' dir='ltr'><strong>apostolos</strong></span> <span class='ocrx_word' id='word_1_174' title='bbox 1007 2978 1225 3035; x_wconf 84' lang='lat' dir='ltr'><strong>videndi</strong></span> <span class='ocrx_word' id='word_1_175' title='bbox 1266 2979 1540 3037; x_wconf 84' lang='lat' dir='ltr'><strong>desiderio</strong></span> <span class='ocrx_word' id='word_1_176' title='bbox 1569 2991 1758 3038; x_wconf 87' lang='lat' dir='ltr'><strong>tenea-</strong></span> 
     </span>
    </p>
   </div>
   <div class='ocr_carea' id='block_1_32' title="bbox 169 3070 288 3119">
    <p class='ocr_par' dir='ltr' id='par_1_32' title="bbox 169 3070 288 3119">
     <span class='ocr_line' id='line_1_32' title="bbox 169 3070 288 3119; baseline 0.008 -1"><span class='ocrx_word' id='word_1_177' title='bbox 169 3070 288 3119; x_wconf 86' lang='lat' dir='ltr'><strong>tur.</strong></span> 
     </span>
    </p>
   </div>
   <div class='ocr_carea' id='block_1_33' title="bbox 242 3153 1753 3236">
    <p class='ocr_par' dir='ltr' id='par_1_33' title="bbox 242 3153 1753 3236">
     <span class='ocr_line' id='line_1_33' title="bbox 242 3153 1753 3236; baseline 0.011 -28"><span class='ocrx_word' id='word_1_178' title='bbox 242 3153 385 3210; x_wconf 81' lang='lat' dir='ltr'><strong>Orat</strong></span> <span class='ocrx_word' id='word_1_179' title='bbox 427 3155 654 3213; x_wconf 84' lang='lat' dir='ltr'><strong>Mariam</strong></span> <span class='ocrx_word' id='word_1_180' title='bbox 699 3175 754 3214; x_wconf 82' lang='grc' dir='ltr'><strong>ιη</strong></span> <span class='ocrx_word' id='word_1_181' title='bbox 801 3161 983 3226; x_wconf 88' lang='lat' dir='ltr'><strong>tertio,</strong></span> <span class='ocrx_word' id='word_1_182' title='bbox 1014 3170 1075 3218; x_wconf 91' lang='lat' dir='ltr'><strong>ut</strong></span> <span class='ocrx_word' id='word_1_183' title='bbox 1118 3178 1309 3221; x_wconf 89' lang='lat' dir='ltr'><strong>eorum</strong></span> <span class='ocrx_word' id='word_1_184' title='bbox 1343 3181 1464 3236; x_wconf 67' lang='lat' dir='ltr'><strong>qua:</strong></span> <span class='ocrx_word' id='word_1_185' title='bbox 1501 3167 1568 3223; x_wconf 92' lang='lat' dir='ltr'><strong>de</strong></span> <span class='ocrx_word' id='word_1_186' title='bbox 1599 3166 1753 3236; x_wconf 80' lang='lat' dir='ltr'><strong>Jesu,</strong></span> 
     </span>
    </p>
   </div>
   <div class='ocr_carea' id='block_1_34' title="bbox 170 3245 1752 3322">
    <p class='ocr_par' dir='ltr' id='par_1_34' title="bbox 170 3245 1752 3322">
     <span class='ocr_line' id='line_1_34' title="bbox 170 3245 1752 3322; baseline 0.011 -23"><span class='ocrx_word' id='word_1_187' title='bbox 170 3245 363 3302; x_wconf 81' lang='lat' dir='ltr'><strong>divino</strong></span> <span class='ocrx_word' id='word_1_188' title='bbox 417 3249 536 3319; x_wconf 88' lang='lat' dir='ltr'><strong>ejus</strong></span> <span class='ocrx_word' id='word_1_189' title='bbox 581 3250 742 3318; x_wconf 91' lang='lat' dir='ltr'><strong>Filio,</strong></span> <span class='ocrx_word' id='word_1_190' title='bbox 794 3255 1070 3322; x_wconf 88' lang='lat' dir='ltr'><strong>audierat,</strong></span> <span class='ocrx_word' id='word_1_191' title='bbox 1123 3269 1182 3312; x_wconf 85' lang='lat' dir='ltr'><strong>se</strong></span> <span class='ocrx_word' id='word_1_192' title='bbox 1231 3256 1398 3312; x_wconf 81' lang='lat' dir='ltr'><strong>faciat</strong></span> <span class='ocrx_word' id='word_1_193' title='bbox 1440 3260 1752 3317; x_wconf 87' lang='lat' dir='ltr'><strong>certiorem.</strong></span> 
     </span>
    </p>
   </div>
   <div class='ocr_carea' id='block_1_35' title="bbox 171 3338 1756 3420">
    <p class='ocr_par' dir='ltr' id='par_1_35' title="bbox 171 3338 1756 3420">
     <span class='ocr_line' id='line_1_35' title="bbox 171 3338 1756 3420; baseline 0.011 -28"><span class='ocrx_word' id='word_1_194' title='bbox 171 3338 347 3395; x_wconf 73' lang='lat' dir='ltr'><strong>Maria</strong></span> <span class='ocrx_word' id='word_1_195' title='bbox 372 3351 553 3398; x_wconf 90' lang='lat' dir='ltr'><strong>autem</strong></span> <span class='ocrx_word' id='word_1_196' title='bbox 587 3355 784 3415; x_wconf 88' lang='lat' dir='ltr'><strong>quarto</strong></span> <span class='ocrx_word' id='word_1_197' title='bbox 809 3348 1062 3417; x_wconf 90' lang='lat' dir='ltr'><strong>epistolio</strong></span> <span class='ocrx_word' id='word_1_198' title='bbox 1103 3351 1414 3420; x_wconf 88' lang='lat' dir='ltr'><strong>respondet,</strong></span> <span class='ocrx_word' id='word_1_199' title='bbox 1451 3362 1508 3407; x_wconf 91' lang='lat' dir='ltr'><strong>et</strong></span> <span class='ocrx_word' id='word_1_200' title='bbox 1536 3368 1600 3408; x_wconf 91' lang='lat' dir='ltr'><strong>ea</strong></span> <span class='ocrx_word' id='word_1_201' title='bbox 1636 3369 1756 3408; x_wconf 84' lang='lat' dir='ltr'><strong>om-</strong></span> 
     </span>
    </p>
   </div>
   <div class='ocr_carea' id='block_1_36' title="bbox 170 3435 1753 3515">
    <p class='ocr_par' dir='ltr' id='par_1_36' title="bbox 170 3435 1753 3515">
     <span class='ocr_line' id='line_1_36' title="bbox 170 3435 1753 3515; baseline 0.008 -28"><span class='ocrx_word' id='word_1_202' title='bbox 170 3435 262 3488; x_wconf 88' lang='lat' dir='ltr'><strong>nia</strong></span> <span class='ocrx_word' id='word_1_203' title='bbox 295 3451 429 3491; x_wconf 83' lang='lat' dir='ltr'><strong>vera</strong></span> <span class='ocrx_word' id='word_1_204' title='bbox 463 3452 604 3505; x_wconf 89' lang='lat' dir='ltr'><strong>esse,</strong></span> <span class='ocrx_word' id='word_1_205' title='bbox 634 3448 690 3494; x_wconf 93' lang='lat' dir='ltr'><strong>et</strong></span> <span class='ocrx_word' id='word_1_206' title='bbox 725 3439 794 3494; x_wconf 90' lang='lat' dir='ltr'><strong>ab</strong></span> <span class='ocrx_word' id='word_1_207' title='bbox 827 3441 947 3510; x_wconf 91' lang='lat' dir='ltr'><strong>ipso</strong></span> <span class='ocrx_word' id='word_1_208' title='bbox 981 3441 1272 3509; x_wconf 86' lang='lat' dir='ltr'><strong>credenda,</strong></span> <span class='ocrx_word' id='word_1_209' title='bbox 1305 3450 1468 3515; x_wconf 87' lang='lat' dir='ltr'><strong>atque</strong></span> <span class='ocrx_word' id='word_1_210' title='bbox 1514 3443 1583 3498; x_wconf 86' lang='lat' dir='ltr'><strong>ad</strong></span> <span class='ocrx_word' id='word_1_211' title='bbox 1626 3459 1753 3500; x_wconf 89' lang='lat' dir='ltr'><strong>eum</strong></span> 
     </span>
    </p>
   </div>
   <div class='ocr_carea' id='block_1_37' title="bbox 169 3532 1031 3603">
    <p class='ocr_par' dir='ltr' id='par_1_37' title="bbox 169 3532 1031 3603">
     <span class='ocr_line' id='line_1_37' title="bbox 169 3532 1031 3603; baseline 0.007 -21"><span class='ocrx_word' id='word_1_212' title='bbox 169 3543 230 3582; x_wconf 88' lang='lat' dir='ltr'><strong>se</strong></span> <span class='ocrx_word' id='word_1_213' title='bbox 256 3537 549 3584; x_wconf 78' lang='lat' dir='ltr'><strong>venturam</strong></span> <span class='ocrx_word' id='word_1_214' title='bbox 578 3547 701 3587; x_wconf 90' lang='lat' dir='ltr'><strong>esse</strong></span> <span class='ocrx_word' id='word_1_215' title='bbox 723 3532 1031 3603; x_wconf 89' lang='lat' dir='ltr'><strong>pollicetur.</strong></span> 
     </span>
    </p>
   </div>
   <div class='ocr_carea' id='block_1_38' title="bbox 356 3640 1600 3714">
    <p class='ocr_par' dir='ltr' id='par_1_38' title="bbox 356 3640 1600 3714">
     <span class='ocr_line' id='line_1_38' title="bbox 356 3640 1600 3714; baseline 0.008 -19"><span class='ocrx_word' id='word_1_216' title='bbox 356 3640 387 3714; x_wconf 58' lang='grc' dir='ltr'>ᾗ</span> <span class='ocrx_word' id='word_1_217' title='bbox 419 3641 482 3696; x_wconf 89' lang='lat' dir='ltr'><strong>ll.</strong></span> <span class='ocrx_word' id='word_1_218' title='bbox 529 3642 662 3698; x_wconf 81' lang='lat' dir='ltr'><strong>Illas</strong></span> <span class='ocrx_word' id='word_1_219' title='bbox 695 3645 1025 3701; x_wconf 80' lang='lat' dir='ltr'><strong>adulterinas</strong></span> <span class='ocrx_word' id='word_1_220' title='bbox 1049 3663 1158 3702; x_wconf 84' lang='lat' dir='ltr'><strong>esse</strong></span> <span class='ocrx_word' id='word_1_221' title='bbox 1184 3648 1600 3705; x_wconf 83' lang='lat' dir='ltr'><strong>demonstratur.</strong></span> 
     </span>
    </p>
   </div>
   <div class='ocr_carea' id='block_1_39' title="bbox 239 3752 1753 3836">
    <p class='ocr_par' dir='ltr' id='par_1_39' title="bbox 239 3752 1753 3836">
     <span class='ocr_line' id='line_1_39' title="bbox 239 3752 1753 3836; baseline 0.012 -30"><span class='ocrx_word' id='word_1_222' title='bbox 239 3752 443 3809; x_wconf 75' lang='lat' dir='ltr'><strong>Nullus</strong></span> <span class='ocrx_word' id='word_1_223' title='bbox 489 3754 602 3813; x_wconf 90' lang='lat' dir='ltr'><strong>fere</strong></span> <span class='ocrx_word' id='word_1_224' title='bbox 654 3767 757 3825; x_wconf 93' lang='lat' dir='ltr'><strong>est,</strong></span> <span class='ocrx_word' id='word_1_225' title='bbox 789 3760 883 3830; x_wconf 91' lang='lat' dir='ltr'><strong>qui</strong></span> <span class='ocrx_word' id='word_1_226' title='bbox 951 3777 1098 3818; x_wconf 91' lang='lat' dir='ltr'><strong>nunc</strong></span> <span class='ocrx_word' id='word_1_227' title='bbox 1144 3763 1260 3819; x_wconf 72' lang='lat' dir='ltr'><strong>haec</strong></span> <span class='ocrx_word' id='word_1_228' title='bbox 1306 3767 1555 3836; x_wconf 90' lang='lat' dir='ltr'><strong>epistolia</strong></span> <span class='ocrx_word' id='word_1_229' title='bbox 1613 3767 1753 3825; x_wconf 87' lang='lat' dir='ltr'><strong>falso</strong></span> 
     </span>
    </p>
   </div>
   <div class='ocr_carea' id='block_1_40' title="bbox 168 3843 1752 3933">
    <p class='ocr_par' dir='ltr' id='par_1_40' title="bbox 168 3843 1752 3933">
     <span class='ocr_line' id='line_1_40' title="bbox 168 3843 1752 3933; baseline 0.013 -35"><span class='ocrx_word' id='word_1_230' title='bbox 168 3843 371 3916; x_wconf 84' lang='lat' dir='ltr'><strong>lgnatii</strong></span> <span class='ocrx_word' id='word_1_231' title='bbox 405 3849 627 3905; x_wconf 90' lang='lat' dir='ltr'><strong>nomine</strong></span> <span class='ocrx_word' id='word_1_232' title='bbox 664 3850 888 3908; x_wconf 90' lang='lat' dir='ltr'><strong>inscribi</strong></span> <span class='ocrx_word' id='word_1_233' title='bbox 916 3870 1028 3909; x_wconf 89' lang='lat' dir='ltr'><strong>non</strong></span> <span class='ocrx_word' id='word_1_234' title='bbox 1068 3855 1324 3912; x_wconf 82' lang='lat' dir='ltr'><strong>fateatur.</strong></span> <span class='ocrx_word' id='word_1_235' title='bbox 1357 3857 1424 3912; x_wconf 90' lang='lat' dir='ltr'><strong>Et</strong></span> <span class='ocrx_word' id='word_1_236' title='bbox 1451 3869 1599 3916; x_wconf 90' lang='lat' dir='ltr'><strong>certe</strong></span> <span class='ocrx_word' id='word_1_237' title='bbox 1625 3863 1752 3933; x_wconf 84' lang='lat' dir='ltr'><strong>quis</strong></span> 
     </span>
    </p>
   </div>
   <div class='ocr_carea' id='block_1_41' title="bbox 169 3939 1754 4012">
    <p class='ocr_par' dir='ltr' id='par_1_41' title="bbox 169 3939 1754 4012">
     <span class='ocr_line' id='line_1_41' title="bbox 169 3939 1754 4012; baseline 0.011 -21"><span class='ocrx_word' id='word_1_238' title='bbox 169 3939 257 3992; x_wconf 87' lang='lat' dir='ltr'><strong>vel</strong></span> <span class='ocrx_word' id='word_1_239' title='bbox 287 3955 353 3994; x_wconf 90' lang='lat' dir='ltr'><strong>ex</strong></span> <span class='ocrx_word' id='word_1_240' title='bbox 381 3941 498 3996; x_wconf 90' lang='lat' dir='ltr'><strong>sola</strong></span> <span class='ocrx_word' id='word_1_241' title='bbox 542 3944 705 4012; x_wconf 90' lang='lat' dir='ltr'><strong>paulo</strong></span> <span class='ocrx_word' id='word_1_242' title='bbox 736 3947 1014 4002; x_wconf 87' lang='lat' dir='ltr'><strong>attentiori</strong></span> <span class='ocrx_word' id='word_1_243' title='bbox 1053 3948 1286 4005; x_wconf 91' lang='lat' dir='ltr'><strong>lectione</strong></span> <span class='ocrx_word' id='word_1_244' title='bbox 1316 3963 1510 4007; x_wconf 89' lang='lat' dir='ltr'><strong>eorum</strong></span> <span class='ocrx_word' id='word_1_245' title='bbox 1552 3951 1754 4009; x_wconf 85' lang='lat' dir='ltr'><strong>falsita-</strong></span> 
     </span>
    </p>
   </div>
   <div class='ocr_carea' id='block_1_42' title="bbox 171 4031 1754 4117">
    <p class='ocr_par' dir='ltr' id='par_1_42' title="bbox 171 4031 1754 4117">
     <span class='ocr_line' id='line_1_42' title="bbox 171 4031 1754 4117; baseline 0.011 -33"><span class='ocrx_word' id='word_1_246' title='bbox 171 4041 284 4085; x_wconf 79' lang='lat' dir='ltr'><strong>tem</strong></span> <span class='ocrx_word' id='word_1_247' title='bbox 316 4031 606 4089; x_wconf 81' lang='lat' dir='ltr'><strong>confestim</strong></span> <span class='ocrx_word' id='word_1_248' title='bbox 635 4052 745 4092; x_wconf 90' lang='lat' dir='ltr'><strong>non</strong></span> <span class='ocrx_word' id='word_1_249' title='bbox 779 4037 1184 4109; x_wconf 85' lang='lat' dir='ltr'><strong>deprehendat?</strong></span> <span class='ocrx_word' id='word_1_250' title='bbox 1210 4041 1395 4113; x_wconf 84' lang='lat' dir='ltr'><strong>Neque</strong></span> <span class='ocrx_word' id='word_1_251' title='bbox 1421 4044 1567 4099; x_wconf 92' lang='lat' dir='ltr'><strong>enim</strong></span> <span class='ocrx_word' id='word_1_252' title='bbox 1595 4045 1754 4117; x_wconf 85' lang='lat' dir='ltr'><strong>lgna-</strong></span> 
     </span>
    </p>
   </div>
   <div class='ocr_carea' id='block_1_43' title="bbox 169 4123 1752 4208">
    <p class='ocr_par' dir='ltr' id='par_1_43' title="bbox 169 4123 1752 4208">
     <span class='ocr_line' id='line_1_43' title="bbox 169 4123 1752 4208; baseline 0.011 -31"><span class='ocrx_word' id='word_1_253' title='bbox 169 4123 288 4179; x_wconf 89' lang='lat' dir='ltr'><strong>tius</strong></span> <span class='ocrx_word' id='word_1_254' title='bbox 315 4125 388 4179; x_wconf 84' lang='lat' dir='ltr'><strong>ad</strong></span> <span class='ocrx_word' id='word_1_255' title='bbox 415 4125 642 4183; x_wconf 76' lang='lat' dir='ltr'><strong>Mariam</strong></span> <span class='ocrx_word' id='word_1_256' title='bbox 683 4129 776 4186; x_wconf 89' lang='lat' dir='ltr'><strong>Dei</strong></span> <span class='ocrx_word' id='word_1_257' title='bbox 806 4133 1144 4204; x_wconf 76' lang='lat' dir='ltr'><strong>genitricem,</strong></span> <span class='ocrx_word' id='word_1_258' title='bbox 1178 4151 1356 4206; x_wconf 89' lang='lat' dir='ltr'><strong>neque</strong></span> <span class='ocrx_word' id='word_1_259' title='bbox 1379 4135 1476 4192; x_wconf 89' lang='lat' dir='ltr'><strong>Dei</strong></span> <span class='ocrx_word' id='word_1_260' title='bbox 1517 4141 1752 4208; x_wconf 85' lang='lat' dir='ltr'><strong>genitrix</strong></span> 
     </span>
    </p>
   </div>
   <div class='ocr_carea' id='block_1_44' title="bbox 169 4215 1753 4300">
    <p class='ocr_par' dir='ltr' id='par_1_44' title="bbox 169 4215 1753 4300">
     <span class='ocr_line' id='line_1_44' title="bbox 169 4215 1753 4300; baseline 0.013 -31"><span class='ocrx_word' id='word_1_261' title='bbox 169 4215 242 4271; x_wconf 85' lang='lat' dir='ltr'><strong>ad</strong></span> <span class='ocrx_word' id='word_1_262' title='bbox 287 4215 559 4288; x_wconf 86' lang='lat' dir='ltr'><strong>lgnatium</strong></span> <span class='ocrx_word' id='word_1_263' title='bbox 585 4222 857 4292; x_wconf 89' lang='lat' dir='ltr'><strong>ejusmodi</strong></span> <span class='ocrx_word' id='word_1_264' title='bbox 885 4228 1134 4296; x_wconf 88' lang='lat' dir='ltr'><strong>epistolia</strong></span> <span class='ocrx_word' id='word_1_265' title='bbox 1170 4231 1427 4300; x_wconf 90' lang='lat' dir='ltr'><strong>scripturi</strong></span> <span class='ocrx_word' id='word_1_266' title='bbox 1462 4243 1636 4297; x_wconf 89' lang='lat' dir='ltr'><strong>erant,</strong></span> <span class='ocrx_word' id='word_1_267' title='bbox 1683 4236 1753 4290; x_wconf 88' lang='lat' dir='ltr'><strong>ab</strong></span> 
     </span>
    </p>
   </div>
   <div class='ocr_carea' id='block_1_45' title="bbox 168 4315 1754 4397">
    <p class='ocr_par' dir='ltr' id='par_1_45' title="bbox 168 4315 1754 4397">
     <span class='ocr_line' id='line_1_45' title="bbox 168 4315 1754 4397; baseline 0.012 -35"><span class='ocrx_word' id='word_1_268' title='bbox 168 4325 368 4366; x_wconf 85' lang='lat' dir='ltr'><strong>eorum</strong></span> <span class='ocrx_word' id='word_1_269' title='bbox 398 4315 663 4382; x_wconf 81' lang='lat' dir='ltr'><strong>gravitate</strong></span> <span class='ocrx_word' id='word_1_270' title='bbox 689 4326 744 4372; x_wconf 89' lang='lat' dir='ltr'><strong>et</strong></span> <span class='ocrx_word' id='word_1_271' title='bbox 774 4318 993 4389; x_wconf 89' lang='lat' dir='ltr'><strong>ingenio</strong></span> <span class='ocrx_word' id='word_1_272' title='bbox 1021 4331 1131 4376; x_wconf 90' lang='lat' dir='ltr'><strong>tam</strong></span> <span class='ocrx_word' id='word_1_273' title='bbox 1169 4324 1366 4378; x_wconf 87' lang='lat' dir='ltr'><strong>aliena.</strong></span> <span class='ocrx_word' id='word_1_274' title='bbox 1393 4322 1532 4391; x_wconf 87' lang='lat' dir='ltr'><strong>Quid</strong></span> <span class='ocrx_word' id='word_1_275' title='bbox 1564 4327 1754 4397; x_wconf 89' lang='lat' dir='ltr'><strong>quod?</strong></span> 
     </span>
    </p>
   </div>
   <div class='ocr_carea' id='block_1_46' title="bbox 165 4404 1743 4488">
    <p class='ocr_par' dir='ltr' id='par_1_46' title="bbox 165 4404 1743 4488">
     <span class='ocr_line' id='line_1_46' title="bbox 165 4404 1743 4488; baseline 0.012 -31"><span class='ocrx_word' id='word_1_276' title='bbox 165 4404 265 4460; x_wconf 85' lang='lat' dir='ltr'><strong>illa</strong></span> <span class='ocrx_word' id='word_1_277' title='bbox 307 4408 563 4476; x_wconf 89' lang='lat' dir='ltr'><strong>epistolia</strong></span> <span class='ocrx_word' id='word_1_278' title='bbox 606 4409 798 4468; x_wconf 87' lang='lat' dir='ltr'><strong>Latine</strong></span> <span class='ocrx_word' id='word_1_279' title='bbox 851 4423 1061 4470; x_wconf 90' lang='lat' dir='ltr'><strong>tantum</strong></span> <span class='ocrx_word' id='word_1_280' title='bbox 1102 4419 1306 4488; x_wconf 90' lang='lat' dir='ltr'><strong>scripta</strong></span> <span class='ocrx_word' id='word_1_281' title='bbox 1356 4420 1622 4477; x_wconf 87' lang='lat' dir='ltr'><strong>hactenus</strong></span> <span class='ocrx_word' id='word_1_282' title='bbox 1656 4422 1743 4476; x_wconf 85' lang='lat' dir='ltr'><strong>in-</strong></span> 
     </span>
    </p>
   </div>
   <div class='ocr_carea' id='block_1_47' title="bbox 166 4504 1742 4580">
    <p class='ocr_par' dir='ltr' id='par_1_47' title="bbox 166 4504 1742 4580">
     <span class='ocr_line' id='line_1_47' title="bbox 166 4504 1742 4580; baseline 0.013 -31"><span class='ocrx_word' id='word_1_283' title='bbox 166 4507 334 4552; x_wconf 86' lang='lat' dir='ltr'><strong>venta</strong></span> <span class='ocrx_word' id='word_1_284' title='bbox 375 4507 524 4565; x_wconf 88' lang='lat' dir='ltr'><strong>sunt,</strong></span> <span class='ocrx_word' id='word_1_285' title='bbox 565 4518 667 4559; x_wconf 87' lang='lat' dir='ltr'><strong>uec</strong></span> <span class='ocrx_word' id='word_1_286' title='bbox 716 4504 901 4562; x_wconf 64' lang='lat' dir='ltr'><strong>Graeca</strong></span> <span class='ocrx_word' id='word_1_287' title='bbox 949 4523 1191 4580; x_wconf 87' lang='lat' dir='ltr'><strong>unquam</strong></span> <span class='ocrx_word' id='word_1_288' title='bbox 1249 4509 1418 4568; x_wconf 91' lang='lat' dir='ltr'><strong>fuisse</strong></span> <span class='ocrx_word' id='word_1_289' title='bbox 1470 4513 1742 4568; x_wconf 85' lang='lat' dir='ltr'><strong>videntur.</strong></span> 
     </span>
    </p>
   </div>
   <div class='ocr_carea' id='block_1_48' title="bbox 167 4586 1749 4675">
    <p class='ocr_par' dir='ltr' id='par_1_48' title="bbox 167 4586 1749 4675">
     <span class='ocr_line' id='line_1_48' title="bbox 167 4586 1749 4675; baseline 0.013 -34"><span class='ocrx_word' id='word_1_290' title='bbox 167 4586 422 4659; x_wconf 85' lang='lat' dir='ltr'><strong>Denique</strong></span> <span class='ocrx_word' id='word_1_291' title='bbox 471 4595 617 4662; x_wconf 91' lang='lat' dir='ltr'><strong>apud</strong></span> <span class='ocrx_word' id='word_1_292' title='bbox 670 4610 862 4652; x_wconf 91' lang='lat' dir='ltr'><strong>omnes</strong></span> <span class='ocrx_word' id='word_1_293' title='bbox 919 4601 1176 4670; x_wconf 88' lang='lat' dir='ltr'><strong>antiquos</strong></span> <span class='ocrx_word' id='word_1_294' title='bbox 1225 4611 1500 4671; x_wconf 90' lang='lat' dir='ltr'><strong>auctores,</strong></span> <span class='ocrx_word' id='word_1_295' title='bbox 1538 4607 1632 4675; x_wconf 88' lang='lat' dir='ltr'><strong>qui</strong></span> <span class='ocrx_word' id='word_1_296' title='bbox 1681 4607 1749 4662; x_wconf 91' lang='lat' dir='ltr'><strong>de</strong></span> 
     </span>
    </p>
   </div>
   <div class='ocr_carea' id='block_1_49' title="bbox 166 4679 1746 4768">
    <p class='ocr_par' dir='ltr' id='par_1_49' title="bbox 166 4679 1746 4768">
     <span class='ocr_line' id='line_1_49' title="bbox 166 4679 1746 4768; baseline 0.014 -38"><span class='ocrx_word' id='word_1_297' title='bbox 166 4679 367 4750; x_wconf 87' lang='lat' dir='ltr'><strong>lgnatii</strong></span> <span class='ocrx_word' id='word_1_298' title='bbox 403 4683 652 4751; x_wconf 78' lang='lat' dir='ltr'><strong>epistolis</strong></span> <span class='ocrx_word' id='word_1_299' title='bbox 703 4703 800 4743; x_wconf 90' lang='lat' dir='ltr'><strong>seu</strong></span> <span class='ocrx_word' id='word_1_300' title='bbox 839 4692 984 4746; x_wconf 87' lang='lat' dir='ltr'><strong>veris</strong></span> <span class='ocrx_word' id='word_1_301' title='bbox 1015 4707 1113 4747; x_wconf 92' lang='lat' dir='ltr'><strong>seu</strong></span> <span class='ocrx_word' id='word_1_302' title='bbox 1149 4691 1324 4762; x_wconf 88' lang='lat' dir='ltr'><strong>falsis,</strong></span> <span class='ocrx_word' id='word_1_303' title='bbox 1363 4696 1478 4751; x_wconf 89' lang='lat' dir='ltr'><strong>sive</strong></span> <span class='ocrx_word' id='word_1_304' title='bbox 1508 4698 1746 4768; x_wconf 85' lang='lat' dir='ltr'><strong>interpo-</strong></span> 
     </span>
    </p>
   </div>
   <div class='ocr_carea' id='block_1_50' title="bbox 166 4770 1745 4855">
    <p class='ocr_par' dir='ltr' id='par_1_50' title="bbox 166 4770 1745 4855">
     <span class='ocr_line' id='line_1_50' title="bbox 166 4770 1745 4855; baseline 0.014 -32"><span class='ocrx_word' id='word_1_305' title='bbox 166 4770 318 4838; x_wconf 79' lang='lat' dir='ltr'><strong>latis,</strong></span> <span class='ocrx_word' id='word_1_306' title='bbox 362 4773 479 4829; x_wconf 82' lang='lat' dir='ltr'><strong>sive</strong></span> <span class='ocrx_word' id='word_1_307' title='bbox 533 4777 765 4834; x_wconf 90' lang='lat' dir='ltr'><strong>sinceris</strong></span> <span class='ocrx_word' id='word_1_308' title='bbox 812 4781 1018 4852; x_wconf 89' lang='lat' dir='ltr'><strong>aliquid</strong></span> <span class='ocrx_word' id='word_1_309' title='bbox 1067 4785 1271 4854; x_wconf 89' lang='lat' dir='ltr'><strong>scripto</strong></span> <span class='ocrx_word' id='word_1_310' title='bbox 1325 4787 1745 4855; x_wconf 85' lang='lat' dir='ltr'><strong>mandaverunt,</strong></span> 
     </span>
    </p>
   </div>
   <div class='ocr_carea' id='block_1_51' title="bbox 166 4864 1746 4951">
    <p class='ocr_par' dir='ltr' id='par_1_51' title="bbox 166 4864 1746 4951">
     <span class='ocr_line' id='line_1_51' title="bbox 166 4864 1746 4951; baseline 0.014 -35"><span class='ocrx_word' id='word_1_311' title='bbox 166 4864 384 4918; x_wconf 89' lang='lat' dir='ltr'><strong>nullum</strong></span> <span class='ocrx_word' id='word_1_312' title='bbox 409 4868 657 4934; x_wconf 89' lang='lat' dir='ltr'><strong>omnino,</strong></span> <span class='ocrx_word' id='word_1_313' title='bbox 674 4886 744 4927; x_wconf 87' lang='lat' dir='ltr'><strong>ne</strong></span> <span class='ocrx_word' id='word_1_314' title='bbox 772 4873 1057 4929; x_wconf 89' lang='lat' dir='ltr'><strong>minimum</strong></span> <span class='ocrx_word' id='word_1_315' title='bbox 1087 4877 1308 4948; x_wconf 90' lang='lat' dir='ltr'><strong>quidem</strong></span> <span class='ocrx_word' id='word_1_316' title='bbox 1339 4879 1405 4934; x_wconf 92' lang='lat' dir='ltr'><strong>de</strong></span> <span class='ocrx_word' id='word_1_317' title='bbox 1429 4880 1516 4936; x_wconf 90' lang='lat' dir='ltr'><strong>his</strong></span> <span class='ocrx_word' id='word_1_318' title='bbox 1545 4882 1746 4951; x_wconf 83' lang='lat' dir='ltr'><strong>episto-</strong></span> 
     </span>
    </p>
   </div>
   <div class='ocr_carea' id='block_1_52' title="bbox 163 4957 810 5021">
    <p class='ocr_par' dir='ltr' id='par_1_52' title="bbox 163 4957 810 5021">
     <span class='ocr_line' id='line_1_52' title="bbox 163 4957 810 5021; baseline 0.017 -11"><span class='ocrx_word' id='word_1_319' title='bbox 163 4957 257 5013; x_wconf 89' lang='lat' dir='ltr'><strong>liis</strong></span> <span class='ocrx_word' id='word_1_320' title='bbox 285 4959 521 5014; x_wconf 86' lang='lat' dir='ltr'><strong>verbum</strong></span> <span class='ocrx_word' id='word_1_321' title='bbox 550 4967 810 5021; x_wconf 90' lang='lat' dir='ltr'><strong>occurrit.</strong></span> 
     </span>
    </p>
   </div>
   <div class='ocr_carea' id='block_1_53' title="bbox 234 5053 1742 5127">
    <p class='ocr_par' dir='ltr' id='par_1_53' title="bbox 234 5053 1742 5127">
     <span class='ocr_line' id='line_1_53' title="bbox 234 5053 1742 5127; baseline 0.011 -18"><span class='ocrx_word' id='word_1_322' title='bbox 234 5053 430 5127; x_wconf 82' lang='lat' dir='ltr'><strong>Neque</strong></span> <span class='ocrx_word' id='word_1_323' title='bbox 473 5055 681 5114; x_wconf 80' lang='lat' dir='ltr'><strong>dixeris</strong></span> <span class='ocrx_word' id='word_1_324' title='bbox 729 5061 783 5115; x_wconf 90' lang='lat' dir='ltr'><strong>in</strong></span> <span class='ocrx_word' id='word_1_325' title='bbox 829 5061 1014 5118; x_wconf 87' lang='lat' dir='ltr'><strong>Dextri</strong></span> <span class='ocrx_word' id='word_1_326' title='bbox 1063 5065 1336 5124; x_wconf 86' lang='lat' dir='ltr'><strong>Chronico</strong></span> <span class='ocrx_word' id='word_1_327' title='bbox 1383 5083 1574 5125; x_wconf 89' lang='lat' dir='ltr'><strong>eorum</strong></span> <span class='ocrx_word' id='word_1_328' title='bbox 1628 5071 1742 5126; x_wconf 84' lang='lat' dir='ltr'><strong>fieri</strong></span> 
     </span>
    </p>
   </div>
   <div class='ocr_carea' id='block_1_54' title="bbox 160 5146 1740 5222">
    <p class='ocr_par' dir='ltr' id='par_1_54' title="bbox 160 5146 1740 5222">
     <span class='ocr_line' id='line_1_54' title="bbox 160 5146 1740 5222; baseline 0.012 -23"><span class='ocrx_word' id='word_1_329' title='bbox 160 5149 529 5203; x_wconf 88' lang='lat' dir='ltr'><strong>mentionem.</strong></span> <span class='ocrx_word' id='word_1_330' title='bbox 570 5146 706 5204; x_wconf 87' lang='lat' dir='ltr'><strong>Nam</strong></span> <span class='ocrx_word' id='word_1_331' title='bbox 743 5169 881 5222; x_wconf 88' lang='lat' dir='ltr'><strong>opus</strong></span> <span class='ocrx_word' id='word_1_332' title='bbox 919 5155 1052 5210; x_wconf 88' lang='lat' dir='ltr'><strong>illud</strong></span> <span class='ocrx_word' id='word_1_333' title='bbox 1081 5159 1322 5214; x_wconf 89' lang='lat' dir='ltr'><strong>auctoris</strong></span> <span class='ocrx_word' id='word_1_334' title='bbox 1354 5169 1437 5215; x_wconf 90' lang='lat' dir='ltr'><strong>est</strong></span> <span class='ocrx_word' id='word_1_335' title='bbox 1458 5161 1614 5217; x_wconf 84' lang='lat' dir='ltr'><strong>valde</strong></span> <span class='ocrx_word' id='word_1_336' title='bbox 1651 5179 1740 5218; x_wconf 89' lang='lat' dir='ltr'><strong>re-</strong></span> 
     </span>
    </p>
   </div>
   <div class='ocr_carea' id='block_1_55' title="bbox 161 5237 1742 5318">
    <p class='ocr_par' dir='ltr' id='par_1_55' title="bbox 161 5237 1742 5318">
     <span class='ocr_line' id='line_1_55' title="bbox 161 5237 1742 5318; baseline 0.011 -27"><span class='ocrx_word' id='word_1_337' title='bbox 161 5237 363 5302; x_wconf 80' lang='lat' dir='ltr'><strong>centis,</strong></span> <span class='ocrx_word' id='word_1_338' title='bbox 386 5239 704 5311; x_wconf 91' lang='lat' dir='ltr'><strong>nulliusque</strong></span> <span class='ocrx_word' id='word_1_339' title='bbox 731 5245 971 5301; x_wconf 87' lang='lat' dir='ltr'><strong>nominis</strong></span> <span class='ocrx_word' id='word_1_340' title='bbox 998 5247 1077 5302; x_wconf 81' lang='lat' dir='ltr'><strong>vel</strong></span> <span class='ocrx_word' id='word_1_341' title='bbox 1115 5249 1475 5318; x_wconf 88' lang='lat' dir='ltr'><strong>auctoritatis,</strong></span> <span class='ocrx_word' id='word_1_342' title='bbox 1513 5262 1568 5306; x_wconf 88' lang='lat' dir='ltr'><strong>ct</strong></span> <span class='ocrx_word' id='word_1_343' title='bbox 1603 5251 1742 5308; x_wconf 86' lang='lat' dir='ltr'><strong>Dex-</strong></span> 
     </span>
    </p>
   </div>
   <div class='ocr_carea' id='block_1_56' title="bbox 160 5329 926 5390">
    <p class='ocr_par' dir='ltr' id='par_1_56' title="bbox 160 5329 926 5390">
     <span class='ocr_line' id='line_1_56' title="bbox 160 5329 926 5390; baseline 0.01 -7"><span class='ocrx_word' id='word_1_344' title='bbox 160 5340 250 5384; x_wconf 88' lang='lat' dir='ltr'><strong>tro</strong></span> <span class='ocrx_word' id='word_1_345' title='bbox 279 5329 552 5388; x_wconf 88' lang='lat' dir='ltr'><strong>fallaciter</strong></span> <span class='ocrx_word' id='word_1_346' title='bbox 584 5335 926 5390; x_wconf 90' lang='lat' dir='ltr'><strong>attributum.</strong></span> 
     </span>
    </p>
   </div>
   <div class='ocr_carea' id='block_1_57' title="bbox 231 5425 1736 5506">
    <p class='ocr_par' dir='ltr' id='par_1_57' title="bbox 231 5425 1736 5506">
     <span class='ocr_line' id='line_1_57' title="bbox 231 5425 1736 5506; baseline 0.009 -25"><span class='ocrx_word' id='word_1_347' title='bbox 231 5425 460 5484; x_wconf 89' lang='lat' dir='ltr'><strong>Scimus</strong></span> <span class='ocrx_word' id='word_1_348' title='bbox 493 5428 712 5498; x_wconf 88' lang='lat' dir='ltr'><strong>quidem</strong></span> <span class='ocrx_word' id='word_1_349' title='bbox 737 5431 924 5486; x_wconf 91' lang='lat' dir='ltr'><strong>divum</strong></span> <span class='ocrx_word' id='word_1_350' title='bbox 964 5431 1301 5490; x_wconf 88' lang='lat' dir='ltr'><strong>Bernardum</strong></span> <span class='ocrx_word' id='word_1_351' title='bbox 1332 5435 1618 5506; x_wconf 89' lang='lat' dir='ltr'><strong>scripsisse</strong></span> <span class='ocrx_word' id='word_1_352' title='bbox 1651 5436 1696 5470; x_wconf 74' lang='grc'>⁸³</span> <span class='ocrx_word' id='word_1_353' title='bbox 1725 5459 1736 5494; x_wconf 91' lang='lat'><strong>:</strong></span> 
     </span>
    </p>
   </div>
   <div class='ocr_carea' id='block_1_58' title="bbox 1857 495 3439 577">
    <p class='ocr_par' dir='ltr' id='par_1_58' title="bbox 1857 495 3439 577">
     <span class='ocr_line' id='line_1_58' title="bbox 1857 495 3439 577; baseline 0.009 -28"><span class='ocrx_word' id='word_1_354' title='bbox 1857 495 2077 550; x_wconf 87' lang='lat' dir='ltr'><strong>salutat.</strong></span> <span class='ocrx_word' id='word_1_355' title='bbox 2132 516 2151 548; x_wconf 69' lang='grc' dir='ltr'><strong><em>ι</em></strong></span> <span class='ocrx_word' id='word_1_356' title='bbox 2205 497 2310 554; x_wconf 88' lang='lat' dir='ltr'><strong>Sed</strong></span> <span class='ocrx_word' id='word_1_357' title='bbox 2355 513 2422 553; x_wconf 89' lang='lat' dir='ltr'><strong>ex</strong></span> <span class='ocrx_word' id='word_1_358' title='bbox 2468 514 2602 556; x_wconf 89' lang='lat' dir='ltr'><strong>voce</strong></span> <span class='ocrx_word' id='word_1_359' title='bbox 2629 497 2723 555; x_wconf 83' lang='lat' dir='ltr'><strong>illa</strong></span> <span class='ocrx_word' id='word_1_360' title='bbox 2773 521 2792 554; x_wconf 76' lang='grc' dir='ltr'>ι</span> <span class='ocrx_word' id='word_1_361' title='bbox 2826 506 3142 571; x_wconf 86' lang='lat' dir='ltr'><strong>quamdam,</strong></span> <span class='ocrx_word' id='word_1_362' title='bbox 3176 525 3196 559; x_wconf 71' lang='grc' dir='ltr'><strong><em>ι</em></strong></span> <span class='ocrx_word' id='word_1_363' title='bbox 3231 522 3354 577; x_wconf 72' lang='lat' dir='ltr'><strong>qua:</strong></span> <span class='ocrx_word' id='word_1_364' title='bbox 3383 509 3439 564; x_wconf 88' lang='lat' dir='ltr'><strong>in</strong></span> 
     </span>
    </p>
   </div>
   <div class='ocr_carea' id='block_1_59' title="bbox 1858 588 3437 665">
    <p class='ocr_par' dir='ltr' id='par_1_59' title="bbox 1858 588 3437 665">
     <span class='ocr_line' id='line_1_59' title="bbox 1858 588 3437 665; baseline 0.011 -26"><span class='ocrx_word' id='word_1_365' title='bbox 1858 588 2247 659; x_wconf 88' lang='lat' dir='ltr'><strong>manuscriptis</strong></span> <span class='ocrx_word' id='word_1_366' title='bbox 2276 591 2559 649; x_wconf 88' lang='lat' dir='ltr'><strong>codicibus</strong></span> <span class='ocrx_word' id='word_1_367' title='bbox 2594 593 2811 665; x_wconf 81' lang='lat' dir='ltr'><strong>legitur,</strong></span> <span class='ocrx_word' id='word_1_368' title='bbox 2853 610 3045 650; x_wconf 88' lang='lat' dir='ltr'><strong>omnes</strong></span> <span class='ocrx_word' id='word_1_369' title='bbox 3089 593 3246 652; x_wconf 89' lang='lat' dir='ltr'><strong>facile</strong></span> <span class='ocrx_word' id='word_1_370' title='bbox 3276 599 3437 656; x_wconf 80' lang='lat' dir='ltr'><strong>intel-</strong></span> 
     </span>
    </p>
   </div>
   <div class='ocr_carea' id='block_1_60' title="bbox 1857 678 3502 761">
    <p class='ocr_par' dir='ltr' id='par_1_60' title="bbox 1857 678 3502 761">
     <span class='ocr_line' id='line_1_60' title="bbox 1857 678 3502 761; baseline 0.011 -29"><span class='ocrx_word' id='word_1_371' title='bbox 1857 678 2036 750; x_wconf 87' lang='lat' dir='ltr'><strong>ligunt</strong></span> <span class='ocrx_word' id='word_1_372' title='bbox 2088 682 2350 751; x_wconf 90' lang='lat' dir='ltr'><strong>epistolas</strong></span> <span class='ocrx_word' id='word_1_373' title='bbox 2412 684 2507 740; x_wconf 88' lang='lat' dir='ltr'><strong>Dei</strong></span> <span class='ocrx_word' id='word_1_374' title='bbox 2551 689 2835 758; x_wconf 83' lang='lat' dir='ltr'><strong>genitricis</strong></span> <span class='ocrx_word' id='word_1_375' title='bbox 2864 689 3048 746; x_wconf 69' lang='lat' dir='ltr'><strong>Mariae</strong></span> <span class='ocrx_word' id='word_1_376' title='bbox 3076 707 3106 746; x_wconf 91' lang='lat' dir='ltr'><strong>a</strong></span> <span class='ocrx_word' id='word_1_377' title='bbox 3138 692 3434 761; x_wconf 87' lang='lat' dir='ltr'><strong>Bcrnardo,</strong></span> <span class='ocrx_word' id='word_1_378' title='bbox 3495 695 3502 702; x_wconf 75' lang='grc'><em>“</em></span> 
     </span>
    </p>
   </div>
   <div class='ocr_carea' id='block_1_61' title="bbox 1858 776 3435 850">
    <p class='ocr_par' dir='ltr' id='par_1_61' title="bbox 1858 776 3435 850">
     <span class='ocr_line' id='line_1_61' title="bbox 1858 776 3435 850; baseline 0.011 -27"><span class='ocrx_word' id='word_1_379' title='bbox 1858 778 2024 826; x_wconf 67' lang='lat' dir='ltr'><strong>tanta:</strong></span> <span class='ocrx_word' id='word_1_380' title='bbox 2051 786 2181 843; x_wconf 87' lang='lat' dir='ltr'><strong>erga</strong></span> <span class='ocrx_word' id='word_1_381' title='bbox 2205 789 2328 829; x_wconf 88' lang='lat' dir='ltr'><strong>eam</strong></span> <span class='ocrx_word' id='word_1_382' title='bbox 2359 776 2579 846; x_wconf 89' lang='lat' dir='ltr'><strong>pietatis</strong></span> <span class='ocrx_word' id='word_1_383' title='bbox 2612 788 2667 834; x_wconf 94' lang='lat' dir='ltr'><strong>et</strong></span> <span class='ocrx_word' id='word_1_384' title='bbox 2694 781 3001 838; x_wconf 92' lang='lat' dir='ltr'><strong>devotionis</strong></span> <span class='ocrx_word' id='word_1_385' title='bbox 3025 783 3164 850; x_wconf 86' lang='lat' dir='ltr'><strong>viro,</strong></span> <span class='ocrx_word' id='word_1_386' title='bbox 3190 792 3298 839; x_wconf 89' lang='lat' dir='ltr'><strong>tam</strong></span> <span class='ocrx_word' id='word_1_387' title='bbox 3333 785 3435 840; x_wconf 80' lang='lat' dir='ltr'><strong>fri-</strong></span> 
     </span>
    </p>
   </div>
   <div class='ocr_carea' id='block_1_62' title="bbox 1859 860 3438 936">
    <p class='ocr_par' dir='ltr' id='par_1_62' title="bbox 1859 860 3438 936">
     <span class='ocr_line' id='line_1_62' title="bbox 1859 860 3438 936; baseline 0.013 -23"><span class='ocrx_word' id='word_1_388' title='bbox 1859 860 1982 929; x_wconf 85' lang='lat' dir='ltr'><strong>gida</strong></span> <span class='ocrx_word' id='word_1_389' title='bbox 2032 865 2392 932; x_wconf 89' lang='lat' dir='ltr'><strong>appellatione</strong></span> <span class='ocrx_word' id='word_1_390' title='bbox 2432 883 2541 924; x_wconf 90' lang='lat' dir='ltr'><strong>non</strong></span> <span class='ocrx_word' id='word_1_391' title='bbox 2597 869 2768 927; x_wconf 90' lang='lat' dir='ltr'><strong>fuisse</strong></span> <span class='ocrx_word' id='word_1_392' title='bbox 2822 874 3041 930; x_wconf 89' lang='lat' dir='ltr'><strong>citatas.</strong></span> <span class='ocrx_word' id='word_1_393' title='bbox 3088 875 3438 936; x_wconf 79' lang='lat' dir='ltr'><strong>Probabilius</strong></span> 
     </span>
    </p>
   </div>
   <div class='ocr_carea' id='block_1_63' title="bbox 1858 951 3435 1032">
    <p class='ocr_par' dir='ltr' id='par_1_63' title="bbox 1858 951 3435 1032">
     <span class='ocr_line' id='line_1_63' title="bbox 1858 951 3435 1032; baseline 0.013 -27"><span class='ocrx_word' id='word_1_394' title='bbox 1858 951 2046 1022; x_wconf 90' lang='lat' dir='ltr'><strong>itaque</strong></span> <span class='ocrx_word' id='word_1_395' title='bbox 2074 964 2158 1010; x_wconf 90' lang='lat' dir='ltr'><strong>est</strong></span> <span class='ocrx_word' id='word_1_396' title='bbox 2192 957 2478 1026; x_wconf 89' lang='lat' dir='ltr'><strong>epistolam</strong></span> <span class='ocrx_word' id='word_1_397' title='bbox 2521 963 2954 1032; x_wconf 80' lang='lat' dir='ltr'><strong>pseudo-lgnatii</strong></span> <span class='ocrx_word' id='word_1_398' title='bbox 2998 968 3064 1022; x_wconf 91' lang='lat' dir='ltr'><strong>ad</strong></span> <span class='ocrx_word' id='word_1_399' title='bbox 3104 967 3328 1024; x_wconf 85' lang='lat' dir='ltr'><strong>Mariam</strong></span> <span class='ocrx_word' id='word_1_400' title='bbox 3365 988 3435 1028; x_wconf 81' lang='lat' dir='ltr'><strong>ex</strong></span> 
     </span>
    </p>
   </div>
   <div class='ocr_carea' id='block_1_64' title="bbox 1855 1044 3429 1133">
    <p class='ocr_par' dir='ltr' id='par_1_64' title="bbox 1855 1044 3429 1133">
     <span class='ocr_line' id='line_1_64' title="bbox 1855 1044 3429 1133; baseline 0.014 -34"><span class='ocrx_word' id='word_1_401' title='bbox 1855 1044 2191 1118; x_wconf 83' lang='lat' dir='ltr'><strong>Cassobelis,</strong></span> <span class='ocrx_word' id='word_1_402' title='bbox 2216 1051 2270 1105; x_wconf 91' lang='lat' dir='ltr'><strong>in</strong></span> <span class='ocrx_word' id='word_1_403' title='bbox 2306 1053 2464 1123; x_wconf 86' lang='lat' dir='ltr'><strong>cujus</strong></span> <span class='ocrx_word' id='word_1_404' title='bbox 2491 1055 2841 1126; x_wconf 78' lang='lat' dir='ltr'><strong>inscriptione</strong></span> <span class='ocrx_word' id='word_1_405' title='bbox 2863 1060 3182 1116; x_wconf 84' lang='lat' dir='ltr'><strong>Christifera</strong></span> <span class='ocrx_word' id='word_1_406' title='bbox 3205 1063 3429 1133; x_wconf 91' lang='lat' dir='ltr'><strong>dicitur,</strong></span> 
     </span>
    </p>
   </div>
   <div class='ocr_carea' id='block_1_65' title="bbox 1856 1138 3434 1212">
    <p class='ocr_par' dir='ltr' id='par_1_65' title="bbox 1856 1138 3434 1212">
     <span class='ocr_line' id='line_1_65' title="bbox 1856 1138 3434 1212; baseline 0.015 -23"><span class='ocrx_word' id='word_1_407' title='bbox 1856 1150 1888 1190; x_wconf 87' lang='lat' dir='ltr'><strong>a</strong></span> <span class='ocrx_word' id='word_1_408' title='bbox 1937 1138 2196 1195; x_wconf 85' lang='lat' dir='ltr'><strong>melliﬂuo</strong></span> <span class='ocrx_word' id='word_1_409' title='bbox 2239 1142 2463 1200; x_wconf 84' lang='lat' dir='ltr'><strong>doctore</strong></span> <span class='ocrx_word' id='word_1_410' title='bbox 2501 1146 2731 1202; x_wconf 88' lang='lat' dir='ltr'><strong>laudari.</strong></span> <span class='ocrx_word' id='word_1_411' title='bbox 2785 1147 2956 1206; x_wconf 85' lang='lat' dir='ltr'><strong>Porro</strong></span> <span class='ocrx_word' id='word_1_412' title='bbox 2995 1167 3119 1208; x_wconf 92' lang='lat' dir='ltr'><strong>cum</strong></span> <span class='ocrx_word' id='word_1_413' title='bbox 3155 1155 3245 1211; x_wconf 80' lang='lat' dir='ltr'><strong>ille</strong></span> <span class='ocrx_word' id='word_1_414' title='bbox 3291 1155 3434 1212; x_wconf 88' lang='lat' dir='ltr'><strong>hanc</strong></span> 
     </span>
    </p>
   </div>
   <div class='ocr_carea' id='block_1_66' title="bbox 1855 1229 3430 1314">
    <p class='ocr_par' dir='ltr' id='par_1_66' title="bbox 1855 1229 3430 1314">
     <span class='ocr_line' id='line_1_66' title="bbox 1855 1229 3430 1314; baseline 0.013 -32"><span class='ocrx_word' id='word_1_415' title='bbox 1855 1229 2142 1299; x_wconf 89' lang='lat' dir='ltr'><strong>epistolam</strong></span> <span class='ocrx_word' id='word_1_416' title='bbox 2179 1234 2494 1291; x_wconf 80' lang='lat' dir='ltr'><strong>criticorurn</strong></span> <span class='ocrx_word' id='word_1_417' title='bbox 2536 1239 2869 1308; x_wconf 88' lang='lat' dir='ltr'><strong>ponderibus</strong></span> <span class='ocrx_word' id='word_1_418' title='bbox 2899 1258 3008 1297; x_wconf 87' lang='lat' dir='ltr'><strong>non</strong></span> <span class='ocrx_word' id='word_1_419' title='bbox 3042 1247 3430 1314; x_wconf 84' lang='lat' dir='ltr'><strong>examinassct,</strong></span> 
     </span>
    </p>
   </div>
   <div class='ocr_carea' id='block_1_67' title="bbox 1858 1321 3434 1410">
    <p class='ocr_par' dir='ltr' id='par_1_67' title="bbox 1858 1321 3434 1410">
     <span class='ocr_line' id='line_1_67' title="bbox 1858 1321 3434 1410; baseline 0.014 -36"><span class='ocrx_word' id='word_1_420' title='bbox 1858 1321 2004 1376; x_wconf 89' lang='lat' dir='ltr'><strong>illam</strong></span> <span class='ocrx_word' id='word_1_421' title='bbox 2037 1322 2247 1394; x_wconf 85' lang='lat' dir='ltr'><strong>lgnatio</strong></span> <span class='ocrx_word' id='word_1_422' title='bbox 2301 1337 2493 1383; x_wconf 85' lang='lat' dir='ltr'><strong>nostro</strong></span> <span class='ocrx_word' id='word_1_423' title='bbox 2538 1329 2695 1399; x_wconf 78' lang='lat' dir='ltr'><strong>juxta</strong></span> <span class='ocrx_word' id='word_1_424' title='bbox 2732 1333 3008 1405; x_wconf 83' lang='lat' dir='ltr'><strong>vulgarem</strong></span> <span class='ocrx_word' id='word_1_425' title='bbox 3042 1338 3126 1392; x_wconf 93' lang='lat' dir='ltr'><strong>sui</strong></span> <span class='ocrx_word' id='word_1_426' title='bbox 3174 1343 3434 1410; x_wconf 86' lang='lat' dir='ltr'><strong>temporis</strong></span> 
     </span>
    </p>
   </div>
   <div class='ocr_carea' id='block_1_68' title="bbox 1857 1417 2794 1478">
    <p class='ocr_par' dir='ltr' id='par_1_68' title="bbox 1857 1417 2794 1478">
     <span class='ocr_line' id='line_1_68' title="bbox 1857 1417 2794 1478; baseline 0.011 -11"><span class='ocrx_word' id='word_1_427' title='bbox 1857 1429 2065 1470; x_wconf 90' lang='lat' dir='ltr'><strong>morem</strong></span> <span class='ocrx_word' id='word_1_428' title='bbox 2099 1417 2339 1474; x_wconf 88' lang='lat' dir='ltr'><strong>tribuere</strong></span> <span class='ocrx_word' id='word_1_429' title='bbox 2369 1435 2479 1474; x_wconf 92' lang='lat' dir='ltr'><strong>non</strong></span> <span class='ocrx_word' id='word_1_430' title='bbox 2509 1421 2794 1478; x_wconf 86' lang='lat' dir='ltr'><strong>dubitavit.</strong></span> 
     </span>
    </p>
   </div>
   <div class='ocr_carea' id='block_1_69' title="bbox 2475 1576 2811 1636">
    <p class='ocr_par' dir='ltr' id='par_1_69' title="bbox 2475 1576 2811 1636">
     <span class='ocr_line' id='line_1_69' title="bbox 2475 1576 2811 1636; baseline 0.006 -3"><span class='ocrx_word' id='word_1_431' title='bbox 2475 1576 2705 1634; x_wconf 86' lang='lat' dir='ltr'><strong>CAPUT</strong></span> <span class='ocrx_word' id='word_1_432' title='bbox 2751 1579 2811 1636; x_wconf 65' lang='grc' dir='ltr'><strong>ν.</strong></span> 
     </span>
    </p>
   </div>
   <div class='ocr_carea' id='block_1_70' title="bbox 1858 1683 3434 1741">
    <p class='ocr_par' dir='ltr' id='par_1_70' title="bbox 1858 1683 3434 1741">
     <span class='ocr_line' id='line_1_70' title="bbox 1858 1683 3434 1741; baseline 0.012 -20"><span class='ocrx_word' id='word_1_433' title='bbox 1858 1683 1942 1731; x_wconf 81' lang='lat' dir='ltr'><strong>QUI</strong></span> <span class='ocrx_word' id='word_1_434' title='bbox 1984 1683 2214 1724; x_wconf 74' lang='lat' dir='ltr'><strong>FUERINT</strong></span> <span class='ocrx_word' id='word_1_435' title='bbox 2253 1686 2722 1730; x_wconf 73' lang='lat' dir='ltr'><strong>INTERPOLATORES</strong></span> <span class='ocrx_word' id='word_1_436' title='bbox 2758 1691 3094 1735; x_wconf 70' lang='lat' dir='ltr'><strong>GENUINABUI</strong></span> <span class='ocrx_word' id='word_1_437' title='bbox 3149 1699 3434 1741; x_wconf 71' lang='lat' dir='ltr'><strong>EPISTOLA-</strong></span> 
     </span>
    </p>
   </div>
   <div class='ocr_carea' id='block_1_71' title="bbox 1984 1755 3294 1810">
    <p class='ocr_par' dir='ltr' id='par_1_71' title="bbox 1984 1755 3294 1810">
     <span class='ocr_line' id='line_1_71' title="bbox 1984 1755 3294 1810; baseline 0.015 -19"><span class='ocrx_word' id='word_1_438' title='bbox 1984 1755 2094 1793; x_wconf 72' lang='grc' dir='ltr'><strong>Βωι</strong></span> <span class='ocrx_word' id='word_1_439' title='bbox 2134 1755 2359 1808; x_wconf 71' lang='lat' dir='ltr'><strong>lGNATIl,</strong></span> <span class='ocrx_word' id='word_1_440' title='bbox 2400 1759 2469 1797; x_wconf 79' lang='grc' dir='ltr'>ΕΤ</span> <span class='ocrx_word' id='word_1_441' title='bbox 2509 1761 2959 1803; x_wconf 58' lang='grc' dir='ltr'><strong>Αυυιτεκιωιωιί</strong></span> <span class='ocrx_word' id='word_1_442' title='bbox 2997 1767 3294 1810; x_wconf 73' lang='grc' dir='ltr'><strong>Αυοτοιιεε.</strong></span> 
     </span>
    </p>
   </div>
   <div class='ocr_carea' id='block_1_72' title="bbox 1862 1850 3432 1934">
    <p class='ocr_par' dir='ltr' id='par_1_72' title="bbox 1862 1850 3432 1934">
     <span class='ocr_line' id='line_1_72' title="bbox 1862 1850 3432 1934; baseline 0.013 -30"><span class='ocrx_word' id='word_1_443' title='bbox 1862 1850 1888 1922; x_wconf 83' lang='lat'><strong>§</strong></span> <span class='ocrx_word' id='word_1_444' title='bbox 1923 1851 1964 1907; x_wconf 86' lang='lat' dir='ltr'><strong>l.</strong></span> <span class='ocrx_word' id='word_1_445' title='bbox 2009 1851 2150 1908; x_wconf 86' lang='lat' dir='ltr'><strong>Num</strong></span> <span class='ocrx_word' id='word_1_446' title='bbox 2179 1855 2244 1907; x_wconf 85' lang='lat' dir='ltr'><strong>ab</strong></span> <span class='ocrx_word' id='word_1_447' title='bbox 2287 1867 2500 1934; x_wconf 73' lang='lat' dir='ltr'><strong>auctore</strong></span> <span class='ocrx_word' id='word_1_448' title='bbox 2538 1856 2988 1934; x_wconf 78' lang='lat' dir='ltr'><strong>Constitutionum</strong></span> <span class='ocrx_word' id='word_1_449' title='bbox 3021 1867 3432 1934; x_wconf 75' lang='lat' dir='ltr'><strong>apostolicarum</strong></span> 
     </span>
    </p>
   </div>
   <div class='ocr_carea' id='block_1_73' title="bbox 2445 1929 2843 1998">
    <p class='ocr_par' dir='ltr' id='par_1_73' title="bbox 2445 1929 2843 1998">
     <span class='ocr_line' id='line_1_73' title="bbox 2445 1929 2843 1998; baseline 0.01 -16"><span class='ocrx_word' id='word_1_450' title='bbox 2445 1929 2552 1982; x_wconf 80' lang='lat' dir='ltr'><strong>sint</strong></span> <span class='ocrx_word' id='word_1_451' title='bbox 2575 1931 2843 1998; x_wconf 63' lang='lat' dir='ltr'><strong>profecta.</strong></span> 
     </span>
    </p>
   </div>
   <div class='ocr_carea' id='block_1_74' title="bbox 1927 2039 3435 2124">
    <p class='ocr_par' dir='ltr' id='par_1_74' title="bbox 1927 2039 3435 2124">
     <span class='ocr_line' id='line_1_74' title="bbox 1927 2039 3435 2124; baseline 0.013 -32"><span class='ocrx_word' id='word_1_452' title='bbox 1927 2039 2374 2108; x_wconf 87' lang='lat' dir='ltr'><strong>lnterpolationes</strong></span> <span class='ocrx_word' id='word_1_453' title='bbox 2408 2043 2765 2112; x_wconf 81' lang='lat' dir='ltr'><strong>epiStolarum</strong></span> <span class='ocrx_word' id='word_1_454' title='bbox 2816 2045 3032 2118; x_wconf 89' lang='lat' dir='ltr'><strong>lgnatii,</strong></span> <span class='ocrx_word' id='word_1_455' title='bbox 3078 2059 3134 2106; x_wconf 91' lang='lat' dir='ltr'><strong>et</strong></span> <span class='ocrx_word' id='word_1_456' title='bbox 3192 2054 3435 2124; x_wconf 72' lang='lat' dir='ltr'><strong>epistola:</strong></span> 
     </span>
    </p>
   </div>
   <div class='ocr_carea' id='block_1_75' title="bbox 1857 2126 3434 2215">
    <p class='ocr_par' dir='ltr' id='par_1_75' title="bbox 1857 2126 3434 2215">
     <span class='ocr_line' id='line_1_75' title="bbox 1857 2126 3434 2215; baseline 0.013 -33"><span class='ocrx_word' id='word_1_457' title='bbox 1857 2126 1998 2184; x_wconf 88' lang='lat' dir='ltr'><strong>falso</strong></span> <span class='ocrx_word' id='word_1_458' title='bbox 2027 2129 2146 2200; x_wconf 85' lang='lat' dir='ltr'><strong>ejus</strong></span> <span class='ocrx_word' id='word_1_459' title='bbox 2185 2132 2409 2188; x_wconf 90' lang='lat' dir='ltr'><strong>nomine</strong></span> <span class='ocrx_word' id='word_1_460' title='bbox 2439 2134 2715 2206; x_wconf 72' lang='lat' dir='ltr'><strong>inscriptae</strong></span> <span class='ocrx_word' id='word_1_461' title='bbox 2758 2154 2930 2194; x_wconf 91' lang='lat' dir='ltr'><strong>unum</strong></span> <span class='ocrx_word' id='word_1_462' title='bbox 2965 2143 3330 2215; x_wconf 88' lang='lat' dir='ltr'><strong>eumdemque</strong></span> <span class='ocrx_word' id='word_1_463' title='bbox 3352 2150 3434 2203; x_wconf 81' lang='lat' dir='ltr'><strong>vi-</strong></span> 
     </span>
    </p>
   </div>
   <div class='ocr_carea' id='block_1_76' title="bbox 1856 2217 3430 2301">
    <p class='ocr_par' dir='ltr' id='par_1_76' title="bbox 1856 2217 3430 2301">
     <span class='ocr_line' id='line_1_76' title="bbox 1856 2217 3430 2301; baseline 0.014 -30"><span class='ocrx_word' id='word_1_464' title='bbox 1856 2217 2054 2274; x_wconf 89' lang='lat' dir='ltr'><strong>dentur</strong></span> <span class='ocrx_word' id='word_1_465' title='bbox 2084 2220 2286 2276; x_wconf 88' lang='lat' dir='ltr'><strong>habere</strong></span> <span class='ocrx_word' id='word_1_466' title='bbox 2314 2233 2615 2280; x_wconf 82' lang='lat' dir='ltr'><strong>auctorem.</strong></span> <span class='ocrx_word' id='word_1_467' title='bbox 2657 2225 2716 2280; x_wconf 84' lang='lat' dir='ltr'><strong>In</strong></span> <span class='ocrx_word' id='word_1_468' title='bbox 2758 2227 2826 2282; x_wconf 87' lang='lat' dir='ltr'><strong>iis</strong></span> <span class='ocrx_word' id='word_1_469' title='bbox 2856 2229 3124 2300; x_wconf 80' lang='lat' dir='ltr'><strong>siquidem</strong></span> <span class='ocrx_word' id='word_1_470' title='bbox 3156 2236 3430 2301; x_wconf 84' lang='lat' dir='ltr'><strong>omnibus.</strong></span> 
     </span>
    </p>
   </div>
   <div class='ocr_carea' id='block_1_77' title="bbox 1858 2309 3433 2394">
    <p class='ocr_par' dir='ltr' id='par_1_77' title="bbox 1858 2309 3433 2394">
     <span class='ocr_line' id='line_1_77' title="bbox 1858 2309 3433 2394; baseline 0.013 -30"><span class='ocrx_word' id='word_1_471' title='bbox 1858 2309 2003 2366; x_wconf 91' lang='lat' dir='ltr'><strong>idem</strong></span> <span class='ocrx_word' id='word_1_472' title='bbox 2049 2313 2242 2383; x_wconf 85' lang='lat' dir='ltr'><strong>stylus,</strong></span> <span class='ocrx_word' id='word_1_473' title='bbox 2287 2315 2431 2369; x_wconf 84' lang='lat' dir='ltr'><strong>idem</strong></span> <span class='ocrx_word' id='word_1_474' title='bbox 2482 2318 2801 2388; x_wconf 92' lang='lat' dir='ltr'><strong>impostoris</strong></span> <span class='ocrx_word' id='word_1_475' title='bbox 2834 2323 3084 2394; x_wconf 87' lang='lat' dir='ltr'><strong>maleque</strong></span> <span class='ocrx_word' id='word_1_476' title='bbox 3113 2325 3296 2383; x_wconf 91' lang='lat' dir='ltr'><strong>feriati</strong></span> <span class='ocrx_word' id='word_1_477' title='bbox 3331 2329 3433 2385; x_wconf 90' lang='lat' dir='ltr'><strong>ho-</strong></span> 
     </span>
    </p>
   </div>
   <div class='ocr_carea' id='block_1_78' title="bbox 1858 2403 3433 2491">
    <p class='ocr_par' dir='ltr' id='par_1_78' title="bbox 1858 2403 3433 2491">
     <span class='ocr_line' id='line_1_78' title="bbox 1858 2403 3433 2491; baseline 0.014 -35"><span class='ocrx_word' id='word_1_478' title='bbox 1858 2403 2023 2460; x_wconf 90' lang='lat' dir='ltr'><strong>minis</strong></span> <span class='ocrx_word' id='word_1_479' title='bbox 2054 2404 2351 2476; x_wconf 90' lang='lat' dir='ltr'><strong>ingenium,</strong></span> <span class='ocrx_word' id='word_1_480' title='bbox 2385 2422 2577 2466; x_wconf 92' lang='lat' dir='ltr'><strong>omnes</strong></span> <span class='ocrx_word' id='word_1_481' title='bbox 2605 2412 2839 2484; x_wconf 91' lang='lat' dir='ltr'><strong>denique</strong></span> <span class='ocrx_word' id='word_1_482' title='bbox 2875 2416 3118 2486; x_wconf 88' lang='lat' dir='ltr'><strong>ejusdem</strong></span> <span class='ocrx_word' id='word_1_483' title='bbox 3151 2421 3433 2491; x_wconf 82' lang='lat' dir='ltr'><strong>scriptoris</strong></span> 
     </span>
    </p>
   </div>
   <div class='ocr_carea' id='block_1_79' title="bbox 1856 2496 3431 2573">
    <p class='ocr_par' dir='ltr' id='par_1_79' title="bbox 1856 2496 3431 2573">
     <span class='ocr_line' id='line_1_79' title="bbox 1856 2496 3431 2573; baseline 0.014 -24"><span class='ocrx_word' id='word_1_484' title='bbox 1856 2496 2202 2555; x_wconf 89' lang='lat' dir='ltr'><strong>characteres</strong></span> <span class='ocrx_word' id='word_1_485' title='bbox 2237 2499 2397 2556; x_wconf 88' lang='lat' dir='ltr'><strong>facile</strong></span> <span class='ocrx_word' id='word_1_486' title='bbox 2427 2503 2928 2573; x_wconf 89' lang='lat' dir='ltr'><strong>deprehenduntur.</strong></span> <span class='ocrx_word' id='word_1_487' title='bbox 2965 2508 3222 2569; x_wconf 86' lang='lat' dir='ltr'><strong>Usserius</strong></span> <span class='ocrx_word' id='word_1_488' title='bbox 3248 2525 3431 2571; x_wconf 88' lang='lat' dir='ltr'><strong>autem</strong></span> 
     </span>
    </p>
   </div>
   <div class='ocr_carea' id='block_1_80' title="bbox 1856 2588 3432 2671">
    <p class='ocr_par' dir='ltr' id='par_1_80' title="bbox 1856 2588 3432 2671">
     <span class='ocr_line' id='line_1_80' title="bbox 1856 2588 3432 2671; baseline 0.013 -29"><span class='ocrx_word' id='word_1_489' title='bbox 1856 2588 2157 2644; x_wconf 86' lang='lat' dir='ltr'><strong>arbitratur</strong></span> <span class='ocrx_word' id='word_1_490' title='bbox 2178 2606 2302 2646; x_wconf 92' lang='lat' dir='ltr'><strong>eum</strong></span> <span class='ocrx_word' id='word_1_491' title='bbox 2331 2608 2476 2662; x_wconf 92' lang='lat' dir='ltr'><strong>esse,</strong></span> <span class='ocrx_word' id='word_1_492' title='bbox 2521 2595 2614 2666; x_wconf 92' lang='lat' dir='ltr'><strong>qui</strong></span> <span class='ocrx_word' id='word_1_493' title='bbox 2651 2595 2823 2655; x_wconf 90' lang='lat' dir='ltr'><strong>falsos</strong></span> <span class='ocrx_word' id='word_1_494' title='bbox 2861 2604 3235 2671; x_wconf 87' lang='lat' dir='ltr'><strong>apostolorum</strong></span> <span class='ocrx_word' id='word_1_495' title='bbox 3264 2623 3432 2663; x_wconf 78' lang='lat' dir='ltr'><strong>cano-</strong></span> 
     </span>
    </p>
   </div>
   <div class='ocr_carea' id='block_1_81' title="bbox 1857 2681 3429 2768">
    <p class='ocr_par' dir='ltr' id='par_1_81' title="bbox 1857 2681 3429 2768">
     <span class='ocr_line' id='line_1_81' title="bbox 1857 2681 3429 2768; baseline 0.015 -34"><span class='ocrx_word' id='word_1_496' title='bbox 1857 2696 1974 2748; x_wconf 90' lang='lat' dir='ltr'><strong>nes,</strong></span> <span class='ocrx_word' id='word_1_497' title='bbox 1999 2681 2537 2757; x_wconf 90' lang='lat' dir='ltr'><strong>Constitutionesque</strong></span> <span class='ocrx_word' id='word_1_498' title='bbox 2561 2691 2890 2759; x_wconf 90' lang='lat' dir='ltr'><strong>apostolicas</strong></span> <span class='ocrx_word' id='word_1_499' title='bbox 2910 2695 3224 2768; x_wconf 86' lang='lat' dir='ltr'><strong>divulgavit.</strong></span> <span class='ocrx_word' id='word_1_500' title='bbox 3255 2700 3429 2768; x_wconf 87' lang='lat' dir='ltr'><strong>Quam</strong></span> 
     </span>
    </p>
   </div>
   <div class='ocr_carea' id='block_1_82' title="bbox 1855 2774 3430 2852">
    <p class='ocr_par' dir='ltr' id='par_1_82' title="bbox 1855 2774 3430 2852">
     <span class='ocr_line' id='line_1_82' title="bbox 1855 2774 3430 2852; baseline 0.017 -26"><span class='ocrx_word' id='word_1_501' title='bbox 1855 2774 2073 2843; x_wconf 90' lang='lat' dir='ltr'><strong>quidem</strong></span> <span class='ocrx_word' id='word_1_502' title='bbox 2112 2777 2422 2847; x_wconf 91' lang='lat' dir='ltr'><strong>opinionem</strong></span> <span class='ocrx_word' id='word_1_503' title='bbox 2459 2789 2520 2835; x_wconf 93' lang='lat' dir='ltr'><strong>ut</strong></span> <span class='ocrx_word' id='word_1_504' title='bbox 2565 2782 2839 2852; x_wconf 89' lang='lat' dir='ltr'><strong>probaret,</strong></span> <span class='ocrx_word' id='word_1_505' title='bbox 2877 2789 3028 2845; x_wconf 87' lang='lat' dir='ltr'><strong>varia</strong></span> <span class='ocrx_word' id='word_1_506' title='bbox 3068 2806 3136 2846; x_wconf 89' lang='lat' dir='ltr'><strong>ex</strong></span> <span class='ocrx_word' id='word_1_507' title='bbox 3173 2797 3430 2852; x_wconf 91' lang='lat' dir='ltr'><strong>omnibus</strong></span> 
     </span>
    </p>
   </div>
   <div class='ocr_carea' id='block_1_83' title="bbox 1857 2864 3432 2958">
    <p class='ocr_par' dir='ltr' id='par_1_83' title="bbox 1857 2864 3432 2958">
     <span class='ocr_line' id='line_1_83' title="bbox 1857 2864 3432 2958; baseline 0.017 -39"><span class='ocrx_word' id='word_1_508' title='bbox 1857 2864 1943 2922; x_wconf 90' lang='lat' dir='ltr'><strong>his</strong></span> <span class='ocrx_word' id='word_1_509' title='bbox 1981 2867 2457 2928; x_wconf 90' lang='lat' dir='ltr'><strong>lucubrationibus</strong></span> <span class='ocrx_word' id='word_1_510' title='bbox 2502 2875 2732 2932; x_wconf 83' lang='lat' dir='ltr'><strong>adduxit</strong></span> <span class='ocrx_word' id='word_1_511' title='bbox 2789 2877 2933 2947; x_wconf 88' lang='lat' dir='ltr'><strong>loca,</strong></span> <span class='ocrx_word' id='word_1_512' title='bbox 2980 2897 3214 2952; x_wconf 88' lang='lat' dir='ltr'><strong>quorum</strong></span> <span class='ocrx_word' id='word_1_513' title='bbox 3254 2889 3432 2958; x_wconf 62' lang='lat' dir='ltr'><strong>plerac</strong></span> 
     </span>
    </p>
   </div>
   <div class='ocr_carea' id='block_1_84' title="bbox 1856 2959 3429 3046">
    <p class='ocr_par' dir='ltr' id='par_1_84' title="bbox 1856 2959 3429 3046">
     <span class='ocr_line' id='line_1_84' title="bbox 1856 2959 3429 3046; baseline 0.017 -35"><span class='ocrx_word' id='word_1_514' title='bbox 1856 2973 1962 3026; x_wconf 90' lang='lat' dir='ltr'><strong>que</strong></span> <span class='ocrx_word' id='word_1_515' title='bbox 1983 2976 2014 3014; x_wconf 89' lang='lat' dir='ltr'><strong>a</strong></span> <span class='ocrx_word' id='word_1_516' title='bbox 2052 2959 2324 3016; x_wconf 89' lang='lat' dir='ltr'><strong>Cotelerio</strong></span> <span class='ocrx_word' id='word_1_517' title='bbox 2369 2965 2425 3019; x_wconf 88' lang='lat' dir='ltr'><strong>in</strong></span> <span class='ocrx_word' id='word_1_518' title='bbox 2464 2967 2722 3024; x_wconf 90' lang='lat' dir='ltr'><strong>editionis</strong></span> <span class='ocrx_word' id='word_1_519' title='bbox 2753 2985 2868 3026; x_wconf 83' lang='lat' dir='ltr'><strong>suae</strong></span> <span class='ocrx_word' id='word_1_520' title='bbox 2896 2977 3236 3046; x_wconf 83' lang='lat' dir='ltr'><strong>marginibus</strong></span> <span class='ocrx_word' id='word_1_521' title='bbox 3264 2981 3429 3038; x_wconf 86' lang='lat' dir='ltr'><strong>citata</strong></span> 
     </span>
    </p>
   </div>
   <div class='ocr_carea' id='block_1_85' title="bbox 1781 3056 3430 3160">
    <p class='ocr_par' dir='ltr' id='par_1_85' title="bbox 1781 3056 3430 3160">
     <span class='ocr_line' id='line_1_85' title="bbox 1781 3056 3430 3160; baseline 0.016 -56"><span class='ocrx_word' id='word_1_522' title='bbox 1781 3097 1828 3160; x_wconf 78' lang='lat' dir='ltr'><strong>C</strong></span> <span class='ocrx_word' id='word_1_523' title='bbox 1859 3060 2014 3119; x_wconf 88' lang='lat' dir='ltr'><strong>sunt;</strong></span> <span class='ocrx_word' id='word_1_524' title='bbox 2044 3061 2210 3122; x_wconf 85' lang='lat' dir='ltr'><strong>atque</strong></span> <span class='ocrx_word' id='word_1_525' title='bbox 2238 3069 2302 3109; x_wconf 91' lang='lat' dir='ltr'><strong>ea</strong></span> <span class='ocrx_word' id='word_1_526' title='bbox 2329 3056 2504 3125; x_wconf 89' lang='lat' dir='ltr'><strong>paria,</strong></span> <span class='ocrx_word' id='word_1_527' title='bbox 2544 3057 2759 3130; x_wconf 87' lang='lat' dir='ltr'><strong>sibique</strong></span> <span class='ocrx_word' id='word_1_528' title='bbox 2795 3062 3028 3121; x_wconf 89' lang='lat' dir='ltr'><strong>invicem</strong></span> <span class='ocrx_word' id='word_1_529' title='bbox 3071 3069 3271 3126; x_wconf 87' lang='lat' dir='ltr'><strong>similia</strong></span> <span class='ocrx_word' id='word_1_530' title='bbox 3306 3089 3430 3130; x_wconf 83' lang='lat' dir='ltr'><strong>esse</strong></span> 
     </span>
    </p>
   </div>
   <div class='ocr_carea' id='block_1_86' title="bbox 1857 3142 3427 3233">
    <p class='ocr_par' dir='ltr' id='par_1_86' title="bbox 1857 3142 3427 3233">
     <span class='ocr_line' id='line_1_86' title="bbox 1857 3142 3427 3233; baseline 0.016 -36"><span class='ocrx_word' id='word_1_531' title='bbox 1857 3142 2232 3201; x_wconf 88' lang='lat' dir='ltr'><strong>demonstrare</strong></span> <span class='ocrx_word' id='word_1_532' title='bbox 2257 3157 2486 3206; x_wconf 87' lang='lat' dir='ltr'><strong>conatus</strong></span> <span class='ocrx_word' id='word_1_533' title='bbox 2521 3160 2624 3207; x_wconf 90' lang='lat' dir='ltr'><strong>est.</strong></span> <span class='ocrx_word' id='word_1_534' title='bbox 2655 3152 2855 3210; x_wconf 84' lang='lat' dir='ltr'><strong>Verum</strong></span> <span class='ocrx_word' id='word_1_535' title='bbox 2887 3173 2954 3212; x_wconf 82' lang='lat' dir='ltr'><strong>ex</strong></span> <span class='ocrx_word' id='word_1_536' title='bbox 2981 3158 3085 3215; x_wconf 88' lang='lat' dir='ltr'><strong>hoc</strong></span> <span class='ocrx_word' id='word_1_537' title='bbox 3103 3177 3427 3233; x_wconf 86' lang='lat' dir='ltr'><strong>argumento</strong></span> 
     </span>
    </p>
   </div>
   <div class='ocr_carea' id='block_1_87' title="bbox 1856 3235 3426 3327">
    <p class='ocr_par' dir='ltr' id='par_1_87' title="bbox 1856 3235 3426 3327">
     <span class='ocr_line' id='line_1_87' title="bbox 1856 3235 3426 3327; baseline 0.017 -39"><span class='ocrx_word' id='word_1_538' title='bbox 1856 3235 1988 3291; x_wconf 87' lang='lat' dir='ltr'><strong>illud</strong></span> <span class='ocrx_word' id='word_1_539' title='bbox 2024 3245 2238 3294; x_wconf 89' lang='lat' dir='ltr'><strong>tantum</strong></span> <span class='ocrx_word' id='word_1_540' title='bbox 2267 3242 2571 3308; x_wconf 84' lang='lat' dir='ltr'><strong>conficitur,</strong></span> <span class='ocrx_word' id='word_1_541' title='bbox 2603 3261 2771 3301; x_wconf 90' lang='lat' dir='ltr'><strong>unum</strong></span> <span class='ocrx_word' id='word_1_542' title='bbox 2805 3249 3068 3308; x_wconf 89' lang='lat' dir='ltr'><strong>horumce</strong></span> <span class='ocrx_word' id='word_1_543' title='bbox 3095 3257 3426 3327; x_wconf 88' lang='lat' dir='ltr'><strong>scriptorum</strong></span> 
     </span>
    </p>
   </div>
   <div class='ocr_carea' id='block_1_88' title="bbox 1854 3331 3426 3413">
    <p class='ocr_par' dir='ltr' id='par_1_88' title="bbox 1854 3331 3426 3413">
     <span class='ocr_line' id='line_1_88' title="bbox 1854 3331 3426 3413; baseline 0.017 -32"><span class='ocrx_word' id='word_1_544' title='bbox 1854 3337 2138 3385; x_wconf 76' lang='lat' dir='ltr'><strong>auctorem</strong></span> <span class='ocrx_word' id='word_1_545' title='bbox 2179 3331 2248 3386; x_wconf 89' lang='lat' dir='ltr'><strong>ab</strong></span> <span class='ocrx_word' id='word_1_546' title='bbox 2277 3333 2386 3387; x_wconf 88' lang='lat' dir='ltr'><strong>alio</strong></span> <span class='ocrx_word' id='word_1_547' title='bbox 2412 3335 2566 3404; x_wconf 89' lang='lat' dir='ltr'><strong>plura</strong></span> <span class='ocrx_word' id='word_1_548' title='bbox 2599 3336 2768 3394; x_wconf 92' lang='lat' dir='ltr'><strong>fuisse</strong></span> <span class='ocrx_word' id='word_1_549' title='bbox 2793 3351 3136 3413; x_wconf 88' lang='lat' dir='ltr'><strong>mutuatum;</strong></span> <span class='ocrx_word' id='word_1_550' title='bbox 3168 3351 3262 3404; x_wconf 90' lang='lat' dir='ltr'><strong>sed</strong></span> <span class='ocrx_word' id='word_1_551' title='bbox 3300 3351 3426 3407; x_wconf 83' lang='lat' dir='ltr'><strong>inde</strong></span> 
     </span>
    </p>
   </div>
   <div class='ocr_carea' id='block_1_89' title="bbox 1855 3425 3424 3499">
    <p class='ocr_par' dir='ltr' id='par_1_89' title="bbox 1855 3425 3424 3499">
     <span class='ocr_line' id='line_1_89' title="bbox 1855 3425 3424 3499; baseline 0.016 -25"><span class='ocrx_word' id='word_1_552' title='bbox 1855 3437 2025 3476; x_wconf 90' lang='lat' dir='ltr'><strong>unum</strong></span> <span class='ocrx_word' id='word_1_553' title='bbox 2055 3425 2415 3496; x_wconf 87' lang='lat' dir='ltr'><strong>eumdemque</strong></span> <span class='ocrx_word' id='word_1_554' title='bbox 2450 3427 2646 3483; x_wconf 90' lang='lat' dir='ltr'><strong>horum</strong></span> <span class='ocrx_word' id='word_1_555' title='bbox 2687 3433 2934 3489; x_wconf 92' lang='lat' dir='ltr'><strong>omnium</strong></span> <span class='ocrx_word' id='word_1_556' title='bbox 2974 3451 3098 3493; x_wconf 88' lang='lat' dir='ltr'><strong>esse</strong></span> <span class='ocrx_word' id='word_1_557' title='bbox 3141 3451 3424 3499; x_wconf 85' lang='lat' dir='ltr'><strong>auctorem</strong></span> 
     </span>
    </p>
   </div>
   <div class='ocr_carea' id='block_1_90' title="bbox 1854 3512 3351 3599">
    <p class='ocr_par' dir='ltr' id='par_1_90' title="bbox 1854 3512 3351 3599">
     <span class='ocr_line' id='line_1_90' title="bbox 1854 3512 3351 3599; baseline 0.016 -35"><span class='ocrx_word' id='word_1_558' title='bbox 1854 3512 2004 3566; x_wconf 87' lang='lat' dir='ltr'><strong>nullo</strong></span> <span class='ocrx_word' id='word_1_559' title='bbox 2033 3529 2274 3584; x_wconf 90' lang='lat' dir='ltr'><strong>unquam</strong></span> <span class='ocrx_word' id='word_1_560' title='bbox 2307 3516 2472 3573; x_wconf 88' lang='lat' dir='ltr'><strong>modo</strong></span> <span class='ocrx_word' id='word_1_561' title='bbox 2495 3521 2716 3588; x_wconf 88' lang='lat' dir='ltr'><strong>probari</strong></span> <span class='ocrx_word' id='word_1_562' title='bbox 2747 3537 2781 3577; x_wconf 91' lang='lat' dir='ltr'><strong>a</strong></span> <span class='ocrx_word' id='word_1_563' title='bbox 2819 3539 3097 3595; x_wconf 87' lang='lat' dir='ltr'><strong>quoquam</strong></span> <span class='ocrx_word' id='word_1_564' title='bbox 3136 3534 3351 3599; x_wconf 88' lang='lat' dir='ltr'><strong>poterit.</strong></span> 
     </span>
    </p>
   </div>
   <div class='ocr_carea' id='block_1_91' title="bbox 2058 3604 3228 3687">
    <p class='ocr_par' dir='ltr' id='par_1_91' title="bbox 2058 3604 3228 3687">
     <span class='ocr_line' id='line_1_91' title="bbox 2058 3604 3228 3687; baseline 0.015 -29"><span class='ocrx_word' id='word_1_565' title='bbox 2058 3604 2088 3678; x_wconf 63' lang='grc' dir='ltr'>ᾗ</span> <span class='ocrx_word' id='word_1_566' title='bbox 2124 3605 2188 3662; x_wconf 88' lang='lat' dir='ltr'><strong>ll.</strong></span> <span class='ocrx_word' id='word_1_567' title='bbox 2230 3605 2346 3672; x_wconf 86' lang='lat' dir='ltr'><strong>Quo</strong></span> <span class='ocrx_word' id='word_1_568' title='bbox 2369 3619 2597 3680; x_wconf 83' lang='lat' dir='ltr'><strong>tempore</strong></span> <span class='ocrx_word' id='word_1_569' title='bbox 2629 3614 2685 3666; x_wconf 81' lang='lat' dir='ltr'><strong>in</strong></span> <span class='ocrx_word' id='word_1_570' title='bbox 2710 3614 2880 3670; x_wconf 83' lang='lat' dir='ltr'><strong>lucem</strong></span> <span class='ocrx_word' id='word_1_571' title='bbox 2914 3620 3228 3687; x_wconf 79' lang='lat' dir='ltr'><strong>prodierint.</strong></span> 
     </span>
    </p>
   </div>
   <div class='ocr_carea' id='block_1_92' title="bbox 1922 3696 3422 3778">
    <p class='ocr_par' dir='ltr' id='par_1_92' title="bbox 1922 3696 3422 3778">
     <span class='ocr_line' id='line_1_92' title="bbox 1922 3696 3422 3778; baseline 0.015 -28"><span class='ocrx_word' id='word_1_572' title='bbox 1922 3696 1994 3751; x_wconf 85' lang='lat' dir='ltr'><strong>At</strong></span> <span class='ocrx_word' id='word_1_573' title='bbox 2037 3707 2183 3754; x_wconf 86' lang='lat' dir='ltr'><strong>certe</strong></span> <span class='ocrx_word' id='word_1_574' title='bbox 2216 3696 2472 3756; x_wconf 85' lang='lat' dir='ltr'><strong>Usserius</strong></span> <span class='ocrx_word' id='word_1_575' title='bbox 2535 3717 2566 3756; x_wconf 89' lang='lat' dir='ltr'><strong>a</strong></span> <span class='ocrx_word' id='word_1_576' title='bbox 2618 3720 2748 3760; x_wconf 92' lang='lat' dir='ltr'><strong>vero</strong></span> <span class='ocrx_word' id='word_1_577' title='bbox 2784 3710 3009 3778; x_wconf 82' lang='lat' dir='ltr'><strong>propius</strong></span> <span class='ocrx_word' id='word_1_578' title='bbox 3073 3714 3247 3778; x_wconf 90' lang='lat' dir='ltr'><strong>abest,</strong></span> <span class='ocrx_word' id='word_1_579' title='bbox 3298 3729 3422 3775; x_wconf 80' lang='lat' dir='ltr'><strong>cum</strong></span> 
     </span>
    </p>
   </div>
   <div class='ocr_carea' id='block_1_93' title="bbox 1855 3786 3426 3866">
    <p class='ocr_par' dir='ltr' id='par_1_93' title="bbox 1855 3786 3426 3866">
     <span class='ocr_line' id='line_1_93' title="bbox 1855 3786 3426 3866; baseline 0.017 -27"><span class='ocrx_word' id='word_1_580' title='bbox 1855 3786 2324 3857; x_wconf 88' lang='lat' dir='ltr'><strong>interpolationes,</strong></span> <span class='ocrx_word' id='word_1_581' title='bbox 2369 3794 2739 3866; x_wconf 90' lang='lat' dir='ltr'><strong>epistolasque</strong></span> <span class='ocrx_word' id='word_1_582' title='bbox 2791 3799 2912 3856; x_wconf 90' lang='lat' dir='ltr'><strong>illas</strong></span> <span class='ocrx_word' id='word_1_583' title='bbox 2959 3813 3115 3859; x_wconf 86' lang='lat' dir='ltr'><strong>sexto</strong></span> <span class='ocrx_word' id='word_1_584' title='bbox 3169 3805 3426 3866; x_wconf 70' lang='lat' dir='ltr'><strong>Ecclesia:</strong></span> 
     </span>
    </p>
   </div>
   <div class='ocr_carea' id='block_1_94' title="bbox 1853 3880 3424 3958">
    <p class='ocr_par' dir='ltr' id='par_1_94' title="bbox 1853 3880 3424 3958">
     <span class='ocr_line' id='line_1_94' title="bbox 1853 3880 3424 3958; baseline 0.017 -25"><span class='ocrx_word' id='word_1_585' title='bbox 1853 3880 2051 3934; x_wconf 67' lang='lat' dir='ltr'><strong>smculo</strong></span> <span class='ocrx_word' id='word_1_586' title='bbox 2079 3881 2384 3951; x_wconf 87' lang='lat' dir='ltr'><strong>publicatas</strong></span> <span class='ocrx_word' id='word_1_587' title='bbox 2408 3900 2529 3941; x_wconf 92' lang='lat' dir='ltr'><strong>esse</strong></span> <span class='ocrx_word' id='word_1_588' title='bbox 2554 3891 2768 3945; x_wconf 87' lang='lat' dir='ltr'><strong>asserit.</strong></span> <span class='ocrx_word' id='word_1_589' title='bbox 2815 3890 3060 3950; x_wconf 84' lang='lat' dir='ltr'><strong>Exeunte</strong></span> <span class='ocrx_word' id='word_1_590' title='bbox 3088 3901 3286 3956; x_wconf 90' lang='lat' dir='ltr'><strong>etenim</strong></span> <span class='ocrx_word' id='word_1_591' title='bbox 3318 3918 3424 3958; x_wconf 62' lang='lat' dir='ltr'><strong>ste-</strong></span> 
     </span>
    </p>
   </div>
   <div class='ocr_carea' id='block_1_95' title="bbox 1853 3968 3420 4049">
    <p class='ocr_par' dir='ltr' id='par_1_95' title="bbox 1853 3968 3420 4049">
     <span class='ocr_line' id='line_1_95' title="bbox 1853 3968 3420 4049; baseline 0.017 -27"><span class='ocrx_word' id='word_1_592' title='bbox 1853 3968 1977 4024; x_wconf 92' lang='lat' dir='ltr'><strong>culo</strong></span> <span class='ocrx_word' id='word_1_593' title='bbox 2007 3971 2198 4040; x_wconf 92' lang='lat' dir='ltr'><strong>quinto</strong></span> <span class='ocrx_word' id='word_1_594' title='bbox 2225 3989 2366 4029; x_wconf 76' lang='lat' dir='ltr'><strong>verae</strong></span> <span class='ocrx_word' id='word_1_595' title='bbox 2397 3974 2588 4047; x_wconf 89' lang='lat' dir='ltr'><strong>lgnatii</strong></span> <span class='ocrx_word' id='word_1_596' title='bbox 2623 3980 2874 4049; x_wconf 63' lang='lat' dir='ltr'><strong>epistola:</strong></span> <span class='ocrx_word' id='word_1_597' title='bbox 2902 3984 3197 4043; x_wconf 90' lang='lat' dir='ltr'><strong>laudantur</strong></span> <span class='ocrx_word' id='word_1_598' title='bbox 3240 4007 3271 4045; x_wconf 93' lang='lat' dir='ltr'><strong>a</strong></span> <span class='ocrx_word' id='word_1_599' title='bbox 3317 3992 3420 4048; x_wconf 82' lang='lat' dir='ltr'><strong>Ge-</strong></span> 
     </span>
    </p>
   </div>
   <div class='ocr_carea' id='block_1_96' title="bbox 1851 4060 3421 4150">
    <p class='ocr_par' dir='ltr' id='par_1_96' title="bbox 1851 4060 3421 4150">
     <span class='ocr_line' id='line_1_96' title="bbox 1851 4060 3421 4150; baseline 0.018 -36"><span class='ocrx_word' id='word_1_600' title='bbox 1851 4060 1992 4116; x_wconf 79' lang='lat' dir='ltr'><strong>lasio</strong></span> <span class='ocrx_word' id='word_1_601' title='bbox 2034 4073 2090 4118; x_wconf 91' lang='lat' dir='ltr'><strong>et</strong></span> <span class='ocrx_word' id='word_1_602' title='bbox 2119 4063 2497 4136; x_wconf 90' lang='lat' dir='ltr'><strong>Theodoreto;</strong></span> <span class='ocrx_word' id='word_1_603' title='bbox 2537 4068 2688 4127; x_wconf 64' lang='lat' dir='ltr'><strong>falsa:</strong></span> <span class='ocrx_word' id='word_1_604' title='bbox 2726 4089 2855 4130; x_wconf 89' lang='lat' dir='ltr'><strong>vero</strong></span> <span class='ocrx_word' id='word_1_605' title='bbox 2893 4086 2948 4131; x_wconf 88' lang='lat' dir='ltr'><strong>et</strong></span> <span class='ocrx_word' id='word_1_606' title='bbox 3005 4083 3363 4150; x_wconf 83' lang='lat' dir='ltr'><strong>supposititiae</strong></span> <span class='ocrx_word' id='word_1_607' title='bbox 3389 4103 3421 4142; x_wconf 90' lang='lat' dir='ltr'><strong>a</strong></span> 
     </span>
    </p>
   </div>
   <div class='ocr_carea' id='block_1_97' title="bbox 1855 4149 3424 4241">
    <p class='ocr_par' dir='ltr' id='par_1_97' title="bbox 1855 4149 3424 4241">
     <span class='ocr_line' id='line_1_97' title="bbox 1855 4149 3424 4241; baseline 0.018 -37"><span class='ocrx_word' id='word_1_608' title='bbox 1855 4149 2130 4222; x_wconf 89' lang='lat' dir='ltr'><strong>Stephano</strong></span> <span class='ocrx_word' id='word_1_609' title='bbox 2161 4154 2378 4212; x_wconf 88' lang='lat' dir='ltr'><strong>Gobaro</strong></span> <span class='ocrx_word' id='word_1_610' title='bbox 2436 4159 2578 4216; x_wconf 90' lang='lat' dir='ltr'><strong>circa</strong></span> <span class='ocrx_word' id='word_1_611' title='bbox 2620 4179 2825 4219; x_wconf 90' lang='lat' dir='ltr'><strong>annum</strong></span> <span class='ocrx_word' id='word_1_612' title='bbox 2864 4166 2990 4234; x_wconf 79' lang='lat'><strong>580,</strong></span> <span class='ocrx_word' id='word_1_613' title='bbox 3028 4149 3189 4241; x_wconf 85' lang='lat' dir='ltr'><strong>atque</strong></span> <span class='ocrx_word' id='word_1_614' title='bbox 3219 4190 3313 4230; x_wconf 89' lang='lat' dir='ltr'><strong>eas</strong></span> <span class='ocrx_word' id='word_1_615' title='bbox 3354 4178 3424 4232; x_wconf 90' lang='lat' dir='ltr'><strong>ab</strong></span> 
     </span>
    </p>
   </div>
   <div class='ocr_carea' id='block_1_98' title="bbox 1851 4247 3420 4325">
    <p class='ocr_par' dir='ltr' id='par_1_98' title="bbox 1851 4247 3420 4325">
     <span class='ocr_line' id='line_1_98' title="bbox 1851 4247 3420 4325; baseline 0.017 -26"><span class='ocrx_word' id='word_1_616' title='bbox 1851 4247 2142 4304; x_wconf 81' lang='lat' dir='ltr'><strong>Anastasio</strong></span> <span class='ocrx_word' id='word_1_617' title='bbox 2190 4250 2534 4309; x_wconf 83' lang='lat' dir='ltr'><strong>Antiocheno</strong></span> <span class='ocrx_word' id='word_1_618' title='bbox 2588 4258 2900 4325; x_wconf 83' lang='lat' dir='ltr'><strong>patriarcha</strong></span> <span class='ocrx_word' id='word_1_619' title='bbox 2951 4265 3169 4320; x_wconf 81' lang='lat' dir='ltr'><strong>circiter</strong></span> <span class='ocrx_word' id='word_1_620' title='bbox 3216 4281 3420 4324; x_wconf 88' lang='lat' dir='ltr'><strong>annum</strong></span> 
     </span>
    </p>
   </div>
   <div class='ocr_carea' id='block_1_99' title="bbox 1850 4338 3182 4425">
    <p class='ocr_par' dir='ltr' id='par_1_99' title="bbox 1850 4338 3182 4425">
     <span class='ocr_line' id='line_1_99' title="bbox 1850 4338 3182 4425; baseline 0.014 -32"><span class='ocrx_word' id='word_1_621' title='bbox 1850 4338 1976 4405; x_wconf 79' lang='lat'><strong>595,</strong></span> <span class='ocrx_word' id='word_1_622' title='bbox 2007 4349 2061 4394; x_wconf 90' lang='lat' dir='ltr'><strong>et</strong></span> <span class='ocrx_word' id='word_1_623' title='bbox 2090 4341 2160 4396; x_wconf 86' lang='lat' dir='ltr'><strong>ab</strong></span> <span class='ocrx_word' id='word_1_624' title='bbox 2191 4343 2316 4399; x_wconf 92' lang='lat' dir='ltr'><strong>aliis</strong></span> <span class='ocrx_word' id='word_1_625' title='bbox 2344 4345 2601 4416; x_wconf 84' lang='lat' dir='ltr'><strong>deinceps</strong></span> <span class='ocrx_word' id='word_1_626' title='bbox 2636 4351 2833 4407; x_wconf 88' lang='lat' dir='ltr'><strong>citatas</strong></span> <span class='ocrx_word' id='word_1_627' title='bbox 2863 4353 3096 4425; x_wconf 88' lang='lat' dir='ltr'><strong>legimus</strong></span> <span class='ocrx_word' id='word_1_628' title='bbox 3119 4357 3182 4410; x_wconf 71' lang='lat'><strong>“.</strong></span> 
     </span>
    </p>
   </div>
   <div class='ocr_carea' id='block_1_100' title="bbox 1775 4431 3422 4522">
    <p class='ocr_par' dir='ltr' id='par_1_100' title="bbox 1775 4431 3422 4522">
     <span class='ocr_line' id='line_1_100' title="bbox 1775 4431 3422 4522; baseline 0.014 -38"><span class='ocrx_word' id='word_1_629' title='bbox 1775 4448 1820 4503; x_wconf 82' lang='grc' dir='ltr'><strong>ι)</strong></span> <span class='ocrx_word' id='word_1_630' title='bbox 1916 4431 2087 4488; x_wconf 88' lang='lat' dir='ltr'><strong>Porro</strong></span> <span class='ocrx_word' id='word_1_631' title='bbox 2117 4445 2297 4490; x_wconf 90' lang='lat' dir='ltr'><strong>autem</strong></span> <span class='ocrx_word' id='word_1_632' title='bbox 2327 4438 2373 4491; x_wconf 87' lang='lat' dir='ltr'><strong>si</strong></span> <span class='ocrx_word' id='word_1_633' title='bbox 2399 4437 2520 4493; x_wconf 90' lang='lat' dir='ltr'><strong>falsi</strong></span> <span class='ocrx_word' id='word_1_634' title='bbox 2559 4456 2813 4511; x_wconf 87' lang='lat' dir='ltr'><strong>canones,</strong></span> <span class='ocrx_word' id='word_1_635' title='bbox 2842 4460 2907 4500; x_wconf 90' lang='lat' dir='ltr'><strong>ac</strong></span> <span class='ocrx_word' id='word_1_636' title='bbox 2939 4449 3422 4522; x_wconf 70' lang='lat' dir='ltr'><strong>pseudepigraphm</strong></span> 
     </span>
    </p>
   </div>
   <div class='ocr_carea' id='block_1_101' title="bbox 1849 4522 3423 4611">
    <p class='ocr_par' dir='ltr' id='par_1_101' title="bbox 1849 4522 3423 4611">
     <span class='ocr_line' id='line_1_101' title="bbox 1849 4522 3423 4611; baseline 0.013 -32"><span class='ocrx_word' id='word_1_637' title='bbox 1849 4522 2282 4583; x_wconf 87' lang='lat' dir='ltr'><strong>Constitutiones</strong></span> <span class='ocrx_word' id='word_1_638' title='bbox 2312 4533 2708 4600; x_wconf 91' lang='lat' dir='ltr'><strong>apostolorum,</strong></span> <span class='ocrx_word' id='word_1_639' title='bbox 2740 4539 2961 4605; x_wconf 69' lang='lat' dir='ltr'><strong>saeculo,</strong></span> <span class='ocrx_word' id='word_1_640' title='bbox 2993 4548 3052 4594; x_wconf 91' lang='lat' dir='ltr'><strong>ut</strong></span> <span class='ocrx_word' id='word_1_641' title='bbox 3073 4543 3292 4611; x_wconf 91' lang='lat' dir='ltr'><strong>quidam</strong></span> <span class='ocrx_word' id='word_1_642' title='bbox 3322 4560 3423 4599; x_wconf 89' lang='lat' dir='ltr'><strong>au-</strong></span> 
     </span>
    </p>
   </div>
   <div class='ocr_carea' id='block_1_102' title="bbox 1851 4624 3422 4692">
    <p class='ocr_par' dir='ltr' id='par_1_102' title="bbox 1851 4624 3422 4692">
     <span class='ocr_line' id='line_1_102' title="bbox 1851 4624 3422 4692; baseline 0.013 -21"><span class='ocrx_word' id='word_1_643' title='bbox 1851 4626 2082 4682; x_wconf 88' lang='lat' dir='ltr'><strong>tumant,</strong></span> <span class='ocrx_word' id='word_1_644' title='bbox 2115 4629 2332 4690; x_wconf 89' lang='lat' dir='ltr'><strong>quarto,</strong></span> <span class='ocrx_word' id='word_1_645' title='bbox 2370 4624 2454 4678; x_wconf 92' lang='lat' dir='ltr'><strong>vel</strong></span> <span class='ocrx_word' id='word_1_646' title='bbox 2484 4634 2610 4680; x_wconf 89' lang='lat' dir='ltr'><strong>ante</strong></span> <span class='ocrx_word' id='word_1_647' title='bbox 2635 4639 2846 4683; x_wconf 87' lang='lat' dir='ltr'><strong>sextum</strong></span> <span class='ocrx_word' id='word_1_648' title='bbox 2873 4633 3133 4687; x_wconf 71' lang='lat' dir='ltr'><strong>saeculum</strong></span> <span class='ocrx_word' id='word_1_649' title='bbox 3161 4635 3215 4689; x_wconf 90' lang='lat' dir='ltr'><strong>in</strong></span> <span class='ocrx_word' id='word_1_650' title='bbox 3241 4636 3422 4692; x_wconf 84' lang='lat' dir='ltr'><strong>lucem</strong></span> 
     </span>
    </p>
   </div>
   <div class='ocr_carea' id='block_1_103' title="bbox 1849 4711 3421 4797">
    <p class='ocr_par' dir='ltr' id='par_1_103' title="bbox 1849 4711 3421 4797">
     <span class='ocr_line' id='line_1_103' title="bbox 1849 4711 3421 4797; baseline 0.013 -35"><span class='ocrx_word' id='word_1_651' title='bbox 1849 4711 2189 4779; x_wconf 89' lang='lat' dir='ltr'><strong>prodierunt,</strong></span> <span class='ocrx_word' id='word_1_652' title='bbox 2248 4729 2314 4769; x_wconf 77' lang='lat' dir='ltr'><strong>ex</strong></span> <span class='ocrx_word' id='word_1_653' title='bbox 2357 4715 2425 4771; x_wconf 93' lang='lat' dir='ltr'><strong>iis</strong></span> <span class='ocrx_word' id='word_1_654' title='bbox 2461 4720 2651 4786; x_wconf 88' lang='lat' dir='ltr'><strong>procul</strong></span> <span class='ocrx_word' id='word_1_655' title='bbox 2695 4721 2862 4775; x_wconf 89' lang='lat' dir='ltr'><strong>dubio</strong></span> <span class='ocrx_word' id='word_1_656' title='bbox 2913 4725 3421 4797; x_wconf 74' lang='lat' dir='ltr'><strong>pseudo-ignauum</strong></span> 
     </span>
    </p>
   </div>
   <div class='ocr_carea' id='block_1_104' title="bbox 1849 4801 3417 4888">
    <p class='ocr_par' dir='ltr' id='par_1_104' title="bbox 1849 4801 3417 4888">
     <span class='ocr_line' id='line_1_104' title="bbox 1849 4801 3417 4888; baseline 0.014 -34"><span class='ocrx_word' id='word_1_657' title='bbox 1849 4801 1940 4855; x_wconf 87' lang='lat' dir='ltr'><strong>illa</strong></span> <span class='ocrx_word' id='word_1_658' title='bbox 1974 4803 2158 4859; x_wconf 88' lang='lat' dir='ltr'><strong>omnia</strong></span> <span class='ocrx_word' id='word_1_659' title='bbox 2187 4821 2310 4876; x_wconf 68' lang='lat' dir='ltr'><strong>quae</strong></span> <span class='ocrx_word' id='word_1_660' title='bbox 2344 4809 2413 4862; x_wconf 89' lang='lat' dir='ltr'><strong>ab</strong></span> <span class='ocrx_word' id='word_1_661' title='bbox 2447 4807 2671 4867; x_wconf 89' lang='lat' dir='ltr'><strong>Usserio</strong></span> <span class='ocrx_word' id='word_1_662' title='bbox 2699 4824 2752 4868; x_wconf 89' lang='lat' dir='ltr'><strong>et</strong></span> <span class='ocrx_word' id='word_1_663' title='bbox 2777 4813 3047 4872; x_wconf 87' lang='lat' dir='ltr'><strong>Cotelerio</strong></span> <span class='ocrx_word' id='word_1_664' title='bbox 3083 4818 3417 4888; x_wconf 87' lang='lat' dir='ltr'><strong>referuntur,</strong></span> 
     </span>
    </p>
   </div>
   <div class='ocr_carea' id='block_1_105' title="bbox 1848 4897 2642 4967">
    <p class='ocr_par' dir='ltr' id='par_1_105' title="bbox 1848 4897 2642 4967">
     <span class='ocr_line' id='line_1_105' title="bbox 1848 4897 2642 4967; baseline 0.015 -19"><span class='ocrx_word' id='word_1_665' title='bbox 1848 4897 2265 4967; x_wconf 77' lang='lat' dir='ltr'><strong>transcripsisse</strong></span> <span class='ocrx_word' id='word_1_666' title='bbox 2299 4915 2520 4958; x_wconf 90' lang='lat' dir='ltr'><strong>necesse</strong></span> <span class='ocrx_word' id='word_1_667' title='bbox 2541 4914 2642 4960; x_wconf 90' lang='lat' dir='ltr'><strong>est.</strong></span> 
     </span>
    </p>
   </div>
   <div class='ocr_carea' id='block_1_106' title="bbox 1917 4986 3420 5072">
    <p class='ocr_par' dir='ltr' id='par_1_106' title="bbox 1917 4986 3420 5072">
     <span class='ocr_line' id='line_1_106' title="bbox 1917 4986 3420 5072; baseline 0.011 -31"><span class='ocrx_word' id='word_1_668' title='bbox 1917 4986 2074 5053; x_wconf 86' lang='lat' dir='ltr'><strong>Quod</strong></span> <span class='ocrx_word' id='word_1_669' title='bbox 2104 4992 2316 5046; x_wconf 92' lang='lat' dir='ltr'><strong>tandem</strong></span> <span class='ocrx_word' id='word_1_670' title='bbox 2355 4994 2422 5048; x_wconf 91' lang='lat' dir='ltr'><strong>ad</strong></span> <span class='ocrx_word' id='word_1_671' title='bbox 2458 5003 2696 5063; x_wconf 89' lang='lat' dir='ltr'><strong>quatuor</strong></span> <span class='ocrx_word' id='word_1_672' title='bbox 2725 4997 2995 5068; x_wconf 91' lang='lat' dir='ltr'><strong>epistolia,</strong></span> <span class='ocrx_word' id='word_1_673' title='bbox 3026 5015 3147 5070; x_wconf 72' lang='lat' dir='ltr'><strong>quae</strong></span> <span class='ocrx_word' id='word_1_674' title='bbox 3177 5000 3229 5055; x_wconf 93' lang='lat' dir='ltr'><strong>in</strong></span> <span class='ocrx_word' id='word_1_675' title='bbox 3253 5018 3420 5072; x_wconf 90' lang='lat' dir='ltr'><strong>quar-</strong></span> 
     </span>
    </p>
   </div>
   <div class='ocr_carea' id='block_1_107' title="bbox 1845 5081 3416 5161">
    <p class='ocr_par' dir='ltr' id='par_1_107' title="bbox 1845 5081 3416 5161">
     <span class='ocr_line' id='line_1_107' title="bbox 1845 5081 3416 5161; baseline 0.01 -30"><span class='ocrx_word' id='word_1_676' title='bbox 1845 5087 1899 5131; x_wconf 92' lang='lat' dir='ltr'><strong>ta</strong></span> <span class='ocrx_word' id='word_1_677' title='bbox 1940 5081 2293 5148; x_wconf 90' lang='lat' dir='ltr'><strong>epistolarum</strong></span> <span class='ocrx_word' id='word_1_678' title='bbox 2329 5085 2522 5154; x_wconf 90' lang='lat' dir='ltr'><strong>lgnatii</strong></span> <span class='ocrx_word' id='word_1_679' title='bbox 2561 5086 2735 5142; x_wconf 91' lang='lat' dir='ltr'><strong>classe</strong></span> <span class='ocrx_word' id='word_1_680' title='bbox 2768 5089 3126 5155; x_wconf 87' lang='lat' dir='ltr'><strong>collocantur,</strong></span> <span class='ocrx_word' id='word_1_681' title='bbox 3162 5093 3416 5161; x_wconf 87' lang='lat' dir='ltr'><strong>pertinet,</strong></span> 
     </span>
    </p>
   </div>
   <div class='ocr_carea' id='block_1_108' title="bbox 1846 5172 3416 5249">
    <p class='ocr_par' dir='ltr' id='par_1_108' title="bbox 1846 5172 3416 5249">
     <span class='ocr_line' id='line_1_108' title="bbox 1846 5172 3416 5249; baseline 0.013 -29"><span class='ocrx_word' id='word_1_682' title='bbox 1846 5182 1906 5221; x_wconf 87' lang='lat' dir='ltr'><strong>ea</strong></span> <span class='ocrx_word' id='word_1_683' title='bbox 1940 5172 2130 5238; x_wconf 91' lang='lat' dir='ltr'><strong>procul</strong></span> <span class='ocrx_word' id='word_1_684' title='bbox 2159 5172 2328 5228; x_wconf 93' lang='lat' dir='ltr'><strong>dubio</strong></span> <span class='ocrx_word' id='word_1_685' title='bbox 2353 5190 2383 5229; x_wconf 91' lang='lat' dir='ltr'><strong>a</strong></span> <span class='ocrx_word' id='word_1_686' title='bbox 2415 5173 2630 5243; x_wconf 85' lang='lat' dir='ltr'><strong>Latino,</strong></span> <span class='ocrx_word' id='word_1_687' title='bbox 2671 5179 2752 5232; x_wconf 89' lang='lat' dir='ltr'><strong>uti</strong></span> <span class='ocrx_word' id='word_1_688' title='bbox 2801 5181 3236 5249; x_wconf 85' lang='lat' dir='ltr'><strong>observavimus,</strong></span> <span class='ocrx_word' id='word_1_689' title='bbox 3274 5190 3416 5240; x_wconf 85' lang='lat' dir='ltr'><strong>scri-</strong></span> 
     </span>
    </p>
   </div>
   <div class='ocr_carea' id='block_1_109' title="bbox 1844 5263 3417 5340">
    <p class='ocr_par' dir='ltr' id='par_1_109' title="bbox 1844 5263 3417 5340">
     <span class='ocr_line' id='line_1_109' title="bbox 1844 5263 3417 5340; baseline 0.008 -26"><span class='ocrx_word' id='word_1_690' title='bbox 1844 5268 2002 5330; x_wconf 89' lang='lat' dir='ltr'><strong>ptore</strong></span> <span class='ocrx_word' id='word_1_691' title='bbox 2022 5263 2163 5317; x_wconf 91' lang='lat' dir='ltr'><strong>edita</strong></span> <span class='ocrx_word' id='word_1_692' title='bbox 2190 5263 2358 5321; x_wconf 85' lang='lat' dir='ltr'><strong>fuisse</strong></span> <span class='ocrx_word' id='word_1_693' title='bbox 2376 5281 2506 5322; x_wconf 89' lang='lat' dir='ltr'><strong>vero</strong></span> <span class='ocrx_word' id='word_1_694' title='bbox 2533 5269 2749 5324; x_wconf 86' lang='lat' dir='ltr'><strong>videtur</strong></span> <span class='ocrx_word' id='word_1_695' title='bbox 2787 5272 3145 5328; x_wconf 91' lang='lat' dir='ltr'><strong>simillimum.</strong></span> <span class='ocrx_word' id='word_1_696' title='bbox 3173 5273 3292 5340; x_wconf 89' lang='lat' dir='ltr'><strong>Quo</strong></span> <span class='ocrx_word' id='word_1_697' title='bbox 3318 5291 3417 5329; x_wconf 90' lang='lat' dir='ltr'><strong>au-</strong></span> 
     </span>
    </p>
   </div>
   <div class='ocr_carea' id='block_1_110' title="bbox 1841 5357 3413 5435">
    <p class='ocr_par' dir='ltr' id='par_1_110' title="bbox 1841 5357 3413 5435">
     <span class='ocr_line' id='line_1_110' title="bbox 1841 5357 3413 5435; baseline 0.01 -29"><span class='ocrx_word' id='word_1_698' title='bbox 1841 5360 1949 5408; x_wconf 89' lang='lat' dir='ltr'><strong>tem</strong></span> <span class='ocrx_word' id='word_1_699' title='bbox 1979 5365 2220 5425; x_wconf 90' lang='lat' dir='ltr'><strong>tempore</strong></span> <span class='ocrx_word' id='word_1_700' title='bbox 2251 5357 2340 5417; x_wconf 88' lang='lat' dir='ltr'><strong>ille</strong></span> <span class='ocrx_word' id='word_1_701' title='bbox 2371 5358 2584 5426; x_wconf 78' lang='lat' dir='ltr'><strong>vixerit,</strong></span> <span class='ocrx_word' id='word_1_702' title='bbox 2642 5377 2749 5416; x_wconf 90' lang='lat' dir='ltr'><strong>non</strong></span> <span class='ocrx_word' id='word_1_703' title='bbox 2789 5372 2873 5418; x_wconf 88' lang='lat' dir='ltr'><strong>est</strong></span> <span class='ocrx_word' id='word_1_704' title='bbox 2911 5377 3223 5435; x_wconf 92' lang='lat' dir='ltr'><strong>promptum</strong></span> <span class='ocrx_word' id='word_1_705' title='bbox 3278 5369 3413 5421; x_wconf 89' lang='lat' dir='ltr'><strong>deti-</strong></span> 
     </span>
    </p>
   </div>
   <div class='ocr_carea' id='block_1_111' title="bbox 1845 5447 3411 5513">
    <p class='ocr_par' dir='ltr' id='par_1_111' title="bbox 1845 5447 3411 5513">
     <span class='ocr_line' id='line_1_111' title="bbox 1845 5447 3411 5513; baseline 0.009 -15"><span class='ocrx_word' id='word_1_706' title='bbox 1845 5447 1988 5511; x_wconf 89' lang='lat' dir='ltr'><strong>nire;</strong></span> <span class='ocrx_word' id='word_1_707' title='bbox 2034 5462 2161 5501; x_wconf 90' lang='lat' dir='ltr'><strong>nam</strong></span> <span class='ocrx_word' id='word_1_708' title='bbox 2219 5449 2492 5504; x_wconf 89' lang='lat' dir='ltr'><strong>incertum</strong></span> <span class='ocrx_word' id='word_1_709' title='bbox 2537 5460 2619 5507; x_wconf 90' lang='lat' dir='ltr'><strong>est</strong></span> <span class='ocrx_word' id='word_1_710' title='bbox 2656 5461 2839 5508; x_wconf 91' lang='lat' dir='ltr'><strong>utrum</strong></span> <span class='ocrx_word' id='word_1_711' title='bbox 2871 5453 3183 5512; x_wconf 71' lang='lat' dir='ltr'><strong>Bernartius</strong></span> <span class='ocrx_word' id='word_1_712' title='bbox 3239 5473 3411 5513; x_wconf 89' lang='lat' dir='ltr'><strong>unum</strong></span> 
     </span>
    </p>
   </div>
   <div class='ocr_carea' id='block_1_112' title="bbox 162 5519 3413 5617">
    <p class='ocr_par' dir='ltr' id='par_1_112' title="bbox 162 5519 3413 5617">
     <span class='ocr_line' id='line_1_112' title="bbox 162 5519 3413 5617; baseline 0.01 -47"><span class='ocrx_word' id='word_1_713' title='bbox 162 5537 182 5570; x_wconf 77' lang='grc' dir='ltr'>ι</span> <span class='ocrx_word' id='word_1_714' title='bbox 210 5519 447 5589; x_wconf 76' lang='lat' dir='ltr'><strong>Magnus</strong></span> <span class='ocrx_word' id='word_1_715' title='bbox 469 5520 560 5576; x_wconf 89' lang='lat' dir='ltr'><strong>ille</strong></span> <span class='ocrx_word' id='word_1_716' title='bbox 587 5521 936 5593; x_wconf 87' lang='lat' dir='ltr'><strong>lgnatius.....</strong></span> <span class='ocrx_word' id='word_1_717' title='bbox 967 5524 1193 5581; x_wconf 87' lang='lat' dir='ltr'><strong>Mariam</strong></span> <span class='ocrx_word' id='word_1_718' title='bbox 1220 5529 1511 5596; x_wconf 87' lang='lat' dir='ltr'><strong>quamdam</strong></span> <span class='ocrx_word' id='word_1_719' title='bbox 1543 5530 1596 5584; x_wconf 89' lang='lat' dir='ltr'><strong>in</strong></span> <span class='ocrx_word' id='word_1_720' title='bbox 1619 5531 1740 5600; x_wconf 88' lang='lat' dir='ltr'><strong>plu-</strong></span> <span class='ocrx_word' id='word_1_721' title='bbox 1841 5551 1908 5590; x_wconf 83' lang='lat' dir='ltr'><strong>ex</strong></span> <span class='ocrx_word' id='word_1_722' title='bbox 1946 5538 2014 5592; x_wconf 90' lang='lat' dir='ltr'><strong>iis</strong></span> <span class='ocrx_word' id='word_1_723' title='bbox 2044 5539 2364 5595; x_wconf 83' lang='lat' dir='ltr'><strong>laudaverit.</strong></span> <span class='ocrx_word' id='word_1_724' title='bbox 2397 5541 2650 5598; x_wconf 84' lang='lat' dir='ltr'><strong>Citantur</strong></span> <span class='ocrx_word' id='word_1_725' title='bbox 2690 5545 2909 5615; x_wconf 91' lang='lat' dir='ltr'><strong>quidem</strong></span> <span class='ocrx_word' id='word_1_726' title='bbox 2939 5547 2993 5601; x_wconf 91' lang='lat' dir='ltr'><strong>in</strong></span> <span class='ocrx_word' id='word_1_727' title='bbox 3035 5549 3413 5617; x_wconf 82' lang='lat' dir='ltr'><strong>pseudo-Dex-</strong></span> 
     </span>
    </p>
   </div>
   <div class='ocr_carea' id='block_1_113' title="bbox 228 5637 3408 5730">
    <p class='ocr_par' dir='ltr' id='par_1_113' title="bbox 228 5637 3408 5730">
     <span class='ocr_line' id='line_1_113' title="bbox 228 5637 3408 5730; baseline 0.008 -37"><span class='ocrx_word' id='word_1_728' title='bbox 228 5637 277 5730; x_wconf 55' lang='lat' dir='ltr'><strong>‘l’</strong></span> <span class='ocrx_word' id='word_1_729' title='bbox 316 5639 644 5730; x_wconf 44' lang='grc' dir='ltr'><strong>ξρλσοηιτα</strong></span> <span class='ocrx_word' id='word_1_730' title='bbox 673 5644 835 5696; x_wconf 75' lang='lat' dir='ltr'><strong>Prax.</strong></span> <span class='ocrx_word' id='word_1_731' title='bbox 870 5659 989 5715; x_wconf 89' lang='lat' dir='ltr'><strong>cap.</strong></span> <span class='ocrx_word' id='word_1_732' title='bbox 1021 5647 1068 5700; x_wconf 86' lang='grc' dir='ltr'><strong>Ι.</strong></span> <span class='ocrx_word' id='word_1_733' title='bbox 1146 5645 1190 5679; x_wconf 66' lang='grc'><strong>⁵³</strong></span> <span class='ocrx_word' id='word_1_734' title='bbox 1221 5644 1395 5703; x_wconf 88' lang='lat' dir='ltr'><strong>Serm.</strong></span> <span class='ocrx_word' id='word_1_735' title='bbox 1426 5646 1478 5713; x_wconf 89' lang='lat'><strong>7,</strong></span> <span class='ocrx_word' id='word_1_736' title='bbox 1515 5649 1569 5703; x_wconf 80' lang='lat' dir='ltr'><strong>in</strong></span> <span class='ocrx_word' id='word_1_737' title='bbox 1603 5650 1818 5708; x_wconf 59' lang='lat' dir='ltr'><strong>Psalm.</strong></span> <span class='ocrx_word' id='word_1_738' title='bbox 1846 5654 1952 5720; x_wconf 81' lang='lat' dir='ltr'><strong>Qui</strong></span> <span class='ocrx_word' id='word_1_739' title='bbox 2008 5654 2234 5722; x_wconf 80' lang='lat' dir='ltr'><strong>habitat,</strong></span> <span class='ocrx_word' id='word_1_740' title='bbox 2297 5666 2400 5713; x_wconf 91' lang='lat' dir='ltr'><strong>etc.</strong></span> <span class='ocrx_word' id='word_1_741' title='bbox 2479 5658 2525 5690; x_wconf 70' lang='lat'><strong>“</strong></span> <span class='ocrx_word' id='word_1_742' title='bbox 2544 5662 2702 5730; x_wconf 86' lang='lat' dir='ltr'><strong>Apud</strong></span> <span class='ocrx_word' id='word_1_743' title='bbox 2729 5661 2980 5717; x_wconf 83' lang='lat' dir='ltr'><strong>Phottum</strong></span> <span class='ocrx_word' id='word_1_744' title='bbox 3041 5664 3096 5718; x_wconf 90' lang='lat' dir='ltr'><strong>in</strong></span> <span class='ocrx_word' id='word_1_745' title='bbox 3151 5665 3408 5720; x_wconf 82' lang='lat' dir='ltr'><strong>Bibliotlt.</strong></span> 
     </span>
    </p>
   </div>
   <div class='ocr_carea' id='block_1_114' title="bbox 153 5709 455 5765">
    <p class='ocr_par' dir='ltr' id='par_1_114' title="bbox 153 5709 455 5765">
     <span class='ocr_line' id='line_1_114' title="bbox 153 5709 455 5765; baseline 0.01 -3"><span class='ocrx_word' id='word_1_746' title='bbox 153 5709 286 5763; x_wconf 85' lang='lat' dir='ltr'><strong>cod.</strong></span> <span class='ocrx_word' id='word_1_747' title='bbox 320 5709 455 5765; x_wconf 73' lang='lat'><strong>252.</strong></span> 
     </span>
    </p>
   </div>
   <div class='ocr_carea' id='block_1_115' title="bbox 483 5800 1034 5866">
    <p class='ocr_par' dir='ltr' id='par_1_115' title="bbox 483 5800 1034 5866">
     <span class='ocr_line' id='line_1_115' title="bbox 483 5800 1034 5866; baseline 0.013 -6"><span class='ocrx_word' id='word_1_748' title='bbox 483 5800 758 5864; x_wconf 57' lang='lat' dir='ltr'><strong>Pauor“</strong></span> <span class='ocrx_word' id='word_1_749' title='bbox 793 5803 911 5865; x_wconf 86' lang='lat' dir='ltr'><strong>Gn.</strong></span> <span class='ocrx_word' id='word_1_750' title='bbox 958 5804 1034 5866; x_wconf 85' lang='lat' dir='ltr'><strong>V.</strong></span> 
     </span>
    </p>
   </div>
   <div class='ocr_carea' id='block_1_116' title="bbox 3062 5829 3134 5890">
    <p class='ocr_par' dir='ltr' id='par_1_116' title="bbox 3062 5829 3134 5890">
     <span class='ocr_line' id='line_1_116' title="bbox 3062 5829 3134 5890; baseline 0.083 -6"><span class='ocrx_word' id='word_1_751' title='bbox 3062 5829 3134 5890; x_wconf 84' lang='grc'><strong>18</strong></span> 
     </span>
    </p>
   </div>
  </div>
