3834 6214
436 291 541 348 555

1507 280 1569 337 S.
1613 277 1960 336 IGNATIUS.
2004 309 2065 318 -
2103 271 2638 330 PROLEGOMENA.

3607 267 3709 322 556

438 417 502 470 tri
527 412 832 479 Chronico;
868 409 962 466 sed
1001 407 1222 479 quando
1253 404 1384 462 illud
1423 404 1686 474 scriptum
1718 404 1811 468 sit,
1848 416 2010 456 nemo
2041 408 2087 464 Α
2116 399 2207 454 illa
2254 413 2449 452 manus
2509 394 2852 459 recentior-is,
2905 401 2961 448 et
3019 391 3223 448 Graecis
3277 387 3710 460 pseudo-lgnatii

435 506 774 577 exploratum
813 503 993 558 habet.
1027 501 1084 555 Si
1125 499 1255 570 quid
1286 513 1414 553 vero
1459 496 1700 551 dandum
1738 493 2016 564 conjectu-

437 601 536 667 ris,
564 614 631 655 ex
657 599 854 653 horum
881 595 1258 667 epistoliorum
1289 591 1431 663 stylo
1467 598 1524 645 et
1562 588 1878 654 Latinitate,
1911 600 2012 642 nos

2125 492 2370 563 epistolis
2423 492 2584 561 longe
2626 487 2952 562 posterioris
3002 502 3126 542 esse
3169 501 3279 541 non
3327 483 3575 539 absurde
3603 484 3711 538 dici

2119 598 2280 655 posse
2304 581 2600 638 credimus.

454 817 3687 856 _______________________.__________________—__—.

1671 1005 1964 1098 PARS
2035 1000 2513 1094 TERTIA.

439 1265 532 1326 De
570 1259 967 1325 editionibus
999 1262 1060 1320 et
1091 1252 1504 1317 versionibus
1556 1247 1851 1312 omnium
1882 1243 2113 1325 Ignatii
2161 1239 2610 1326 epistolarum,
2649 1244 2774 1326 tam
2814 1233 3248 1326 ge‘nuinarum
3289 1251 3489 1315 quam
3526 1231 3718 1296 adul-

1115 1333 1494 1404 terinarum,
1534 1345 1606 1391 ac
1631 1327 1827 1390 variis
1858 1317 1949 1386 inv
1973 1341 2080 1386 eas
2117 1317 2290 1384 notis
2343 1327 2405 1383 et
2436 1317 3028 1382 observationibus.

957 1567 1186 1626 CAPUT
1223 1565 1515 1621 PRIMUM.

441 1687 508 1724 DE
549 1681 887 1724 EDITIONIBIIS
912 1681 982 1718 ΕΤ
1012 1675 1360 1716 VERSIONIBUS
1393 1669 1762 1713 EPISTOLARUH
1795 1667 2020 1708 IGNATII.

822 1757 849 1828 §
891 1755 931 1808 1.
975 1754 1051 1807 De
1075 1751 1393 1807 editionibus
1418 1748 1649 1802 Latinis.

511 1854 718 1917 Prima,
747 1868 870 1922 quae
906 1850 960 1903 in
993 1861 1189 1902 manus
1220 1853 1439 1898 nostras
1471 1841 1638 1906 venit,
1671 1837 2025 1908 epistolarum

445 1947 852 2018 lguatianarutn
907 1941 1097 2006 editio,
1133 1935 1365 1992 Parisiis
1403 1949 1548 1989 anno
1592 1931 1752 1995 1491,
1797 1927 2026 1999 prodiit,

2130 1572 2491 1634 posteaquam
2537 1561 2792 1632 vulgatas
2835 1557 3030 1630 lgnatii
3077 1557 3340 1630 epistolas
3377 1573 3508 1612 cum
3543 1557 3726 1611 tribus

2129 1671 2298 1709 manu
2329 1654 2569 1710 exaratis
2602 1652 2887 1708 codicibus
2909 1693 2923 1718 ,
2947 1651 3041 1720 qui
3091 1651 3378 1720 antiquam
3404 1650 3726 1704 versionem

2131 1745 2382 1801 Latinam
2410 1745 2766 1808 exhibebant,
2805 1743 3150 1806 contulisset,
3179 1743 3320 1797 duos
3351 1742 3498 1796 alios
3527 1742 3726 1795 itidem

2133 1838 2544 1908 manuscriptos
2601 1835 2856 1903 codices,
2917 1836 3010 1891 sed
3060 1835 3220 1904 pretii
3270 1834 3448 1888 multo
3491 1832 3729 1901 majoris

2134 1930 2413 1987 fortunate
2457 1929 2686 1996 invenit,
2715 1944 2892 1983 unum
2942 1929 2998 1982 in
3032 1929 3250 1998 publica
3300 1923 3519 1997 collegii
3567 1925 3728 1979 Gun—

449 2009 652 2109 ίῆθψιθ
705 2047 818 2092 ῑνθδ
861 2042 1070 2090 lanium
1121 2031 1415 2102 θρίεῐοῖθεν
1469 2027 1604 2082 duas
1655 2024 1721 2078 ad
1761 2021 2028 2076 Joannem
2061 2009 2275 2079 Bvvelli
2315 2034 2369 2079 et
2427 2023 2548 2078 Caii
2600 2022 2742 2092 apud
2791 2020 3290 2091 Cantabringenses
3347 2018 3725 2080 bibliotheca;

451 2130 782 2201 apostolum,
818 2126 1033 2182 tertiam
1068 2124 1135 2179 ad
1163 2123 1254 2178 Dei
1288 2119 1608 2192 genitricem
1628 2114 1854 2169 Mariam
1880 2127 2032 2168 com-

449 2225 724 2295 plectitur.
751 2222 912 2276 Διιηο
953 2226 1134 2273 autem
1169 2215 1308 2270 MSS
1342 2213 1517 2268 Faber
1559 2207 1904 2280 Stapulensis
1927 2221 2031 2261 un-

449 2319 626 2373 decim
667 2317 802 2372 alias
835 2313 1099 2384 vulgavit,
1132 2325 1256 2380 qua:
1285 2307 1540 2374 deinceps
1572 2300 1940 2373 Argentorati,
1977 2307 2034 2354 et

450 2410 698 2476 Basileaa,
731 2423 796 2464 ac
824 2406 1040 2461 tandem
1072 2417 1218 2458 anno
1246 2399 1405 2465 1575,
1432 2399 1486 2453 ἱιι
1513 2396 1620 2451 line
1645 2393 1882 2466 Operam
1907 2390 2035 2446 Dio-

453 2501 596 2573 nysii
625 2497 967 2570 Areopagitae
990 2496 1148 2550 edita:
1177 2502 1324 2550 sunt.
1359 2491 1553 2546 Postea
1594 2484 2034 2557 Symphorianus

453 2592 816 2664 Champerius
863 2589 1083 2644 easdem
1124 2601 1270 2641 anno
1301 2583 1440 2639 1676
1491 2581 1660 2652 prmio
1696 2576 2035 2632 Ascensiano

454 2699 678 2740 rursum
731 2681 986 2752 subjecit,
1037 2695 1101 2734 ac
1148 2677 1408 2748 epistolas
1452 2674 1520 2728 ad
1549 2671 1839 2733 Joannem,
1884 2676 1938 2723 et
1967 2665 2036 2720 ad

454 2778 684 2832 Mariam
750 2774 1071 2844 Dciparam,
1131 2781 1294 2841 atque
1337 2782 1504 2824 unam
1565 2764 1634 2820 ad
1696 2761 1920 2816 Mariam
1968 2774 2037 2815 ex

456 2868 791 2933 Cassobelis,
834 2867 1101 2921 hactenus
1134 2862 1418 2927 ineditam,
1456 2858 1537 2914 eis
1572 2853 1880 2926 subiunxit.
1914 2850 2040 2906 Haec

453 2975 640 3020 autem
697 2957 1011 3029 Champerii
1060 2955 1228 3010 editio
1282 2951 1450 3007 variis
1503 2949 1645 3021 typis
1695 2943 2036 3012 Antuerpize,

459 3061 706 3125 Basileae,
736 3055 998 3118 Colonias,
1035 3049 1283 3111 Parisiis,
1317 3046 1549 3114 aliisque
1595 3043 1650 3096 in
1685 3040 1916 3097 urbibus
1939 3053 2038 3091 ex-

408 3170 412 3176 '
457 3168 591 3209 casa
613 3158 714 3204 est.
748 3146 920 3202 Porro
952 3144 1034 3197 hae
1065 3154 1256 3196 omnes
1297 3135 1565 3192 editiones
1592 3131 1792 3188 Latine
1828 3139 2042 3186 tantum

451 3244 801 3317 prodierunt.

605 3375 633 3448 §
666 3374 729 3430 11.
771 3375 850 3428 De
876 3369 1200 3428 editionibus
1225 3367 1446 3431 Grcecis,
1478 3374 1526 3420 et
1551 3362 1896 3419 versionibus.

533 3485 861 3541 Valentinus
932 3478 1155 3533 Pacaeus
1225 3487 1371 3529 anno
1441 3469 1580 3525 1557
1629 3468 1731 3522 has
1783 3463 2045 3534 epistolas

463 3581 699 3636 Graece):
734 3593 802 3632 ex
847 3570 1237 3642 antiquissimo
1266 3561 1598 3620 Ferdinandi
1639 3559 1890 3630 Augusti,
1933 3557 2048 3611 sive

464 3675 798 3744 Augustanae
844 3662 1198 3718 Bibliothecze
1230 3655 1453 3722 codice,
1499 3672 1518 3706 ι
1577 3652 1761 3708 addita
1800 3646 2047 3705 Perionii

463 3739 738 3829 versione,
768 3757 952 3816 edidit.
985 3755 1044 3809 In
1079 3754 1182 3807 hac
1216 3758 1402 3805 autem
1448 3745 1708 3810 editione,
1740 3757 1906 3813 quam
1939 3739 2050 3794 Mo-

465 3858 635 3913 rcllus
656 3849 740 3908 bis
768 3864 915 3905 anno
945 3846 1086 3902 1558
1119 3852 1172 3899 et
1201 3841 1340 3896 1562
1367 3839 1598 3903 recudit,
1646 3851 1724 3890 eae
1754 3835 1929 3890 solum
1953 3849 2050 3888 ex-

468 3959 618 4009 stant
665 3944 928 4015 epistolae,
971 3953 1108 4008 quas
1149 3935 1345 4000 Faber,
1407 3932 1486 3986 uti
1535 3929 1800 3995 diximus,
1857 3926 2051 3982 Latine

469 4043 862 4113 divulgaverat.
893 4033 1098 4089 Dehinc
1139 4028 1390 4083 Andreas
1431 4025 1707 4081 Gesnerus
1741 4022 1958 4077 easdem
1984 4035 2051 4074 ex

471 4132 847 4200 inanuscripto
877 4124 1230 4181 Bibliotheca:
1277 4120 1340 4174 D.
1388 4117 1619 4187 Gaspari
1649 4131 1677 4170 a
1716 4113 2048 4185 Nydphrych

473 4230 672 4284 iterum
707 4223 912 4287 Graece,
959 4226 1123 4287 atque
1179 4214 1346 4269 etiam
1400 4211 1627 4274 Latine,
1687 4226 1707 4260 ι
1760 4209 2053 4276 interprete

473 4319 684 4376 Joanne
712 4316 977 4369 Brumero
1002 4306 1318 4380 publicavit.
1363 4322 1383 4357 ι
1420 4301 1798 4357 Arbitrabatur
1832 4299 2051 4368 quidem

474 4431 534 4470 se
566 4413 803 4484 primum
846 4407 968 4461 illas
993 4401 1196 4475 publici
1226 4400 1419 4455 fecisse
1445 4397 1617 4469 juris;
1651 4396 1748 4450 sed
1793 4394 1897 4463 ipsi
1927 4409 2055 4464 pro-

475 4509 566 4561 cul
616 4505 784 4561 dubio
836 4500 1004 4557 editio
1058 4495 1235 4551 Pacaei
1294 4489 1573 4563 incognita
1623 4503 1749 4543 esse
1801 4487 2051 4541 debebat.

476 4599 691 4654 Rursus
745 4608 878 4649 vero
950 4603 1096 4646 anno
1146 4585 1284 4641 1566
1336 4583 1701 4654 Hieronymus
1745 4577 2054 4633 Vairnclius

480 4690 698 4763 Sylvius
728 4684 949 4742 easdem
987 4678 1276 4752 epistolas,
1324 4674 1391 4730 ad
1437 4673 1705 4744 quosdam
1745 4666 2053 4725 manuscri-

476 4758 602 4854 ptos
654 4777 873 4835 codices
922 4769 1260 4829 emendatas,
1306 4779 1447 4819 nova
1499 4763 1754 4818 versione
1797 4758 2050 4821 donatas,

479 4848 837 4949 pluribusque
883 4860 1356 4920 observationibus
1400 4865 1624 4921 auctas,
1680 4852 1837 4907 novis
1886 4848 2056 4906 edidit

481 4939 718 5020 l’lantini
752 4939 937 5031 itypis.
999 4955 1156 5008 Anno
1216 4959 1396 5006 autem
1439 4945 1577 5000 1608
1625 4942 1888 4998 Martialis
1930 4939 2057 4993 Ma:-

485 5066 680 5112 straeus
723 5030 869 5114 illas,
924 5045 1082 5101 novis
1127 5040 1456 5112 quibusdam
1494 5035 1640 5090 notis
1670 5030 2054 5102 superadditis,

487 5150 682 5202 iterum
712 5143 767 5197 in
796 5141 992 5209 vulgus
1044 5133 1292 5206 protulit.
1346 5130 1594 5185 Posthmc
1637 5126 1867 5181 Geneva:
1913 5135 2058 5175 anno

490 5239 630 5293 1623
691 5230 950 5289 Nicolaus
992 5227 1248 5283 Vedelius
1310 5219 1617 5277 Academia:
1661 5214 1964 5287 professor,
2005 5218 2061 5265 et

488 5331 823 5388 Calvinianze
892 5332 1054 5380 sectae
1098 5319 1373 5382 minister,
1434 5314 1700 5381 castigata.
1746 5316 1872 5379 post
1928 5303 2058 5359 Ma:-

491 5436 712 5479 straeum
755 5416 1012 5474 Vairnelii
1056 5412 1221 5484 Sylvii
1261 5409 1549 5470 versione,
1601 5403 1820 5459 easdem
1871 5398 2062 5455 Gratco

492 5515 796 5584 Latinoque
808 5502 1318 5568 charactereemisit
1340 5501 1394 5553 in
1431 5501 1628 5553 lucem.

883 5641 912 5714 ᾗ
946 5638 1032 5694 111.
1079 5637 1150 5691 De
1183 5635 1410 5691 editione
1447 5631 1669 5686 Usserii.

528 5759 800 5837 .Jacubus
846 5753 1104 5814 Usserius
1168 5747 1614 5821 archiepiscopus
1673 5741 2054 5798 Artnachauus

2137 2119 2372 2173 alterum
2412 2116 2468 2170 in
2498 2116 2714 2185 privata
2750 2114 2814 2169 D.
2854 2113 3114 2168 Richardi
3149 2111 3469 2168 Montacutii
3505 2109 3727 2165 Norwi-

2131 2212 2312 2266 censis
2334 2225 2508 2280 nuper
2550 2208 2795 2280 episc0pi
2841 2207 3172 2262 bibliotheca
3221 2207 3554 2275 repositum.
3607 2203 3726 2257 Duo

2133 2317 2316 2362 autem
2348 2302 2721 2374 antiquissimi
2749 2299 2826 2355 illi
2867 2299 3228 2371 epistolarum
3273 2297 3469 2369 lgnatii
3502 2299 3726 2353 codices

2135 2399 2391 2453 Latinam
2415 2439 2429 2463 ,
2464 2411 2574 2467 qua
2606 2395 2880 2467 genuinus
2917 2409 3108 2449 earum
3134 2401 3314 2446 textus
3349 2392 3564 2460 absque
3598 2393 3726 2447 ullis

2137 2488 2658 2561 interpolationibus
2709 2488 2791 2542 vel
2840 2485 3231 2541 additamentis
3272 2484 3562 2549 redditur,
3597 2500 3726 2536 ver-

2137 2585 2347 2640 sionem
2377 2590 2792 2653 repraesentant.
2825 2579 2904 2634 Ex
2934 2578 3021 2635 his
3059 2577 3244 2648 itaque
3275 2575 3495 2631 duobus
3527 2576 3689 2631 libris
3708 2618 3723 2641 ,

2139 2684 2301 2746 atque
2324 2674 2449 2729 aliis
2478 2675 2656 2730 tribus
2680 2688 2848 2743 supra
2879 2672 3220 2738 memoratis,
3240 2685 3438 2725 novam
3470 2669 3723 2724 omnium

2139 2767 2544 2838 lgnatianarum
2605 2764 2960 2835 epistolarum
3013 2764 3342 2830 editionem,
3385 2764 3615 2833 praeﬁxa
3659 2763 3724 2816 iis

2140 2861 2423 2932 Polycarpi
2457 2860 2522 2915 ad
2540 2859 2924 2929 Philippenses
2953 2857 3206 2928 epistola,
3240 2857 3321 2912 sic
3342 2857 3723 2912 adornandam

2142 2961 2403 3029 suscepit.
2434 2957 2681 3012 Primum
2715 2955 2970 3027 genuinis
3020 2953 3216 3022 lgnatii
3260 2953 3512 3023 epistolis
3549 2954 3722 3007 inter-

2143 3051 2363 3123 polatis,
2395 3047 2583 3104 Graece
2609 3056 2664 3104 et
2691 3045 2884 3101 Latine
2911 3060 3153 3112 excusns,
3185 3045 3367 3099 locum
3396 3044 3552 3099 dedit
3582 3063 3596 3111 ;
3631 3045 3724 3099 sed

2141 3143 2368 3212 antiqua
2396 3157 2586 3196 earum
2615 3138 2809 3193 Latina
2835 3138 3089 3193 versione
3130 3135 3198 3190 ad
3225 3144 3338 3191 tres
3373 3137 3725 3205 supradictos

2144 3235 2366 3291 codices
2391 3231 2794 3299 manuscriptos
2820 3229 3107 3284 emendata
3144 3243 3280 3282 usus
3315 3235 3434 3293 est;
3468 3238 3637 3297 atque
3671 3237 3728 3281 ut

2069 3363 2113 3422 ο
2146 3325 2599 3422 interpolationeS
2624 3323 2692 3378 ab
2715 3322 2972 3377 omnibus
2996 3320 3211 3376 facilius
3236 3320 3572 3390 deprehendi
3601 3336 3726 3391 pos-

2150 3427 2306 3482 sent,
2344 3431 2441 3471 cas
2481 3415 2656 3470 minio
2683 3415 2898 3468 exarari
2925 3412 3111 3482 jussit.
3143 3411 3252 3466 Has
3299 3411 3587 3479 excipiunt
3612 3411 3730 3481 epi-

2150 3511 2304 3567 stolae
2338 3509 2480 3564 falso
2520 3505 2716 3578 Ignatii
2771 3506 2996 3560 nomine
3045 3503 3340 3573 inscriptae,
3367 3502 3576 3572 quibus
3613 3504 3730 3573 epi-

2149 3602 2346 3658 stolam
2374 3599 2556 3655 Mariae
2579 3597 2930 3654 Cassobelitaa
2955 3596 3024 3650 ad
3055 3593 3323 3665 lgnatium
3354 3595 3446 3649 ille
3468 3594 3728 3664 pnetixit,

2149 3702 2203 3748 et
2228 3693 2393 3747 trium
2431 3691 2873 3762 supradictorum
2899 3688 3151 3743 codicum
3178 3702 3280 3756 ope
3309 3687 3494 3741 varios
3519 3686 3731 3741 Latina

2149 3801 2341 3841 earum
2391 3785 2661 3840 versionis
2715 3797 2900 3838 naevos
2955 3783 3273 3852 abstergere
3331 3789 3568 3835 conatus
3621 3788 3728 3835 est.

2155 3876 2358 3933 Ultimo
2396 3876 2614 3932 tandem
2648 3877 2772 3931 loco
2800 3875 3024 3945 ponitur
3061 3873 3445 3943 antiquissima
3468 3917 3482 3939 ,
3515 3872 3597 3927 uti
3642 3872 3731 3926 di-

2153 3970 2336 4024 ximus
2357 4011 2372 4036 ,
2404 3969 2586 4023 versio
2617 3954 2982 4038 genuinarum
3026 3965 3223 4036 Ignatii
3275 3965 3635 4034 epistolarum
3661 4004 3678 4031 ,
3703 3981 3733 4019 e

2154 4078 2391 4134 quarum
2421 4075 2653 4116 numero
2690 4059 2923 4130 epistola
2953 4056 3021 4113 ad
3046 4057 3410 4128 Polycarpum
3452 4057 3733 4112 immerito

2155 4153 2484 4210 excluditur.

2557 4298 2586 4371 §
2617 4303 2708 4359 IV.
2751 4301 2828 4358 De
2857 4303 3085 4358 editione
3129 4303 3322 4360 Vossii.

2225 4443 2363 4499 Cum
2391 4441 2622 4498 Vossius
2665 4442 2767 4495 iter
2800 4441 2856 4494 in
2884 4439 3093 4495 Italiam
3133 4451 3339 4510 ageret,
3366 4451 3420 4495 et
3460 4437 3740 4497 Florenti-

2155 4551 2283 4590 nam
2333 4532 2668 4588 Ferdinandi
2707 4530 2752 4583 11
2795 4530 3029 4586 Etruriae
3079 4532 3274 4598 ducis,
3331 4530 3736 4588 Bibliothecam

2155 4627 2555 4697 perlustraret,
2607 4623 2803 4678 incidit
2879 4623 2936 4676 in
2989 4622 3234 4677 codicem
3308 4622 3496 4677 Graeca
3562 4639 3738 4678 manu

2082 4703 2484 4782 Dexaratum,
2528 4713 2622 4783 qui
2663 4711 2882 4766 easdem
2933 4720 3098 4780 atque
3151 4711 3220 4764 ab
3265 4707 3487 4764 Usserio
3541 4707 3740 4764 Latine

2160 4810 2357 4874 editas,
2387 4807 2675 4878 genuinas,
2703 4814 2756 4858 et
2793 4805 2911 4858 sine
2943 4801 3449 4872 interpolationibus
3489 4808 3545 4856 et.
3581 4801 3741 4856 addi—

2160 4902 2418 4957 tamentis
2464 4898 2723 4968 epistolas
2770 4895 2965 4966 lgnatii
3013 4893 3347 4948 continebat.
3399 4893 3587 4947 Codex
3647 4895 3741 4950 ille

2158 5002 2381 5049 centum
2423 4999 2550 5045 ante
2595 4989 2752 5044 annis
2785 5004 2818 5043 a
2861 4987 3160 5050 Turriano,
3193 4995 3252 5040 ut
3291 4986 3532 5040 creditur
3557 4987 3738 5050 visus,

2159 5099 2265 5138 nec
2293 5097 2450 5136 veras
2481 5079 2676 5151 Ignatii
2711 5079 2970 5148 epistolas
3000 5093 3031 5131 a
3067 5077 3219 5132 falsis
3256 5077 3741 5146 supposititiisque

2162 5175 2476 5245 distinguit,
2514 5187 2615 5227 nec
2656 5169 2864 5239 integer
2897 5177 3016 5235 est;
3061 5169 3264 5239 quippe
3297 5168 3392 5238 qui
3438 5169 3737 5238 epistolam

2163 5268 2338 5323 sancti
2367 5265 2624 5336 martyris
2659 5262 2728 5317 ad
2755 5261 3034 5317 Romanos
3062 5276 3172 5316 non
3195 5262 3448 5317 exhibeat
3472 5263 3736 5333 amplius.

2165 5360 2396 5415 Vossius
2427 5359 2611 5427 itaque
2635 5355 2702 5410 ad
2734 5370 2866 5410 suos
2893 5355 3088 5421 redux,
3110 5369 3306 5409 novam
3337 5355 3737 5412 Amstelodami

2161 5451 2472 5508 3111101646
2513 5450 2865 5520 epistolarum
2913 5445 3107 5517 lgnatii
3153 5447 3448 5502 editionem
3493 5445 3737 5504 adorna-

2159 5549 2257 5612 vit,
2283 5562 2392 5616 qua
2416 5545 2636 5600 Grzecas
2675 5559 2742 5598 ex
2785 5543 2878 5596 illo
2906 5540 3224 5596 Florentino
3266 5541 3472 5605 codice,
3511 5539 3738 5596 Latinas

2161 5657 2292 5697 vero
2319 5657 2385 5694 ex
2426 5636 2810 5708 antiquissima
2831 5634 3107 5701 versione,
3139 5635 3209 5688 ab
3237 5632 3461 5689 Usserio
3493 5634 3732 5704 vulgata.

2161 5734 2342 5792 emisit
2389 5734 2440 5788 in
2490 5732 2789 5801 publicum.
2832 5727 2927 5784 llis
2971 5743 3100 5784 vero
3145 5726 3394 5798 epistolis
3422 5726 3560 5782 alias
3607 5740 3733 5815 cum
