3852 6206
152 329 265 401 557

1121 332 1182 385 D.
1218 328 1504 386 NOURRII
1546 327 2020 414 DISSERTATIO.
2064 363 2131 374 --
2166 333 2344 390 PARS
2381 334 2471 393 Ill.

3313 341 3416 394 558

161 447 509 502 adulterinas
574 457 687 502 tum
742 451 1098 520 interpolatas
1156 466 1280 506 eum
1333 455 1449 506 suis
1501 450 1744 519 antiquis
1774 454 1820 510 Α
1849 450 2094 517 ejusdem
2137 462 2319 507 textus
2357 455 2804 520 illustrationem,
2849 463 3012 526 atque
3043 453 3188 509 illius
3225 466 3416 511 contra

163 539 516 594 versiunibus
547 539 761 596 Latinis
789 543 1060 614 adjunxit.

165 656 193 726 ἦ
226 655 292 712 ν.
341 657 418 712 De
461 659 692 716 editione
743 664 1049 732 appendicis
1090 663 1422 730 Usserianw,
1459 663 1738 729 Cotelerii,

785 743 835 787 et
871 734 1122 789 aliorum.

232 838 606 912 Subsequenti
647 858 796 899 anno
829 842 1106 913 Usserius,
1129 848 1245 902 visa
1269 845 1448 903 Vossii
1479 847 1740 915 editione,

157 929 503 1000 lgnatianam
553 931 792 989 Londini
855 937 1136 992 accuravit
1185 937 1577 1007 appendicem,
1632 954 1740 1009 qua

157 1026 431 1092 genuinas
474 1029 857 1086 tantummodo
894 1029 1086 1100 lgnatii
1135 1033 1398 1103 epismlas
1444 1032 1632 1088 Graaee
1688 1043 1743 1087 et

158 1114 354 1172 Latine
395 1120 714 1189 complexus
745 1129 849 1177 est.
881 1120 938 1177 In
991 1139 1055 1179 ea
1087 1125 1268 1195 primo
1321 1125 1570 1181 Graecum
1603 1122 1743 1180 Vos-

157 1209 327 1264 siana:
353 1210 617 1268 editionis
652 1221 862 1269 textum
892 1231 957 1270 ex
979 1216 1174 1272 Latina
1200 1219 1451 1274 versione
1472 1217 1741 1288 antiquis-

154 1303 318 1369 sima,
352 1311 410 1358 et
451 1302 915 1378 JuniiVossiique
955 1309 1288 1380 coniecturis
1335 1310 1609 1380 corrigere
1643 1324 1741 1380 ag-

155 1409 407 1464 gressus,
440 1411 505 1450 ex
533 1396 749 1452 duabus
790 1397 988 1453 deinde
1034 1398 1352 1454 earumdem
1381 1397 1736 1468 epistularum

153 1487 508 1542 versionibus
539 1487 784 1555 Latinis,
821 1489 994 1544 altera
1041 1489 1428 1560 antiquissima
1449 1531 1464 1556 ,
1504 1490 1677 1545 altera
1704 1504 1735 1543 a

156 1574 346 1645 Sylvio
371 1579 539 1642 edita,
567 1596 733 1635 unam
761 1582 850 1636 ille
877 1583 1213 1651 composuit.
1246 1580 1519 1648 Quoniam
1551 1591 1733 1637 autem

157 1669 397 1736 cpistola
425 1671 494 1725 ad
545 1669 830 1728 Rom-anus
878 1689 944 1728 ex
1002 1676 1373 1744 manuscripto
1420 1673 1736 1730 Florentino

151 1759 333 1817 fuerat
371 1764 585 1826 avulsa,
618 1765 764 1820 illam
799 1782 924 1822 cum
953 1766 1160 1823 Graecis
1190 1768 1436 1839 martyrii
1470 1767 1734 1840 lgnatiani

149 1853 327 1920 Actis,
356 1863 468 1909 tam
501 1871 533 1909 a
578 1855 949 1927 Metaphraste
999 1860 1161 1917 editis
1182 1902 1198 1927 ,
1245 1876 1411 1931 quam
1444 1862 1567 1918 aliis
1595 1878 1624 1916 a
1675 1879 1735 1918 se

148 1947 422 2016 repertis,
469 1947 783 2020 ibidemque
829 1952 1069 2022 primum
1120 1953 1415 2023 publicatis
1444 1954 1732 2022 collatam,

149 2037 479 2110 tuendisque
498 2051 858 2112 expurgatam
882 2044 1056 2098 voluit
1084 2044 1294 2100 caeteris
1316 2045 1572 2100 omnibus
1600 2047 1735 2102 sub-

148 2142 294 2185 necti
304 2171 318 2184 .

215 2221 534 2279 Cotelerius
562 2223 617 2277 in
643 2238 742 2280 sua
766 2222 1007 2296 Operum
1042 2223 1143 2280 SS.
1170 2223 1397 2280 Patrum
1415 2265 1430 2292 ,
1461 2226 1556 2295 qui
1592 2233 1733 2281 tem-

144 2314 384 2383 poribus
409 2315 725 2384 apostolicis
754 2315 1077 2381 lloruerunt,
1101 2316 1341 2372 editione
1363 2331 1555 2373 omnes
1578 2321 1736 2388 lgna-

144 2406 207 2458 tii
241 2405 536 2474 epistolas,
572 2421 750 2472 veras,
786 2406 1166 2475 interpolatas,
1200 2407 1546 2472 subdititias,
1579 2408 1735 2463 adul-

145 2497 387 2563 terinas,
421 2497 519 2553 sed
549 2514 580 2553 a
609 2512 670 2553 se
702 2498 1258 2560 invicemdistinctas
1281 2541 1296 2565 ,
1341 2508 1396 2554 et
1430 2515 1531 2556 suo
1567 2517 1736 2570 quas-

144 2605 255 2658 que
301 2590 605 2645 colloeatas
641 2590 696 2644 in
743 2590 970 2658 ordine,
1016 2592 1157 2662 typis
1199 2592 1396 2646 iterum
1434 2593 1731 2648 mandavit.

143 2680 300 2735 Duas
331 2681 411 2735 ibi
456 2697 646 2736 earum
692 2682 840 2737 dedit
882 2683 1168 2738 versiones
1197 2681 1454 2746 Latinas,
1497 2699 1732 2754 quarum

144 2774 330 2842 prima
377 2774 647 2843 genuinas
673 2814 690 2841 ,
725 2774 967 2830 secunda
993 2775 1304 2845 suppositas
1347 2775 1734 2846 interpretatus

145 2873 253 2918 est.
310 2863 422 2918 Sed
475 2865 624 2934 prior
656 2865 864 2920 ultima:
891 2866 1164 2921 versionis
1191 2866 1518 2932 Usserianaa,
1550 2876 1734 2937 poste«

144 2958 265 3011 rior
287 2957 608 3012 versiunutn
629 2957 796 3030 Sylvii
825 2968 880 3012 et
907 2957 1156 3014 Maestrzei
1186 2959 1371 3028 potius
1394 2959 1734 3015 emendatior

148 3050 534 3120 interpretatio
564 3050 794 3106 dicenda
819 3059 928 3118 est,
963 3065 1128 3120 quam
1161 3065 1326 3107 nova.

219 3141 474 3211 Denique
514 3141 759 3211 epistolae
791 3141 987 3214 lgnatii
1024 3143 1082 3198 in
1126 3144 1383 3199 omnibus
1430 3142 1731 3198 Bibliothe-

148 3249 345 3288 carum
395 3232 619 3286 Patrum
645 3234 983 3288 editionihus
1030 3235 1340 3289 habuerunt
1386 3235 1600 3302 locum;
1637 3233 1732 3289 sed

155 3323 355 3377 nullibi
419 3322 527 3378 nisi
569 3324 624 3377 in
656 3323 1050 3380 Graeco-latina
1074 3327 1214 3396 typis
1267 3327 1470 3382 Graecis
1515 3344 1733 3384 excusa:

160 3424 317 3470 sunt.
378 3413 440 3468 in
491 3415 616 3470 aliis
669 3431 799 3471 vero
847 3418 1015 3472 varia:
1062 3419 1389 3473 exhibentur
1445 3420 1731 3476 versiones

153 3505 401 3574 Latinae;
458 3515 515 3562 et
562 3507 797 3577 quidem
831 3510 887 3563 in
952 3509 1499 3580 Orthodoxographia
1549 3513 1731 3566 versio

151 3601 425 3670 antiqua;
470 3600 527 3654 in
561 3599 903 3657 Bibliotheca
954 3601 1252 3658 Parisiensi
1295 3613 1350 3658 et
1390 3604 1728 3671 Coloniensi,

155 3703 212 3747 et
243 3692 645 3748 Graeco~latina
671 3694 1044 3763 interpretatio
1067 3693 1234 3765 Sylvii
1257 3697 1493 3765 reposita
1533 3707 1635 3752 est.
1670 3699 1730 3751 In

151 3786 494 3842 bibliotheca
536 3787 757 3842 demum
801 3785 1154 3858 Lugdunensi
1186 3789 1309 3844 dua:
1333 3800 1461 3844 sunt
1507 3804 1729 3844 earum-

147 3879 273 3932 dem
317 3879 676 3948 epistularum
712 3879 1226 3950 interpretationes,
1256 3897 1491 3950 quarunt
1524 3896 1631 3935 una
1662 3896 1730 3935 ex

149 3970 348 4042 Sylvii,
387 3972 559 4027 altera
587 3989 654 4028 ex
686 3972 866 4029 Vossii
901 3974 1141 4029 editione
1173 3974 1462 4044 desumpta
1507 3974 1728 4044 quidem

147 4063 292 4130 fuit;
320 4064 415 4118 sed
455 4063 562 4119 illae
589 4064 643 4118 in
680 4065 785 4120 hac
819 4066 1123 4135 posteriore
1167 4065 1514 4120 fraudulento
1562 4065 1731 4120 falso-

147 4171 255 4226 que
284 4157 655 4225 genuinarum
696 4155 893 4228 lgnatii
937 4156 1294 4227 epistularum
1323 4156 1478 4212 titulo
1527 4155 1728 4211 inscri-

146 4249 378 4304 buntur.

773 4360 1002 4416 CAPUT
1043 4361 1104 4415 ll.

1849 555 2175 613 novatores,
2227 547 2282 600 in
2335 547 2636 618 primisque
2693 548 2994 604 Scultetum
3041 549 3414 604 defensionem

1847 645 1977 691 sunt
2025 639 2203 693 editae.
2258 638 2363 694 Sed
2413 642 2611 710 cuique
2662 651 2923 712 praeterea
2960 641 3201 710 epistolae
3259 657 3417 697 suam

1849 729 2121 799 analysin,
2159 731 2336 802 iisque
2380 734 2636 790 omnibus
2676 736 2936 806 synopsin
2972 734 3105 790 Vitae
3134 736 3325 807 lgnatii
3365 747 3420 792 et

1851 822 2098 878 omnium
2130 827 2484 894 epistularum
2517 828 2823 898 apologiam
2864 830 3144 899 praemisit.
3173 831 3244 884 At
3271 841 3418 886 certe

1843 913 1891 968 si
1919 913 2009 970 ille
2059 915 2112 968 in
2147 917 2311 972 rebus
2357 919 2565 974 criticis
2592 920 2766 991 magis
2826 920 3020 978 fuisset
3057 925 3416 993 exercitatus,

1842 1005 1927 1060 vel
1954 1013 2078 1075 post
2111 1006 2317 1064 Usserii
2349 1008 2640 1081 Vossiique
2666 1013 2953 1080 editiones,
2995 1030 3152 1070 suam
3176 1017 3418 1072 dedisset

1841 1098 2170 1169 apologiam,
2197 1117 2478 1173 nunquam
2520 1102 2766 1173 profecto
2800 1106 3138 1163 adulterinas
3160 1150 3176 1175 ,
3209 1124 3414 1179 suppo-

1841 1190 2155 1262 sititiasque
2184 1194 2465 1264 epistolas,
2496 1213 2650 1268 aeque
2680 1213 2744 1253 ac
2769 1214 2930 1254 veras
2958 1198 3168 1270 lgnatio
3197 1201 3414 1272 adjudi-

1840 1285 2043 1340 caudas
2072 1301 2193 1341 esse
2220 1303 2384 1342 suum
2406 1288 2462 1342 in
2491 1290 2736 1345 animum
2767 1290 3095 1347 induxisset.

1907 1377 2169 1436 Nicolaus
2203 1380 2457 1437 Vedelius
2493 1390 2621 1452 post
2659 1383 2904 1454 singulas
2937 1399 3184 1455 quasque
3206 1385 3412 1454 episto-

1839 1471 1924 1527 las
1950 1472 2166 1544 longam
2202 1473 2680 1538 dissertationem,
2720 1474 2890 1530 variis
2919 1476 3191 1546 capitibus
3212 1476 3411 1532 distin-

1838 1573 2004 1630 ctam,
2026 1563 2334 1634 su’bjunxit,
2352 1580 2462 1635 qua
2492 1564 2826 1621 Calvinianae
2849 1583 2963 1622 sua:
2986 1575 3148 1623 sectae
3171 1584 3409 1632 errores,

1837 1664 1891 1710 et
1922 1655 2028 1709 alia
2071 1655 2321 1725 quaedam
2367 1656 2664 1724 doctrinae,
2698 1658 3111 1728 disciplinzeque
3153 1660 3412 1715 ecclesia—

1839 1748 1991 1804 sticae
2035 1748 2215 1817 capita
2267 1748 2530 1805 adversus
2582 1747 2972 1806 Bellarminum
3022 1767 3088 1806 ac
3114 1750 3411 1808 Baronium

1834 1843 2232 1913 pr0pugnanda
2286 1843 2552 1913 suscepit.
2612 1841 2674 1897 In
2725 1843 2876 1899 calce
2926 1852 3108 1898 autem
3162 1845 3408 1914 adjecit:

1841 1951 1860 1985 ι
1891 1932 2058 1989 Notas
2095 1934 2339 2000 eriticas,
2377 1943 2432 1989 et
2479 1935 2894 1991 observationes
2927 1936 3192 2006 quasdam
3229 1937 3408 2007 philu-

1835 2024 2038 2094 logicas
2082 2025 2138 2078 in
2168 2025 2433 2095 epistolas
2461 2036 2669 2096 septem
2708 2041 2995 2097 germanas
3042 2025 3256 2098 [gnatiL
3289 2047 3308 2080 ι
3348 2029 3407 2083 In

1835 2117 1906 2173 iis
1933 2119 2263 2190 quandoque
2298 2120 2610 2175 versionem
2644 2135 2800 2175 suam
2819 2161 2834 2188 ,
2864 2121 3195 2192 quandoque
3220 2125 3410 2194 genui-

1834 2225 1935 2263 nas
1964 2208 2158 2280 lgnatii
2213 2211 2472 2281 epistolas
2516 2219 2700 2266 tuetur
2726 2221 2781 2266 et
2819 2213 3038 2278 asserit,
3078 2215 3411 2285 quandoque

1836 2317 2026 2356 earum
2062 2303 2512 2373 interpolationes
2543 2303 2784 2370 indicat,
2809 2305 3141 2377 quandoque
3189 2309 3409 2363 tandem

1834 2399 2046 2446 textum
2068 2408 2257 2448 earum
2292 2395 2530 2464 explicat
2549 2404 2647 2450 aut
2667 2395 2915 2467 corrigit.

1908 2481 2102 2538 Billius
2143 2499 2362 2555 quoque
2411 2486 2701 2556 quasdam,
2751 2496 2811 2541 ut
2840 2488 2958 2557 ipse
3001 2489 3100 2554 ait,
3144 2490 3408 2546 observa--

1835 2576 2114 2631 tiunculas
2162 2578 2229 2632 ad
2263 2575 2530 2648 lgnatiani
2573 2587 2757 2634 textus
2807 2578 3016 2648 Graeci,
3063 2583 3146 2638 vel
3201 2582 3410 2640 Latinae

1837 2668 1985 2726 illius
2013 2671 2280 2726 versionis
2308 2671 2746 2726 emendationem
2775 2673 3081 2742 posteritati
3105 2675 3346 2746 reliquit.

1838 2809 1868 2881 ﬁ
1908 2807 1974 2861 ll.
2017 2807 2094 2862 De
2133 2807 2574 2930 adnotationibus;
2617 2806 2851 2890 qsserii,
2917 2808 3090 2866 Vossii
3141 2822 3191 2868 et
3247 2813 3405 2870 Cote-

2577 2895 2698 2930 em.

2577 2895 2698 2932 ενιι.

1907 2993 2166 3052 Usserius
2211 3010 2342 3052 vero
2379 2997 2564 3065 plures
2611 2997 2783 3052 edidit
2826 2998 3238 3066 adnutatiunes,
3297 3019 3317 3053 ι
3349 3000 3405 3054 in

1757 3134 1800 3192 ϐ
1835 3088 2059 3158 quibus,
2088 3090 2266 3159 inquit
2291 3090 2402 3157 ille,
2435 3089 2747 3144 Grecorum
2778 3092 3194 3161 exemplarium,
3235 3101 3289 3147 et
3316 3093 3403 3147 in-

1836 3191 1916 3235 ter
1938 3198 2020 3250 se,
2050 3191 2104 3237 et
2133 3198 2258 3238 cum
2287 3193 2518 3252 utraque
2542 3192 2723 3238 vetere
2744 3181 2938 3238 Latina
2964 3183 3406 3253 interpretatione

1833 3276 2172 3345 comparatio
2219 3277 2551 3330 continetur.
2585 3295 2604 3327 ι
2662 3274 2766 3330 Sed
2814 3291 2939 3330 cum
2986 3275 3089 3331 illa:
3139 3278 3405 3348 genuinas

1833 3377 2046 3422 tantum
2079 3369 2340 3439 epistolas
2392 3368 2582 3439 lgnatii
2615 3377 2941 3438 spectarent,
2969 3369 3107 3425 alias
3155 3371 3209 3424 in
3251 3386 3405 3425 com-

1833 3462 2108 3517 mentitias
2132 3471 2186 3516 et
2213 3461 2550 3516 adulterinas
2575 3462 2630 3516 in
2672 3463 2985 3532 Appendice
3015 3480 3111 3520 sua
3163 3466 3406 3534 posthaec

1831 3547 2028 3609 edidit.°
2055 3553 2274 3609 Priores
2314 3563 2372 3608 ut
2413 3553 2631 3624 prmfert
2673 3555 2902 3620 titulus,
2939 3558 3202 3626 quasdam
3251 3557 3406 3628 lgna-

1832 3644 1968 3699 tiani
1999 3653 2180 3699 textus
2217 3644 2608 3711 correctiones,
2641 3653 2736 3698 aut
2778 3645 3054 3700 variantes
3089 3650 3401 3702 manuscri-

1833 3747 2052 3810 ptorum
2089 3737 2339 3792 codicum
2363 3736 2624 3792 lectiones
2647 3737 2925 3792 exhibent.
2949 3736 3286 3796 Posteriores
3310 3758 3406 3796 ve-

1831 3846 1896 3886 ro
1925 3830 2010 3885 vel
2053 3830 2283 3884 aliarum
2312 3829 2666 3899 epistularum
2715 3829 3028 3896 falsitatem,
3061 3840 3156 3886 aut
3186 3833 3402 3889 illarum

1832 3936 1956 3976 cum
2016 3921 2334 3990 apostolicis
2407 3920 2906 3976 ConSIitutionihus
2986 3921 3404 3981 similitudinem

1830 4014 2170 4085 patefaciunt
2196 4021 2250 4068 et
2277 4015 2658 4069 demonstrant

1899 4107 2358 4163 Adnotatiouibus
2389 4105 2570 4162 Vossii
2611 4107 2762 4162 solus
2795 4108 3159 4178 genuinarum
3199 4112 3405 4182 episto-

1830 4199 2009 4255 larum
2044 4210 2226 4255 textus
2257 4199 2593 4270 castigatur,
2639 4208 2736 4254 aut
2774 4203 3076 4270 enodatur;
3124 4205 3403 4261 nonnullis

1831 4303 2036 4361 tamen,
2069 4294 2162 4349 sed
2185 4294 2534 4363 paucissimis
2560 4294 2922 4364 quarumdam
2952 4296 3154 4352 veritas
3198 4297 3403 4367 episto-

1831 4386 2009 4440 larum
2038 4387 2322 4440 asset-itur.
2349 4384 2651 4454 Postquam
2697 4394 2878 4440 autem
2910 4385 3224 4444 Blondellus
3261 4405 3403 4444 nun-

146 4493 212 4532 βε
262 4491 447 4532 vanus
486 4492 540 4530 ιη
591 4491 792 4532 manu
830 4493 1120 4532 emsrous
1158 4493 1318 4534 NOTIS
1355 4494 1432 4536 nr.
1465 4494 1727 4534 onsenva-
1759 4471 1803 4525 Ι)
1831 4476 1981 4531 nulla
2029 4477 2224 4530 harum
2280 4475 2822 4530 animadversionum
2875 4486 3055 4531 errata
3108 4479 3400 4550 arguisset,

804 4563 1072 4604 TIONIBUS.

149 4658 384 4734 §l.__De
412 4659 671 4734 _notis__et
721 4659 1186 4734 observationibus
1231 4660 1486 4734 Vuirnelii
1526 4662 1725 4734 Sylvii,

246 4729 530 4784 Martialis
572 4727 852 4794 Mmstrwi,
883 4728 1100 4784 Nicolai
1147 4730 1343 4786 Vedelii
1375 4744 1426 4787 et
1455 4727 1628 4789 Billii.

211 4843 292 4898 Ex
327 4845 399 4898 iis
426 4842 520 4912 qui
551 4842 792 4912 aliquam
827 4844 1182 4913 epistularum
1207 4843 1399 4915 lgnatii
1430 4847 1727 4902 editionem

146 4938 599 5000 adornaverunt,
652 4935 876 5006 plurimi
935 4937 1057 4992 illas
1117 4938 1262 4992 notis
1323 4939 1725 4994 observationi-

146 5030 360 5100 busque
395 5029 517 5084 suis
573 5029 847 5084 illustrare
893 5031 1134 5101 aggressi
1181 5039 1330 5086 sunt.
1379 5031 1457 5087 Ac
1487 5034 1724 5103 primum

145 5124 366 5192 quidem
394 5119 708 5176 Vairnelius
737 5119 954 5191 Sylvius
975 5123 1223 5192 quaedam
1248 5125 1302 5177 in
1333 5139 1427 5178 eas
1452 5125 1724 5190 observat,

147 5217 211 5270 ad
241 5224 433 5271 textus
475 5214 652 5270 Graeci
695 5225 789 5270 aut
829 5218 1099 5273 versionis
1151 5233 1266 5273 sum
1307 5217 1723 5287 explicationem

147 5309 556 5375 conducentia;
607 5309 702 5364 sed
746 5325 869 5379 qua:
912 5312 980 5365 ad
1026 5319 1234 5365 textum
1283 5319 1562 5379 spectant,
1592 5327 1728 5380 pau-

147 5401 296 5456 ciora
355 5409 526 5467 sunt,
577 5401 918 5472 minorisque
972 5403 1254 5457 momenti.
1304 5401 1382 5456 Ea
1429 5411 1609 5456 tamen
1667 5403 1722 5455 in

147 5497 412 5551 omnibus
435 5494 661 5549 Patrum
694 5494 1043 5550 Bibliothecis
1069 5495 1342 5566 publicata
1373 5496 1614 5550 fuerunt.

212 5589 486 5645 Martialis
543 5589 840 5644 Maestrreus
903 5591 1085 5657 plures
1128 5603 1346 5657 quoque
1395 5588 1448 5640 in
1501 5587 1720 5641 easdem

147 5682 660 5737 animadversiones
704 5679 966 5749 Vulgavit,
997 5694 1230 5749 quarum
1262 5678 1378 5732 alia:
1409 5677 1474 5731 ad
1515 5686 1720 5731 textum

148 5764 441 5843 Graecum;
475 5775 893 5844 versionemqne
942 5787 1096 5829 suam
1149 5770 1455 5843 pertinent;
1495 5770 1615 5824 aliae
1655 5771 1722 5825 ad

1829 4575 1962 4622 tunc
1995 4565 2227 4623 Vossius
2269 4566 2496 4635 epistola
2520 4605 2537 4632 ,
2585 4567 2654 4621 ad
2685 4567 2938 4622 Rivetum
2971 4571 3130 4636 data,
3163 4579 3330 4641 atque
3368 4589 3402 4629 a

1829 4657 2127 4713 Pearsonio
2171 4657 2224 4712 in
2278 4658 2428 4713 calce
2465 4656 2838 4713 Vindiciarum
2883 4675 3110 4715 suarum
3161 4663 3401 4734 vulgata,

1830 4751 1898 4806 ad
1927 4752 2048 4806 illas
2079 4760 2304 4806 strenue
2334 4751 2757 4822 pr0pugnandas
2792 4767 3087 4822 aggressus
3116 4763 3220 4809 est.

1899 4846 2187 4900 Postremo
2211 4843 2513 4899 Cotelerius
2540 4844 2594 4897 in
2626 4859 2819 4900 omnes
2857 4844 3048 4915 lgnatii
3081 4846 3253 4902 nostri
3288 4849 3397 4918 epi-

1831 4940 2004 4995 stolas
2036 4948 2195 4994 notas
2221 4937 2406 4992 emisit
2427 4947 2591 5007 atque
2615 4937 3056 4998 observationes.
3095 4938 3245 5007 Quas
3270 4955 3406 4996 vero

1827 5032 1884 5086 in
1916 5032 2183 5102 genuinas
2210 5030 2299 5084 ille
2328 5030 2577 5099 protulit,
2604 5045 2682 5084 ea:
2723 5031 2933 5087 caeteris
2976 5031 3234 5088 omnibus
3275 5047 3408 5089 sunt

1829 5122 2125 5191 longiores,
2170 5120 2346 5189 iisque
2385 5135 2492 5172 non
2529 5118 2705 5172 solum
2737 5127 2918 5173 textus
2950 5119 3275 5186 illustratur,
3308 5119 3404 5174 sed

1831 5219 1916 5272 ba:
1968 5216 2318 5286 potissimum
2363 5211 2608 5282 epistola:
2658 5209 2868 5282 lgnatio
2915 5210 3288 5266 vindicantur.
3343 5207 3402 5264 In

1830 5311 1953 5366 aliis
1983 5323 2145 5379 porro
2171 5303 2615 5360 adnotationibus
2643 5311 2848 5358 textum
2878 5304 3120 5360 auctoris
3143 5319 3211 5360 ex
3235 5305 3402 5362 variis

1830 5405 2065 5458 aliorum
2095 5399 2320 5454 Patrum
2353 5397 2684 5452 testimoniis
2719 5396 2991 5467 praacipue
3025 5397 3301 5467 explanat,
3335 5415 3402 5454 ac

1830 5495 2156 5567 quibusdam
2184 5494 2238 5548 in
2263 5493 2399 5548 locis
2441 5492 2506 5546 de
2531 5490 2840 5560 virginitate
2862 5529 2878 5554 ,
2913 5490 2981 5544 de
3026 5491 3400 5560 apostolorum

1830 5584 2106 5654 conjugio,
2143 5582 2528 5651 nonnullisque
2549 5581 2615 5635 de
2637 5581 2908 5636 liazreticis
2936 5596 3245 5636 sermonem
3281 5583 3400 5638 dis-

1831 5678 2280 5747 putationemque
2324 5675 2580 5731 instituit.
2616 5674 2886 5729 Caeterum
2933 5688 3125 5730 omnes
3163 5675 3267 5730 illae
3295 5675 3398 5730 do-

1835 5769 2071 5827 ctissimi
2113 5769 2218 5828 viri
2266 5767 2679 5826 observationes
2704 5767 2949 5837 ejusdem
2982 5773 3110 5822 sunt
3147 5769 3387 5838 generis,
