3834 6214
428 261 534 314 559

1480 259 1542 314 ‘S.
1581 259 1936 317 lC‘NATlUS.
1979 293 2046 302 —-
2077 261 2616 319 PROLEGOMENA.

3594 267 3692 322 560

428 395 492 434 ac
517 395 594 435 ea:
614 395 752 449 quas
776 378 830 432 in
857 377 1120 434 Barnabte
1147 378 1435 448 epistolam
1457 380 1645 433 edidit.
1673 379 1729 432 ln
1758 381 2006 450 utrisque
2035 388 2078 442 Α
2109 381 2267 434 debet
2309 382 2560 437 adnotari
2585 425 2599 449 ,
2627 383 2773 452 quod
2824 381 3068 454 lgnatius
3111 386 3179 440 dc.
3222 402 3380 443 sacro
3422 387 3698 442 Christia-

428 478 647 534 tamen,
679 484 746 522 ne
776 469 905 539 quid
936 469 1350 523 dissimulcmus
1373 509 1386 534 ,
1421 469 1552 523 illud
1605 470 1808 524 eruditi
1855 470 2009 525 desis

427 562 641 632 derant,
675 573 782 616 uta
811 565 1092 632 proposito
1120 562 1366 617 auctoris
1395 562 1478 617 sui
1497 571 1647 616 textu
1665 565 1848 618 minus
1869 578 2010 632 sape

411 657 502 710 ille
544 657 826 727 digressus
865 655 1077 726 fuisset,
1100 673 1200 713 nec
1221 659 1340 713 suis
1363 666 1474 714 tam
1497 658 1658 715 facile
1683 658 2010 723 indulsisset

411 759 512 799 con
526 743 782 815 jccturis.

1027 881 1260 938 CAPUT
1304 882 1393 938 Ill.

413 1006 651 1056 ριτιιιμι
688 1008 839 1050 Νονε
875 1009 1311 1051 OBSERVATIONES
1348 1011 1398 1049 IN
1439 1010 1642 1050 IGNATII
1688 1012 2002 1052 EPISTOLAS.

812 1106 840 1179 §
874 1106 915 1164 l.
959 1108 1036 1163 De
1075 1107 1276 1162 Christi
1311 1108 1613 1165 divinitate.

493 1218 593 1276 His
637 1221 924 1276 doctorum
975 1222 1260 1276 hominum
1292 1222 1771 1278 observationibus
1813 1223 1858 1278 si
1903 1224 2007 1278 ali-

421 1313 554 1383 quid
611 1313 847 1383 adjicerc
899 1312 1059 1367 nobis
1123 1312 1331 1380 liceat,
1385 1313 1564 1383 primo
1621 1313 2006 1369 adnotabimus

421 1420 732 1476 supremam
779 1404 986 1460 Christi
1025 1403 1244 1459 Domini
1287 1406 1628 1460 divinitatem
1681 1407 1751 1461 ab
1790 1407 2004 1476 lgnatio

420 1507 610 1552 nostro
641 1497 787 1553 clare
816 1505 871 1552 et
892 1498 1181 1568 perspicue
1208 1501 1378 1553 asseri
1411 1507 1466 1552 et
1492 1498 1727 1553 defendi.
1763 1501 1808 1552 A
1849 1499 2005 1556 nobis

421 1591 566 1644 enim
583 1589 698 1660 jam
742 1588 1182 1645 demonstratum
1229 1600 1316 1646 est
1369 1590 1528 1646 Verbi
1578 1592 1748 1646 divini
1779 1594 2002 1648 aeterni-

421 1693 588 1738 tatem
624 1683 692 1737 ah
722 1684 818 1738 illo
841 1684 1002 1753 plane
1033 1685 1262 1738 omnino
1301 1693 1356 1739 et
1397 1695 1581 1754 aperte
1623 1686 1707 1740 his
1739 1686 2001 1754 explicari

420 1775 636 1830 verbis:
670 1775 768 1838 Ὃς
801 1776 950 1829 ἐστιν
981 1773 1146 1828 αὐτοῦ
1179 1775 1336 1844 λόγος
1358 1777 1545 1842 ἀΐδιος,
1567 1777 1667 1830 οὐκ
1698 1777 1806 1831 ἀπὸ
1840 1779 2003 1852 σιγῆς

420 1865 720 1940 προελθών,
759 1885 777 1918 ε
815 1868 912 1936 qui
941 1877 1024 1922 est
1051 1869 1222 1938 ipsius
1259 1869 1484 1924 verbum
1525 1879 1791 1926 aeternum
1824 1887 1935 1926 non
1971 1887 2002 1928 a

417 1957 638 2012 silentio
670 1957 1024 2027 progrediens
1041 1959 1109 2014 ".
1139 1977 1158 2010 ι
1193 1959 1357 2030 Atqui
1391 1961 1439 2014 si
1470 1959 1727 2017 Christus
1757 1971 1842 2018 est
1872 1961 2004 2019 Ver-

417 2049 550 2103 bum
580 2047 728 2104 Patri
760 2064 860 2104 suo
888 2059 1245 2118 comternum,
1274 2053 1322 2108 is
1349 2053 1466 2123 ipse
1504 2062 1559 2109 et
1594 2055 1842 2124 ejusdem
1871 2072 2001 2112 cum

419 2145 544 2212 ipso
582 2153 792 2198 naturae
818 2182 835 2209 ,
887 2143 1145 2215 idemque
1190 2161 1254 2201 ac
1293 2147 1385 2203 ille
1427 2147 1500 2203 sit
1549 2147 1723 2219 Deus,
1772 2151 2001 2206 omnino

417 2247 646 2288 necesse
687 2239 790 2288 εει.

486 2341 678 2416 Neque
726 2346 800 2401 ibi
849 2354 1101 2413 tantum,
1154 2349 1248 2404 sed
1291 2349 1344 2404 in
1385 2351 1509 2408 aliis
1541 2352 1706 2408 etiam
1751 2355 2000 2426 epistolis

418 2437 537 2494 suis
600 2439 851 2494 eamdem
909 2440 1113 2496 Christi
1162 2442 1502 2500 divinitatem
1556 2450 2000 2506 constantissime

417 2529 579 2584 docet
623 2538 677 2584 et
712 2529 1013 2600 praedicat:
1068 2548 1088 2582 ι
1126 2530 1421 2600 Glorifico,
1471 2534 1764 2607 inquit“,
1808 2537 1998 2596 Jesum

416 2619 698 2677 Christum
734 2620 927 2677 Deum.
959 2641 980 2676 ι
1010 2623 1154 2679 Alibi
1183 2640 1352 2682 vero:
1389 2645 1408 2679 ι
1449 2626 1604 2685 Unus
1640 2640 1724 2687 est
1753 2634 1999 2692 medicus

416 2712 656 2768 carnalis
679 2723 734 2768 et
757 2714 1082 2783 spiritualis,
1109 2715 1288 2774 factus
1317 2727 1371 2774 et
1391 2736 1502 2775 non
1530 2720 1731 2790 factus,
1755 2725 1811 2778 in
1833 2741 2000 2783 carne

417 2806 562 2861 Deus
577 2805 645 2861 δ’.
669 2825 689 2858 ι
725 2805 852 2861 Haec
872 2809 1073 2879 quippe
1105 2811 1297 2865 ultima
1329 2811 1522 2884 lgnatii
1547 2815 1712 2869 verba
1734 2816 1803 2871 ab
1822 2815 1997 2872 Atha-

415 2897 594 2963 nasio,
628 2895 997 2965 Theodoreto,
1051 2897 1270 2955 Gelasio
1311 2911 1505 2956 contra
1548 2905 1807 2974 antiquos
1858 2907 1999 2961 divi-

414 2987 605 3042 nitatis
628 2986 832 3044 Christi
862 2987 1273 3061 impugnatores
1296 2992 1484 3061 citata,
1515 2993 1665 3049 illam
1695 2995 1770 3049 ita
1794 2997 1995 3052 invicte

2111 490 2306 528 norum
2347 476 2507 529 altari
2538 477 2602 530 ad
2631 475 2896 546 Ephesios
2923 477 3114 532 scribit
3146 497 3159 532 :
3191 496 3212 529 ι
3241 478 3297 534 Si
3329 479 3457 550 quis
3486 496 3596 534 non
3633 482 3697 534 sit

2112 567 2254 620 intra
2288 567 2481 633 altare,
2507 567 2605 620 τοῦ
2638 567 3053 641 Θυσιαστηρίου,
3080 571 3324 640 privatur
3354 587 3498 641 pane
3522 572 3642 628 Dei.
3677 595 3694 625 ι

2112 657 2180 713 Et
2218 658 2286 714 ad
2336 659 2812 730 Philadclphaeos:
2872 678 2893 712 ‹
2943 659 3060 715 Una
3109 663 3258 718 enim
3293 679 3424 720 caro
3479 664 3698 719 Domini

2111 753 2285 808 nostri
2319 751 2448 808 Jesu
2482 752 2712 820 Christi,
2739 761 2795 808 et
2820 770 2966 809 unus
2997 754 3138 809 calix
3175 756 3230 809 in
3271 757 3537 811 unionem
3566 774 3698 812 san-

2110 845 2292 917 guinis
2320 845 2528 915 ipsius,
2577 861 2746 900 unum
2780 846 2971 914 altare,
3006 846 3066 899 ἒν
3099 847 3508 922 Θυσιαστήριον.
3540 869 3560 902 ι
3604 849 3700 905 llis

2111 938 2166 992 in
2197 938 2334 992 locis
2378 952 2566 992 vocem
2604 937 2991 1010 Θυσιαστήριον
3027 940 3080 993 in
3122 955 3220 994 sua
3259 943 3484 1012 propria
3507 986 3522 1009 ,
3566 960 3698 999 vera

2109 1045 2175 1086 ac
2195 1031 2430 1100 genuina
2457 1030 2878 1101 significatione,
2895 1032 3155 1086 nimirum
3180 1049 3282 1103 pro
3303 1050 3460 1090 sacra
3481 1052 3697 1101 mensa,

2108 1123 2166 1177 in
2193 1139 2304 1193 qua
2330 1123 2534 1178 Christi
2577 1139 2778 1193 corpus
2826 1125 3169 1191 immolatur,
3197 1127 3454 1196 usurpari
3499 1131 3699 1185 certis-

2107 1215 2310 1270 simum
2353 1225 2458 1270 est.
2497 1213 2657 1271 Unde
2704 1217 2952 1286 profecto
3003 1217 3316 1273 refutantur
3345 1218 3700 1286 Calviniani,

2106 1307 2198 1379 qui
2230 1324 2418 1363 verum
2447 1309 2649 1364 Christi
2695 1325 2896 1380 corpus
2937 1312 2991 1365 in
3039 1313 3376 1368 eucharistia
3418 1313 3547 1369 esse
3603 1331 3700 1368 ne-

2106 1410 2316 1472 gantes,
2343 1417 2532 1456 vocem
2567 1418 2788 1472 quoque
2828 1402 3214 1475 θυσιαστήριον
3247 1405 3421 1461 altare
3469 1423 3605 1461 vero
3635 1425 3702 1462 ac

2105 1493 2327 1562 proprio
2368 1494 2678 1562 significatu
2722 1509 2818 1563 per
2848 1495 2947 1548 tria
2981 1496 3155 1565 prima
3189 1495 3448 1552 Ecclesiae
3493 1501 3698 1553 saecula

2106 1585 2174 1638 ab
2197 1585 2439 1656 antiquis
2465 1584 2724 1641 Patribus
2752 1595 3029 1655 acceptam
3063 1588 3400 1645 inliciantur.

2175 1697 2398 1753 Frustra
2471 1707 2653 1753 autem
2721 1699 2911 1769 objicit
2986 1700 3240 1760 Vedelius
3295 1705 3696 1761 eucharistiam

2105 1788 2298 1860 lgnatii
2350 1797 2596 1858 tempore
2637 1789 2704 1843 ad
2753 1805 3001 1845 mensam
3035 1792 3304 1863 ligneam,
3341 1808 3468 1862 qua:
3521 1795 3698 1848 altare

2104 1881 2322 1950 proprie
2375 1881 2582 1936 dictum
2633 1897 2741 1937 non
2799 1891 2956 1948 erat,
3000 1883 3170 1940 fuisse
3218 1885 3693 1944 administratam.

2103 1971 2376 2028 Incertum
2433 1989 2672 2044 namque
2717 1974 2897 2044 primo
2948 1984 3035 2030 est
3077 1985 3263 2030 utrum
3303 1977 3392 2032 his
3430 1977 3699 2033 Ecclesia:

2101 2067 2440 2136 temporibus
2505 2065 2810 2120 Christiani
2856 2067 3045 2122 tabula
3103 2068 3283 2137 lignea
3330 2069 3419 2122 vel
3475 2069 3693 2138 lapidea

2102 2168 2404 2214 uterentur.
2457 2158 2737 2224 Secundo,
2785 2174 2894 2215 non
2938 2161 3197 2217 materies
3225 2161 3440 2231 lapidea
3480 2171 3582 2216 aut
3627 2163 3693 2217 li-

2100 2265 2262 2320 gnea.
2294 2248 2389 2304 sed
2422 2249 2753 2304 sacriﬁcium
2791 2265 2958 2321 super
2991 2266 3236 2307 mensam
3259 2293 3275 2317 ,
3306 2251 3694 2322 cujuscunque

2101 2341 2350 2396 materiei
2401 2342 2504 2407 sit,
2561 2342 2632 2396 ab
2681 2341 3004 2398 hominibus
3045 2341 3158 2398 Deo
3187 2343 3473 2410 oblatum,
3520 2345 3692 2399 altare

2099 2434 2322 2505 proprie
2349 2433 2558 2489 dictum
2593 2434 2901 2490 constituit.

2170 2523 2357 2596 Neque
2387 2540 2519 2581 vero
2567 2526 2621 2580 id
2674 2526 2902 2595 majoris
2930 2527 3196 2581 momenti
3223 2535 3326 2593 est,
3351 2526 3505 2597 quod
3543 2527 3686 2582 idem

2101 2614 2357 2672 Vedelius
2405 2632 2471 2672 eo
2503 2617 2634 2688 quia
2684 2618 3012 2674 mulieribus
3036 2661 3051 2686 ,
3093 2635 3163 2674 ne
3199 2619 3268 2674 ad
3319 2620 3496 2675 altare
3529 2636 3689 2676 acce-

2102 2709 2320 2777 derent,
2356 2709 2636 2766 nonnullis
2681 2711 2984 2767 canonibus
3018 2712 3241 2767 vetitum
3266 2714 3510 2779 esset“,
3561 2714 3687 2768 inde

2055 2837 2064 2848 .
2099 2799 2368 2872 lgnatium
2399 2818 2510 2857 non
2541 2803 2611 2857 de
2634 2805 2823 2874 aliquo
2845 2805 3140 2872 materiali,
3170 2806 3265 2860 sed
3288 2807 3356 2860 de
3383 2806 3683 2875 spirituali.

2097 2909 2322 2965 precum
2374 2895 2587 2951 scilicet
2628 2907 2682 2951 et
2707 2897 3020 2952 orationum
3050 2897 3236 2965 altari,
3266 2899 3684 2969 intelligendum

2099 3003 2222 3044 esse
2249 2988 2549 3044 contendit.
2587 2986 2883 3043 Enimvero
2935 2989 3078 3045 idem
3109 2989 3225 3060 ipse
3267 2988 3530 3046 Vedelius
3556 3008 3684 3046 cum

414 3083 728 3152 explicant,
775 3090 837 3138 ut
887 3097 919 3138 a
967 3085 1121 3139 nullo
1151 3086 1419 3143 hactenus
1452 3089 1719 3145 infirmari
1750 3108 1993 3164 unquam

2111 3083 2202 3135 nos
2233 3079 2368 3134 citat
2396 3094 2659 3144 canones,
2687 3081 2782 3151 qui
2812 3095 3006 3136 vocem
3047 3081 3235 3136 altaris
3264 3097 3397 3137 vero
3447 3098 3516 3138 ac
3557 3100 3685 3153 ger-

412 3175 714 3245 potuerint.

485 3269 854 3337 Quamobrem
877 3273 1098 3342 quidam
1125 3287 1156 3328 e
1173 3275 1591 3332 Socinianorum
1620 3287 1790 3357 secta,
1809 3289 1997 3336 neote-

413 3361 563 3418 ricus
613 3363 867 3435 scriptor,
899 3379 1025 3419 cum
1066 3365 1373 3422 claritatem
1423 3368 1654 3440 hujusce
1697 3373 1994 3428 testimonii

414 3454 584 3510 nullis
625 3455 808 3527 impiae
855 3458 1054 3514 mentis
1101 3459 1313 3515 artibus
1347 3460 1642 3518 obscurare
1688 3457 1890 3534 posset,
1927 3480 1994 3520 eo

418 3547 567 3602 venit
593 3546 964 3618 impudentiae,
991 3557 1054 3603 ut
1085 3551 1327 3606 scribere
1353 3567 1521 3609 ausus
1565 3555 1672 3610 sit:
1706 3555 1762 3609 In
1797 3555 1990 3627 lgnatii

413 3639 664 3709 epistolis
690 3641 1096 3710 propositiones
1121 3644 1389 3713 quasdam
1419 3645 1800 3703 incommodas
1821 3658 1876 3703 et
1908 3649 1992 3703 in-

414 3731 597 3785 sulsas
624 3733 875 3800 reperiri,
916 3749 980 3788 ac
1028 3735 1258 3804 proinde
1303 3752 1430 3791 eum
1465 3737 1520 3792 in
1562 3755 1663 3794 sua
1689 3740 1756 3795 de
1785 3739 1991 3797 Christi

416 3821 703 3876 divinitate
752 3826 1023 3880 sententia
1076 3825 1236 3882 facile
1281 3827 1461 3898 decipi
1501 3830 1746 3899 potuisse
1849 3851 1867 3883 ι
1925 3849 1991 3888 ex

412 3913 710 3968 traditione
734 3915 969 3986 alicujus
1003 3917 1455 3986 pseudo-Christi
1477 3963 1490 3987 ,
1529 3929 1584 3976 et
1619 3923 1990 3996 pseudo-apo-

413 4007 562 4062 stoli.
596 4025 615 4058 ›

486 4097 594 4154 Sed
623 4098 808 4154 nullus
839 4115 1080 4169 unquam
1123 4100 1179 4154 in
1212 4099 1510 4172 Ignatianis
1541 4104 1790 4174 epistolis
1820 4106 1986 4162 ullam

411 4191 821 4245 tncommodam
863 4201 958 4245 aut
985 4191 1253 4246 insulsam
1282 4195 1709 4264 propositionem
1741 4200 1989 4270 assigna-

409 4280 512 4336 bit.
539 4279 744 4335 Deinde
771 4282 1026 4345 quamvis
1071 4281 1312 4353 lgnatius
1352 4287 1554 4341 alicubi
1587 4287 1643 4341 in
1681 4289 1846 4346 rebus
1870 4292 1989 4346 exin

412 4374 535 4443 guis
570 4374 654 4430 vel
702 4374 907 4429 nullius
945 4376 1209 4430 momenti
1259 4377 1463 4446 aliquid
1512 4379 1738 4434 humani
1787 4397 1985 4451 passus

411 4476 586 4533 esset;
617 4475 826 4522 certum
868 4474 1054 4521 tamen
1092 4477 1177 4522 est
1214 4468 1394 4523 virum
1437 4469 1620 4537 illum,
1671 4488 1798 4528 vere
1853 4489 1986 4544 apo-

413 4559 704 4627 stolicum,
746 4567 800 4614 et
851 4559 1115 4631 martyrio
1171 4559 1398 4632 jamjam
1457 4564 1870 4633 coronandum,
1930 4567 1987 4622 in

413 4667 631 4708 summo
678 4667 744 4706 ac
792 4653 1067 4723 prtecipuo
1129 4653 1298 4708 totius
1336 4654 1663 4711 Christianae
1703 4658 1987 4728 religionis

412 4744 589 4814 capite
617 4759 650 4801 a
680 4745 832 4800 nullo
861 4744 1324 4816 pseudo-Christo
1360 4756 1456 4802 aut
1506 4749 1984 4819 pseudo-apostolo

412 4835 589 4893 fuisse
634 4835 940 4908 deceptum.
998 4837 1328 4894 Temeraria:
1366 4854 1496 4909 ergo
1539 4839 1645 4895 illa:
1691 4841 1983 4912 impiorum

413 4930 699 4984 hominum
752 4930 1140 5000 responsiones
1191 4930 1544 5000 explodendaa
1595 4941 1763 4999 sunt,
1819 4933 1984 5003 eique

409 5023 674 5079 doctrinae
703 5025 1100 5089 inluerendum,
1126 5039 1226 5094 pro
1249 5039 1356 5094 qua
1381 5039 1490 5078 non
1519 5025 1695 5080 solum
1719 5024 1982 5096 lgnatius,

411 5116 507 5171 sed
540 5115 816 5171 innumeri
841 5124 1108 5186 martyres
1138 5115 1460 5186 sanguinem
1489 5131 1653 5171 suum
1678 5118 1985 5173 constantia

410 5208 722 5263 admirabili
754 5207 1022 5278 planeque
1049 5207 1234 5262 divina
1258 5205 1640 5278 profuderunt.

624 5342 654 5414 ὅ
685 5341 748 5397 ll.
790 5341 869 5396 De
902 5358 1064 5405 sacro
1109 5341 1538 5398 Christianorum
1573 5343 1763 5400 altari.

465 5477 668 5546 Neque
731 5476 864 5531 illud
921 5476 1084 5531 etiam
1150 5478 1528 5546 perl‘unctoria
1587 5478 1976 5534 observatione

453 5678 498 5710 “
553 5678 683 5750 Sup.
720 5688 860 5749 part.
897 5693 935 5746 ι,
964 5695 1082 5750 cap.
1117 5680 1203 5748 12,
1238 5680 1265 5752 ς
1295 5682 1328 5738 5
1356 5692 1410 5738 ct
1438 5682 1489 5738 6.
1566 5683 1612 5716 “
1639 5681 1807 5753 Epist.
1844 5682 1912 5738 ad
1944 5681 2119 5752 Smyr.

2099 3187 2263 3226 manu
2293 3187 2458 3228 sensu
2489 3181 2783 3243 usurpant,
2816 3173 3058 3242 seipsum
3094 3173 3416 3243 imprudens
3437 3175 3681 3245 jugulat.

2097 3263 2302 3319 Deinde
2327 3263 2570 3334 Ignatius
2601 3265 2668 3320 de
2693 3265 3024 3320 eucharistia
3060 3265 3324 3336 loquitur,
3350 3283 3417 3322 ac
3450 3269 3689 3336 proinde

2096 3371 2206 3410 non
2229 3355 2298 3410 de
2323 3355 2595 3425 spirituali
2631 3371 2696 3411 ac
2730 3357 3136 3426 metaphorico,
3171 3359 3266 3413 sed
3298 3359 3365 3412 de
3403 3361 3684 3415 materiali

2094 3457 2150 3503 et
2179 3462 2309 3503 vero
2349 3448 2507 3502 altari
2559 3464 2686 3504 eum
2725 3447 2877 3519 loqui
2909 3465 3133 3506 necesse
3179 3460 3282 3505 est.
3334 3451 3585 3522 Denique
3635 3455 3687 3508 si

2095 3539 2418 3594 mulieribus
2476 3540 2666 3595 altaris
2721 3555 2951 3596 accessu
3014 3541 3146 3596 olim
3202 3543 3686 3610 interdicebatur,

2093 3644 2190 3699 per
2219 3630 2391 3686 divini
2421 3640 2636 3686 tantum
2666 3631 2829 3689 ofﬁcii
2866 3644 3112 3704 tempora
3133 3675 3148 3700 ,
3195 3651 3306 3689 non
3330 3647 3516 3690 autem
3549 3653 3682 3692 cum

2093 3723 2430 3780 eucharistia
2471 3726 2790 3797 accipienda
2831 3737 3006 3796 esset,
3048 3729 3182 3784 illud
3211 3729 3293 3786 eis
3333 3731 3684 3799 prohibitum

2095 3816 2220 3873 fuit.

2163 3910 2395 3967 lnstabis
2420 3911 2616 3982 primis
2640 3911 2898 3970 Ecclesiae
2923 3914 3138 3970 saeculis
3167 3928 3358 3970 vocem
3395 3933 3417 3966 ι
3454 3915 3637 3972 altare
3657 3936 3679 3969 ι

2091 4003 2272 4058 rarius
2315 4003 2614 4058 adhibitam
2664 4019 2696 4058 a
2745 4004 3021 4074 Patribus,
3073 4007 3168 4077 qui
3223 4022 3350 4062 cum
3406 4007 3684 4064 adversus

2091 4097 2339 4150 ethnicos
2367 4097 2727 4166 disputarem,
2764 4098 2873 4152 ulla
2903 4097 3234 4153 Christianis
3279 4098 3474 4152 altaria
3498 4097 3684 4154 fuisse

2093 4197 2408 4244 constanter
2435 4191 2825 4262 pernegabant.
2859 4191 2967 4246 Sed
3003 4192 3088 4247 bis
3131 4190 3292 4247 facile
3333 4193 3685 4262 respondeas

2088 4281 2268 4352 primo
2311 4296 2499 4336 vocem
2548 4282 2697 4336 illam
2737 4300 2756 4334 ι
2796 4283 2969 4337 altare
2992 4283 3097 4338 tab
3126 4281 3356 4353 lgnatio,
3392 4284 3590 4354 quidni
3625 4296 3686 4342 et

2090 4374 2159 4428 ab
2197 4373 2319 4428 aliis
2353 4389 2586 4444 quorum
2629 4375 2830 4444 scripta
2877 4376 3176 4446 perierunt,
3223 4390 3333 4430 non
3369 4391 3523 4443 raro,
3577 4381 3684 4435 sed

2092 4482 2236 4536 saepe
2264 4476 2604 4536 usurpatam.
2635 4466 2908 4534 Secundo,
2933 4469 2980 4524 si
3013 4468 3170 4539 primi
3199 4467 3456 4525 Ecclesiae
3480 4469 3684 4528 Patres

2092 4560 2150 4612 in
2208 4557 2324 4614 suis
2374 4568 2566 4613 contra
2599 4575 2842 4630 paganos
2870 4561 3087 4631 scriptis
3120 4569 3176 4616 et
3203 4561 3685 4631 disputationibus

2092 4649 2239 4704 nulla
2283 4649 2615 4706 Christianis
2660 4651 2855 4706 altaria
2903 4651 3074 4708 fuisse
3113 4652 3397 4719 dixerunt,
3439 4655 3496 4709 in
3548 4657 3685 4713 aliis

2091 4743 2371 4812 operibus,
2412 4751 2506 4796 aut
2549 4745 2899 4799 sermonibus
2935 4746 3002 4800 ad
3045 4746 3394 4802 Christianos
3440 4748 3682 4815 habitis,

2091 4853 2192 4894 sua
2227 4837 2375 4907 ipsos
2403 4837 2595 4891 altaria
2627 4837 2886 4891 habuisse
2922 4839 3262 4893 asserebant.
3296 4837 3681 4905 Quamobrem

2090 4945 2216 4984 cum
2247 4929 2616 4999 antiquissimi
2643 4929 2723 4982 illi
2754 4929 3055 4998 scriptores
3091 4931 3194 4985 sibi
3231 4932 3366 5001 ipsis
3400 4935 3685 4988 contrarii

2087 5034 2208 5075 esse
2235 5035 2346 5074 non
2371 5020 2604 5089 possint,
2629 5019 2789 5073 iidem
2819 5021 3012 5089 procul
3040 5020 3209 5076 dubio
3248 5022 3341 5078 ubi
3373 5023 3507 5077 illud
3542 5023 3681 5079 inti-

2089 5113 2328 5177 ciantur,
2355 5112 2430 5167 ibi
2454 5111 2522 5166 de
2552 5112 2816 5167 altaribus
2840 5114 3092 5182 publicis,
3106 5115 3162 5169 in
3179 5116 3380 5186 quibus
3397 5117 3682 5174 sacriﬁcia

2091 5203 2332 5257 maximo
2362 5212 2628 5272 apparatu
2658 5211 2716 5257 et
2751 5217 3088 5275 paganorum
3118 5219 3272 5261 more
3297 5206 3513 5274 tierent,
3541 5221 3683 5265 sunt

2091 5295 2447 5365 intelligendi.
2474 5293 2541 5348 Et
2567 5302 2715 5350 certe
2749 5310 2876 5349 cum
2909 5295 3010 5365 ipsi
3048 5297 3440 5353 eucharistiam
3472 5314 3676 5355 verum

2093 5386 2344 5456 corporis
2372 5395 2426 5440 et
2453 5385 2738 5456 sanguinis
2765 5384 2973 5442 Christi
3009 5388 3338 5444 sacrificium
3362 5405 3484 5445 esse
3517 5393 3676 5448 omni

2092 5477 2500 5533 asseveratione
2540 5476 2834 5546 aliirment,
2885 5479 3032 5549 apud
3085 5481 3427 5538 Christianos
3473 5497 3674 5540 verum

2198 5683 2241 5716 ⁸⁷
2268 5682 2441 5754 Epist.
2467 5684 2537 5741 ad
2571 5684 2747 5756 Epltes
2838 5686 2895 5763 f'
2919 5701 3075 5745 conc.
3107 5685 3330 5746 Laodic.
3356 5701 3482 5745 can.
3511 5687 3607 5744 μ.
