3852 6206
202 384 313 441 561

1182 381 1248 440 D.
1288 373 1582 436 NOUBRII
1614 368 2089 429 DISSERTATIO.
2130 400 2199 410 —
2224 369 2404 423 PARS
2441 367 2530 422 Ill.

3341 371 3446 426 562

190 525 264 565 ac
288 508 572 580 proprium
598 507 768 564 altare
789 507 1011 580 aliquod
1037 505 1209 564 fuisse
1235 519 1434 576 negare
1456 517 1564 558 non
1587 507 1780 570 potue-
1806 501 1852 559 A
1890 493 1918 564 ἐ
1945 491 2034 547 IV.
2070 491 2332 546 Diaconos
2361 490 2851 580 eucizagristiaLn-ou
2874 487 3112 542 ciborum
3144 498 3192 542 et
3225 497 3442 558 potuum

187 611 346 656 runt.

278 693 308 765 ς
339 691 426 746 Ill.
456 690 522 747 In
549 692 872 748 eucharistia
901 707 1078 747 verum
1100 707 1210 747 esse
1239 689 1444 746 Christi
1478 687 1704 759 corpus.’

262 782 347 838 Ex
375 784 463 840 his
493 793 674 840 autem
697 783 1056 854 scriptoribus
1087 791 1272 839 noster
1299 782 1356 836 in
1395 781 1587 852 primis
1615 778 1769 850 lgna-

185 872 302 929 tius
328 890 522 928 verum
561 875 615 928 in
636 874 970 929 eucharistia
992 888 1113 930 esse
1132 871 1339 928 Christi
1366 886 1566 941 corpus
1588 870 1766 924 diser-

183 963 407 1019 tissime
435 964 609 1018 docet.
639 963 921 1034 Siquidem
951 963 1041 1018 ubi
1073 964 1141 1019 de
1165 961 1455 1028 haareticis,
1487 962 1580 1032 qui
1602 960 1764 1016 Chri-

178 1065 338 1112 stum
370 1071 481 1111 non
510 1071 720 1121 veram,
766 1057 861 1112 sed
894 1055 1075 1111 ﬁctam
1114 1063 1169 1110 et
1194 1055 1508 1111 simulatam
1545 1069 1764 1109 carnem

177 1147 564 1216 assumpsisse
615 1147 950 1218 garriebant,
993 1161 1304 1202 sermonem
1350 1145 1513 1200 habet
1559 1163 1573 1200 :
1623 1164 1641 1198 ‹
1681 1143 1766 1199 ΑΙ)

173 1238 548 1304 eucharistia,
576 1237 755 1308 inquit
779 1237 844 1305 ",
876 1238 1174 1304 abstinent,
1205 1245 1424 1307 propter
1446 1251 1558 1290 non
1589 1236 1766 1291 conﬁ-

173 1329 284 1382 teri
322 1343 548 1384 carnem
580 1344 700 1384 esse
738 1326 1039 1384 Salvatoris
1066 1329 1237 1383 nostri
1267 1327 1396 1383 Jesu
1424 1325 1628 1382 Christi
1664 1341 1764 1397 pro

168 1419 428 1488 peccatis
457 1421 660 1475 nostris
689 1436 962 1490 passam,»
984 1429 1089 1476 etc.
1119 1421 1186 1474 Et
1216 1435 1344 1476 vero
1373 1420 1420 1475 si
1452 1430 1582 1475 tunc
1604 1419 1764 1474 Chri-

169 1510 356 1565 stiani
401 1511 455 1566 iu
487 1512 675 1566 eadem
714 1527 779 1568 ac
807 1511 1115 1567 Calviniani
1155 1512 1331 1567 nostri
1370 1511 1604 1566 fuissent
1630 1527 1760 1567 sen-

168 1603 378 1667 tentia,
413 1604 802 1659 eucharistiam
835 1605 1085 1675 corporis
1122 1605 1331 1660 Christi
1375 1605 1580 1660 nudam
1617 1606 1761 1660 dun-

162 1695 332 1742 taxat
368 1705 492 1744 esse
531 1690 783 1762 ﬁguram,
829 1693 899 1747 ab
947 1692 1029 1748 eis
1070 1708 1183 1748 non
1225 1693 1411 1764 potius
1457 1695 1549 1750 illa
1601 1695 1758 1764 rejici

159 1778 387 1846 debuit,
415 1796 580 1850 quam
613 1782 936 1854 baptismus,
965 1784 1060 1854 qui
1085 1800 1213 1840 vere
1241 1785 1434 1840 mortis
1464 1783 1670 1842 Christi
1695 1787 1759 1840 ﬁ-

159 1888 306 1942 gura
348 1889 474 1929 esse
514 1875 733 1932 dicitur.
782 1875 900 1933 lmo
933 1878 1002 1933 ab
1039 1878 1148 1934 illis
1191 1887 1248 1934 et
1276 1879 1606 1935 eucharistia
1646 1894 1756 1934 non

159 1980 340 2020 secus
361 1982 427 2022 ac
452 1969 757 2038 baptismus
779 1969 1046 2026 ambabus
1072 1971 1219 2026 ulnis
1240 1971 1587 2041 suscipienda
1603 1971 1752 2042 erati;

157 2056 380 2125 quippe
415 2072 527 2127 qua
573 2058 854 2116 Christum
899 2061 1115 2129 nullibi,
1163 2061 1271 2117 nisi
1319 2063 1374 2116 in
1415 2061 1610 2132 ﬁgura,
1643 2077 1755 2117 non

156 2148 349 2217 reipsa
367 2150 648 2206 exstitisse
670 2153 1076 2209 concluderent.
1099 2153 1236 2209 Cum
1260 2169 1391 2226 ergo
1411 2155 1481 2209 ab
1511 2155 1603 2210 illa
1623 2156 1752 2211 abs-

155 2242 459 2310 tinuerint,
487 2245 542 2298 in
578 2244 769 2301 eadem
810 2245 929 2316 ipsa
957 2261 1147 2302 verum
1178 2262 1378 2319 corpus
1400 2247 1604 2305 Christi
1632 2263 1753 2304 esse

151 2348 500 2403 persuasum
537 2336 835 2392 habebant.

230 2423 483 2494 Objiciet
524 2426 758 2484 forsitan
797 2429 998 2500 aliquis
1033 2431 1458 2498 eucharistiam,
1493 2433 1599 2489 etsi
1639 2448 1745 2488 nu-

149 2516 283 2570 dam
315 2519 577 2588 corporis
606 2519 813 2578 Cbristi
839 2520 1092 2592 ﬁguram,
1123 2524 1245 2578 ideo
1271 2532 1453 2578 tamen
1476 2524 1546 2580 ab
1565 2524 1645 2580 eis
1667 2539 1750 2579 re-

145 2608 394 2678 iectam;
429 2611 582 2680 quia,
618 2620 678 2666 ut
705 2613 782 2667 ait
813 2613 1185 2671 Tertullianus
1198 2615 1243 2648 '°
1271 2634 1286 2673 :
1319 2614 1460 2669 Vana
1483 2633 1588 2681 res,
1608 2616 1746 2686 quod

147 2713 229 2755 est
267 2701 624 2771 phantasma,
652 2705 886 2775 ﬁguram
927 2721 1030 2759 non
1059 2707 1319 2762 admittit.
1363 2706 1469 2763 Sed
1516 2708 1622 2763 huc
1654 2709 1745 2764 illa

148 2791 490 2849 Tertulliani
515 2797 814 2853 auctoritas
839 2813 1123 2868 perperam
1146 2797 1468 2854 adducetur.
1492 2797 1567 2854 lbi
1595 2802 1743 2855 enim

147 2883 355 2941 doctus
379 2886 474 2941 ille
497 2886 583 2942 vir
608 2887 967 2959 Marcionem,
998 2892 1093 2962 qui
1121 2891 1401 2947 Christum
1427 2891 1610 2948 ﬁctum
1642 2892 1744 2948 bo-

148 2975 368 3030 minem
399 2986 457 3032 et
491 2978 820 3048 phantasma
855 2980 1026 3038 fuisse
1049 2983 1340 3052 delirabat,
1365 2983 1470 3039 hoc
1494 2984 1742 3039 testimo-

148 3069 246 3124 nio
295 3067 558 3125 Jeremia‘.
582 3071 627 3102 "
661 3071 892 3130 dicentis
925 3093 939 3128 :
981 3074 1184 3141 Venite,
1207 3077 1482 3130 mittamus
1515 3075 1737 3147 lignum,

146 3169 285 3226 etc.,
321 3163 547 3233 egregie
569 3162 791 3233 refellit,
811 3166 1161 3239 ostenditque
1185 3183 1252 3224 eo
1277 3168 1384 3224 loci
1409 3183 1604 3238 panem
1630 3183 1736 3224 non
1762 3182 1808 3240 (ς

148 3252 394 3323 ﬁguram
419 3253 623 3310 Christi
650 3255 955 3327 simplicem
982 3266 1038 3313 et
1084 3259 1310 3326 nudam,
1355 3260 1450 3314 sed
1499 3261 1738 3330 prophe-

151 3345 323 3399 ticam
373 3347 664 3416 appellari.
718 3348 791 3403 At
833 3349 889 3403 in
919 3350 1254 3406 eucharistia
1307 3351 1466 3421 juxta
1497 3351 1740 3407 Calvini-

148 3445 379 3491 starum
410 3438 725 3508 opinionem
771 3455 882 3495 non
912 3439 1086 3496 futuri
1120 3442 1369 3512 corporis
1399 3444 1738 3512 prophetica,

147 3529 245 3584 sed
286 3530 548 3600 corporis
591 3547 721 3587 vere
765 3533 1084 3589 exsistentis
1116 3533 1292 3605 ﬁgura
1325 3543 1431 3591 est.
1478 3535 1612 3603 Quis
1640 3551 1740 3591 au-

147 3630 261 3673 tem
298 3621 593 3675 revocabit
644 3621 702 3676 in
731 3621 959 3678 dubium
1003 3623 1245 3694 aliquam
1285 3627 1554 3696 corporis,
1590 3627 1739 3698 quod

147 3711 418 3766 simulate
450 3720 507 3766 et
535 3712 662 3768 ﬁcte
707 3721 919 3768 tantum
960 3714 1202 3782 exsistit,
1245 3731 1408 3786 posse
1437 3731 1560 3772 esse
1594 3717 1737 3789 ﬁgu-

147 3818 296 3858 ram.
332 3801 590 3858 Hzeretici
629 3819 760 3875 ergo
799 3804 878 3881 illi
919 3805 1063 3860 hanc
1104 3806 1176 3861 ob
1210 3821 1435 3864 causam
1481 3809 1736 3864 euchari-

147 3897 345 3961 stiam,
384 3895 547 3950 sicuti
589 3896 946 3966 baptismum,
984 3912 1148 3967 quem
1189 3899 1327 3954 ﬁctae
1354 3898 1557 3955 Christi
1590 3914 1738 3954 mor-

147 3985 222 4039 tis
251 3983 487 4055 ﬁguratn
515 4001 640 4041 esse
685 3987 1084 4054 concedebant,
1105 4003 1366 4057 respuere
1394 4005 1504 4046 non
1531 3989 1735 4046 debue-

145 4083 307 4129 ιἸιΙΙῐ.

222 4162 352 4218 Vim
395 4165 629 4236 hujusce
663 4169 972 4238 argumenti
1009 4184 1136 4225 cum
1177 4169 1406 4224 sentiret
1449 4168 1732 4238 Claudius,

144 4251 624 4331 Charentonensis
655 4256 786 4310 olim
818 4257 1092 4324 minister,
1135 4258 1191 4313 in
1230 4260 1395 4314 aliam
1437 4261 1574 4315 abiit
1614 4276 1734 4315 sen-

147 4345 407 4400 tentiam.
448 4345 753 4416 Respondit
797 4349 984 4420 itaque
1012 4351 1058 4382 ⁸²
1095 4351 1200 4406 hos
1239 4352 1527 4408 haereticos
1568 4353 1734 4408 stulto

148 4433 462 4489 credidisse
489 4434 794 4505 Christum,
817 4440 913 4508 qui
940 4455 1130 4495 verum
1161 4455 1362 4511 corpus
1389 4457 1498 4496 non
1519 4442 1732 4508 habuit,

2454 577 2564 615 esse
2583 559 2872 628 ministros.

1941 675 2356 734 Observandum
2383 689 2602 745 quoque
2636 674 2898 730 diaconos
2933 672 3076 727 inter
3103 686 3288 726 sacros
3315 671 3442 725 ado-

1870 767 2028 822 randi
2053 767 2404 821 eucharistiaa
2443 766 2773 820 sacramenti
2812 764 3092 820 ministros
3126 764 3195 819 ab
3231 761 3440 833 lgnatio

1868 859 2178 929 computari
2201 859 2248 890 ⁸³
2273 876 2287 911 :
2315 876 2334 910 ι
2367 856 2592 927 Oportet
2621 864 2674 910 et
2699 855 2958 912 diaconos
2981 855 3263 910 ministros
3289 856 3439 910 exsi-

1868 958 2073 1006 stentes
2102 949 2490 1021 mysteriorum
2537 947 2664 1002 Jesu
2699 946 2904 1002 Christi
2934 989 2950 1002 .
2987 989 3000 1002 .
3033 989 3047 1002 .
3077 989 3090 1002 .
3127 946 3246 1003 Non
3290 949 3435 1003 enim

1866 1042 2116 1097 ciborum
2145 1051 2200 1097 et
2226 1048 2452 1112 potuum
2473 1050 2601 1096 sunt
2626 1039 2885 1094 ministri.
2926 1057 2945 1092 ι
2972 1038 3287 1094 Hinceliam
3317 1039 3439 1095 Ste-

1867 1134 2104 1202 plianus,
2139 1149 2284 1189 unus
2319 1147 2387 1186 ex
2419 1141 2626 1201 septem
2661 1132 2858 1200 primis
2881 1130 3139 1187 Ecclesiae
3164 1131 3434 1197 diaconis,

1865 1227 1934 1280 ab
1958 1225 2246 1281 Ambrosio
2276 1225 2325 1258 “
2344 1233 2601 1280 vocatur:
2625 1223 2902 1278 «Minister
2934 1224 3160 1291 altaris;
3186 1242 3204 1276 ι
3223 1231 3276 1278 et
3293 1221 3437 1278 Lau-

1863 1319 2078 1372 rentius
2104 1318 2247 1387 apud
2277 1318 2529 1372 eumdem
2563 1317 2868 1381 doctorem,
2911 1314 3125 1371 Sixtum
3156 1331 3433 1370 summum

1861 1409 2171 1480 pontiﬁcem
2196 1410 2282 1464 bis
2303 1410 2481 1464 verbis
2512 1407 2889 1478 compellat":
2915 1426 2932 1459 ι
2956 1406 3216 1476 Experire
3245 1414 3432 1460 utrum

1863 1500 2120 1554 idoneum
2154 1500 2468 1555 ministrum
2502 1499 2752 1569 elegeris,
2778 1499 2867 1554 cui
2896 1496 3220 1552 commisisti
3250 1496 3433 1552 Domi-

1862 1586 1972 1641 nici
1997 1588 2279 1660 sanguinis
2314 1588 2805 1642 consecrationem.
2847 1604 2868 1639 ι
2909 1585 3016 1641 Sed
3046 1585 3179 1640 illud
3209 1585 3432 1655 potissi-

1859 1693 2010 1732 mum
2040 1679 2096 1732 in
2127 1679 2308 1734 verbis
2337 1677 2528 1749 lgnatii
2554 1677 3116 1743 animadvertendum,
3144 1677 3288 1746 quod
3311 1676 3432 1747 ipse

1858 1768 1926 1823 de
1950 1768 2142 1824 iisdem
2173 1769 2421 1824 diaconis
2460 1769 2667 1823 addidit
2693 1785 2747 1820 ε(
2785 1765 2901 1822 Non
2928 1772 3071 1822 enim
3098 1767 3348 1822 ciborum
3375 1778 3430 1823 et

1788 1840 1831 1895 Β
1859 1867 2086 1928 potuum
2121 1866 2251 1913 sunt
2272 1857 2524 1914 ministri.
2549 1875 2568 1908 ι
2597 1855 2810 1910 Etenim
2841 1856 2894 1909 bi
2937 1855 3173 1925 primum
3206 1855 3424 1924 quidem

1857 1963 1917 2008 ut
1946 1955 2235 2010 viduarum
2266 1969 2675 2024 pauperumque
2704 1968 2894 2009 curam
2917 1959 3188 2023 gererent,
3208 1951 3276 2005 ab
3296 1965 3427 2020 apo-

1854 2046 2011 2101 stolis
2043 2054 2174 2101 sunt
2202 2045 2462 2101 ordinati.
2497 2043 2701 2099 Verum
2730 2043 3119 2100 secundarium
3169 2042 3301 2096 illud
3328 2057 3425 2096 eo-

1852 2155 1974 2194 rum
1998 2154 2222 2206 munus,
2252 2139 2504 2208 quamvis
2533 2137 2724 2207 primae
2753 2137 3000 2206 ipsorum
3044 2134 3298 2190 electioni
3333 2150 3424 2188 ocv

1850 2230 2130 2286 casionem
2159 2230 2507 2300 praebuisset;
2548 2228 2875 2298 quibusdam
2905 2236 3085 2282 tamen
3112 2227 3166 2280 in
3190 2225 3418 2295 regioni.

1851 2321 1958 2376 bus
1989 2321 2156 2392 paulo
2177 2331 2301 2391 post
2330 2319 2438 2376 fuit
2467 2318 2866 2374 mutationibus
2891 2316 3216 2372 obnoxium.
3247 2314 3422 2370 Porro

1849 2413 1897 2468 si
1939 2411 2071 2482 quid
2107 2421 2299 2466 contra
2363 2409 2707 2466 Justinianus
2759 2417 2816 2464 et
2861 2407 3106 2480 synodus
3157 2407 3418 2464 Trullana

1846 2503 2174 2569 delinierint,
2203 2503 2306 2558 hac
2337 2502 2392 2556 in
2426 2517 2486 2558 re
2517 2517 2584 2556 ex
2608 2501 2750 2556 male
2779 2499 3090 2566 intellectis,
3124 2515 3249 2555 cum
3280 2498 3422 2553 Neo-

1847 2592 2191 2650 caesariensis
2227 2592 2442 2650 concilii
2471 2593 2540 2659 “,
2568 2600 2682 2646 tum
2723 2589 3100 2662 Chrysostomi
3130 2590 3311 2646 verbis
3353 2589 3423 2644 ab

1853 2683 2080 2754 antiqua
2114 2682 2337 2739 Patrum
2363 2683 2657 2740 traditione
2677 2691 3043 2737 recesserunt.

1849 2792 1962 2866 ιγ.
1990 2793 2424 2866 Εσσιεεὶαειίοαηι
2448 2793 2804 2866 bierarchiam
2828 2791 2999 2847 tribus
3029 2801 3237 2866 tantum
3251 2797 3420 2848 sacris

1915 2865 2194 2946 ordinibus
2227 2864 2490 2934 componi,
2539 2875 2588 2918 et
2629 2863 2898 2933 episcopos
2946 2864 3268 2934 presbyteris
3309 2882 3421 2920 esse

1912 2951 2228 2999 superiores.

1899 3028 2468 3103 'Annnadvertendum
2496 3053 2755 3115 prieterea
2779 3044 3049 3116 lgnatium
3083 3053 3195 3102 tres
3225 3045 3419 3102 Eccle-

1841 3137 1935 3193 siae
1948 3139 2325 3194 ministrorum
2343 3137 2562 3192 ordines
2581 3152 2681 3192 nec
2692 3137 2877 3208 plures
2894 3135 3046 3190 ullibi
3061 3151 3418 3202 memorasse,

1841 3229 2130 3300 episcopos
2175 3229 2407 3296 scilicet,
2443 3227 2793 3300 presbyteros
2823 3235 2878 3282 et
2921 3227 3206 3283 diaconos.
3263 3225 3420 3282 Unde

1842 3323 2120 3394 intelligas
2142 3322 2576 3378 ecclesiasticam
2602 3321 2967 3377 bierarchiam
3004 3321 3058 3374 in
3088 3321 3173 3376 his
3204 3329 3418 3376 tantum

1846 3414 2024 3470 tribus
2067 3413 2359 3469 ordinibus
2408 3412 2478 3467 ab
2511 3427 2578 3467 eo
2618 3411 2790 3467 fuisse
2838 3411 3213 3467 constitutam.
3261 3410 3419 3477 Quod

1839 3507 2060 3578 quidem
2083 3508 2326 3578 synodus
2357 3503 2676 3559 Tridentiua
2709 3504 2813 3558 hoc
2839 3519 3049 3559 canone
3069 3503 3268 3559 diserte
3286 3519 3418 3559 con-

1838 3597 2020 3653 ﬁrmat
2039 3605 2092 3652 et
2110 3596 2298 3652 deﬁnit
2325 3595 2369 3629 "
2395 3611 2409 3647 :
2444 3614 2463 3648 ‹
2499 3595 2556 3650 Si
2579 3595 2704 3665 quis
2731 3596 2931 3650 dixerit
2963 3595 3017 3649 in
3043 3594 3288 3651 Ecclesia
3321 3611 3414 3650 ca-

1843 3689 2044 3745 tholica
2079 3703 2188 3743 non
2229 3702 2353 3742 esse
2396 3686 2784 3753 bierarchiam,
2835 3687 3022 3742 divina
3069 3687 3416 3742 ordinatione

1837 3782 2164 3847 institutam,
2202 3794 2324 3850 quae
2363 3787 2579 3833 constat
2606 3793 2674 3832 ex
2711 3777 3028 3848 episcopis,v
3057 3775 3414 3849 presbyteris,

1838 3882 1894 3928 et
1935 3872 2228 3938 ministris,
2270 3871 2563 3926 anathema
2612 3869 2703 3924 sit.
2734 3887 2752 3922 ι
2783 3868 3090 3928 Addamus.
3141 3869 3189 3924 si
3235 3868 3410 3932 lubet,

1837 3963 2108 4036 lgnatium
2131 3963 2333 4033 ubique
2357 3962 2522 4016 etiam
2545 3962 2926 4032 episcoporum
2951 3976 3062 4030 pra:
3083 3960 3416 4032 presbyteris

1834 4055 2206 4112 excellentiam
2231 4055 2304 4108 ita
2333 4054 2478 4109 clare
2502 4053 2754 4109 docuisse
2773 4091 2790 4116 ,
2825 4062 2883 4107 ut
2907 4050 3051 4107 hanc
3077 4052 3149 4106 ob
3180 4066 3402 4106 causam

1834 4147 2150 4203 Calvinistz
2179 4160 2420 4212 omnem,
2455 4145 2533 4199 uti
2562 4143 2684 4200 fuse
2723 4160 2752 4198 a
2784 4143 2944 4199 nobis
2973 4143 3411 4198 demonstratum

1834 4251 1938 4309 est,
1968 4241 2241 4296 moverint
2272 4238 2529 4310 lapidem,
2547 4252 2656 4308 quo
2699 4237 2800 4292 has
2822 4237 3082 4306 epistolas
3110 4235 3179 4289 ab
3208 4234 3416 4305 lgnatio

1836 4335 2068 4403 scriptas
2097 4346 2208 4386 non
2245 4330 2419 4385 fuisse
2453 4329 2826 4386 ostenderent.
2877 4327 2982 4383 Sed
3014 4327 3156 4380 irriti
3188 4326 3414 4381 fuerunt

1837 4423 2031 4494 injusti
2075 4438 2268 4478 eorum
2303 4431 2558 4488 conatus,
2605 4435 2670 4478 ac
2722 4420 2918 4476 victrix
2971 4419 3172 4489 ubique
3206 4417 3414 4473 veritas

147 4524 239 4578 bis
274 4525 461 4579 verbis
493 4541 506 4576 :
539 4525 657 4579 Hoc
689 4537 769 4582 est
811 4545 1000 4598 corpus
1031 4547 1236 4598 meum,
1273 4547 1491 4602 panem,
1520 4542 1580 4587 ut
1609 4547 1731 4587 cor-

1853 4533 2053 4588 semper
2091 4516 2466 4586 triumphavit.

145 4629 254 4684 pus
286 4631 453 4670 suum
487 4617 661 4686 ﬁeret,
691 4635 884 4676 revera
919 4622 1232 4693 adoptasse.
1259 4622 1316 4678 1d
1347 4639 1474 4679 vero
1516 4633 1578 4679 ut
1601 4640 1731 4696 pro-

148 4707 260 4771 bet,
292 4707 717 4777 Tertullianum,
742 4713 864 4768 loco
892 4729 923 4768 a
945 4715 1104 4770 nobis
1134 4731 1302 4785 supra
1319 4716 1514 4784 citato,
1539 4726 1734 4773 testem

149 4801 438 4869 producit.
470 4801 579 4858 Sed
613 4805 688 4859 ibi
713 4804 1085 4863 Tertullianus
1118 4809 1186 4862 de
1221 4807 1311 4861 illa
1348 4807 1734 4865 haereticorum

149 4894 318 4947 stulta
342 4894 607 4964 opinione
643 4911 712 4952 ne
738 4898 1026 4954 minimum
1065 4899 1289 4970 quidem
1327 4902 1555 4954 verbum
1586 4901 1731 4957 fecit.

217 4985 394 5040 Instat
435 4986 527 5042 ille
565 5002 634 5043 ex
673 4987 1006 5046 Bellarmino
1045 4992 1116 5047 ab
1155 4993 1427 5049 haereticis
1465 4994 1572 5050 illis
1620 5010 1729 5050 non

150 5086 258 5130 tam
299 5088 714 5135 sacramentum
767 5083 1138 5152 eucharistiae,
1193 5100 1360 5154 quam
1409 5087 1734 5157 mysterium

152 5168 560 5224 lncarnationis
587 5169 761 5227 fuisse
788 5173 1190 5246 impugnatum.
1221 5174 1364 5241 Quid
1396 5175 1730 5233 inde?Nun-

151 5259 276 5328 quid
308 5259 640 5329 mysterium
670 5258 1072 5319 lncarnationis
1101 5265 1262 5320 aliter
1287 5265 1595 5336 impugnari
1621 5283 1728 5322 non

151 5361 363 5419 potest;
392 5351 504 5406 nisi
524 5350 777 5409 Christus
813 5370 1031 5424 panem,
1060 5365 1122 5411 ut
1155 5372 1314 5412 suum
1345 5373 1546 5428 corpus
1561 5367 1729 5426 esset,

151 5444 450 5513 adoptasse
477 5442 732 5498 dicatur?
767 5445 891 5502 Haec
917 5461 1050 5504 sane
1083 5463 1248 5518 quam
1282 5465 1420 5504 vana
1444 5451 1555 5506 sint
1581 5461 1634 5505 et
1654 5451 1734 5505 fu-

153 5531 284 5597 tilia,
321 5546 494 5586 nemo
522 5547 633 5588 non
662 5531 826 5587 videt.

214 5664 256 5697 ¹¹⁹
299 5664 493 5748 Epist.
519 5667 589 5720 ad
626 5654 834 5748 Smer
874 5670 922 5702 ⁵ο
953 5670 1174 5748 libus},
1225 5685 1377 5748 conti
1418 5674 1680 5748 Marcion.
1711 5694 1739 5732 c

1865 5678 1954 5734 40.
2032 5679 2075 5710 ⁸¹
2108 5694 2167 5732 ca

1916 4623 2060 4696 §Vl.
2093 4623 2170 4679 De
2184 4623 2452 4680 codicibus
2483 4639 2644 4746 manu
2659 4621 2893 4677 exaratis
2923 4621 3114 4675 harum
3142 4624 3343 4692 episto-

2520 4710 2693 4746 arum.

2520 4710 2693 4747 arum.

1909 4807 2005 4864 His
2053 4806 2530 4864 observationibus
2571 4814 2627 4860 et
2654 4803 2788 4859 illud
2828 4803 3172 4876 adjiciemus,
3194 4803 3407 4860 nullum

1837 4900 2192 4972 epistolarum
2235 4899 2426 4971 lgnatii
2469 4897 2715 4953 codicem
2751 4912 2918 4950 manu
2949 4906 3233 4952 exaratum
3270 4898 3410 4952 buc-

1842 5010 2016 5063 usque
2043 5002 2317 5064 repertum
2347 4992 2540 5055 fuisse,
2581 4990 2677 5061 qui
2730 4990 2957 5044 omnino
3000 4989 3208 5060 integer
3255 4991 3330 5045 sit
3357 4998 3414 5044 et

1839 5085 2215 5154 incorruptus.
2253 5082 2357 5150 Qui
2394 5083 2541 5138 enim
2584 5081 2847 5137 hactenus
2884 5081 3010 5137 usui
3063 5081 3323 5149 fuerunt,
3370 5083 3410 5137 ii

1839 5191 1980 5247 pene
2011 5192 2202 5232 omnes
2230 5191 2389 5230 veras
2433 5184 2488 5229 et
2535 5174 2700 5229 falsas
2722 5173 2914 5243 lgnatii
2939 5174 3110 5229 nostri
3140 5174 3406 5244 epistolas

1836 5266 2174 5322 confundunt
2210 5275 2266 5320 et
2307 5266 2654 5334 permiscent.
2693 5262 2752 5317 lu
2785 5261 2997 5320 Latinis
3049 5281 3180 5319 vero
3217 5280 3408 5319 exem-

1839 5357 2105 5428 plaribus,
2124 5371 2245 5425 quae
2260 5356 2504 5425 pluribus
2516 5355 2569 5408 in
2596 5354 2730 5408 locis
2744 5361 3000 5423 corrupta
3013 5363 3162 5421 sunt,
3181 5355 3410 5408 habetur

1840 5449 2041 5514 versio,
2066 5463 2175 5516 qua
2201 5455 2381 5501 textus
2409 5445 2631 5500 Grzecus
2661 5453 2772 5498 tam
2803 5445 3129 5515 scrupulose
3172 5447 3238 5500 ad
3262 5446 3410 5501 litte-

1838 5557 1956 5595 ram
1993 5541 2268 5606 redditur,
2306 5548 2367 5594 ut
2397 5555 2463 5594 ea
2505 5541 2732 5595 omnino
2765 5541 3046 5612 inelegans
3086 5541 3160 5596 sit
3195 5549 3250 5596 et
3279 5541 3407 5596 bar-

2173 5695 2228 5748 ν.
2270 5697 2343 5746 xv,
2384 5679 2470 5736 19.
2629 5679 2962 5748 δἰἰιειωηε.
2989 5679 3057 5734 ad
3116 5688 3277 5736 tract.
3328 5679 3410 5734 De

152 5739 864 5829 ﬁget.‘partgt,capijzl,
892 5756 1016 5829 pag.
1057 5742 1183 5829 269.
1259 5744 1508 5829 “’I‘Epist.
1540 5749 1609 5802 ad
1643 5739 1812 5804 Tratl'.
1888 5751 1933 5782 δ”
1959 5749 2052 5805 lib.
2084 5749 2160 5804 De
2175 5739 2442 5819 'virgiiu't.,
2474 5765 2593 5819 cap.
2629 5749 2714 5816 18,
2751 5750 2780 5820 §
2810 5739 2946 5806 ’Μελ
3025 5751 3072 5783 ⁸⁸
3109 5750 3206 5806 lib.
3264 5767 3280 5804 ι
3329 5751 3407 5806 Ds

151 5805 315 5876 ofﬁc,
339 5822 465 5879 cap.
498 5808 584 5863 42.
664 5805 713 5843 ’δ
739 5805 862 5866 can.
892 5805 992 5866 Ὴῖ
1058 5814 1100 5845 ⁸⁷
1131 5829 1266 5871 sess.
1304 5805 1397 5871 9.5:
