3834 6214
432 398 542 455 565

1499 401 1560 455 S.
1597 397 1949 455 lGNATlUS.
1991 430 2062 440 —
2099 397 2637 454 PRULEGOMENA.

3592 395 3713 451 564

429 521 585 584 bara,
619 534 684 575 ac
719 534 864 590 saepe
887 519 1089 591 smpius
1135 518 1368 576 obscura
1401 528 1455 575 et
1480 519 1736 577 difﬁcilis.
1782 520 2006 577 Grazcus
2035 524 2081 581 Α
2108 526 2164 574 et
2203 517 2491 573 erroribus
2537 515 2740 572 foedata
2790 515 2847 568 in
2903 515 3081 571 lucem
3125 513 3490 584 prodierunt?
3532 513 3716 570 Nemo

432 625 598 681 porro
637 610 992 666 Florentinus
1043 610 1218 666 codex
1256 621 1310 666 et
1359 611 1546 680 plures
1590 611 1754 666 habet
1801 626 2008 678 naevos,

430 720 531 758 nec
561 703 789 774 integer,
822 704 899 758 uti
931 719 1098 772 supra
1147 703 1484 771 monuimus,
1513 704 1608 759 sed
1641 703 1875 759 mutilus
1903 713 2008 772 est,

427 803 484 848 et
521 795 808 864 epistolam
854 795 921 849 ad
974 794 1253 848 Romanos
1297 809 1409 849 non
1448 804 1824 866 reprazsentat.
1859 793 2013 850 Hanc

429 895 620 942 noster
642 888 1020 944 Theodoricus
1057 887 1382 954 Ruinartus,
1431 904 1540 944 una
1601 904 1725 945 cum
1779 888 2012 944 sinceris

429 975 626 1045 lgnatii
677 979 934 1050 martyrii
990 979 1145 1035 Actis
1189 995 1254 1035 ex
1287 980 1664 1050 manuscripto
1693 979 2012 1036 Colbertino

431 1068 573 1138 typis
631 1069 837 1126 Graecis
883 1070 1073 1126 edidit.
1149 1071 1299 1128 Duos
1367 1073 1592 1142 insuper
1654 1073 2010 1142 epistolarqu

430 1157 625 1227 lgnatii
658 1161 1069 1232 manuscriptos
1115 1163 1334 1219 codices
1383 1179 1448 1218 ex
1499 1163 1687 1218 eadem
1736 1163 2012 1218 ditissima

428 1249 792 1307 illustrissimi
815 1251 1059 1308 Colberti
1078 1254 1417 1310 Bibliotheca
1447 1253 1589 1309 nacti
1617 1269 1830 1309 sumus.
1862 1254 2012 1308 Alter

427 1343 652 1400 Graecus
683 1353 787 1410 est,
829 1347 925 1402 sed
968 1362 1327 1418 papyraceus,
1378 1362 1482 1403 nec
1507 1355 1737 1403 vetusta:
1759 1362 1958 1402 manus
1993 1365 2006 1400 :

430 1437 570 1492 alter
603 1441 1006 1508 pergaminteus
1040 1450 1167 1496 ante
1189 1455 1367 1495 annos
1392 1440 1721 1510 quingentos
1750 1448 2010 1496 exaratus

427 1538 531 1584 est.
564 1528 806 1600 Uterque
835 1546 966 1587 vero
988 1547 1178 1588 omnes
1201 1530 1392 1603 lgnatii
1415 1532 1675 1600 epistolas
1698 1547 2007 1603 germanas,

428 1623 766 1692 suppositas,
819 1623 1180 1689 adulterinas,
1240 1625 1622 1694 interpolatas,
1675 1623 1906 1680 confuse
1955 1634 2011 1679 ct

428 1716 692 1786 permiste
729 1717 997 1774 continet.
1032 1717 1279 1788 Denique
1301 1716 1635 1773 Pearsonius
1661 1718 1829 1772 alium
1860 1718 2010 1773 Grae-

429 1824 556 1864 cum
594 1810 874 1876 codicem,
920 1819 1126 1880 septem
1173 1811 1442 1882 genuinas
1494 1809 1688 1882 lgnatii
1750 1811 2010 1882 epistolas

2113 623 2267 676 sane,
2299 609 2395 679 qui
2435 608 2524 663 vel
2569 607 2855 662 minimam
2901 607 2957 660 in
3002 606 3385 661 examinandis
3413 606 3715 662 codicibus

2113 702 2505 772 manuscriptis
2546 716 2770 771 operam
2811 698 3125 766 collocavit,
3160 699 3381 755 difﬁteri
3421 709 3610 770 potest
3655 703 3718 756 in

2112 811 2320 868 paucos
2352 795 2648 850 admodum
2685 809 2744 849 se
2776 792 3040 848 incidisse
3068 792 3390 862 hujusmodi
3413 791 3616 857 libros,
3654 792 3716 846 in

2113 890 2316 961 quibus
2347 887 2509 942 nulla:
2538 887 2650 942 sint
2675 885 2758 940 vel
2799 885 3078 940 breviores
3106 884 3192 939 vel
3233 883 3518 955 longiores
3552 884 3719 939 lacu—

2113 999 2217 1048 me,
2247 981 2300 1034 in
2339 980 2542 1050 quibus
2579 978 2716 1032 nulli
2750 978 2861 1033 sint
2895 977 3251 1032 oscitantium
3297 975 3387 1030 vel
3417 974 3716 1045 imperito—

2114 1089 2237 1131 rum
2267 1071 2620 1126 librariorum
2647 1071 2853 1140 lapsus,
2884 1069 2939 1123 in
2964 1069 3167 1139 quibus
3187 1067 3323 1121 nihil
3347 1067 3583 1121 omnino
3611 1067 3718 1122 Je-

2115 1166 2403 1222 sideretur.
2429 1163 2532 1218 Cui
2555 1178 2685 1218 vero
2709 1162 2928 1232 aliquos
2975 1161 3094 1216 sive
3132 1159 3319 1215 Grmca
3359 1159 3481 1214 sive
3509 1157 3716 1211 Latina

2115 1273 2281 1312 manu
2311 1264 2565 1311 exaratos
2596 1254 2813 1310 codices
2839 1252 2922 1308 fas
2945 1267 3054 1306 non
3081 1249 3186 1306 fuit
3207 1251 3410 1320 legere,
3442 1247 3636 1312 adeat,
3667 1248 3719 1301 si

2113 1350 2267 1416 velit,
2300 1350 2384 1404 vel
2413 1347 2593 1403 solum
2624 1345 3125 1414 manuscriptorum
3150 1343 3418 1397 librorum
3443 1341 3502 1395 in
3534 1339 3722 1394 Atha-

2113 1443 2278 1508 nasii,
2328 1437 2641 1511 Augustini,
2691 1439 3036 1508 aliorumque
3057 1435 3278 1490 Patrum
3307 1434 3469 1493 novis
3509 1433 3721 1487 editio-

2114 1529 2279 1584 nibus
2307 1529 2626 1595 elenchum,
2656 1537 2711 1583 et
2731 1543 2798 1582 ex
2821 1542 2888 1581 eo
2917 1527 3090 1582 discet
3127 1525 3311 1596 plures
3341 1539 3541 1580 eorum
3586 1532 3712 1577 tra-

2112 1630 2313 1688 ctatus,
2343 1620 2602 1691 epistolas
2643 1627 2699 1674 et
2739 1635 2982 1676 canones
3025 1634 3093 1673 ex
3140 1633 3252 1672 uno
3283 1627 3504 1672 tantum
3537 1631 3720 1670 manu

2118 1721 2348 1767 exarato
2378 1713 2568 1768 codice
2599 1711 2805 1782 publici
2847 1709 3024 1766 factos
3053 1710 3224 1765 fuisse
3246 1709 3411 1779 juris.
3439 1705 3718 1776 Nunquid

2113 1805 2278 1877 igitur
2307 1813 2392 1860 est
2414 1804 2619 1860 idcirco
2647 1803 2958 1875 negandum
2991 1803 3092 1857 hos
3115 1801 3337 1855 Patrum
3368 1800 3565 1859 libros,
3588 1814 3718 1853 ser—

429 1901 778 1957 exhibentem
810 1903 888 1970 '8,
929 1915 984 1958 et
1012 1904 1062 1958 ei
1094 1919 1206 1974 quo
1240 1903 1513 1968 Goharus,
1551 1904 1878 1960 Anastasius
1912 1919 2012 1974 pa-
2044 1905 2086 1959 Β
2117 1913 2308 1953 mones
2343 1906 2399 1953 et
2431 1897 2716 1968 epiSmlaS.
2752 1911 2943 1950 verum
2990 1895 3399 1966 geminumque
3439 1892 3721 1946 elhibel‘c

429 1994 673 2050 triarcha
701 1995 1108 2060 Antiochenus,
1159 2005 1325 2067 atque
1353 1997 1710 2054 Alexandrini
1748 1996 2012 2052 Chronici

429 2096 625 2143 auctor
654 2089 742 2144 usi
768 2098 919 2157 sunt,
945 2089 1171 2146 omnino
1200 2089 1436 2146 similem
1464 2106 1524 2147 se
1549 2090 1754 2147 vidisse
1781 2097 2014 2146 testatus

429 2188 533 2236 est.

432 2293 464 2368 ς
495 2291 604 2349 VII.
640 2293 948 2370 Singularis
962 2295 1191 2370 Ernesti
1231 2295 1588 2370 Tientzeliirde
1626 2299 1762 2353 veris
1811 2295 2013 2370 Ignatii

780 2367 1018 2437 epistolis
1053 2369 1317 2422 sententia
1345 2368 1632 2438 refellitur.

501 2479 801 2552 Postquam
826 2497 889 2537 ea
921 2497 1044 2552 quae
1076 2483 1144 2537 de
1175 2483 1321 2538 veris
1349 2491 1404 2538 et
1437 2481 1592 2540 falsis
1621 2482 1810 2554 lgnatii
1837 2467 2033 2542 nostri"

431 2573 703 2643 epistolis,
741 2589 778 2629 ar
815 2574 978 2629 nobis
1007 2575 1274 2630 hactenus
1313 2575 1610 2644 disputata,
1645 2577 1784 2648 typis
1811 2592 2010 2632 excusa

432 2667 691 2731 fuissent,
743 2667 798 2721 in
861 2683 1059 2722 manus
1109 2676 1330 2722 nostras
1393 2679 1664 2723 venerunt
1749 2668 2010 2724 Willelmi

432 2757 648 2815 Ernesti
674 2757 935 2814 Tentzelii
964 2759 1181 2814 selectae
1207 2759 1656 2823 exercitationes,
1691 2775 1924 2829 quarum
1956 2760 2010 2814 in

433 2852 597 2905 tertia
623 2851 715 2904 ille
744 2865 973 2920 prorsus
1007 2851 1341 2922 singularem
1365 2851 1433 2906 de
1463 2851 1714 2921 genuinis
1764 2852 1872 2907 illis
1897 2852 2014 2921 epi-

436 2941 597 2997 stolis
639 2943 967 2997 sententiam
1002 2943 1346 3013 amplexatus
1371 2951 1473 2999 est.
1508 2943 1648 2998 Cum
1690 2943 1836 2998 enim
1881 2942 2011 2997 Flo-

433 3035 712 3088 rentinum
772 3050 870 3089 seu
919 3033 1218 3090 M‘ediceum
1274 3034 1553 3100 codicem,
1608 3049 1774 3104 quem
1833 3033 2010 3088 solum

433 3126 654 3182 Graecas
708 3126 900 3198 lgnatii
961 3128 1173 3184 litteras
1229 3129 1440 3197 absque
1498 3125 2012 3196 interpolationibus

435 3220 698 3275 exhibere
737 3220 1012 3288 diximus,
1053 3222 1325 3291 integrum
1371 3234 1480 3273 non
1523 3233 1667 3285 esse,
1716 3218 1811 3273 sed
1851 3218 2010 3273 sicuti
2041 3245 2082 3302 ε

436 3314 776 3379 monuimus,
800 3314 1081 3382 mutilum,
1112 3313 1522 3376 detruncatum,
1553 3325 1618 3366 ac
1644 3311 1814 3366 variis
1840 3311 2011 3366 libra-

438 3406 643 3459 riorum
697 3405 910 3460 mendis
965 3413 1021 3459 et
1066 3404 1348 3459 erroribus
1396 3408 1715 3471 corruptum
1754 3401 2011 3468 vidisset;

439 3496 566 3552 hinc
586 3497 678 3552 ille
697 3512 856 3551 suum
897 3496 1120 3550 induxit
1152 3496 1206 3549 in
1239 3495 1484 3550 animum
1519 3494 1575 3547 in
1605 3507 1672 3548 eo
1701 3507 1804 3548 nec
1831 3508 2012 3558 veras,

435 3603 538 3643 nec
567 3588 836 3659 genuinas
877 3587 1283 3658 repraesentari,
1321 3601 1527 3657 easque
1569 3586 1762 3640 nullibi
1797 3595 2016 3642 exstare

436 3681 692 3751 amplius.
717 3680 774 3735 lu
806 3681 974 3752 hujus
995 3691 1178 3737 autem
1212 3682 1511 3752 opinionis,
1544 3695 1576 3734 a
1603 3682 1816 3746 caeteris
1839 3682 2017 3740 omni-

435 3771 541 3827 bus
574 3772 713 3827 adeo
763 3771 1129 3834 abhorrentis,
1161 3771 1638 3831 confirmationem
1691 3777 1844 3831 varia
1890 3792 2017 3846 pro-

436 3862 542 3919 fert
561 3865 895 3935 testimonia,
915 3881 980 3924 ex
1005 3866 1093 3926 his
1115 3866 1312 3927 litteris
1334 3887 1364 3926 a
1394 3871 1763 3937 Theodoreto,
1789 3873 2020 3942 aliisque

438 3955 774 4028 quibusdam.
815 3961 1219 4031 antiquissimis
1270 3963 1634 4034 scriptoribus
1670 3965 2016 4034 deprompta,

439 4067 562 4123 qua:
602 4067 714 4109 non
757 4053 950 4110 eodem
987 4071 1218 4126 prorsus
1249 4057 1414 4113 modo
1458 4066 1623 4129 atque
1664 4057 1720 4112 in
1769 4058 1863 4113 illo
1894 4056 2020 4112 Flo-

439 4146 660 4204 rentino
700 4147 889 4204 codice
937 4149 1215 4220 leguntur.
1248 4149 1328 4205 Ex
1352 4150 1556 4222 quibus
1589 4150 1784 4206 doctus
1822 4149 1913 4204 ille
1938 4147 2024 4202 vir

439 4240 722 4296 concludit
753 4255 856 4296 nos
883 4255 983 4311 pro
1017 4258 1147 4298 vere
1177 4241 1462 4315 lgnatiano
1490 4243 1629 4298 nihil
1671 4257 1898 4313 prorsus
1924 4241 2024 4296 ha—

438 4332 590 4399 bere,
622 4332 730 4387 nisi
752 4334 898 4403 quod
930 4333 1001 4390 ab
1042 4333 1302 4390 Ecclesia:
1335 4333 1612 4401 Patribus,
1659 4333 1756 4404 qui
1788 4342 2023 4404 quatuor

437 4425 635 4496 primis
669 4435 794 4495 post
813 4424 1009 4498 lgnatii
1032 4438 1267 4482 mortem
1302 4425 1517 4482 saeculis
1543 4425 1869 4494 floruerunt,
1888 4439 2023 4480 con—

442 4533 639 4590 gruum
663 4519 736 4574 sit
760 4529 814 4575 et
842 4518 1196 4576 conveniens.

515 4613 620 4668 Sed
655 4613 772 4668 haec
806 4628 958 4668 mera
991 4623 1140 4680 sunt,
1177 4613 1322 4668 absit
1359 4623 1541 4670 tamen
1578 4612 1744 4669 verbo
1789 4612 2016 4680 invidia,

441 4705 687 4762 hominis
712 4705 990 4776 vigilantis
1048 4706 1287 4773 somnia,
1348 4721 1613 4776 vanaeque
1661 4722 1727 4761 ac
1791 4721 2022 4776 prorsus

442 4795 652 4852 frivola
677 4797 965 4867 opiniones
987 4806 1041 4853 et
1069 4797 1428 4868 conjecturae.
1453 4796 1590 4852 Nam
1625 4797 1672 4852 si
1695 4813 1764 4852 ex
1793 4812 1857 4852 eo
1877 4797 2025 4867 quod

442 4902 544 4942 nec
579 4887 805 4942 omnino
856 4888 1237 4957 incorruptum
1280 4903 1383 4942 nec
1425 4888 1586 4958 plane
1628 4888 1904 4958 integrum
1953 4886 2028 4942 sit

441 4982 645 5036 veteris
679 4980 916 5051 alicujus
953 4979 1471 5049 antiquissimorum
1511 4980 1770 5035 Ecclesiae
1796 4978 2024 5035 Patrum

442 5072 843 5128 lucubrationis
895 5072 1214 5138 exemplar,
1267 5071 1404 5127 illud
1460 5072 1672 5128 idcirco
1727 5073 2024 5143 genuinum

443 5163 591 5218 illius
623 5177 760 5233 Opus
778 5178 1124 5233 nequaquam
1148 5171 1541 5234 repraesentare
1581 5163 1818 5230 dicatur,
1851 5164 2024 5234 pluri-

443 5271 546 5309 mae
581 5270 715 5310 sane
756 5271 822 5312 ac
860 5259 1257 5328 pr0pemodum
1306 5258 1531 5312 infinitae
1596 5265 1758 5312 erunt
1803 5257 2022 5312 illorum

443 5349 957 5416 commentationes,
972 5351 1174 5420 quibus
1191 5350 1380 5405 eadem
1407 5350 1661 5406 falsitatis
1689 5360 1815 5406 nota
1833 5351 2028 5407 debeat

444 5441 611 5494 inuri.
650 5440 797 5507 Quot
840 5442 1011 5505 enim,
1060 5441 1208 5496 Deus
1248 5442 1411 5509 bone,
1445 5443 1762 5498 eorumdem
1799 5442 2024 5498 Patrum

443 5534 666 5604 scripta,
701 5543 986 5598 tractatus,
1019 5535 1146 5589 libri
1177 5543 1232 5590 et
1279 5535 1386 5589 alia
1413 5535 1926 5607 ejuscemodmpera
1958 5553 2023 5592 ex
2062 5576 2068 5584 .

447 5641 557 5679 uno
605 5636 814 5682 tantum
866 5627 1245 5696 manuscripto
1293 5628 1481 5683 codice
1540 5629 1755 5694 mutilo,
1813 5629 2025 5682 lacunis

447 5718 653 5787 hiante,
679 5721 955 5790 variisque
985 5721 1404 5777 amanuensium
1437 5721 1789 5777 librariorum
1814 5722 2028 5777 mendis

605 5909 808 5970 l’indic.
842 5910 1014 5980 Epist.
1049 5912 1202 5984 [gnat
1258 5930 1379 5985 pag.
1421 5915 1500 5969 i8.

2117 1988 2333 2042 illorum
2366 2002 2504 2057 opus
2543 1995 2598 2040 et
2645 1982 3139 2040 commentarium?
3175 1979 3436 2051 Nunquid
3493 1980 3718 2035 idcirco

2115 2080 2253 2135 nihil
2287 2079 2434 2134 aliud
2482 2080 2538 2133 in
2584 2081 2665 2136 eis
2699 2078 2812 2133 veri
2843 2085 2898 2131 et
2925 2074 3126 2131 sinceri
3156 2089 3277 2128 esse
3317 2073 3556 2138 dicetur,
3596 2073 3715 2126 nisi

2114 2169 2260 2242 quod
2293 2170 2440 2228 intra
2478 2169 2910 2242 quadringentos
2934 2166 3005 2220 ah
3035 2163 3276 2220 auctoris
3314 2171 3491 2216 morte
3522 2177 3712 2215 annos

2114 2263 2184 2318 ab
2214 2263 2338 2318 aliis
2359 2262 2719 2333 scriptoribus
2747 2260 2974 2316 citatum
2997 2256 3264 2331 legimus?
3281 2253 3424 2322 Quid
3440 2269 3578 2309 vero
3593 2253 3619 2306 ?
3649 2251 3713 2308 Si

2093 2358 2670 2430 scriptoresilli,utnon
2686 2355 2759 2410 ita
2774 2368 2897 2408 raro
2907 2368 3011 2408 usu
3020 2347 3413 2412 venit,nihilxex
3442 2345 3530 2400 his
3547 2361 3712 2401 com-

2114 2447 2549 2503 mentationibus
2588 2445 2956 2510 laudaverint,
3003 2440 3249 2510 nunquid
3314 2438 3528 2494 idcirco
3590 2439 3713 2494 hac

2113 2540 2436 2596 veneranda
2469 2547 2824 2594 monumenta
2857 2533 3202 2605 antiquitatis
3228 2531 3528 2602 rej‘icienda
3571 2538 3712 2586 sunt

2114 2648 2179 2687 ac
2203 2633 2420 2703 penitus
2448 2628 2887 2701 proscribenda?

2183 2725 2296 2796 Age
2323 2739 2471 2790 vero,
2501 2722 2653 2793 quid,
2683 2735 2890 2791 quaeso,
2917 2734 2986 2775 ex
3017 2718 3121 2774 hac
3145 2715 3570 2789 argumentandi
3600 2729 3700 2769 ra-

2116 2817 2263 2872 tione
2286 2817 2352 2872 de
2377 2816 2499 2871 aliis
2530 2815 2620 2868 fiet
2643 2814 2865 2867 Patrum
2892 2811 3172 2882 Operibus,
3197 2826 3318 2880 quae
3347 2807 3610 2878 quamvis
3638 2822 3708 2860 ex

2115 2910 2365 2980 pluribus
2412 2906 2800 2976 manuscriptis
2848 2903 3132 2959 codicibus
3181 2916 3383 2956 excusa
3441 2908 3499 2955 et
3561 2897 3710 2968 typis

2115 3006 2282 3073 edita,
2344 3003 2530 3058 nullus
2581 3013 2760 3057 tamen
2804 3014 2871 3053 ex
2909 2997 3104 3052 iisdem
3149 2996 3437 3051 codicibus
3488 2994 3711 3064 integer

2116 3095 2374 3162 omnino,
2394 3095 2471 3148 uti
2492 3107 2634 3162 saepe
2656 3089 2854 3165 saepius
2877 3087 3098 3152 accidit,
3126 3096 3180 3142 et
3199 3086 3560 3155 incorruptus
3587 3093 3707 3144 est;

2117 3189 2208 3244 sed
2237 3188 2291 3241 in
2327 3187 2413 3241 his
2443 3183 2702 3240 omnibus
2726 3181 2920 3236 menda
2949 3185 3271 3242 occurrunt,
3299 3177 3511 3245 lapsus,
3552 3190 3711 3229 erro-

2120 3297 2228 3346 res,
2256 3281 2439 3335 biatus
2487 3287 2541 3334 et
2577 3277 2807 3340 lacuum,
2833 3289 2958 3344 qum
2995 3288 3062 3327 ex
3088 3270 3238 3324 nu!lo
3261 3284 3452 3322 eorum
3475 3283 3582 3322 nec
3611 3281 3711 3320 sa-

2119 3372 2239 3427 nari
2270 3378 2502 3442 possunt
2525 3383 2625 3423 nec
2644 3360 3230 3431 emendari?Nunquid
3254 3375 3382 3429 ergo
3403 3358 3708 3413 dicendum

2119 3477 2202 3520 est
2230 3464 2415 3520 omnia
2444 3458 2779 3532 ejuscemodi
2811 3456 3036 3510 Patrum
3072 3468 3261 3524 opera,
3291 3452 3475 3507 dubia:
3512 3452 3714 3506 tandiu

2118 3574 2240 3616 esse
2263 3557 2406 3623 fidei,
2438 3553 2681 3625 quandiu
2709 3550 2931 3621 aliquod
2973 3548 3193 3603 illorum
3219 3545 3498 3616 exemplar
3526 3546 3715 3599 omni-

2119 3652 2225 3709 bus
2256 3649 2370 3708 suis
2399 3647 2649 3705 numeris
2680 3645 3015 3709 absolutum,
3044 3652 3098 3697 et
3137 3640 3557 3712 integerrimum
3593 3654 3714 3692 nou

2120 3744 2456 3815 reperietur?
2485 3741 2655 3796 Nemo
2681 3747 2826 3794 certe
2848 3752 2956 3792 non
2980 3733 3127 3788 videt
3149 3741 3413 3803 quantum
3448 3731 3566 3786 haec
3589 3746 3709 3784 om-

2121 3841 2211 3894 nia
2260 3836 2498 3892 absurda
2545 3842 2601 3889 et
2645 3833 2713 3888 ab
2751 3829 2902 3886 omni
2944 3841 3174 3900 prorsus
3221 3822 3715 3880 verisimilitudine

2121 3930 2231 3985 sint
2251 3929 2447 3983 aliena.

2193 4022 2413 4077 Certum
2453 4019 2617 4091 igitur
2644 4026 2939 4087 ratumque
2961 4026 3085 4068 esse
3113 4010 3277 4066 debet
3319 4008 3442 4064 illas
3478 4005 3716 4061 Patrum

2121 4111 2611 4170 commentationes
2649 4126 2808 4166 veras
2848 4119 2903 4165 et
2928 4109 3195 4181 genuinas
3223 4121 3346 4162 esse
3375 4104 3715 4168 censendas,

2122 4221 2243 4276 quae
2269 4221 2336 4260 ex
2365 4219 2496 4270 uno,
2530 4204 2624 4259 sed
2653 4203 2880 4273 antiquo
2911 4213 2964 4258 et
2985 4202 3206 4272 optima).
3231 4208 3374 4254 notae
3401 4196 3720 4266 exemplari

2124 4299 2198 4353 ita
2228 4305 2494 4352 eruuntur
2518 4334 2535 4363 ,
2570 4305 2630 4350 ut
2658 4296 2710 4350 in
2742 4296 2837 4350 illo
2861 4311 2970 4350 non
3001 4310 3063 4349 ea
3089 4302 3322 4356 tantum,
3366 4306 3489 4361 quae
3513 4290 3587 4344 ab
3611 4305 3719 4342 an-

2124 4389 2295 4460 tiquis
2331 4387 2694 4454 scriptoribus
2736 4387 2864 4441 inde
2896 4385 3118 4440 laudata
3154 4383 3406 4454 legimus,
3444 4381 3540 4436 scd
3572 4379 3720 4434 nihil

2125 4483 2313 4548 etiam,
2358 4481 2465 4536 nisi
2501 4489 2727 4535 auctore
2763 4495 2866 4534 suo
2907 4478 3296 4550 dignissimum
3335 4476 3713 4531 contineatur.

2125 4572 2290 4643 Atqui
2313 4571 2507 4643 lgnalii
2538 4570 2714 4626 nostri
2743 4570 3026 4640 epistolas,
3055 4585 3121 4623 ex
3158 4567 3476 4623 Florentino
3519 4566 3719 4621 codice

2121 4667 2448 4736 divulgatas,
2481 4664 2618 4719 tales
2655 4677 2778 4718 esse
2830 4661 3234 4727 invictissimis,
3261 4659 3340 4715 uti
3362 4657 3586 4728 quidem
3618 4672 3716 4710 ar-

2120 4758 2414 4822 bitramur,
2441 4752 2806 4826 argumentis,
2841 4751 3099 4821 superius
3123 4750 3560 4804 demonstratum
3601 4753 3709 4798 est.

2122 4848 2395 4904 Caeterum
2445 4847 2554 4902 illa:
2586 4845 2781 4918 lgnatii
2829 4843 3078 4914 epistolae
3111 4857 3222 4897 non
3262 4841 3317 4894 in
3353 4838 3474 4894 solo
3518 4837 3717 4892 codice

2124 4942 2442 4997 Florentino
2464 4949 2692 5010 reperta
2717 4946 2876 5006 sunt;
2904 4936 3161 4992 Usserius
3184 4934 3330 4989 enim
3349 4932 3487 4986 alios
3513 4940 3716 4984 nactus

2122 5043 2226 5100 est,
2253 5033 2348 5104 qui
2372 5032 2624 5104 quamvis
2661 5029 2842 5084 Latini
2882 5029 3015 5094 sint,
3072 5027 3200 5097 quia
3232 5035 3414 5079 tamen
3453 5023 3714 5077 eumdem

2124 5143 2189 5182 ac
2229 5126 2581 5182 Florentiuus
2627 5122 2822 5195 Ignatii
2854 5130 3063 5176 textum
3096 5118 3374 5178 exhibent,
3401 5116 3456 5169 in
3493 5115 3562 5170 iis
3593 5114 3715 5169 siu—

2125 5235 2280 5274 ccras
2307 5217 2687 5288 genuinasquc
2713 5214 2859 5269 illius
2890 5211 3150 5282 epistolas
3181 5204 3562 5278 repraesentari
3583 5205 3712 5260 nul-

2125 5315 2210 5370 lus
2241 5314 2400 5382 plane
2439 5310 2726 5367 dubitandi
2758 5309 2912 5362 locus
2933 5313 3038 5360 est.

2198 5430 2281 5485 Ad
2311 5428 2578 5484 Tentzclii
2601 5427 2787 5495 itaque
2815 5423 3164 5492 conjecturas
3185 5419 3332 5490 quod
3361 5417 3578 5482 attinet,
3609 5417 3713 5473 illa:

2126 5524 2298 5580 dubio
2327 5522 2538 5593 procul,
2569 5521 2722 5574 nullo
2745 5516 2980 5586 amplius
3007 5513 3235 5569 feriente
3254 5523 3348 5566 aut
3375 5511 3708 5580 impellente,

2130 5619 2225 5675 sed
2261 5633 2321 5673 se
2356 5617 2490 5686 ipsis
2517 5621 2686 5669 ruunt
2716 5621 2770 5666 et
2791 5617 3149 5666 evanescunt.
3185 5605 3250 5659 Et
3271 5620 3401 5660 vero
3429 5606 3474 5659 si
3504 5621 3629 5674 qua:
3658 5607 3709 5659 in

2133 5712 2456 5772 memoratis
2499 5709 2782 5767 codicibus
2813 5706 3089 5764 variantes
3118 5703 3402 5771 lectiones,
3441 5715 3537 5757 aut
3570 5700 3712 5758 leves
