3852 6206
149 337 270 391 ως

1215 325 1517 386 ΑΝΒΒΕᾹΞ
1558 325 1927 383 GALLANDII
1965 325 2331 383 PROtEMA.

3307 326 3409 380 566

149 459 369 525 hiatus,
392 466 450 513 et
476 458 686 513 lacunae
711 464 1026 520 occurrunt,
1047 459 1195 508 certe
1222 450 1468 520 plerique
1491 448 1730 516 codices,
1762 465 1809 520 Α
1835 449 2127 520 dilatisque
2153 448 2520 512 devenerunt,
2565 454 2624 501 ut
2669 444 2792 501 inde
2822 446 3225 517 lgnatianarum
3264 447 3410 502 litte-

143 568 223 607 ex
263 551 469 621 quibus
501 551 608 604 alia
638 549 859 606 Patrum
887 563 1054 618 opera
1088 547 1155 600 in.
1171 545 1369 615 vulgus
1399 542 1738 613 prodierunt,

147 661 260 700 nec
305 646 604 701 levioribus
650 657 753 698 nec
804 638 1336 710 infrequentioribus
1374 635 1739 706 inquinantur

144 735 378 792 erratis.
410 737 482 790 At
510 735 626 788 hac
648 743 839 788 contra
854 729 1177 786 eorumdem
1203 742 1429 797 operum
1456 725 1736 780 veritatem

145 838 211 883 et
237 828 571 901 γνησιότητα
616 840 859 897 pugnare
880 823 1062 878 nullus
1101 823 1305 876 merito
1339 833 1580 889 unquam
1616 818 1741 889 jure

146 921 386 977 dixerit.

232 1011 444 1066 Deinde
469 1024 599 1066 vero
626 1023 738 1064 non
768 1006 908 1062 alios
935 1004 1240 1061 Florentini
1289 1003 1496 1062 codicis
1523 1016 1742 1058 errores

151 1101 480 1158 Tentzelius
506 1100 668 1154 nobis
687 1097 896 1168 objicit,
927 1111 1092 1168 quam
1142 1095 1265 1151 illos
1311 1095 1409 1165 qui
1464 1092 1622 1163 prius
1671 1092 1741 1147 ab

152 1195 416 1260 Usserio,
446 1193 644 1248 Vossio
664 1201 724 1248 et
744 1189 1048 1245 Pearsonio
1068 1187 1288 1244 indicati
1317 1186 1559 1242 luerunt.
1591 1185 1742 1252 Quo-

149 1287 346 1342 modo.
363 1287 528 1357 igitur
569 1285 863 1353 scriptores
905 1280 1008 1346 illi,
1063 1295 1209 1350 quos
1249 1279 1393 1334 idem
1423 1276 1742 1332 Tentzelius

150 1385 391 1451 lynceos
410 1385 465 1433 et
484 1376 730 1432 oculatos
766 1374 970 1430 merito.
993 1373 1244 1444 appellat,
1269 1387 1336 1427 eo
1359 1370 1749 1438 caacitatisjtar-

1840 558 2026 598 rarum
2058 542 2218 597 ﬁdem
2240 541 2512 596 vacillare
2537 548 2591 595 et
2627 539 2846 595 concuti
2872 554 2981 594 non
3011 538 3410 594 animadverte-

1839 635 1990 690 rint?
2018 633 2176 688 Nulla
2217 647 2352 688 sane
2391 632 2496 686 alia
2529 647 2696 687 causa
2726 630 2850 698 fuit,
2880 631 2986 686 nisi
3017 631 3146 701 quia
3181 630 3412 685 acrioris

1839 728 2207 798 azquiorisque
2235 726 2338 797 ipsi
2367 736 2523 782 erant
2545 726 2759 796 judicii,
2780 740 2947 796 quam
2977 731 3039 779 ut
3065 731 3287 794 propter
3312 738 3410 776 va-

1838 818 1951 873 rios
1983 817 2248 888 quosdam
2283 817 2628 872 librariorum
2651 830 2888 882 errores,
2920 823 3122 870 certam
3150 814 3414 868 harumce

1838 910 2214 982 epistularum,
2236 909 2320 964 vel
2345 909 2574 964 alterius
2591 907 2886 978 cujuslibet
2904 905 3298 963 lucubrationis
3321 920 3414 959 ve-

1841 1000 2060 1054 ritatem
2092 1006 2286 1053 nutare
2308 998 2612 1054 crederent.
2638 996 2744 1058 Sed
2773 998 2889 1052 haec
2920 996 3096 1052 fusius
3121 995 3408 1067 prosequi,

1841 1101 1896 1147 et
1924 1091 1981 1146 in
1995 1091 2098 1146 hac
2115 1089 2397 1160 opinione,
2417 1105 2541 1160 qua:
2565 1100 2680 1146 tam
2719 1090 2789 1146 ab
2825 1091 3061 1145 aliorum
3104 1088 3410 1152 sententiis,

1844 1199 2008 1254 quam
2041 1182 2110 1236 ab
2132 1183 2247 1251 ipsa
2277 1182 2505 1237 veritate
2533 1183 2671 1238 adeo
2701 1181 2981 1245 abhorret.
3013 1180 3223 1236 diutius
3250 1178 3413 1234 refel—

1843 1273 2002 1328 lenda
2020 1271 2324 1338 immorari,
2358 1271 2694 1344 superﬂuum
2725 1272 2950 1329 omnino
2964 1280 3018 1328 et
3041 1271 3232 1328 inutile
3253 1271 3412 1327 nobis

1843 1365 2075 1420 videtur.

175 1561 3410 1598 ψ

847 1727 1658 1840 ΔΝΒΒΕΕ
1752 1726 2776 1841 GALLANDII

1498 1977 2077 2071 PBO(EMIA

491 2203 597 2264 AD
648 2201 1090 2266 EPISTOLAS
1146 2198 1432 2262 SANCTI
1476 2195 1785 2260 IGNATII
1838 2199 1942 2258 ET
2007 2195 2217 2258 ACTA
2252 2194 2657 2256 MARTYRII
2705 2193 3084 2258 EIUSDEM.

930 2361 1183 2424 (Veterum
1204 2365 1413 2413 Patrum
1432 2357 1678 2421 Biblioth.,
1705 2364 1742 2410 t.
1766 2359 1805 2422 Ι,
1828 2359 2056 2410 Venetiis
2078 2359 2217 2423 i765,
2241 2362 2464 2426 Proleg.,
2481 2375 2532 2426 p.
2556 2362 2674 2425 LIV.)

667 2587 896 2645 CAPUT
929 2585 1222 2643 PRIMUM.

157 2682 384 2751 Septem
413 2681 664 2752 epistolas
689 2681 898 2749 scripsit
924 2681 982 2735 S.
1015 2679 1276 2752 Ignatius.
1316 2676 1524 2752 Harum
1553 2677 1749 2752 duplex

226 2748 512 2822 ἀρτηρίαι-
540 2770 560 2807 :
602 2748 826 2806 alterum
861 2748 1146 2810 sincerum,
1170 2749 1421 2822 alterum
1457 2748 1750 2822 interpola-

231 2819 580 2878 tum.’Misso
605 2823 912 2890 posteriore,
940 2822 1121 2891 agitur
1143 2819 1208 2873 de
1231 2821 1435 2891 priore,
1461 2819 1613 2888 cujus
1629 2834 1752 2888 pro-

226 2889 802 2963 ponuntitr_editiones
859 2889 1160 2961 praecipuae.
1225 2889 1478 2944 Omnium
1525 2891 1748 2960 optima,

234 2961 368 3034 qua:
397 2973 476 3016 est
505 2961 717 3017 Thema:
753 2961 969 3018 Smithi.

229 3078 588 3147 Scriptorum
623 3077 1122 3133 ecclesiasticorum
1158 3074 1419 3130 saeculum
1455 3088 1494 3127 ιι
1529 3071 1757 3126 inchoat

161 3167 223 3223 S.
263 3167 554 3240 lgnatius,
581 3169 871 3238 episcopus
920 3168 1294 3223 Antiochenus
1351 3174 1407 3221 et
1445 3173 1684 3234 martyr;
1723 3177 1755 3216 a

159 3277 275 3330 quo
310 3260 566 3330 epistola:
592 3275 690 3323 vu,
715 3258 1006 3330 Smyrnaeis
1034 3301 1050 3328 ,
1110 3259 1406 3329 Palycarpo
1427 3299 1443 3326 ,
1488 3257 1752 3327 Ephesiis,

166 3353 494 3424 Eagnesiis,
517 3350 1088 3422 Philadelphiensibus,
1117 3350 1408 3405 Trallianis
1449 3358 1613 3420 atque
1643 3348 1756 3403 Ro-

166 3443 347 3496 manis
403 3442 678 3512 inscripta:
717 3452 1042 3499 noscuntur.
1099 3440 1304 3497 Harum
1339 3441 1540 3512 duplex
1579 3450 1759 3498 exstat

163 3535 426 3590 (‘srzecum
465 3533 774 3603 exemplar:
824 3534 1058 3588 alterum
1112 3533 1378 3598 brevius,
1434 3547 1756 3604 germanum

164 3636 336 3696 atque
406 3623 722 3692 sincerum;
777 3625 1010 3680 alterum
1049 3625 1268 3696 longius
1295 3665 1313 3692 ,
1345 3625 1755 3694 interpolatum.

167 3715 344 3771 Misso
379 3716 705 3786 posteriore,
746 3715 814 3770 ad
841 3724 1091 3772 nostrum
1118 3716 1429 3772 institutum
1458 3715 1607 3772 baud
1633 3730 1761 3787 per-

168 3811 405 3876 tinente,
434 3808 502 3862 de
534 3808 716 3878 priore
747 3823 893 3862 nunc
915 3823 1096 3863 sermo
1122 3808 1425 3865 habendus.

1781 2587 1825 2640 B
1854 2582 1966 2637 line
1991 2583 2288 2637 redditam:
2323 2596 2490 2652 quam
2521 2580 2780 2651 deinceps
2829 2597 2994 2636 unam
3019 2621 3035 2648 ,
3089 2596 3214 2638 cum
3271 2581 3422 2638 Actis

1851 2674 2118 2745 lgnatiani
2146 2673 2416 2745 martyrii,
2443 2689 2588 2729 anno
2617 2674 2757 2730 1699
2781 2674 2834 2729 in
2867 2673 3137 2746 Spicilegii
3180 2673 3280 2732 SS.
3309 2675 3425 2730 Pa-

1854 2778 1993 2822 trum
2013 2769 2292 2823 volumine
2314 2766 2359 2822 lI
2385 2767 2624 2824 Joannes
2652 2767 2918 2824 Ernestus
2963 2767 3197 2824 Grabius
3223 2768 3424 2825 Oxonii

1852 2861 2074 2930 prodire
2132 2860 2316 2930 jussit.
2355 2857 2496 2916 Hinc
2548 2869 2731 2915 autem
2778 2859 3018 2918 Joannes
3086 2862 3332 2917 Clericus
3367 2863 3425 2917 in

1855 2951 2091 3008 editione
2115 2951 2480 3019 Coteleriana,
2513 2953 2682 3008 semel
2715 2953 3024 3024 iterumque
3043 2969 3174 3009 ann.
3205 2954 3343 3010 1698
3371 2962 3429 3010 et

1856 3044 1998 3099 1724
2017 3044 2408 3099 Amstelodami
2447 3044 2702 3113 repetita,
2745 3046 2989 3101 eamdem
3021 3045 3088 3101 ad
3146 3046 3427 3102 Romanos

1856 3136 2438 3207 epistolam,versioue
2473 3135 2832 3192 Ruinartiana
2863 3137 3063 3194 refecta
3089 3180 3105 3205 ,
3149 3153 3243 3194 sex
3293 3141 3427 3195 reli-

1857 3228 1985 3299 quis
2011 3229 2244 3285 sinceris
2279 3229 2554 3285 addidisse
2597 3231 2970 3299 comperitur:
3010 3229 3065 3284 in
3104 3245 3214 3300 qua
3246 3241 3430 3286 tamen

1857 3321 2065 3377 edenda
2093 3362 2109 3387 ,
2151 3337 2215 3377 ea
2250 3321 2501 3377 libertate
2533 3337 2695 3378 usum
2744 3323 2997 3378 novimus
3048 3339 3171 3394 quae
3204 3323 3431 3379 minime

1858 3415 2140 3484 probanda
2159 3414 2396 3480 videtur,
2433 3424 2492 3469 ut
2517 3430 2584 3470 ex
2616 3430 2742 3471 mox
2759 3415 3006 3472 dicendis
3024 3416 3248 3487 patebit.

1929 3505 2139 3562 Exinde
2163 3521 2312 3572 vero,
2347 3523 2377 3562 e
2399 3507 2622 3563 Medicei
2667 3509 2872 3565 codicis
2922 3509 3241 3580 exemplari,
3281 3511 3431 3581 quod

1859 3613 2005 3653 novo
2031 3607 2086 3654 et
2105 3599 2523 3655 accuratissimo
2547 3599 2731 3656 studio
2753 3600 3198 3670 exscripseratV.
3230 3601 3292 3657 C.
3321 3603 3435 3656 An—

1862 3691 2044 3748 tonius
2108 3691 2280 3746 Maria
2333 3691 2644 3758 Salvinius,
2704 3691 2868 3746 aliam
2898 3693 3193 3749 editionem
3248 3695 3434 3750 emisit

1860 3782 2059 3841 Oxonii
2112 3783 2252 3839 1708
2284 3783 2348 3838 C.
2403 3784 2737 3851 Aldrichius,
2784 3783 2880 3854 qui
2927 3792 3132 3842 textum
3180 3785 3433 3841 Graecum

238 3875 551 3956 Breviores'
571 3901 739 3971 igitur
769 3901 1050 3970 epistolas,
1082 3916 1220 3970 quas
1244 3900 1436 3955 habuit
1464 3899 1756 3967 Eusebius,
1787 3920 1828 3980 (ς
1861 3885 2028 3980 pro“?
2063 3877 2216 3931 illum
2233 3875 2586 3980 exhibeam?
2625 3884 2816 3980 “ad?
2850 3890 2950 3946 Ρτθ
2971 3877 3185 3980 Ῐίξίδυε
3238 3878 3436 3948 ίπΨτί⁰

171 4009 317 4065 quas
352 3993 525 4048 edidit
555 3992 907 4066 Polycarpus,
963 4009 1102 4064 quas
1135 3993 1355 4063 scripsit
1409 3993 1672 4064 lgnatius,
1701 4003 1760 4049 ut

175 4104 304 4143 cum
376 4085 678 4143 Pearsonio
726 4087 941 4156 loquar,
980 4087 1192 4156 primus
1242 4087 1298 4140 in
1341 4086 1519 4142 lucem
1568 4085 1762 4141 extulit

174 4179 576 4234 Amslelodami
610 4176 767 4241 1646,
790 4178 878 4243 4ο,
903 4177 1124 4234 lsaacus
1163 4177 1394 4233 Vossius
1419 4193 1486 4232 ex
1518 4192 1631 4232 uno
1662 4192 1760 4232 su-

172 4274 409 4343 perstite
437 4273 782 4327 bibliothecae
799 4271 1053 4326 Mediocre
1069 4271 1259 4326 codice
1288 4286 1393 4325 ms.
1412 4279 1762 4338 veteremque

175 4362 438 4418 Latinam
476 4363 786 4418 versionem
821 4362 1068 4427 addidit,
1105 4377 1270 4432 quam
1325 4360 1516 4416 Graeco
1571 4375 1761 4414 exem-

173 4457 316 4526 μευ-ἰ
335 4454 735 4526 prepemodum
759 4453 815 4508 in
841 4454 1100 4508 omnibus
1120 4452 1541 4523 respondentem
1562 4450 1762 4506 Oxonii

175 4549 322 4606 16-14
359 4547 611 4617 vulgarat
661 4544 901 4600 Jacobus
952 4543 1233 4600 Usserius.
1288 4543 1490 4598 Verum
1543 4558 1669 4599 cum
1705 4543 1764 4597 in

179 4658 246 4696 eo
274 4639 468 4696 codice
499 4637 816 4693 Florentino
847 4637 1064 4694 deesset
1096 4637 1326 4707 epistola
1357 4637 1426 4692 ad
1464 4636 1762 4702 Romanos,

178 4732 331 4786 illam
372 4743 441 4784 ex
476 4727 929 4798 interpolatarum
981 4727 1219 4784 editione
1251 4727 1626 4797 desumptam,
1662 4725 1764 4780 du-

181 4835 336 4879 ctore
360 4831 549 4876 vetere
583 4820 877 4890 interprete
902 4861 917 4887 ,
957 4834 1070 4875 suae
1124 4820 1421 4889 integritati
1475 4818 1767 4874 restituere

182 4917 418 4970 adortus
452 4920 556 4967 est.
619 4910 772 4968 Hanc
824 4920 1008 4967 autem
1059 4909 1383 4968 Vossianam
1445 4911 1763 4978 editionem,

181 5017 233 5061 et
263 5006 492 5076 quidem
519 5005 946 5075 castigatiorem,
981 5004 1179 5060 iterum
1202 5004 1547 5074 evulgarunt,
1596 5002 1767 5059 Usse-

185 5100 303 5152 rius
334 5098 577 5168 primum
617 5095 1044 5163 Londini1647,
1084 5095 1282 5152 deinde
1321 5097 1629 5152 Cotelerius
1661 5095 1766 5150 Pa-

187 5190 338 5244 risiis
367 5188 532 5242 16⁵72.

1863 3969 2124 4025 mendum
2172 3971 2404 4025 curavit.
2445 3969 2523 4026 De
2551 3970 2656 4025 hac
2705 3978 2888 4025 autem
2923 3970 3163 4026 editione
3209 3985 3438 4041 peracre

1857 4061 2125 4131 judicium
2156 4061 2279 4117 tulit
2307 4060 2548 4117 Thomas
2580 4061 2827 4118 Smithus
2858 4063 2914 4117 in
2972 4063 3200 4134 epistola
3247 4063 3438 4121 West-

1861 4153 2198 4208 monasterio
2223 4153 2312 4208 die
2336 4153 2372 4208 5
2407 4152 2585 4208 Martii
2623 4153 2824 4210 1708-9
2845 4154 2914 4210 ad
2945 4153 3213 4210 Thomam
3263 4155 3438 4212 Ilear-

1861 4245 2015 4300 nium
2038 4247 2195 4300 data:
2241 4246 2297 4300 in
2343 4261 2407 4301 ea
2439 4246 2712 4316 siquidem
2759 4263 2870 4304 non
2928 4249 3104 4304 solum
3144 4260 3324 4304 errata
3359 4251 3438 4306 le-

1860 4337 2012 4391 viora
2040 4346 2192 4392 notat
2222 4337 2423 4407 quibus
2479 4339 2708 4411 singulae
2751 4341 2962 4411 paginae
3014 4350 3245 4410 scatent,
3290 4342 3438 4398 unde

1862 4443 2082 4499 quoque
2097 4430 2302 4502 pluries
2323 4430 2625 4494 deformata
2646 4432 2838 4500 lectio;
2861 4448 3046 4487 verum
3076 4434 3236 4488 etiam
3263 4449 3438 4504 pauca

1863 4534 1895 4574 e
1929 4521 2115 4578 multis
2149 4523 2255 4578 alia
2288 4523 2342 4578 in
2377 4524 2615 4579 medium
2643 4523 2869 4593 profert,
2897 4540 3020 4595 quae
3036 4525 3151 4580 sive
3171 4541 3442 4596 grammao

1865 4612 1986 4668 tica:
2039 4613 2250 4684 legibus
2305 4615 2423 4670 sive
2451 4616 2692 4671 auctoris
2723 4617 2891 4672 menti
2922 4627 3246 4687 repugnant.
3286 4617 3440 4674 Hanc

1867 4713 2049 4760 autem
2105 4705 2304 4760 Smithi
2335 4707 2623 4776 epistolam
2671 4723 2796 4764 cum
2843 4709 2968 4764 aliis
3013 4709 3082 4764 ad
3128 4709 3441 4780 lgnatianas

1867 4798 2137 4868 Epistolas
2166 4801 2586 4869 pertinentibus,
2619 4802 2674 4856 in
2699 4802 2876 4857 lucem
2907 4803 3264 4860 emittendam
3305 4821 3441 4860 cen-

1868 4891 1980 4945 suit
2011 4891 2242 4961 ipsemet
2266 4890 2536 4948 Hearnius
2560 4893 2614 4948 in
2645 4894 2958 4964 Appendice
3011 4894 3080 4949 ad
3119 4896 3370 4950 volumen
3398 4896 3441 4949 ll

1869 4984 2118 5038 Chronici
2140 4983 2366 5039 Joannis
2395 4985 2776 5041 Glastoniensis
2804 4987 3067 5054 monac/ti,
3103 5005 3262 5060 pagg.
3313 4989 3442 5044 461-

1869 5073 1995 5141 469,
2028 5091 2156 5129 ann.
2200 5077 2336 5132 1726
2368 5078 2628 5149 evulgati.

1941 5191 2266 5260 Insequente
2300 5200 2481 5246 autem
2531 5209 2661 5248 ann.
2689 5192 2828 5248 1709
2859 5194 3061 5263 prodiit
3083 5195 3211 5248 item
3246 5193 3444 5250 Oxonii

255 5283 419 5337 Anno
438 5291 621 5336 autem
653 5279 791 5335 1689
823 5280 1112 5352 epistolam
1147 5281 1218 5334 ad
1242 5279 1528 5348 Romanos,
1553 5296 1675 5352 quae
1710 5279 1766 5334 in
1799 5262 1844 5316 D
1871 5284 2321 5353 preestantissima
2346 5285 2548 5339 laudati
2573 5284 2793 5340 Thoma:
2815 5262 3010 5340 Sinithi
3046 5287 3246 5353 editio;
3276 5301 3443 5354 quam

188 5377 380 5431 codice
409 5391 518 5430 ms.
552 5373 794 5430 Mediceo
830 5375 1266 5439 desiderabatur,
1304 5375 1572 5429 intextum
1632 5390 1770 5444 quo-

190 5484 294 5537 que
319 5466 379 5520 S.
417 5464 623 5535 Ignatii
655 5467 970 5535 martyrium
988 5464 1384 5536 przeferentem,
1410 5475 1571 5534 atque
1593 5468 1762 5521 veteri
1809 5495 1829 5514 ο

190 5559 480 5630 interpreti
555 5557 853 5615 Usseriano
911 5559 1248 5614 adamussim
1319 5559 1710 5629 aequiparatam
1748 5601 1763 5626 ,

191 5650 418 5707 Parisiis
450 5652 651 5721 publici
676 5652 816 5722 juris
847 5649 976 5706 fecit
1021 5650 1397 5709 Theodericus
1440 5651 1759 5709 Ruinartius

195 5744 246 5798 in
274 5745 426 5801 Actis
452 5759 753 5817 martyrum
781 5745 1026 5814 sinceris,
1049 5744 1118 5800 ab
1159 5743 1280 5816 ipso
1316 5744 1383 5800 cl.
1427 5744 1631 5801 editorc
1667 5743 1770 5801 La-

1868 5376 2087 5445 quidem
2137 5375 2262 5430 licet
2294 5391 2324 5430 a
2358 5375 2570 5431 Clerico
2594 5377 2818 5448 insuper
2841 5379 3080 5432 habitam
3109 5379 3163 5432 in
3202 5376 3442 5433 secunda

1867 5465 2228 5531 Coteleriana,
2285 5467 2541 5537 deinceps
2591 5477 2768 5522 tamen
2803 5477 2933 5524 sunt
2987 5468 3159 5524 secuti
3199 5467 3440 5523 Joannes

1869 5561 2178 5618 Ludovicus
2194 5561 2332 5633 Frey
2362 5571 2416 5617 et
2440 5561 2750 5620 Richardus
2771 5562 2964 5619 nussel
2982 5583 2994 5617 :
3015 5571 3068 5618 et
3102 5563 3191 5618 ille
3216 5563 3439 5632 quidem

1869 5653 1921 5707 iu
1961 5653 2218 5722 Epistolis
2265 5651 2366 5708 SS.
2399 5652 2626 5706 Patrum
2678 5653 3109 5719 apostolicorum,
3146 5667 3267 5721 quae
3308 5667 3436 5706 ann.

1873 5747 2009 5802 1712
2039 5745 2265 5804 Βαδὶιρω
2295 5746 2435 5817 typis
2471 5760 2686 5802 excusse
2708 5744 2914 5813 ,fucrc;
2957 5744 3044 5821 hic
3083 5758 3213 5800 vero
3243 5743 3298 5798 in
3343 5758 3441 5797 eo-
