  <div class='ocr_page' id='page_1' title='image "/cluster/home/n/w/nwhite01/storage/ocr_20150623/5/nnc1.0046978607/291.png"; bbox 0 0 3834 6214; ppageno 0'>
   <div class='ocr_carea' id='block_1_1' title="bbox 457 317 560 374">
    <p class='ocr_par' dir='ltr' id='par_1_1' title="bbox 457 317 560 374">
     <span class='ocr_line' id='line_1_1' title="bbox 457 317 560 374; baseline -0.019 0"><span class='ocrx_word' id='word_1_1' title='bbox 457 317 560 374; x_wconf 80' lang='lat'><strong>567</strong></span> 
     </span>
    </p>
   </div>
   <div class='ocr_carea' id='block_1_2' title="bbox 1511 317 2619 379">
    <p class='ocr_par' dir='ltr' id='par_1_2' title="bbox 1511 317 2619 379">
     <span class='ocr_line' id='line_1_2' title="bbox 1511 317 2619 379; baseline 0.005 -6"><span class='ocrx_word' id='word_1_2' title='bbox 1511 318 1569 373; x_wconf 90' lang='lat' dir='ltr'><strong>S.</strong></span> <span class='ocrx_word' id='word_1_3' title='bbox 1610 317 1963 376; x_wconf 83' lang='lat' dir='ltr'><strong>lGNATlUS.</strong></span> <span class='ocrx_word' id='word_1_4' title='bbox 1994 350 2067 362; x_wconf 93' lang='lat'><strong>—</strong></span> <span class='ocrx_word' id='word_1_5' title='bbox 2089 319 2619 379; x_wconf 77' lang='lat' dir='ltr'><strong>PROLEGOMENA.</strong></span> 
     </span>
    </p>
   </div>
   <div class='ocr_carea' id='block_1_3' title="bbox 455 436 3708 514">
    <p class='ocr_par' dir='ltr' id='par_1_3' title="bbox 455 436 3708 514">
     <span class='ocr_line' id='line_1_3' title="bbox 455 436 3708 514; baseline 0.002 -21"><span class='ocrx_word' id='word_1_6' title='bbox 455 438 706 493; x_wconf 69' lang='lat' dir='ltr'><strong>ruundem</strong></span> <span class='ocrx_word' id='word_1_7' title='bbox 735 436 837 493; x_wconf 89' lang='lat' dir='ltr'><strong>SS.</strong></span> <span class='ocrx_word' id='word_1_8' title='bbox 867 438 1095 495; x_wconf 83' lang='lat' dir='ltr'><strong>Patrum</strong></span> <span class='ocrx_word' id='word_1_9' title='bbox 1117 441 1530 509; x_wconf 78' lang='lat' dir='ltr'><strong>apostolicorum</strong></span> <span class='ocrx_word' id='word_1_10' title='bbox 1565 441 1807 511; x_wconf 76' lang='lat' dir='ltr'><strong>operibus</strong></span> <span class='ocrx_word' id='word_1_11' title='bbox 1856 459 2039 513; x_wconf 78' lang='lat' dir='ltr'><strong>genut-</strong></span> <span class='ocrx_word' id='word_1_12' title='bbox 2067 450 2110 504; x_wconf 79' lang='grc' dir='ltr'><strong>Α</strong></span> <span class='ocrx_word' id='word_1_13' title='bbox 2141 444 2379 514; x_wconf 74' lang='lat' dir='ltr'><strong>scriptis.</strong></span> <span class='ocrx_word' id='word_1_14' title='bbox 2410 442 2710 514; x_wconf 86' lang='lat' dir='ltr'><strong>Septimam</strong></span> <span class='ocrx_word' id='word_1_15' title='bbox 2734 460 2895 511; x_wconf 86' lang='lat' dir='ltr'><strong>vero,</strong></span> <span class='ocrx_word' id='word_1_16' title='bbox 2944 446 3013 499; x_wconf 82' lang='lat' dir='ltr'><strong>ad</strong></span> <span class='ocrx_word' id='word_1_17' title='bbox 3050 445 3314 501; x_wconf 65' lang='lat' dir='ltr'><strong>Romam</strong></span> <span class='ocrx_word' id='word_1_18' title='bbox 3333 488 3350 512; x_wconf 95' lang='lat'><strong>,</strong></span> <span class='ocrx_word' id='word_1_19' title='bbox 3395 461 3512 503; x_wconf 86' lang='lat' dir='ltr'><strong>una</strong></span> <span class='ocrx_word' id='word_1_20' title='bbox 3574 461 3708 503; x_wconf 69' lang='lat' dir='ltr'><strong>eum</strong></span> 
     </span>
    </p>
   </div>
   <div class='ocr_carea' id='block_1_4' title="bbox 453 528 2029 602">
    <p class='ocr_par' dir='ltr' id='par_1_4' title="bbox 453 528 2029 602">
     <span class='ocr_line' id='line_1_4' title="bbox 453 528 2029 602; baseline 0.005 -20"><span class='ocrx_word' id='word_1_21' title='bbox 453 531 562 598; x_wconf 75' lang='lat' dir='ltr'><strong>nis,</strong></span> <span class='ocrx_word' id='word_1_22' title='bbox 594 528 828 584; x_wconf 89' lang='lat' dir='ltr'><strong>Londini</strong></span> <span class='ocrx_word' id='word_1_23' title='bbox 861 546 992 586; x_wconf 91' lang='lat' dir='ltr'><strong>ann.</strong></span> <span class='ocrx_word' id='word_1_24' title='bbox 1031 531 1173 589; x_wconf 73' lang='grc'><strong>1746</strong></span> <span class='ocrx_word' id='word_1_25' title='bbox 1208 533 1260 586; x_wconf 93' lang='lat' dir='ltr'><strong>in</strong></span> <span class='ocrx_word' id='word_1_26' title='bbox 1287 533 1484 602; x_wconf 86' lang='lat' dir='ltr'><strong>vulgus</strong></span> <span class='ocrx_word' id='word_1_27' title='bbox 1505 534 1744 590; x_wconf 82' lang='lat' dir='ltr'><strong>emissis.</strong></span> <span class='ocrx_word' id='word_1_28' title='bbox 1769 533 2029 602; x_wconf 83' lang='lat' dir='ltr'><strong>Quando-</strong></span> 
     </span>
    </p>
   </div>
   <div class='ocr_carea' id='block_1_5' title="bbox 451 622 2028 695">
    <p class='ocr_par' dir='ltr' id='par_1_5' title="bbox 451 622 2028 695">
     <span class='ocr_line' id='line_1_5' title="bbox 451 622 2028 695; baseline 0.007 -22"><span class='ocrx_word' id='word_1_29' title='bbox 451 622 671 691; x_wconf 79' lang='lat' dir='ltr'><strong>quidem</strong></span> <span class='ocrx_word' id='word_1_30' title='bbox 717 636 848 677; x_wconf 88' lang='lat' dir='ltr'><strong>vero</strong></span> <span class='ocrx_word' id='word_1_31' title='bbox 907 622 1284 679; x_wconf 43' lang='lat' dir='ltr'><strong>banc’Smithi</strong></span> <span class='ocrx_word' id='word_1_32' title='bbox 1323 625 1613 680; x_wconf 76' lang='lat' dir='ltr'><strong>editionem</strong></span> <span class='ocrx_word' id='word_1_33' title='bbox 1670 641 1781 695; x_wconf 66' lang='lat' dir='ltr'><strong>prae</strong></span> <span class='ocrx_word' id='word_1_34' title='bbox 1817 629 2028 685; x_wconf 58' lang='lat' dir='ltr'><strong>caeteris</strong></span> 
     </span>
    </p>
   </div>
   <div class='ocr_carea' id='block_1_6' title="bbox 452 712 2028 788">
    <p class='ocr_par' dir='ltr' id='par_1_6' title="bbox 452 712 2028 788">
     <span class='ocr_line' id='line_1_6' title="bbox 452 712 2028 788; baseline 0.007 -23"><span class='ocrx_word' id='word_1_35' title='bbox 452 712 556 781; x_wconf 87' lang='lat' dir='ltr'><strong>ipsi</strong></span> <span class='ocrx_word' id='word_1_36' title='bbox 602 728 825 783; x_wconf 88' lang='lat' dir='ltr'><strong>quoque</strong></span> <span class='ocrx_word' id='word_1_37' title='bbox 872 714 1207 784; x_wconf 86' lang='lat' dir='ltr'><strong>sequendam</strong></span> <span class='ocrx_word' id='word_1_38' title='bbox 1264 714 1563 783; x_wconf 75' lang='lat' dir='ltr'><strong>duximus;</strong></span> <span class='ocrx_word' id='word_1_39' title='bbox 1603 727 1894 788; x_wconf 74' lang='lat' dir='ltr'><strong>propterea</strong></span> <span class='ocrx_word' id='word_1_40' title='bbox 1938 719 2028 776; x_wconf 86' lang='lat' dir='ltr'><strong>hic</strong></span> 
     </span>
    </p>
   </div>
   <div class='ocr_carea' id='block_1_7' title="bbox 449 804 2026 876">
    <p class='ocr_par' dir='ltr' id='par_1_7' title="bbox 449 804 2026 876">
     <span class='ocr_line' id='line_1_7' title="bbox 449 804 2026 876; baseline 0.004 -17"><span class='ocrx_word' id='word_1_41' title='bbox 449 804 761 860; x_wconf 82' lang='lat' dir='ltr'><strong>describere</strong></span> <span class='ocrx_word' id='word_1_42' title='bbox 802 815 1064 875; x_wconf 72' lang='lat' dir='ltr'><strong>praestat,</strong></span> <span class='ocrx_word' id='word_1_43' title='bbox 1100 820 1223 876; x_wconf 82' lang='lat' dir='ltr'><strong>quae</strong></span> <span class='ocrx_word' id='word_1_44' title='bbox 1254 806 1322 861; x_wconf 86' lang='lat' dir='ltr'><strong>de</strong></span> <span class='ocrx_word' id='word_1_45' title='bbox 1364 821 1465 861; x_wconf 89' lang='lat' dir='ltr'><strong>suo</strong></span> <span class='ocrx_word' id='word_1_46' title='bbox 1504 808 1754 866; x_wconf 87' lang='lat' dir='ltr'><strong>instituto</strong></span> <span class='ocrx_word' id='word_1_47' title='bbox 1790 826 1915 866; x_wconf 90' lang='lat' dir='ltr'><strong>cum</strong></span> <span class='ocrx_word' id='word_1_48' title='bbox 1968 812 2026 867; x_wconf 89' lang='lat' dir='ltr'><strong>in</strong></span> 
     </span>
    </p>
   </div>
   <div class='ocr_carea' id='block_1_8' title="bbox 447 891 2024 967">
    <p class='ocr_par' dir='ltr' id='par_1_8' title="bbox 447 891 2024 967">
     <span class='ocr_line' id='line_1_8' title="bbox 447 891 2024 967; baseline 0.009 -21"><span class='ocrx_word' id='word_1_49' title='bbox 447 891 762 962; x_wconf 73' lang='lat' dir='ltr'><strong>prtefatione</strong></span> <span class='ocrx_word' id='word_1_50' title='bbox 801 904 915 951; x_wconf 92' lang='lat' dir='ltr'><strong>tum</strong></span> <span class='ocrx_word' id='word_1_51' title='bbox 941 897 997 951; x_wconf 91' lang='lat' dir='ltr'><strong>in</strong></span> <span class='ocrx_word' id='word_1_52' title='bbox 1027 897 1258 967; x_wconf 87' lang='lat' dir='ltr'><strong>epistola</strong></span> <span class='ocrx_word' id='word_1_53' title='bbox 1289 899 1358 953; x_wconf 88' lang='lat' dir='ltr'><strong>ad</strong></span> <span class='ocrx_word' id='word_1_54' title='bbox 1385 898 1680 955; x_wconf 88' lang='lat' dir='ltr'><strong>Hearnium</strong></span> <span class='ocrx_word' id='word_1_55' title='bbox 1708 903 1874 959; x_wconf 87' lang='lat' dir='ltr'><strong>modo</strong></span> <span class='ocrx_word' id='word_1_56' title='bbox 1901 903 2024 959; x_wconf 89' lang='lat' dir='ltr'><strong>lau-</strong></span> 
     </span>
    </p>
   </div>
   <div class='ocr_carea' id='block_1_9' title="bbox 446 981 1175 1044">
    <p class='ocr_par' dir='ltr' id='par_1_9' title="bbox 446 981 1175 1044">
     <span class='ocr_line' id='line_1_9' title="bbox 446 981 1175 1044; baseline 0.01 -6"><span class='ocrx_word' id='word_1_57' title='bbox 446 981 574 1039; x_wconf 84' lang='lat' dir='ltr'><strong>data</strong></span> <span class='ocrx_word' id='word_1_58' title='bbox 598 985 945 1042; x_wconf 89' lang='lat' dir='ltr'><strong>edisserith.</strong></span> <span class='ocrx_word' id='word_1_59' title='bbox 976 989 1175 1044; x_wconf 87' lang='lat' dir='ltr'><strong>editor.</strong></span> 
     </span>
    </p>
   </div>
   <div class='ocr_carea' id='block_1_10' title="bbox 518 1071 2025 1156">
    <p class='ocr_par' dir='ltr' id='par_1_10' title="bbox 518 1071 2025 1156">
     <span class='ocr_line' id='line_1_10' title="bbox 518 1071 2025 1156; baseline 0.013 -30"><span class='ocrx_word' id='word_1_60' title='bbox 518 1071 779 1130; x_wconf 83' lang='lat' dir='ltr'><strong>Testatur</strong></span> <span class='ocrx_word' id='word_1_61' title='bbox 834 1077 1019 1147; x_wconf 86' lang='lat' dir='ltr'><strong>itaque</strong></span> <span class='ocrx_word' id='word_1_62' title='bbox 1078 1080 1328 1139; x_wconf 85' lang='lat' dir='ltr'><strong>Smithus</strong></span> <span class='ocrx_word' id='word_1_63' title='bbox 1386 1094 1791 1156; x_wconf 86' lang='lat' dir='ltr'><strong>peropportune</strong></span> <span class='ocrx_word' id='word_1_64' title='bbox 1843 1087 1912 1144; x_wconf 86' lang='lat' dir='ltr'><strong>ad</strong></span> <span class='ocrx_word' id='word_1_65' title='bbox 1964 1102 2025 1145; x_wconf 86' lang='lat' dir='ltr'><strong>se</strong></span> 
     </span>
    </p>
   </div>
   <div class='ocr_carea' id='block_1_11' title="bbox 445 1165 2023 1245">
    <p class='ocr_par' dir='ltr' id='par_1_11' title="bbox 445 1165 2023 1245">
     <span class='ocr_line' id='line_1_11' title="bbox 445 1165 2023 1245; baseline 0.013 -30"><span class='ocrx_word' id='word_1_66' title='bbox 445 1165 805 1223; x_wconf 76' lang='lat' dir='ltr'><strong>transmissae</strong></span> <span class='ocrx_word' id='word_1_67' title='bbox 856 1167 1086 1228; x_wconf 87' lang='lat' dir='ltr'><strong>Joannis</strong></span> <span class='ocrx_word' id='word_1_68' title='bbox 1134 1172 1400 1245; x_wconf 86' lang='lat' dir='ltr'><strong>Ledgardi</strong></span> <span class='ocrx_word' id='word_1_69' title='bbox 1457 1178 1731 1245; x_wconf 88' lang='lat' dir='ltr'><strong>schedas,</strong></span> <span class='ocrx_word' id='word_1_70' title='bbox 1763 1178 2023 1236; x_wconf 87' lang='lat' dir='ltr'><strong>editionis</strong></span> 
     </span>
    </p>
   </div>
   <div class='ocr_carea' id='block_1_12' title="bbox 447 1252 2023 1342">
    <p class='ocr_par' dir='ltr' id='par_1_12' title="bbox 447 1252 2023 1342">
     <span class='ocr_line' id='line_1_12' title="bbox 447 1252 2023 1342; baseline 0.013 -35"><span class='ocrx_word' id='word_1_71' title='bbox 447 1252 730 1312; x_wconf 72' lang='lat' dir='ltr'><strong>Vossianae</strong></span> <span class='ocrx_word' id='word_1_72' title='bbox 750 1259 1097 1318; x_wconf 89' lang='lat' dir='ltr'><strong>collationem</strong></span> <span class='ocrx_word' id='word_1_73' title='bbox 1136 1281 1261 1320; x_wconf 92' lang='lat' dir='ltr'><strong>cum</strong></span> <span class='ocrx_word' id='word_1_74' title='bbox 1285 1266 1527 1325; x_wconf 80' lang='lat' dir='ltr'><strong>Mediceo</strong></span> <span class='ocrx_word' id='word_1_75' title='bbox 1562 1270 1749 1327; x_wconf 87' lang='lat' dir='ltr'><strong>codice</strong></span> <span class='ocrx_word' id='word_1_76' title='bbox 1778 1273 2023 1342; x_wconf 86' lang='lat' dir='ltr'><strong>comple-</strong></span> 
     </span>
    </p>
   </div>
   <div class='ocr_carea' id='block_1_13' title="bbox 444 1351 2021 1429">
    <p class='ocr_par' dir='ltr' id='par_1_13' title="bbox 444 1351 2021 1429">
     <span class='ocr_line' id='line_1_13' title="bbox 444 1351 2021 1429; baseline 0.011 -31"><span class='ocrx_word' id='word_1_77' title='bbox 444 1353 675 1411; x_wconf 79' lang='lat' dir='ltr'><strong>cten&#39;es,</strong></span> <span class='ocrx_word' id='word_1_78' title='bbox 713 1364 881 1418; x_wconf 90' lang='lat' dir='ltr'><strong>quam</strong></span> <span class='ocrx_word' id='word_1_79' title='bbox 910 1351 1001 1407; x_wconf 90' lang='lat' dir='ltr'><strong>ille</strong></span> <span class='ocrx_word' id='word_1_80' title='bbox 1048 1352 1177 1407; x_wconf 91' lang='lat' dir='ltr'><strong>dum</strong></span> <span class='ocrx_word' id='word_1_81' title='bbox 1218 1352 1510 1412; x_wconf 66' lang='lat' dir='ltr'><strong>Florentiae</strong></span> <span class='ocrx_word' id='word_1_82' title='bbox 1556 1367 1744 1429; x_wconf 90' lang='lat' dir='ltr'><strong>ageret</strong></span> <span class='ocrx_word' id='word_1_83' title='bbox 1791 1357 2021 1415; x_wconf 83' lang='lat' dir='ltr'><strong>Joannis</strong></span> 
     </span>
    </p>
   </div>
   <div class='ocr_carea' id='block_1_14' title="bbox 444 1433 2020 1521">
    <p class='ocr_par' dir='ltr' id='par_1_14' title="bbox 444 1433 2020 1521">
     <span class='ocr_line' id='line_1_14' title="bbox 444 1433 2020 1521; baseline 0.013 -33"><span class='ocrx_word' id='word_1_84' title='bbox 444 1433 729 1494; x_wconf 73' lang='lat' dir='ltr'><strong>Pearsonii</strong></span> <span class='ocrx_word' id='word_1_85' title='bbox 769 1450 962 1513; x_wconf 87' lang='lat' dir='ltr'><strong>rogatu</strong></span> <span class='ocrx_word' id='word_1_86' title='bbox 987 1444 1334 1511; x_wconf 80' lang='lat' dir='ltr'><strong>confecerat;</strong></span> <span class='ocrx_word' id='word_1_87' title='bbox 1385 1457 1676 1521; x_wconf 90' lang='lat' dir='ltr'><strong>monetque</strong></span> <span class='ocrx_word' id='word_1_88' title='bbox 1726 1453 2020 1508; x_wconf 86' lang='lat' dir='ltr'><strong>consilium</strong></span> 
     </span>
    </p>
   </div>
   <div class='ocr_carea' id='block_1_15' title="bbox 443 1527 2017 1618">
    <p class='ocr_par' dir='ltr' id='par_1_15' title="bbox 443 1527 2017 1618">
     <span class='ocr_line' id='line_1_15' title="bbox 443 1527 2017 1618; baseline 0.011 -37"><span class='ocrx_word' id='word_1_89' title='bbox 443 1527 716 1598; x_wconf 83' lang='lat' dir='ltr'><strong>ejusmodi</strong></span> <span class='ocrx_word' id='word_1_90' title='bbox 733 1531 1033 1591; x_wconf 86' lang='lat' dir='ltr'><strong>Pearsonio</strong></span> <span class='ocrx_word' id='word_1_91' title='bbox 1060 1539 1405 1608; x_wconf 79' lang='lat' dir='ltr'><strong>suggessisse</strong></span> <span class='ocrx_word' id='word_1_92' title='bbox 1424 1541 1722 1613; x_wconf 86' lang='lat' dir='ltr'><strong>ipsummet</strong></span> <span class='ocrx_word' id='word_1_93' title='bbox 1736 1542 2017 1618; x_wconf 80' lang='lat' dir='ltr'><strong>Vossium:</strong></span> 
     </span>
    </p>
   </div>
   <div class='ocr_carea' id='block_1_16' title="bbox 442 1621 2014 1705">
    <p class='ocr_par' dir='ltr' id='par_1_16' title="bbox 442 1621 2014 1705">
     <span class='ocr_line' id='line_1_16' title="bbox 442 1621 2014 1705; baseline 0.011 -32"><span class='ocrx_word' id='word_1_94' title='bbox 442 1621 538 1689; x_wconf 83' lang='lat' dir='ltr'><strong>qui</strong></span> <span class='ocrx_word' id='word_1_95' title='bbox 574 1621 706 1677; x_wconf 90' lang='lat' dir='ltr'><strong>dum</strong></span> <span class='ocrx_word' id='word_1_96' title='bbox 765 1623 820 1679; x_wconf 86' lang='lat' dir='ltr'><strong>in</strong></span> <span class='ocrx_word' id='word_1_97' title='bbox 872 1626 1237 1684; x_wconf 78' lang='lat' dir='ltr'><strong>exscribenda</strong></span> <span class='ocrx_word' id='word_1_98' title='bbox 1266 1644 1334 1685; x_wconf 85' lang='lat' dir='ltr'><strong>eo</strong></span> <span class='ocrx_word' id='word_1_99' title='bbox 1388 1632 1578 1688; x_wconf 86' lang='lat' dir='ltr'><strong>codice</strong></span> <span class='ocrx_word' id='word_1_100' title='bbox 1629 1646 2014 1705; x_wconf 85' lang='lat' dir='ltr'><strong>occuparetur,</strong></span> 
     </span>
    </p>
   </div>
   <div class='ocr_carea' id='block_1_17' title="bbox 443 1713 2020 1795">
    <p class='ocr_par' dir='ltr' id='par_1_17' title="bbox 443 1713 2020 1795">
     <span class='ocr_line' id='line_1_17' title="bbox 443 1713 2020 1795; baseline 0.011 -31"><span class='ocrx_word' id='word_1_101' title='bbox 443 1713 676 1779; x_wconf 81' lang='lat' dir='ltr'><strong>paucula</strong></span> <span class='ocrx_word' id='word_1_102' title='bbox 712 1715 961 1784; x_wconf 62' lang='lat' dir='ltr'><strong>quaedam</strong></span> <span class='ocrx_word' id='word_1_103' title='bbox 1009 1732 1298 1788; x_wconf 88' lang='lat' dir='ltr'><strong>perperam</strong></span> <span class='ocrx_word' id='word_1_104' title='bbox 1332 1720 1529 1793; x_wconf 85' lang='lat' dir='ltr'><strong>legisse</strong></span> <span class='ocrx_word' id='word_1_105' title='bbox 1553 1763 1570 1790; x_wconf 95' lang='lat'><strong>,</strong></span> <span class='ocrx_word' id='word_1_106' title='bbox 1613 1723 1830 1795; x_wconf 87' lang='lat' dir='ltr'><strong>aliaque</strong></span> <span class='ocrx_word' id='word_1_107' title='bbox 1881 1741 2020 1783; x_wconf 85' lang='lat' dir='ltr'><strong>non-</strong></span> 
     </span>
    </p>
   </div>
   <div class='ocr_carea' id='block_1_18' title="bbox 440 1805 2021 1885">
    <p class='ocr_par' dir='ltr' id='par_1_18' title="bbox 440 1805 2021 1885">
     <span class='ocr_line' id='line_1_18' title="bbox 440 1805 2021 1885; baseline 0.009 -26"><span class='ocrx_word' id='word_1_108' title='bbox 440 1805 592 1861; x_wconf 77' lang='lat' dir='ltr'><strong>nulla</strong></span> <span class='ocrx_word' id='word_1_109' title='bbox 631 1821 742 1876; x_wconf 68' lang='lat' dir='ltr'><strong>prae</strong></span> <span class='ocrx_word' id='word_1_110' title='bbox 786 1807 1133 1865; x_wconf 90' lang='lat' dir='ltr'><strong>festinatione</strong></span> <span class='ocrx_word' id='word_1_111' title='bbox 1162 1825 1227 1867; x_wconf 89' lang='lat' dir='ltr'><strong>ac</strong></span> <span class='ocrx_word' id='word_1_112' title='bbox 1259 1812 1424 1869; x_wconf 67' lang='lat' dir='ltr'><strong>tmdio</strong></span> <span class='ocrx_word' id='word_1_113' title='bbox 1462 1816 1879 1885; x_wconf 69' lang='lat' dir='ltr'><strong>praetermisisse</strong></span> <span class='ocrx_word' id='word_1_114' title='bbox 1926 1834 2021 1875; x_wconf 92' lang='lat' dir='ltr'><strong>su-</strong></span> 
     </span>
    </p>
   </div>
   <div class='ocr_carea' id='block_1_19' title="bbox 441 1901 2021 1981">
    <p class='ocr_par' dir='ltr' id='par_1_19' title="bbox 441 1901 2021 1981">
     <span class='ocr_line' id='line_1_19' title="bbox 441 1901 2021 1981; baseline 0.011 -27"><span class='ocrx_word' id='word_1_115' title='bbox 441 1901 776 1970; x_wconf 80' lang='lat' dir='ltr'><strong>spicabatur.</strong></span> <span class='ocrx_word' id='word_1_116' title='bbox 811 1902 930 1971; x_wconf 84' lang='lat' dir='ltr'><strong>Quo</strong></span> <span class='ocrx_word' id='word_1_117' title='bbox 957 1905 1179 1976; x_wconf 90' lang='lat' dir='ltr'><strong>quidem</strong></span> <span class='ocrx_word' id='word_1_118' title='bbox 1211 1923 1459 1973; x_wconf 89' lang='lat' dir='ltr'><strong>munere.</strong></span> <span class='ocrx_word' id='word_1_119' title='bbox 1493 1911 1611 1981; x_wconf 90' lang='lat' dir='ltr'><strong>pari</strong></span> <span class='ocrx_word' id='word_1_120' title='bbox 1640 1912 1927 1969; x_wconf 85' lang='lat' dir='ltr'><strong>oculorum</strong></span> <span class='ocrx_word' id='word_1_121' title='bbox 1955 1929 2021 1971; x_wconf 90' lang='lat' dir='ltr'><strong>ac</strong></span> 
     </span>
    </p>
   </div>
   <div class='ocr_carea' id='block_1_20' title="bbox 440 1990 2012 2075">
    <p class='ocr_par' dir='ltr' id='par_1_20' title="bbox 440 1990 2012 2075">
     <span class='ocr_line' id='line_1_20' title="bbox 440 1990 2012 2075; baseline 0.01 -30"><span class='ocrx_word' id='word_1_122' title='bbox 440 1990 644 2061; x_wconf 81' lang='lat' dir='ltr'><strong>ingenii</strong></span> <span class='ocrx_word' id='word_1_123' title='bbox 670 1992 809 2057; x_wconf 90' lang='lat' dir='ltr'><strong>acie,</strong></span> <span class='ocrx_word' id='word_1_124' title='bbox 835 1995 1040 2065; x_wconf 83' lang='lat' dir='ltr'><strong>optima</strong></span> <span class='ocrx_word' id='word_1_125' title='bbox 1071 1997 1179 2053; x_wconf 85' lang='lat' dir='ltr'><strong>ﬁde</strong></span> <span class='ocrx_word' id='word_1_126' title='bbox 1198 1998 1522 2070; x_wconf 85' lang='lat' dir='ltr'><strong>perfunctus</strong></span> <span class='ocrx_word' id='word_1_127' title='bbox 1562 2000 1736 2058; x_wconf 84' lang='lat' dir='ltr'><strong>fuisse</strong></span> <span class='ocrx_word' id='word_1_128' title='bbox 1787 2018 2012 2075; x_wconf 90' lang='lat' dir='ltr'><strong>compe-</strong></span> 
     </span>
    </p>
   </div>
   <div class='ocr_carea' id='block_1_21' title="bbox 438 2083 2013 2157">
    <p class='ocr_par' dir='ltr' id='par_1_21' title="bbox 438 2083 2013 2157">
     <span class='ocr_line' id='line_1_21' title="bbox 438 2083 2013 2157; baseline 0.01 -19"><span class='ocrx_word' id='word_1_129' title='bbox 438 2084 580 2139; x_wconf 89' lang='lat' dir='ltr'><strong>ritur</strong></span> <span class='ocrx_word' id='word_1_130' title='bbox 614 2083 964 2157; x_wconf 87' lang='lat' dir='ltr'><strong>Ledgardus;</strong></span> <span class='ocrx_word' id='word_1_131' title='bbox 995 2090 1083 2144; x_wconf 92' lang='lat' dir='ltr'><strong>cui</strong></span> <span class='ocrx_word' id='word_1_132' title='bbox 1119 2106 1185 2147; x_wconf 80' lang='lat' dir='ltr'><strong>ex</strong></span> <span class='ocrx_word' id='word_1_133' title='bbox 1233 2092 1350 2148; x_wconf 92' lang='lat' dir='ltr'><strong>otio</strong></span> <span class='ocrx_word' id='word_1_134' title='bbox 1394 2096 1660 2152; x_wconf 88' lang='lat' dir='ltr'><strong>maturior</strong></span> <span class='ocrx_word' id='word_1_135' title='bbox 1690 2097 2013 2154; x_wconf 87' lang='lat' dir='ltr'><strong>deliberatio</strong></span> 
     </span>
    </p>
   </div>
   <div class='ocr_carea' id='block_1_22' title="bbox 436 2172 2017 2257">
    <p class='ocr_par' dir='ltr' id='par_1_22' title="bbox 436 2172 2017 2257">
     <span class='ocr_line' id='line_1_22' title="bbox 436 2172 2017 2257; baseline 0.011 -30"><span class='ocrx_word' id='word_1_136' title='bbox 436 2181 494 2228; x_wconf 89' lang='lat' dir='ltr'><strong>et</strong></span> <span class='ocrx_word' id='word_1_137' title='bbox 551 2172 767 2230; x_wconf 81' lang='lat' dir='ltr'><strong>facilior</strong></span> <span class='ocrx_word' id='word_1_138' title='bbox 819 2191 1084 2236; x_wconf 78' lang='lat' dir='ltr'><strong>excusum</strong></span> <span class='ocrx_word' id='word_1_139' title='bbox 1139 2183 1419 2252; x_wconf 80' lang='lat' dir='ltr'><strong>exemplar</strong></span> <span class='ocrx_word' id='word_1_140' title='bbox 1450 2199 1576 2240; x_wconf 91' lang='lat' dir='ltr'><strong>cum</strong></span> <span class='ocrx_word' id='word_1_141' title='bbox 1638 2188 2017 2257; x_wconf 88' lang='lat' dir='ltr'><strong>manuscripto</strong></span> 
     </span>
    </p>
   </div>
   <div class='ocr_carea' id='block_1_23' title="bbox 435 2267 2012 2350">
    <p class='ocr_par' dir='ltr' id='par_1_23' title="bbox 435 2267 2012 2350">
     <span class='ocr_line' id='line_1_23' title="bbox 435 2267 2012 2350; baseline 0.01 -31"><span class='ocrx_word' id='word_1_142' title='bbox 435 2267 789 2336; x_wconf 86' lang='lat' dir='ltr'><strong>comparandi</strong></span> <span class='ocrx_word' id='word_1_143' title='bbox 823 2282 988 2338; x_wconf 87' lang='lat' dir='ltr'><strong>opera</strong></span> <span class='ocrx_word' id='word_1_144' title='bbox 1029 2271 1381 2344; x_wconf 89' lang='lat' dir='ltr'><strong>obtingebat:</strong></span> <span class='ocrx_word' id='word_1_145' title='bbox 1435 2290 1502 2332; x_wconf 92' lang='lat' dir='ltr'><strong>eo</strong></span> <span class='ocrx_word' id='word_1_146' title='bbox 1528 2293 1702 2348; x_wconf 86' lang='lat' dir='ltr'><strong>usque</strong></span> <span class='ocrx_word' id='word_1_147' title='bbox 1740 2280 2012 2350; x_wconf 89' lang='lat' dir='ltr'><strong>siquidem</strong></span> 
     </span>
    </p>
   </div>
   <div class='ocr_carea' id='block_1_24' title="bbox 436 2361 2014 2440">
    <p class='ocr_par' dir='ltr' id='par_1_24' title="bbox 436 2361 2014 2440">
     <span class='ocr_line' id='line_1_24' title="bbox 436 2361 2014 2440; baseline 0.01 -27"><span class='ocrx_word' id='word_1_148' title='bbox 436 2361 723 2429; x_wconf 79' lang='lat' dir='ltr'><strong>processit,</strong></span> <span class='ocrx_word' id='word_1_149' title='bbox 749 2371 809 2417; x_wconf 92' lang='lat' dir='ltr'><strong>ut</strong></span> <span class='ocrx_word' id='word_1_150' title='bbox 837 2364 1172 2423; x_wconf 89' lang='lat' dir='ltr'><strong>variationes</strong></span> <span class='ocrx_word' id='word_1_151' title='bbox 1206 2369 1554 2440; x_wconf 85' lang='lat' dir='ltr'><strong>perexiguas,</strong></span> <span class='ocrx_word' id='word_1_152' title='bbox 1594 2385 1665 2427; x_wconf 89' lang='lat' dir='ltr'><strong>ne</strong></span> <span class='ocrx_word' id='word_1_153' title='bbox 1693 2371 1872 2427; x_wconf 87' lang='lat' dir='ltr'><strong>dicam</strong></span> <span class='ocrx_word' id='word_1_154' title='bbox 1901 2373 2014 2428; x_wconf 89' lang='lat' dir='ltr'><strong>titi-</strong></span> 
     </span>
    </p>
   </div>
   <div class='ocr_carea' id='block_1_25' title="bbox 431 2451 2012 2535">
    <p class='ocr_par' dir='ltr' id='par_1_25' title="bbox 431 2451 2012 2535">
     <span class='ocr_line' id='line_1_25' title="bbox 431 2451 2012 2535; baseline 0.011 -32"><span class='ocrx_word' id='word_1_155' title='bbox 431 2451 629 2519; x_wconf 79' lang='lat' dir='ltr'><strong>vnitia,</strong></span> <span class='ocrx_word' id='word_1_156' title='bbox 659 2467 799 2524; x_wconf 88' lang='lat' dir='ltr'><strong>pene</strong></span> <span class='ocrx_word' id='word_1_157' title='bbox 833 2454 906 2511; x_wconf 83' lang='lat' dir='ltr'><strong>ad</strong></span> <span class='ocrx_word' id='word_1_158' title='bbox 932 2473 1194 2514; x_wconf 87' lang='lat' dir='ltr'><strong>nauseam</strong></span> <span class='ocrx_word' id='word_1_159' title='bbox 1222 2460 1421 2517; x_wconf 88' lang='lat' dir='ltr'><strong>litteris</strong></span> <span class='ocrx_word' id='word_1_160' title='bbox 1454 2464 1811 2535; x_wconf 77' lang='lat' dir='ltr'><strong>consignarit.</strong></span> <span class='ocrx_word' id='word_1_161' title='bbox 1859 2463 2012 2522; x_wconf 82' lang='lat' dir='ltr'><strong>Hanc</strong></span> 
     </span>
    </p>
   </div>
   <div class='ocr_carea' id='block_1_26' title="bbox 432 2543 2011 2624">
    <p class='ocr_par' dir='ltr' id='par_1_26' title="bbox 432 2543 2011 2624">
     <span class='ocr_line' id='line_1_26' title="bbox 432 2543 2011 2624; baseline 0.01 -26"><span class='ocrx_word' id='word_1_162' title='bbox 432 2551 616 2598; x_wconf 88' lang='lat' dir='ltr'><strong>autem</strong></span> <span class='ocrx_word' id='word_1_163' title='bbox 639 2544 907 2617; x_wconf 78' lang='lat' dir='ltr'><strong>integram</strong></span> <span class='ocrx_word' id='word_1_164' title='bbox 942 2543 1291 2607; x_wconf 83' lang='lat' dir='ltr'><strong>collationem</strong></span> <span class='ocrx_word' id='word_1_165' title='bbox 1320 2551 1755 2624; x_wconf 85' lang='lat' dir='ltr'><strong>Ledgardianam</strong></span> <span class='ocrx_word' id='word_1_166' title='bbox 1796 2557 2011 2615; x_wconf 87' lang='lat' dir='ltr'><strong>duabus</strong></span> 
     </span>
    </p>
   </div>
   <div class='ocr_carea' id='block_1_27' title="bbox 430 2632 2006 2715">
    <p class='ocr_par' dir='ltr' id='par_1_27' title="bbox 430 2632 2006 2715">
     <span class='ocr_line' id='line_1_27' title="bbox 430 2632 2006 2715; baseline 0.01 -28"><span class='ocrx_word' id='word_1_167' title='bbox 430 2633 678 2704; x_wconf 84' lang='lat' dir='ltr'><strong>ejusdem</strong></span> <span class='ocrx_word' id='word_1_168' title='bbox 712 2632 912 2693; x_wconf 87' lang='lat' dir='ltr'><strong>Smithi</strong></span> <span class='ocrx_word' id='word_1_169' title='bbox 940 2638 1188 2709; x_wconf 85' lang='lat' dir='ltr'><strong>epistolis</strong></span> <span class='ocrx_word' id='word_1_170' title='bbox 1209 2640 1277 2696; x_wconf 87' lang='lat' dir='ltr'><strong>ad</strong></span> <span class='ocrx_word' id='word_1_171' title='bbox 1302 2639 1588 2713; x_wconf 86' lang='lat' dir='ltr'><strong>lgnatiana</strong></span> <span class='ocrx_word' id='word_1_172' title='bbox 1613 2645 2006 2715; x_wconf 88' lang='lat' dir='ltr'><strong>spectantibus,</strong></span> 
     </span>
    </p>
   </div>
   <div class='ocr_carea' id='block_1_28' title="bbox 429 2727 1151 2799">
    <p class='ocr_par' dir='ltr' id='par_1_28' title="bbox 429 2727 1151 2799">
     <span class='ocr_line' id='line_1_28' title="bbox 429 2727 1151 2799; baseline 0.011 -19"><span class='ocrx_word' id='word_1_173' title='bbox 429 2727 470 2781; x_wconf 93' lang='lat' dir='ltr'><strong>l.</strong></span> <span class='ocrx_word' id='word_1_174' title='bbox 506 2741 557 2782; x_wconf 91' lang='lat' dir='ltr'><strong>c.</strong></span> <span class='ocrx_word' id='word_1_175' title='bbox 587 2727 822 2799; x_wconf 88' lang='lat' dir='ltr'><strong>subjecit</strong></span> <span class='ocrx_word' id='word_1_176' title='bbox 852 2728 1151 2789; x_wconf 84' lang='lat' dir='ltr'><strong>Hearnius.</strong></span> 
     </span>
    </p>
   </div>
   <div class='ocr_carea' id='block_1_29' title="bbox 501 2817 2008 2903">
    <p class='ocr_par' dir='ltr' id='par_1_29' title="bbox 501 2817 2008 2903">
     <span class='ocr_line' id='line_1_29' title="bbox 501 2817 2008 2903; baseline 0.011 -29"><span class='ocrx_word' id='word_1_177' title='bbox 501 2817 617 2876; x_wconf 85' lang='lat' dir='ltr'><strong>Hoc</strong></span> <span class='ocrx_word' id='word_1_178' title='bbox 665 2821 832 2894; x_wconf 79' lang='lat' dir='ltr'><strong>igitur</strong></span> <span class='ocrx_word' id='word_1_179' title='bbox 863 2824 1011 2880; x_wconf 90' lang='lat' dir='ltr'><strong>haud</strong></span> <span class='ocrx_word' id='word_1_180' title='bbox 1046 2840 1179 2883; x_wconf 87' lang='lat' dir='ltr'><strong>sane</strong></span> <span class='ocrx_word' id='word_1_181' title='bbox 1204 2827 1469 2884; x_wconf 89' lang='lat' dir='ltr'><strong>mediocri</strong></span> <span class='ocrx_word' id='word_1_182' title='bbox 1495 2829 1740 2887; x_wconf 89' lang='lat' dir='ltr'><strong>subsidio</strong></span> <span class='ocrx_word' id='word_1_183' title='bbox 1787 2831 2008 2903; x_wconf 84' lang='lat' dir='ltr'><strong>adjutus</strong></span> 
     </span>
    </p>
   </div>
   <div class='ocr_carea' id='block_1_30' title="bbox 426 2911 2007 2991">
    <p class='ocr_par' dir='ltr' id='par_1_30' title="bbox 426 2911 2007 2991">
     <span class='ocr_line' id='line_1_30' title="bbox 426 2911 2007 2991; baseline 0.011 -26"><span class='ocrx_word' id='word_1_184' title='bbox 426 2911 514 2966; x_wconf 75' lang='lat' dir='ltr'><strong>vir</strong></span> <span class='ocrx_word' id='word_1_185' title='bbox 537 2911 592 2967; x_wconf 90' lang='lat' dir='ltr'><strong>in</strong></span> <span class='ocrx_word' id='word_1_186' title='bbox 619 2913 725 2970; x_wconf 90' lang='lat' dir='ltr'><strong>hoc</strong></span> <span class='ocrx_word' id='word_1_187' title='bbox 774 2916 1084 2973; x_wconf 89' lang='lat' dir='ltr'><strong>studiorum</strong></span> <span class='ocrx_word' id='word_1_188' title='bbox 1117 2933 1316 2990; x_wconf 84' lang='lat' dir='ltr'><strong>genere</strong></span> <span class='ocrx_word' id='word_1_189' title='bbox 1364 2922 1887 2991; x_wconf 80' lang='lat' dir='ltr'><strong>exercitatissimus,</strong></span> <span class='ocrx_word' id='word_1_190' title='bbox 1937 2926 2007 2982; x_wconf 91' lang='lat' dir='ltr'><strong>ad</strong></span> 
     </span>
    </p>
   </div>
   <div class='ocr_carea' id='block_1_31' title="bbox 427 3006 2003 3084">
    <p class='ocr_par' dir='ltr' id='par_1_31' title="bbox 427 3006 2003 3084">
     <span class='ocr_line' id='line_1_31' title="bbox 427 3006 2003 3084; baseline 0.009 -25"><span class='ocrx_word' id='word_1_191' title='bbox 427 3020 584 3062; x_wconf 82' lang='lat' dir='ltr'><strong>suam</strong></span> <span class='ocrx_word' id='word_1_192' title='bbox 615 3006 914 3064; x_wconf 81' lang='lat' dir='ltr'><strong>editionem</strong></span> <span class='ocrx_word' id='word_1_193' title='bbox 965 3010 1343 3069; x_wconf 88' lang='lat' dir='ltr'><strong>adornandam</strong></span> <span class='ocrx_word' id='word_1_194' title='bbox 1376 3028 1436 3070; x_wconf 91' lang='lat' dir='ltr'><strong>se</strong></span> <span class='ocrx_word' id='word_1_195' title='bbox 1476 3016 1732 3071; x_wconf 89' lang='lat' dir='ltr'><strong>contulit.</strong></span> <span class='ocrx_word' id='word_1_196' title='bbox 1786 3015 1919 3084; x_wconf 82' lang='lat' dir='ltr'><strong>Quae</strong></span> <span class='ocrx_word' id='word_1_197' title='bbox 1947 3018 2003 3073; x_wconf 90' lang='lat' dir='ltr'><strong>in</strong></span> 
     </span>
    </p>
   </div>
   <div class='ocr_carea' id='block_1_32' title="bbox 2127 532 3708 604">
    <p class='ocr_par' dir='ltr' id='par_1_32' title="bbox 2127 532 3708 604">
     <span class='ocr_line' id='line_1_32' title="bbox 2127 532 3708 604; baseline 0.003 -18"><span class='ocrx_word' id='word_1_198' title='bbox 2127 533 2278 587; x_wconf 77' lang='lat' dir='ltr'><strong>Actis</strong></span> <span class='ocrx_word' id='word_1_199' title='bbox 2301 535 2549 604; x_wconf 68' lang='lat' dir='ltr'><strong>martyrii</strong></span> <span class='ocrx_word' id='word_1_200' title='bbox 2579 533 2639 590; x_wconf 85' lang='lat' dir='ltr'><strong>S.</strong></span> <span class='ocrx_word' id='word_1_201' title='bbox 2666 532 2899 604; x_wconf 81' lang='lat' dir='ltr'><strong>lgnatii,</strong></span> <span class='ocrx_word' id='word_1_202' title='bbox 2931 548 2998 591; x_wconf 84' lang='lat' dir='ltr'><strong>ex</strong></span> <span class='ocrx_word' id='word_1_203' title='bbox 3042 535 3283 591; x_wconf 81' lang='lat' dir='ltr'><strong>editione</strong></span> <span class='ocrx_word' id='word_1_204' title='bbox 3335 533 3708 591; x_wconf 75' lang='lat' dir='ltr'><strong>Buiuartiana</strong></span> 
     </span>
    </p>
   </div>
   <div class='ocr_carea' id='block_1_33' title="bbox 2130 624 3713 699">
    <p class='ocr_par' dir='ltr' id='par_1_33' title="bbox 2130 624 3713 699">
     <span class='ocr_line' id='line_1_33' title="bbox 2130 624 3713 699; baseline 0.001 -19"><span class='ocrx_word' id='word_1_205' title='bbox 2130 624 2382 682; x_wconf 87' lang='lat' dir='ltr'><strong>Smithus</strong></span> <span class='ocrx_word' id='word_1_206' title='bbox 2410 627 2742 697; x_wconf 88' lang='lat' dir='ltr'><strong>desumpsit;</strong></span> <span class='ocrx_word' id='word_1_207' title='bbox 2772 642 3006 699; x_wconf 83' lang='lat' dir='ltr'><strong>eamque</strong></span> <span class='ocrx_word' id='word_1_208' title='bbox 3035 628 3201 684; x_wconf 87' lang='lat' dir='ltr'><strong>nimis</strong></span> <span class='ocrx_word' id='word_1_209' title='bbox 3219 628 3435 685; x_wconf 74' lang='lat' dir='ltr'><strong>curiose</strong></span> <span class='ocrx_word' id='word_1_210' title='bbox 3464 637 3713 685; x_wconf 83' lang='lat' dir='ltr'><strong>assecta-</strong></span> 
     </span>
    </p>
   </div>
   <div class='ocr_carea' id='block_1_34' title="bbox 2125 717 3712 790">
    <p class='ocr_par' dir='ltr' id='par_1_34' title="bbox 2125 717 3712 790">
     <span class='ocr_line' id='line_1_34' title="bbox 2125 717 3712 790; baseline 0.001 -19"><span class='ocrx_word' id='word_1_211' title='bbox 2125 726 2237 782; x_wconf 87' lang='lat' dir='ltr'><strong>tns,</strong></span> <span class='ocrx_word' id='word_1_212' title='bbox 2270 717 2338 772; x_wconf 90' lang='lat' dir='ltr'><strong>ad</strong></span> <span class='ocrx_word' id='word_1_213' title='bbox 2372 718 2610 773; x_wconf 88' lang='lat' dir='ltr'><strong>litteram</strong></span> <span class='ocrx_word' id='word_1_214' title='bbox 2646 717 2762 773; x_wconf 89' lang='lat' dir='ltr'><strong>fere</strong></span> <span class='ocrx_word' id='word_1_215' title='bbox 2803 719 3114 789; x_wconf 63' lang='lat' dir='ltr'><strong>espressit,</strong></span> <span class='ocrx_word' id='word_1_216' title='bbox 3170 734 3242 774; x_wconf 85' lang='lat' dir='ltr'><strong>ne</strong></span> <span class='ocrx_word' id='word_1_217' title='bbox 3291 719 3595 790; x_wconf 82' lang='lat' dir='ltr'><strong>quidquam</strong></span> <span class='ocrx_word' id='word_1_218' title='bbox 3650 719 3712 772; x_wconf 89' lang='lat' dir='ltr'><strong>in</strong></span> 
     </span>
    </p>
   </div>
   <div class='ocr_carea' id='block_1_35' title="bbox 2125 811 3710 868">
    <p class='ocr_par' dir='ltr' id='par_1_35' title="bbox 2125 811 3710 868">
     <span class='ocr_line' id='line_1_35' title="bbox 2125 811 3710 868; baseline 0.002 -6"><span class='ocrx_word' id='word_1_219' title='bbox 2125 816 2276 863; x_wconf 80' lang='lat' dir='ltr'><strong>textu</strong></span> <span class='ocrx_word' id='word_1_220' title='bbox 2301 816 2506 865; x_wconf 86' lang='lat' dir='ltr'><strong>temere</strong></span> <span class='ocrx_word' id='word_1_221' title='bbox 2556 820 2800 866; x_wconf 86' lang='lat' dir='ltr'><strong>mutasse</strong></span> <span class='ocrx_word' id='word_1_222' title='bbox 2820 811 3097 867; x_wconf 78' lang='lat' dir='ltr'><strong>videretur</strong></span> <span class='ocrx_word' id='word_1_223' title='bbox 3130 829 3147 867; x_wconf 88' lang='lat'><strong>:</strong></span> <span class='ocrx_word' id='word_1_224' title='bbox 3190 813 3418 868; x_wconf 86' lang='lat' dir='ltr'><strong>mendas</strong></span> <span class='ocrx_word' id='word_1_225' title='bbox 3478 811 3710 866; x_wconf 79' lang='lat' dir='ltr'><strong>interim</strong></span> 
     </span>
    </p>
   </div>
   <div class='ocr_carea' id='block_1_36' title="bbox 2124 900 3709 975">
    <p class='ocr_par' dir='ltr' id='par_1_36' title="bbox 2124 900 3709 975">
     <span class='ocr_line' id='line_1_36' title="bbox 2124 900 3709 975; baseline 0.003 -20"><span class='ocrx_word' id='word_1_226' title='bbox 2124 916 2247 971; x_wconf 70' lang='lat' dir='ltr'><strong>quae</strong></span> <span class='ocrx_word' id='word_1_227' title='bbox 2267 902 2321 956; x_wconf 91' lang='lat' dir='ltr'><strong>in</strong></span> <span class='ocrx_word' id='word_1_228' title='bbox 2355 900 2548 958; x_wconf 88' lang='lat' dir='ltr'><strong>oculos</strong></span> <span class='ocrx_word' id='word_1_229' title='bbox 2583 902 2858 973; x_wconf 89' lang='lat' dir='ltr'><strong>insiliunt,</strong></span> <span class='ocrx_word' id='word_1_230' title='bbox 2894 902 2951 957; x_wconf 91' lang='lat' dir='ltr'><strong>in</strong></span> <span class='ocrx_word' id='word_1_231' title='bbox 2996 903 3143 960; x_wconf 88' lang='lat' dir='ltr'><strong>notis</strong></span> <span class='ocrx_word' id='word_1_232' title='bbox 3195 904 3555 975; x_wconf 72' lang='lat' dir='ltr'><strong>corrigenda</strong></span> <span class='ocrx_word' id='word_1_233' title='bbox 3593 904 3709 959; x_wconf 75' lang='lat' dir='ltr'><strong>sibi</strong></span> 
     </span>
    </p>
   </div>
   <div class='ocr_carea' id='block_1_37' title="bbox 2125 1006 3277 1051">
    <p class='ocr_par' dir='ltr' id='par_1_37' title="bbox 2125 1006 3277 1051">
     <span class='ocr_line' id='line_1_37' title="bbox 2125 1006 3277 1051; baseline 0.01 -2"><span class='ocrx_word' id='word_1_234' title='bbox 2125 1006 2438 1051; x_wconf 83' lang='lat' dir='ltr'><strong>reservans.</strong></span> <span class='ocrx_word' id='word_1_235' title='bbox 3274 1006 3277 1007; x_wconf 63' lang='grc'><strong><em>⁷</em></strong></span> 
     </span>
    </p>
   </div>
   <div class='ocr_carea' id='block_1_38' title="bbox 2194 1086 3713 1145">
    <p class='ocr_par' dir='ltr' id='par_1_38' title="bbox 2194 1086 3713 1145">
     <span class='ocr_line' id='line_1_38' title="bbox 2194 1086 3713 1145; baseline 0.001 -5"><span class='ocrx_word' id='word_1_236' title='bbox 2194 1086 2276 1142; x_wconf 82' lang='lat' dir='ltr'><strong>Ad</strong></span> <span class='ocrx_word' id='word_1_237' title='bbox 2310 1086 2427 1142; x_wconf 65' lang='lat' dir='ltr'><strong>haec</strong></span> <span class='ocrx_word' id='word_1_238' title='bbox 2472 1088 2647 1143; x_wconf 76' lang='lat' dir='ltr'><strong>textui</strong></span> <span class='ocrx_word' id='word_1_239' title='bbox 2675 1086 2867 1144; x_wconf 62' lang='lat' dir='ltr'><strong>Graeco</strong></span> <span class='ocrx_word' id='word_1_240' title='bbox 2896 1096 3136 1144; x_wconf 81' lang='lat' dir='ltr'><strong>veterem</strong></span> <span class='ocrx_word' id='word_1_241' title='bbox 3182 1087 3433 1144; x_wconf 83' lang='lat' dir='ltr'><strong>Latinam</strong></span> <span class='ocrx_word' id='word_1_242' title='bbox 3491 1089 3713 1145; x_wconf 80' lang='lat' dir='ltr'><strong>versio-</strong></span> 
     </span>
    </p>
   </div>
   <div class='ocr_carea' id='block_1_39' title="bbox 2122 1178 3714 1250">
    <p class='ocr_par' dir='ltr' id='par_1_39' title="bbox 2122 1178 3714 1250">
     <span class='ocr_line' id='line_1_39' title="bbox 2122 1178 3714 1250; baseline 0.001 -18"><span class='ocrx_word' id='word_1_243' title='bbox 2122 1192 2271 1245; x_wconf 90' lang='lat' dir='ltr'><strong>nem,</strong></span> <span class='ocrx_word' id='word_1_244' title='bbox 2299 1178 2592 1234; x_wconf 87' lang='lat' dir='ltr'><strong>barbaram</strong></span> <span class='ocrx_word' id='word_1_245' title='bbox 2625 1180 2847 1250; x_wconf 87' lang='lat' dir='ltr'><strong>quidem</strong></span> <span class='ocrx_word' id='word_1_246' title='bbox 2887 1180 3060 1247; x_wconf 87' lang='lat' dir='ltr'><strong>illam,</strong></span> <span class='ocrx_word' id='word_1_247' title='bbox 3088 1180 3182 1236; x_wconf 87' lang='lat' dir='ltr'><strong>sed</strong></span> <span class='ocrx_word' id='word_1_248' title='bbox 3215 1179 3284 1235; x_wconf 85' lang='lat' dir='ltr'><strong>ad</strong></span> <span class='ocrx_word' id='word_1_249' title='bbox 3315 1181 3550 1235; x_wconf 81' lang='lat' dir='ltr'><strong>verbum</strong></span> <span class='ocrx_word' id='word_1_250' title='bbox 3570 1179 3714 1234; x_wconf 55' lang='lat' dir='ltr'><strong>tida.</strong></span> 
     </span>
    </p>
   </div>
   <div class='ocr_carea' id='block_1_40' title="bbox 2124 1270 3700 1342">
    <p class='ocr_par' dir='ltr' id='par_1_40' title="bbox 2124 1270 3700 1342">
     <span class='ocr_line' id='line_1_40' title="bbox 2124 1270 3700 1342; baseline -0.001 -17"><span class='ocrx_word' id='word_1_251' title='bbox 2124 1271 2250 1326; x_wconf 89' lang='lat' dir='ltr'><strong>liter</strong></span> <span class='ocrx_word' id='word_1_252' title='bbox 2285 1285 2602 1341; x_wconf 83' lang='lat' dir='ltr'><strong>expressam</strong></span> <span class='ocrx_word' id='word_1_253' title='bbox 2631 1280 3017 1342; x_wconf 83' lang='lat' dir='ltr'><strong>exactamque,</strong></span> <span class='ocrx_word' id='word_1_254' title='bbox 3069 1270 3269 1342; x_wconf 84' lang='lat' dir='ltr'><strong>adjecit</strong></span> <span class='ocrx_word' id='word_1_255' title='bbox 3297 1271 3439 1326; x_wconf 84' lang='lat' dir='ltr'><strong>idem</strong></span> <span class='ocrx_word' id='word_1_256' title='bbox 3474 1271 3700 1335; x_wconf 85' lang='lat' dir='ltr'><strong>editor;</strong></span> 
     </span>
    </p>
   </div>
   <div class='ocr_carea' id='block_1_41' title="bbox 2123 1362 3713 1435">
    <p class='ocr_par' dir='ltr' id='par_1_41' title="bbox 2123 1362 3713 1435">
     <span class='ocr_line' id='line_1_41' title="bbox 2123 1362 3713 1435; baseline -0.001 -17"><span class='ocrx_word' id='word_1_257' title='bbox 2123 1379 2290 1435; x_wconf 89' lang='lat' dir='ltr'><strong>quam</strong></span> <span class='ocrx_word' id='word_1_258' title='bbox 2324 1372 2380 1420; x_wconf 91' lang='lat' dir='ltr'><strong>et</strong></span> <span class='ocrx_word' id='word_1_259' title='bbox 2402 1378 2548 1420; x_wconf 88' lang='lat' dir='ltr'><strong>novo</strong></span> <span class='ocrx_word' id='word_1_260' title='bbox 2573 1365 2757 1425; x_wconf 74' lang='lat' dir='ltr'><strong>Studia</strong></span> <span class='ocrx_word' id='word_1_261' title='bbox 2786 1365 3018 1422; x_wconf 87' lang='lat' dir='ltr'><strong>contulit</strong></span> <span class='ocrx_word' id='word_1_262' title='bbox 3039 1379 3165 1420; x_wconf 82' lang='lat' dir='ltr'><strong>cum</strong></span> <span class='ocrx_word' id='word_1_263' title='bbox 3198 1379 3304 1420; x_wconf 88' lang='lat' dir='ltr'><strong>ms.</strong></span> <span class='ocrx_word' id='word_1_264' title='bbox 3326 1363 3527 1419; x_wconf 85' lang='lat' dir='ltr'><strong>codice</strong></span> <span class='ocrx_word' id='word_1_265' title='bbox 3554 1362 3713 1418; x_wconf 76' lang='lat' dir='ltr'><strong>Can—</strong></span> 
     </span>
    </p>
   </div>
   <div class='ocr_carea' id='block_1_42' title="bbox 2118 1454 3708 1526">
    <p class='ocr_par' dir='ltr' id='par_1_42' title="bbox 2118 1454 3708 1526">
     <span class='ocr_line' id='line_1_42' title="bbox 2118 1454 3708 1526; baseline -0.003 -15"><span class='ocrx_word' id='word_1_266' title='bbox 2118 1455 2458 1524; x_wconf 80' lang='lat' dir='ltr'><strong>tabrigiensi,</strong></span> <span class='ocrx_word' id='word_1_267' title='bbox 2489 1457 2754 1514; x_wconf 89' lang='lat' dir='ltr'><strong>correctis</strong></span> <span class='ocrx_word' id='word_1_268' title='bbox 2784 1456 3007 1526; x_wconf 90' lang='lat' dir='ltr'><strong>insuper</strong></span> <span class='ocrx_word' id='word_1_269' title='bbox 3034 1455 3181 1511; x_wconf 90' lang='lat' dir='ltr'><strong>illius</strong></span> <span class='ocrx_word' id='word_1_270' title='bbox 3230 1454 3708 1520; x_wconf 82' lang='lat' dir='ltr'><strong>aberrationibus,</strong></span> 
     </span>
    </p>
   </div>
   <div class='ocr_carea' id='block_1_43' title="bbox 2119 1546 3711 1618">
    <p class='ocr_par' dir='ltr' id='par_1_43' title="bbox 2119 1546 3711 1618">
     <span class='ocr_line' id='line_1_43' title="bbox 2119 1546 3711 1618; baseline -0.001 -16"><span class='ocrx_word' id='word_1_271' title='bbox 2119 1547 2279 1616; x_wconf 87' lang='lat' dir='ltr'><strong>cujus</strong></span> <span class='ocrx_word' id='word_1_272' title='bbox 2298 1561 2465 1617; x_wconf 87' lang='lat' dir='ltr'><strong>opera</strong></span> <span class='ocrx_word' id='word_1_273' title='bbox 2495 1563 2630 1604; x_wconf 89' lang='lat' dir='ltr'><strong>usus</strong></span> <span class='ocrx_word' id='word_1_274' title='bbox 2658 1546 2840 1605; x_wconf 85' lang='lat' dir='ltr'><strong>fuerat</strong></span> <span class='ocrx_word' id='word_1_275' title='bbox 2871 1546 3131 1605; x_wconf 88' lang='lat' dir='ltr'><strong>Usserius</strong></span> <span class='ocrx_word' id='word_1_276' title='bbox 3158 1546 3256 1618; x_wconf 90' lang='lat' dir='ltr'><strong>qui</strong></span> <span class='ocrx_word' id='word_1_277' title='bbox 3304 1560 3430 1602; x_wconf 88' lang='lat' dir='ltr'><strong>eam</strong></span> <span class='ocrx_word' id='word_1_278' title='bbox 3480 1547 3711 1617; x_wconf 78' lang='lat' dir='ltr'><strong>primus</strong></span> 
     </span>
    </p>
   </div>
   <div class='ocr_carea' id='block_1_44' title="bbox 2122 1637 2631 1694">
    <p class='ocr_par' dir='ltr' id='par_1_44' title="bbox 2122 1637 2631 1694">
     <span class='ocr_line' id='line_1_44' title="bbox 2122 1637 2631 1694; baseline -0.004 0"><span class='ocrx_word' id='word_1_279' title='bbox 2122 1637 2177 1694; x_wconf 93' lang='lat' dir='ltr'><strong>in</strong></span> <span class='ocrx_word' id='word_1_280' title='bbox 2212 1638 2388 1693; x_wconf 88' lang='lat' dir='ltr'><strong>lucem</strong></span> <span class='ocrx_word' id='word_1_281' title='bbox 2422 1637 2631 1693; x_wconf 89' lang='lat' dir='ltr'><strong>emisit.</strong></span> 
     </span>
    </p>
   </div>
   <div class='ocr_carea' id='block_1_45' title="bbox 2191 1725 3712 1802">
    <p class='ocr_par' dir='ltr' id='par_1_45' title="bbox 2191 1725 3712 1802">
     <span class='ocr_line' id='line_1_45' title="bbox 2191 1725 3712 1802; baseline -0.003 -17"><span class='ocrx_word' id='word_1_282' title='bbox 2191 1728 2347 1786; x_wconf 82' lang='lat' dir='ltr'><strong>Licet</strong></span> <span class='ocrx_word' id='word_1_283' title='bbox 2376 1739 2562 1785; x_wconf 91' lang='lat' dir='ltr'><strong>autem</strong></span> <span class='ocrx_word' id='word_1_284' title='bbox 2603 1729 2661 1785; x_wconf 92' lang='lat' dir='ltr'><strong>in</strong></span> <span class='ocrx_word' id='word_1_285' title='bbox 2703 1744 2804 1786; x_wconf 86' lang='lat' dir='ltr'><strong>sua</strong></span> <span class='ocrx_word' id='word_1_286' title='bbox 2839 1728 3120 1802; x_wconf 89' lang='lat' dir='ltr'><strong>lgnatiana</strong></span> <span class='ocrx_word' id='word_1_287' title='bbox 3174 1726 3414 1784; x_wconf 89' lang='lat' dir='ltr'><strong>editione</strong></span> <span class='ocrx_word' id='word_1_288' title='bbox 3464 1725 3712 1783; x_wconf 82' lang='lat' dir='ltr'><strong>concin-</strong></span> 
     </span>
    </p>
   </div>
   <div class='ocr_carea' id='block_1_46' title="bbox 2121 1820 3711 1894">
    <p class='ocr_par' dir='ltr' id='par_1_46' title="bbox 2121 1820 3711 1894">
     <span class='ocr_line' id='line_1_46' title="bbox 2121 1820 3711 1894; baseline -0.004 -15"><span class='ocrx_word' id='word_1_289' title='bbox 2121 1824 2302 1879; x_wconf 87' lang='lat' dir='ltr'><strong>nanda</strong></span> <span class='ocrx_word' id='word_1_290' title='bbox 2327 1824 2554 1878; x_wconf 90' lang='lat' dir='ltr'><strong>multam</strong></span> <span class='ocrx_word' id='word_1_291' title='bbox 2585 1821 2837 1881; x_wconf 84' lang='lat' dir='ltr'><strong>Smithus</strong></span> <span class='ocrx_word' id='word_1_292' title='bbox 2864 1823 3200 1894; x_wconf 85' lang='lat' dir='ltr'><strong>diligentiam</strong></span> <span class='ocrx_word' id='word_1_293' title='bbox 3248 1820 3589 1885; x_wconf 85' lang='lat' dir='ltr'><strong>adhibuerit,</strong></span> <span class='ocrx_word' id='word_1_294' title='bbox 3645 1831 3711 1873; x_wconf 85' lang='lat' dir='ltr'><strong>ut</strong></span> 
     </span>
    </p>
   </div>
   <div class='ocr_carea' id='block_1_47' title="bbox 2119 1909 3710 1984">
    <p class='ocr_par' dir='ltr' id='par_1_47' title="bbox 2119 1909 3710 1984">
     <span class='ocr_line' id='line_1_47' title="bbox 2119 1909 3710 1984; baseline -0.003 -14"><span class='ocrx_word' id='word_1_295' title='bbox 2119 1930 2184 1970; x_wconf 83' lang='lat' dir='ltr'><strong>ex</strong></span> <span class='ocrx_word' id='word_1_296' title='bbox 2218 1915 2484 1971; x_wconf 87' lang='lat' dir='ltr'><strong>hactenus</strong></span> <span class='ocrx_word' id='word_1_297' title='bbox 2509 1914 2672 1970; x_wconf 91' lang='lat' dir='ltr'><strong>dictis</strong></span> <span class='ocrx_word' id='word_1_298' title='bbox 2691 1915 2827 1971; x_wconf 90' lang='lat' dir='ltr'><strong>satis</strong></span> <span class='ocrx_word' id='word_1_299' title='bbox 2856 1923 3195 1984; x_wconf 90' lang='lat' dir='ltr'><strong>compertum</strong></span> <span class='ocrx_word' id='word_1_300' title='bbox 3227 1914 3306 1977; x_wconf 86' lang='lat' dir='ltr'><strong>tit,</strong></span> <span class='ocrx_word' id='word_1_301' title='bbox 3331 1926 3445 1967; x_wconf 89' lang='lat' dir='ltr'><strong>non</strong></span> <span class='ocrx_word' id='word_1_302' title='bbox 3468 1909 3710 1966; x_wconf 84' lang='lat' dir='ltr'><strong>defuere</strong></span> 
     </span>
    </p>
   </div>
   <div class='ocr_carea' id='block_1_48' title="bbox 2119 2003 3708 2078">
    <p class='ocr_par' dir='ltr' id='par_1_48' title="bbox 2119 2003 3708 2078">
     <span class='ocr_line' id='line_1_48' title="bbox 2119 2003 3708 2078; baseline -0.004 -16"><span class='ocrx_word' id='word_1_303' title='bbox 2119 2016 2301 2064; x_wconf 83' lang='lat' dir='ltr'><strong>tamen</strong></span> <span class='ocrx_word' id='word_1_304' title='bbox 2348 2008 2441 2078; x_wconf 90' lang='lat' dir='ltr'><strong>qui</strong></span> <span class='ocrx_word' id='word_1_305' title='bbox 2469 2022 2596 2063; x_wconf 91' lang='lat' dir='ltr'><strong>eum</strong></span> <span class='ocrx_word' id='word_1_306' title='bbox 2637 2007 2821 2063; x_wconf 92' lang='lat' dir='ltr'><strong>minus</strong></span> <span class='ocrx_word' id='word_1_307' title='bbox 2850 2014 3107 2062; x_wconf 88' lang='lat' dir='ltr'><strong>accurate</strong></span> <span class='ocrx_word' id='word_1_308' title='bbox 3141 2006 3383 2062; x_wconf 89' lang='lat' dir='ltr'><strong>codicem</strong></span> <span class='ocrx_word' id='word_1_309' title='bbox 3419 2003 3708 2058; x_wconf 77' lang='lat' dir='ltr'><strong>Florenti-</strong></span> 
     </span>
    </p>
   </div>
   <div class='ocr_carea' id='block_1_49' title="bbox 2118 2095 3706 2171">
    <p class='ocr_par' dir='ltr' id='par_1_49' title="bbox 2118 2095 3706 2171">
     <span class='ocr_line' id='line_1_49' title="bbox 2118 2095 3706 2171; baseline -0.004 -17"><span class='ocrx_word' id='word_1_310' title='bbox 2118 2116 2249 2154; x_wconf 82' lang='lat' dir='ltr'><strong>num</strong></span> <span class='ocrx_word' id='word_1_311' title='bbox 2279 2101 2622 2171; x_wconf 80' lang='lat' dir='ltr'><strong>expressisse</strong></span> <span class='ocrx_word' id='word_1_312' title='bbox 2655 2098 2998 2153; x_wconf 78' lang='lat' dir='ltr'><strong>aﬂirmarint.</strong></span> <span class='ocrx_word' id='word_1_313' title='bbox 3055 2095 3369 2153; x_wconf 84' lang='lat' dir='ltr'><strong>Gronovius</strong></span> <span class='ocrx_word' id='word_1_314' title='bbox 3410 2096 3706 2150; x_wconf 78' lang='lat' dir='ltr'><strong>enimvero</strong></span> 
     </span>
    </p>
   </div>
   <div class='ocr_carea' id='block_1_50' title="bbox 2116 2187 3704 2263">
    <p class='ocr_par' dir='ltr' id='par_1_50' title="bbox 2116 2187 3704 2263">
     <span class='ocr_line' id='line_1_50' title="bbox 2116 2187 3704 2263; baseline -0.005 -14"><span class='ocrx_word' id='word_1_315' title='bbox 2116 2194 2295 2248; x_wconf 85' lang='lat' dir='ltr'><strong>dicam</strong></span> <span class='ocrx_word' id='word_1_316' title='bbox 2325 2193 2374 2247; x_wconf 92' lang='lat' dir='ltr'><strong>ei</strong></span> <span class='ocrx_word' id='word_1_317' title='bbox 2402 2193 2665 2263; x_wconf 88' lang='lat' dir='ltr'><strong>grandem</strong></span> <span class='ocrx_word' id='word_1_318' title='bbox 2694 2190 2948 2262; x_wconf 87' lang='lat' dir='ltr'><strong>impingit</strong></span> <span class='ocrx_word' id='word_1_319' title='bbox 2981 2189 3094 2260; x_wconf 78' lang='lat'><strong>(1),</strong></span> <span class='ocrx_word' id='word_1_320' title='bbox 3129 2188 3259 2243; x_wconf 91' lang='lat' dir='ltr'><strong>dum</strong></span> <span class='ocrx_word' id='word_1_321' title='bbox 3298 2187 3562 2243; x_wconf 76' lang='lat' dir='ltr'><strong>Vossium</strong></span> <span class='ocrx_word' id='word_1_322' title='bbox 3606 2203 3704 2241; x_wconf 85' lang='lat' dir='ltr'><strong>re—</strong></span> 
     </span>
    </p>
   </div>
   <div class='ocr_carea' id='block_1_51' title="bbox 2114 2279 3705 2359">
    <p class='ocr_par' dir='ltr' id='par_1_51' title="bbox 2114 2279 3705 2359">
     <span class='ocr_line' id='line_1_51' title="bbox 2114 2279 3705 2359; baseline -0.006 -17"><span class='ocrx_word' id='word_1_323' title='bbox 2114 2287 2437 2359; x_wconf 87' lang='lat' dir='ltr'><strong>prehendit:</strong></span> <span class='ocrx_word' id='word_1_324' title='bbox 2471 2285 2697 2358; x_wconf 87' lang='lat' dir='ltr'><strong>perinde</strong></span> <span class='ocrx_word' id='word_1_325' title='bbox 2744 2299 2811 2339; x_wconf 86' lang='lat' dir='ltr'><strong>ac</strong></span> <span class='ocrx_word' id='word_1_326' title='bbox 2845 2284 2892 2340; x_wconf 92' lang='lat' dir='ltr'><strong>si</strong></span> <span class='ocrx_word' id='word_1_327' title='bbox 2933 2283 3101 2353; x_wconf 88' lang='lat' dir='ltr'><strong>hujus</strong></span> <span class='ocrx_word' id='word_1_328' title='bbox 3143 2281 3314 2337; x_wconf 90' lang='lat' dir='ltr'><strong>ductu</strong></span> <span class='ocrx_word' id='word_1_329' title='bbox 3337 2280 3423 2335; x_wconf 85' lang='lat' dir='ltr'><strong>vel</strong></span> <span class='ocrx_word' id='word_1_330' title='bbox 3473 2279 3533 2334; x_wconf 91' lang='lat' dir='ltr'><strong>in</strong></span> <span class='ocrx_word' id='word_1_331' title='bbox 3581 2292 3705 2333; x_wconf 71' lang='lat' dir='ltr'><strong>sua</strong></span> 
     </span>
    </p>
   </div>
   <div class='ocr_carea' id='block_1_52' title="bbox 2113 2364 3703 2443">
    <p class='ocr_par' dir='ltr' id='par_1_52' title="bbox 2113 2364 3703 2443">
     <span class='ocr_line' id='line_1_52' title="bbox 2113 2364 3703 2443; baseline -0.008 -7"><span class='ocrx_word' id='word_1_332' title='bbox 2113 2379 2441 2436; x_wconf 86' lang='lat' dir='ltr'><strong>Oxoniensis</strong></span> <span class='ocrx_word' id='word_1_333' title='bbox 2486 2364 2743 2434; x_wconf 85' lang='lat' dir='ltr'><strong>editionis</strong></span> <span class='ocrx_word' id='word_1_334' title='bbox 2770 2374 3037 2442; x_wconf 78' lang='lat' dir='ltr'><strong>exordio,</strong></span> <span class='ocrx_word' id='word_1_335' title='bbox 3079 2373 3135 2428; x_wconf 89' lang='lat' dir='ltr'><strong>in</strong></span> <span class='ocrx_word' id='word_1_336' title='bbox 3164 2373 3279 2443; x_wconf 89' lang='lat' dir='ltr'><strong>ipsa</strong></span> <span class='ocrx_word' id='word_1_337' title='bbox 3317 2371 3529 2426; x_wconf 84' lang='lat' dir='ltr'><strong>scilicet</strong></span> <span class='ocrx_word' id='word_1_338' title='bbox 3578 2370 3703 2439; x_wconf 82' lang='lat' dir='ltr'><strong>epi-</strong></span> 
     </span>
    </p>
   </div>
   <div class='ocr_carea' id='block_1_53' title="bbox 2112 2462 3701 2541">
    <p class='ocr_par' dir='ltr' id='par_1_53' title="bbox 2112 2462 3701 2541">
     <span class='ocr_line' id='line_1_53' title="bbox 2112 2462 3701 2541; baseline -0.008 -12"><span class='ocrx_word' id='word_1_339' title='bbox 2112 2473 2269 2529; x_wconf 76' lang='lat' dir='ltr'><strong>stola:</strong></span> <span class='ocrx_word' id='word_1_340' title='bbox 2292 2471 2363 2525; x_wconf 81' lang='lat' dir='ltr'><strong>ad</strong></span> <span class='ocrx_word' id='word_1_341' title='bbox 2395 2470 2697 2541; x_wconf 75' lang='lat' dir='ltr'><strong>Smyrmeos</strong></span> <span class='ocrx_word' id='word_1_342' title='bbox 2728 2468 3108 2537; x_wconf 86' lang='lat' dir='ltr'><strong>inscriptione,</strong></span> <span class='ocrx_word' id='word_1_343' title='bbox 3147 2473 3464 2534; x_wconf 86' lang='lat' dir='ltr'><strong>corruptam</strong></span> <span class='ocrx_word' id='word_1_344' title='bbox 3506 2462 3701 2518; x_wconf 85' lang='lat' dir='ltr'><strong>istius—</strong></span> 
     </span>
    </p>
   </div>
   <div class='ocr_carea' id='block_1_54' title="bbox 2110 2552 3699 2630">
    <p class='ocr_par' dir='ltr' id='par_1_54' title="bbox 2110 2552 3699 2630">
     <span class='ocr_line' id='line_1_54' title="bbox 2110 2552 3699 2630; baseline -0.008 -12"><span class='ocrx_word' id='word_1_345' title='bbox 2110 2563 2261 2618; x_wconf 88' lang='lat' dir='ltr'><strong>modi</strong></span> <span class='ocrx_word' id='word_1_346' title='bbox 2316 2562 2639 2626; x_wconf 90' lang='lat' dir='ltr'><strong>lectionem,</strong></span> <span class='ocrx_word' id='word_1_347' title='bbox 2692 2558 2962 2630; x_wconf 80' lang='grc' dir='ltr'><strong>πνεύματι</strong></span> <span class='ocrx_word' id='word_1_348' title='bbox 2997 2557 3088 2611; x_wconf 74' lang='grc' dir='ltr'><strong>καὶ</strong></span> <span class='ocrx_word' id='word_1_349' title='bbox 3123 2556 3271 2622; x_wconf 60' lang='grc' dir='ltr'><strong>λόγῳ</strong></span> <span class='ocrx_word' id='word_1_350' title='bbox 3313 2552 3471 2619; x_wconf 81' lang='grc' dir='ltr'>Θεοῦ,</span> <span class='ocrx_word' id='word_1_351' title='bbox 3526 2552 3699 2607; x_wconf 86' lang='lat' dir='ltr'><strong>nobis</strong></span> 
     </span>
    </p>
   </div>
   <div class='ocr_carea' id='block_1_55' title="bbox 2108 2646 3695 2718">
    <p class='ocr_par' dir='ltr' id='par_1_55' title="bbox 2108 2646 3695 2718">
     <span class='ocr_line' id='line_1_55' title="bbox 2108 2646 3695 2718; baseline -0.009 -7"><span class='ocrx_word' id='word_1_352' title='bbox 2108 2653 2413 2711; x_wconf 87' lang='lat' dir='ltr'><strong>obtruserit</strong></span> <span class='ocrx_word' id='word_1_353' title='bbox 2449 2652 2571 2718; x_wconf 89' lang='lat' dir='ltr'><strong>ille;</strong></span> <span class='ocrx_word' id='word_1_354' title='bbox 2600 2666 2727 2706; x_wconf 92' lang='lat' dir='ltr'><strong>cum</strong></span> <span class='ocrx_word' id='word_1_355' title='bbox 2762 2659 2968 2715; x_wconf 86' lang='lat' dir='ltr'><strong>tamen,</strong></span> <span class='ocrx_word' id='word_1_356' title='bbox 3001 2647 3049 2705; x_wconf 89' lang='lat' dir='ltr'><strong>si</strong></span> <span class='ocrx_word' id='word_1_357' title='bbox 3072 2647 3249 2704; x_wconf 88' lang='lat' dir='ltr'><strong>virum</strong></span> <span class='ocrx_word' id='word_1_358' title='bbox 3283 2646 3543 2701; x_wconf 82' lang='lat' dir='ltr'><strong>criticum</strong></span> <span class='ocrx_word' id='word_1_359' title='bbox 3585 2657 3695 2698; x_wconf 83' lang='lat' dir='ltr'><strong>au-</strong></span> 
     </span>
    </p>
   </div>
   <div class='ocr_carea' id='block_1_56' title="bbox 2109 2733 3692 2810">
    <p class='ocr_par' dir='ltr' id='par_1_56' title="bbox 2109 2733 3692 2810">
     <span class='ocr_line' id='line_1_56' title="bbox 2109 2733 3692 2810; baseline -0.008 -12"><span class='ocrx_word' id='word_1_360' title='bbox 2109 2743 2251 2810; x_wconf 87' lang='lat' dir='ltr'><strong>dias,</strong></span> <span class='ocrx_word' id='word_1_361' title='bbox 2288 2752 2416 2797; x_wconf 90' lang='lat' dir='ltr'><strong>nota</strong></span> <span class='ocrx_word' id='word_1_362' title='bbox 2449 2756 2557 2797; x_wconf 89' lang='lat' dir='ltr'><strong>ms.</strong></span> <span class='ocrx_word' id='word_1_363' title='bbox 2582 2738 2808 2796; x_wconf 81' lang='lat' dir='ltr'><strong>Medicei</strong></span> <span class='ocrx_word' id='word_1_364' title='bbox 2842 2738 3254 2809; x_wconf 89' lang='lat' dir='ltr'><strong>compendiaria</strong></span> <span class='ocrx_word' id='word_1_365' title='bbox 3284 2735 3479 2791; x_wconf 85' lang='lat' dir='ltr'><strong>fuisset</strong></span> <span class='ocrx_word' id='word_1_366' title='bbox 3509 2733 3692 2789; x_wconf 81' lang='lat' dir='ltr'><strong>mni-</strong></span> 
     </span>
    </p>
   </div>
   <div class='ocr_carea' id='block_1_57' title="bbox 2108 2824 3694 2905">
    <p class='ocr_par' dir='ltr' id='par_1_57' title="bbox 2108 2824 3694 2905">
     <span class='ocr_line' id='line_1_57' title="bbox 2108 2824 3694 2905; baseline -0.008 -15"><span class='ocrx_word' id='word_1_367' title='bbox 2108 2835 2248 2891; x_wconf 89' lang='lat' dir='ltr'><strong>feste</strong></span> <span class='ocrx_word' id='word_1_368' title='bbox 2270 2832 2521 2905; x_wconf 86' lang='lat' dir='ltr'><strong>legenda,</strong></span> <span class='ocrx_word' id='word_1_369' title='bbox 2546 2828 2901 2902; x_wconf 82' lang='grc' dir='ltr'>πνευματικῷ</span> <span class='ocrx_word' id='word_1_370' title='bbox 2936 2829 3079 2900; x_wconf 82' lang='grc' dir='ltr'><strong>λόγῳ</strong></span> <span class='ocrx_word' id='word_1_371' title='bbox 3107 2826 3265 2882; x_wconf 83' lang='grc' dir='ltr'><strong>Θεοῦ.</strong></span> <span class='ocrx_word' id='word_1_372' title='bbox 3313 2829 3383 2881; x_wconf 83' lang='lat' dir='ltr'><strong>At</strong></span> <span class='ocrx_word' id='word_1_373' title='bbox 3414 2824 3694 2889; x_wconf 87' lang='lat' dir='ltr'><strong>Smithus,</strong></span> 
     </span>
    </p>
   </div>
   <div class='ocr_carea' id='block_1_58' title="bbox 2107 2919 3693 2997">
    <p class='ocr_par' dir='ltr' id='par_1_58' title="bbox 2107 2919 3693 2997">
     <span class='ocr_line' id='line_1_58' title="bbox 2107 2919 3693 2997; baseline -0.008 -13"><span class='ocrx_word' id='word_1_374' title='bbox 2107 2929 2456 2984; x_wconf 87' lang='lat' dir='ltr'><strong>collationem</strong></span> <span class='ocrx_word' id='word_1_375' title='bbox 2488 2925 2919 2997; x_wconf 86' lang='lat' dir='ltr'><strong>Ledgardianam</strong></span> <span class='ocrx_word' id='word_1_376' title='bbox 2954 2933 3200 2989; x_wconf 87' lang='lat' dir='ltr'><strong>secutus,</strong></span> <span class='ocrx_word' id='word_1_377' title='bbox 3235 2921 3289 2977; x_wconf 90' lang='lat' dir='ltr'><strong>in</strong></span> <span class='ocrx_word' id='word_1_378' title='bbox 3338 2919 3570 2977; x_wconf 88' lang='lat' dir='ltr'><strong>scholiis</strong></span> <span class='ocrx_word' id='word_1_379' title='bbox 3618 2919 3693 2973; x_wconf 88' lang='lat' dir='ltr'><strong>ad</strong></span> 
     </span>
    </p>
   </div>
   <div class='ocr_carea' id='block_1_59' title="bbox 2105 3014 3695 3092">
    <p class='ocr_par' dir='ltr' id='par_1_59' title="bbox 2105 3014 3695 3092">
     <span class='ocr_line' id='line_1_59' title="bbox 2105 3014 3695 3092; baseline -0.008 -12"><span class='ocrx_word' id='word_1_380' title='bbox 2105 3023 2352 3080; x_wconf 87' lang='lat' dir='ltr'><strong>eamdem</strong></span> <span class='ocrx_word' id='word_1_381' title='bbox 2394 3021 2678 3092; x_wconf 87' lang='lat' dir='ltr'><strong>epistolam</strong></span> <span class='ocrx_word' id='word_1_382' title='bbox 2707 3019 2926 3075; x_wconf 88' lang='lat' dir='ltr'><strong>obviam</strong></span> <span class='ocrx_word' id='word_1_383' title='bbox 2959 3016 3237 3086; x_wconf 70' lang='lat' dir='ltr'><strong>praeivisse</strong></span> <span class='ocrx_word' id='word_1_384' title='bbox 3287 3014 3573 3071; x_wconf 82' lang='lat' dir='ltr'><strong>Gronovio</strong></span> <span class='ocrx_word' id='word_1_385' title='bbox 3603 3014 3695 3068; x_wconf 86' lang='lat' dir='ltr'><strong>vi-</strong></span> 
     </span>
    </p>
   </div>
   <div class='ocr_carea' id='block_1_60' title="bbox 426 3093 3696 3183">
    <p class='ocr_par' dir='ltr' id='par_1_60' title="bbox 426 3093 3696 3183">
     <span class='ocr_line' id='line_1_60' title="bbox 426 3093 3696 3183; baseline 0.004 -33"><span class='ocrx_word' id='word_1_386' title='bbox 426 3093 696 3152; x_wconf 74' lang='lat' dir='ltr'><strong>Vossiana</strong></span> <span class='ocrx_word' id='word_1_387' title='bbox 729 3095 946 3155; x_wconf 84' lang='lat' dir='ltr'><strong>fuerant</strong></span> <span class='ocrx_word' id='word_1_388' title='bbox 977 3100 1093 3158; x_wconf 89' lang='lat' dir='ltr'><strong>sive</strong></span> <span class='ocrx_word' id='word_1_389' title='bbox 1130 3113 1337 3159; x_wconf 89' lang='lat' dir='ltr'><strong>temere</strong></span> <span class='ocrx_word' id='word_1_390' title='bbox 1382 3104 1591 3160; x_wconf 88' lang='lat' dir='ltr'><strong>omissa</strong></span> <span class='ocrx_word' id='word_1_391' title='bbox 1644 3106 1760 3161; x_wconf 84' lang='lat' dir='ltr'><strong>sive</strong></span> <span class='ocrx_word' id='word_1_392' title='bbox 1793 3122 2004 3177; x_wconf 60' lang='lat' dir='ltr'><strong>praepo-</strong></span> <span class='ocrx_word' id='word_1_393' title='bbox 2029 3125 2072 3183; x_wconf 74' lang='grc' dir='ltr'>ο</span> <span class='ocrx_word' id='word_1_394' title='bbox 2103 3117 2265 3172; x_wconf 81' lang='lat' dir='ltr'><strong>detur</strong></span> <span class='ocrx_word' id='word_1_395' title='bbox 2290 3115 2377 3171; x_wconf 91' lang='lat' dir='ltr'><strong>his</strong></span> <span class='ocrx_word' id='word_1_396' title='bbox 2406 3112 2621 3169; x_wconf 88' lang='lat' dir='ltr'><strong>verbis:</strong></span> <span class='ocrx_word' id='word_1_397' title='bbox 2662 3131 2681 3164; x_wconf 72' lang='grc' dir='ltr'>ι</span> <span class='ocrx_word' id='word_1_398' title='bbox 2705 3111 2815 3166; x_wconf 83' lang='lat' dir='ltr'><strong>Kal</strong></span> <span class='ocrx_word' id='word_1_399' title='bbox 2847 3110 3006 3181; x_wconf 83' lang='grc' dir='ltr'><strong>λόγῳ</strong></span> <span class='ocrx_word' id='word_1_400' title='bbox 3042 3107 3213 3162; x_wconf 87' lang='grc' dir='ltr'><strong>Θεοῦ.</strong></span> <span class='ocrx_word' id='word_1_401' title='bbox 3247 3107 3321 3162; x_wconf 88' lang='lat' dir='ltr'><strong>Ita</strong></span> <span class='ocrx_word' id='word_1_402' title='bbox 3353 3121 3578 3178; x_wconf 86' lang='lat' dir='ltr'><strong>quoque</strong></span> <span class='ocrx_word' id='word_1_403' title='bbox 3608 3105 3696 3161; x_wconf 84' lang='lat' dir='ltr'><strong>le—</strong></span> 
     </span>
    </p>
   </div>
   <div class='ocr_carea' id='block_1_61' title="bbox 425 3186 3695 3279">
    <p class='ocr_par' dir='ltr' id='par_1_61' title="bbox 425 3186 3695 3279">
     <span class='ocr_line' id='line_1_61' title="bbox 425 3186 3695 3279; baseline 0.003 -38"><span class='ocrx_word' id='word_1_404' title='bbox 425 3198 570 3243; x_wconf 86' lang='lat' dir='ltr'><strong>stere</strong></span> <span class='ocrx_word' id='word_1_405' title='bbox 591 3186 903 3258; x_wconf 81' lang='lat' dir='ltr'><strong>exscripta,</strong></span> <span class='ocrx_word' id='word_1_406' title='bbox 943 3204 1011 3246; x_wconf 79' lang='lat' dir='ltr'><strong>ex</strong></span> <span class='ocrx_word' id='word_1_407' title='bbox 1059 3208 1203 3249; x_wconf 81' lang='lat' dir='ltr'><strong>nova</strong></span> <span class='ocrx_word' id='word_1_408' title='bbox 1250 3194 1356 3250; x_wconf 87' lang='lat' dir='ltr'><strong>ista</strong></span> <span class='ocrx_word' id='word_1_409' title='bbox 1406 3194 1671 3267; x_wconf 82' lang='lat' dir='ltr'><strong>Ledgardi</strong></span> <span class='ocrx_word' id='word_1_410' title='bbox 1712 3197 2005 3255; x_wconf 86' lang='lat' dir='ltr'><strong>collatione</strong></span> <span class='ocrx_word' id='word_1_411' title='bbox 2105 3207 2304 3279; x_wconf 79' lang='lat' dir='ltr'><strong>gebant</strong></span> <span class='ocrx_word' id='word_1_412' title='bbox 2326 3213 2487 3260; x_wconf 89' lang='lat' dir='ltr'><strong>vetus</strong></span> <span class='ocrx_word' id='word_1_413' title='bbox 2503 3211 2690 3258; x_wconf 88' lang='lat' dir='ltr'><strong>noster</strong></span> <span class='ocrx_word' id='word_1_414' title='bbox 2712 3203 2979 3270; x_wconf 87' lang='lat' dir='ltr'><strong>interpres</strong></span> <span class='ocrx_word' id='word_1_415' title='bbox 3005 3208 3060 3253; x_wconf 89' lang='lat' dir='ltr'><strong>et</strong></span> <span class='ocrx_word' id='word_1_416' title='bbox 3089 3198 3465 3268; x_wconf 85' lang='lat' dir='ltr'><strong>interpolator,</strong></span> <span class='ocrx_word' id='word_1_417' title='bbox 3491 3196 3695 3251; x_wconf 87' lang='lat' dir='ltr'><strong>distin-</strong></span> 
     </span>
    </p>
   </div>
   <div class='ocr_carea' id='block_1_62' title="bbox 423 3279 2003 3359">
    <p class='ocr_par' dir='ltr' id='par_1_62' title="bbox 423 3279 2003 3359">
     <span class='ocr_line' id='line_1_62' title="bbox 423 3279 2003 3359; baseline 0.006 -23"><span class='ocrx_word' id='word_1_418' title='bbox 423 3279 697 3351; x_wconf 88' lang='lat' dir='ltr'><strong>supplevit</strong></span> <span class='ocrx_word' id='word_1_419' title='bbox 716 3283 1166 3355; x_wconf 81' lang='lat' dir='ltr'><strong>emendavitque,</strong></span> <span class='ocrx_word' id='word_1_420' title='bbox 1218 3286 1421 3344; x_wconf 77' lang='lat' dir='ltr'><strong>additis</strong></span> <span class='ocrx_word' id='word_1_421' title='bbox 1446 3304 1664 3359; x_wconf 84' lang='lat' dir='ltr'><strong>quoque</strong></span> <span class='ocrx_word' id='word_1_422' title='bbox 1696 3290 1901 3358; x_wconf 88' lang='lat' dir='ltr'><strong>passim</strong></span> <span class='ocrx_word' id='word_1_423' title='bbox 1934 3290 2003 3346; x_wconf 89' lang='lat' dir='ltr'><strong>ad</strong></span> 
     </span>
    </p>
   </div>
   <div class='ocr_carea' id='block_1_63' title="bbox 422 3375 1999 3453">
    <p class='ocr_par' dir='ltr' id='par_1_63' title="bbox 422 3375 1999 3453">
     <span class='ocr_line' id='line_1_63' title="bbox 422 3375 1999 3453; baseline 0.006 -26"><span class='ocrx_word' id='word_1_424' title='bbox 422 3376 635 3446; x_wconf 69' lang='lat' dir='ltr'><strong>pagina:</strong></span> <span class='ocrx_word' id='word_1_425' title='bbox 661 3375 892 3453; x_wconf 82' lang='lat' dir='ltr'><strong>limbum</strong></span> <span class='ocrx_word' id='word_1_426' title='bbox 942 3377 1238 3434; x_wconf 87' lang='lat' dir='ltr'><strong>breviculis</strong></span> <span class='ocrx_word' id='word_1_427' title='bbox 1287 3378 1514 3436; x_wconf 88' lang='lat' dir='ltr'><strong>scholiis</strong></span> <span class='ocrx_word' id='word_1_428' title='bbox 1559 3390 1616 3435; x_wconf 88' lang='lat' dir='ltr'><strong>et</strong></span> <span class='ocrx_word' id='word_1_429' title='bbox 1644 3379 1999 3450; x_wconf 89' lang='lat' dir='ltr'><strong>conjecturis,</strong></span> 
     </span>
    </p>
   </div>
   <div class='ocr_carea' id='block_1_64' title="bbox 422 3467 2000 3536">
    <p class='ocr_par' dir='ltr' id='par_1_64' title="bbox 422 3467 2000 3536">
     <span class='ocr_line' id='line_1_64' title="bbox 422 3467 2000 3536; baseline 0.004 -15"><span class='ocrx_word' id='word_1_430' title='bbox 422 3467 702 3536; x_wconf 84' lang='lat' dir='ltr'><strong>quibusin</strong></span> <span class='ocrx_word' id='word_1_431' title='bbox 731 3470 920 3526; x_wconf 87' lang='lat' dir='ltr'><strong>oculos</strong></span> <span class='ocrx_word' id='word_1_432' title='bbox 955 3468 1116 3526; x_wconf 81' lang='lat' dir='ltr'><strong>facile</strong></span> <span class='ocrx_word' id='word_1_433' title='bbox 1158 3470 1571 3526; x_wconf 87' lang='lat' dir='ltr'><strong>incurrentibus</strong></span> <span class='ocrx_word' id='word_1_434' title='bbox 1612 3479 1796 3527; x_wconf 79' lang='lat' dir='ltr'><strong>textus</strong></span> <span class='ocrx_word' id='word_1_435' title='bbox 1839 3471 2000 3528; x_wconf 88' lang='lat' dir='ltr'><strong>lectio</strong></span> 
     </span>
    </p>
   </div>
   <div class='ocr_carea' id='block_1_65' title="bbox 419 3555 1493 3631">
    <p class='ocr_par' dir='ltr' id='par_1_65' title="bbox 419 3555 1493 3631">
     <span class='ocr_line' id='line_1_65' title="bbox 419 3555 1493 3631; baseline 0.006 -20"><span class='ocrx_word' id='word_1_436' title='bbox 419 3555 680 3613; x_wconf 83' lang='lat' dir='ltr'><strong>reddatur</strong></span> <span class='ocrx_word' id='word_1_437' title='bbox 698 3559 915 3630; x_wconf 90' lang='lat' dir='ltr'><strong>planior</strong></span> <span class='ocrx_word' id='word_1_438' title='bbox 937 3569 1102 3631; x_wconf 86' lang='lat' dir='ltr'><strong>atque</strong></span> <span class='ocrx_word' id='word_1_439' title='bbox 1130 3561 1493 3618; x_wconf 88' lang='lat' dir='ltr'><strong>emendatior.</strong></span> 
     </span>
    </p>
   </div>
   <div class='ocr_carea' id='block_1_66' title="bbox 493 3648 2002 3723">
    <p class='ocr_par' dir='ltr' id='par_1_66' title="bbox 493 3648 2002 3723">
     <span class='ocr_line' id='line_1_66' title="bbox 493 3648 2002 3723; baseline 0.003 -21"><span class='ocrx_word' id='word_1_440' title='bbox 493 3648 682 3720; x_wconf 84' lang='lat' dir='ltr'><strong>Neque</strong></span> <span class='ocrx_word' id='word_1_441' title='bbox 715 3650 806 3706; x_wconf 91' lang='lat' dir='ltr'><strong>hic</strong></span> <span class='ocrx_word' id='word_1_442' title='bbox 836 3651 1203 3707; x_wconf 89' lang='lat' dir='ltr'><strong>omittendum</strong></span> <span class='ocrx_word' id='word_1_443' title='bbox 1231 3653 1381 3723; x_wconf 90' lang='lat' dir='ltr'><strong>quod</strong></span> <span class='ocrx_word' id='word_1_444' title='bbox 1407 3654 1668 3709; x_wconf 88' lang='lat' dir='ltr'><strong>admonet</strong></span> <span class='ocrx_word' id='word_1_445' title='bbox 1691 3653 1865 3709; x_wconf 90' lang='lat' dir='ltr'><strong>solers</strong></span> <span class='ocrx_word' id='word_1_446' title='bbox 1885 3653 2002 3707; x_wconf 89' lang='lat' dir='ltr'><strong>edi-</strong></span> 
     </span>
    </p>
   </div>
   <div class='ocr_carea' id='block_1_67' title="bbox 419 3739 2000 3813">
    <p class='ocr_par' dir='ltr' id='par_1_67' title="bbox 419 3739 2000 3813">
     <span class='ocr_line' id='line_1_67' title="bbox 419 3739 2000 3813; baseline 0.002 -19"><span class='ocrx_word' id='word_1_447' title='bbox 419 3747 509 3794; x_wconf 89' lang='lat' dir='ltr'><strong>tor</strong></span> <span class='ocrx_word' id='word_1_448' title='bbox 536 3751 724 3796; x_wconf 91' lang='lat' dir='ltr'><strong>noster</strong></span> <span class='ocrx_word' id='word_1_449' title='bbox 747 3739 801 3795; x_wconf 92' lang='lat' dir='ltr'><strong>in</strong></span> <span class='ocrx_word' id='word_1_450' title='bbox 822 3739 1045 3811; x_wconf 60' lang='lat' dir='ltr'><strong>praefata</strong></span> <span class='ocrx_word' id='word_1_451' title='bbox 1064 3742 1130 3796; x_wconf 85' lang='lat' dir='ltr'><strong>ad</strong></span> <span class='ocrx_word' id='word_1_452' title='bbox 1159 3740 1458 3799; x_wconf 84' lang='lat' dir='ltr'><strong>Hearnium</strong></span> <span class='ocrx_word' id='word_1_453' title='bbox 1494 3742 1759 3813; x_wconf 90' lang='lat' dir='ltr'><strong>epistola,</strong></span> <span class='ocrx_word' id='word_1_454' title='bbox 1800 3742 1892 3797; x_wconf 89' lang='lat' dir='ltr'><strong>ubi</strong></span> <span class='ocrx_word' id='word_1_455' title='bbox 1931 3741 2000 3797; x_wconf 88' lang='lat' dir='ltr'><strong>de</strong></span> 
     </span>
    </p>
   </div>
   <div class='ocr_carea' id='block_1_68' title="bbox 418 3832 2001 3906">
    <p class='ocr_par' dir='ltr' id='par_1_68' title="bbox 418 3832 2001 3906">
     <span class='ocr_line' id='line_1_68' title="bbox 418 3832 2001 3906; baseline 0.001 -17"><span class='ocrx_word' id='word_1_456' title='bbox 418 3834 490 3890; x_wconf 87' lang='lat' dir='ltr'><strong>iis</strong></span> <span class='ocrx_word' id='word_1_457' title='bbox 530 3834 697 3889; x_wconf 87' lang='lat' dir='ltr'><strong>verba</strong></span> <span class='ocrx_word' id='word_1_458' title='bbox 727 3832 858 3890; x_wconf 88' lang='lat' dir='ltr'><strong>facit</strong></span> <span class='ocrx_word' id='word_1_459' title='bbox 905 3835 1002 3906; x_wconf 89' lang='lat' dir='ltr'><strong>qui</strong></span> <span class='ocrx_word' id='word_1_460' title='bbox 1048 3835 1274 3891; x_wconf 87' lang='lat' dir='ltr'><strong>editioni</strong></span> <span class='ocrx_word' id='word_1_461' title='bbox 1331 3835 1697 3892; x_wconf 75' lang='lat' dir='ltr'><strong>Aldrichianae</strong></span> <span class='ocrx_word' id='word_1_462' title='bbox 1741 3835 2001 3891; x_wconf 70' lang='lat' dir='ltr'><strong>curandae</strong></span> 
     </span>
    </p>
   </div>
   <div class='ocr_carea' id='block_1_69' title="bbox 416 3926 1998 4000">
    <p class='ocr_par' dir='ltr' id='par_1_69' title="bbox 416 3926 1998 4000">
     <span class='ocr_line' id='line_1_69' title="bbox 416 3926 1998 4000; baseline 0.003 -20"><span class='ocrx_word' id='word_1_463' title='bbox 416 3926 756 3996; x_wconf 70' lang='lat' dir='ltr'><strong>praefuerunt</strong></span> <span class='ocrx_word' id='word_1_464' title='bbox 788 3943 803 3981; x_wconf 86' lang='lat'><strong>:</strong></span> <span class='ocrx_word' id='word_1_465' title='bbox 836 3946 855 3980; x_wconf 77' lang='lat'><strong>¢</strong></span> <span class='ocrx_word' id='word_1_466' title='bbox 878 3926 1247 3999; x_wconf 83' lang='lat' dir='ltr'><strong>Rigidissimis</strong></span> <span class='ocrx_word' id='word_1_467' title='bbox 1274 3928 1617 3993; x_wconf 87' lang='lat' dir='ltr'><strong>censoribus,</strong></span> <span class='ocrx_word' id='word_1_468' title='bbox 1667 3929 1869 4000; x_wconf 82' lang='lat' dir='ltr'><strong>inquit,</strong></span> <span class='ocrx_word' id='word_1_469' title='bbox 1897 3944 1998 4000; x_wconf 90' lang='lat' dir='ltr'><strong>pa-</strong></span> 
     </span>
    </p>
   </div>
   <div class='ocr_carea' id='block_1_70' title="bbox 417 4020 1993 4094">
    <p class='ocr_par' dir='ltr' id='par_1_70' title="bbox 417 4020 1993 4094">
     <span class='ocr_line' id='line_1_70' title="bbox 417 4020 1993 4094; baseline 0.001 -20"><span class='ocrx_word' id='word_1_470' title='bbox 417 4036 543 4075; x_wconf 85' lang='lat' dir='ltr'><strong>rum</strong></span> <span class='ocrx_word' id='word_1_471' title='bbox 578 4021 927 4077; x_wconf 81' lang='lat' dir='ltr'><strong>excusandus</strong></span> <span class='ocrx_word' id='word_1_472' title='bbox 955 4022 1171 4077; x_wconf 83' lang='lat' dir='ltr'><strong>videtur</strong></span> <span class='ocrx_word' id='word_1_473' title='bbox 1203 4021 1268 4076; x_wconf 88' lang='lat' dir='ltr'><strong>D.</strong></span> <span class='ocrx_word' id='word_1_474' title='bbox 1289 4020 1557 4088; x_wconf 83' lang='lat' dir='ltr'><strong>Vossius,</strong></span> <span class='ocrx_word' id='word_1_475' title='bbox 1600 4023 1698 4094; x_wconf 89' lang='lat' dir='ltr'><strong>qui</strong></span> <span class='ocrx_word' id='word_1_476' title='bbox 1749 4024 1803 4078; x_wconf 90' lang='lat' dir='ltr'><strong>in</strong></span> <span class='ocrx_word' id='word_1_477' title='bbox 1834 4025 1993 4093; x_wconf 84' lang='lat' dir='ltr'><strong>epist.</strong></span> 
     </span>
    </p>
   </div>
   <div class='ocr_carea' id='block_1_71' title="bbox 420 4111 1995 4187">
    <p class='ocr_par' dir='ltr' id='par_1_71' title="bbox 420 4111 1995 4187">
     <span class='ocr_line' id='line_1_71' title="bbox 420 4111 1995 4187; baseline 0.003 -21"><span class='ocrx_word' id='word_1_478' title='bbox 420 4112 491 4166; x_wconf 82' lang='lat' dir='ltr'><strong>ad</strong></span> <span class='ocrx_word' id='word_1_479' title='bbox 542 4111 601 4168; x_wconf 86' lang='lat' dir='ltr'><strong>S.</strong></span> <span class='ocrx_word' id='word_1_480' title='bbox 639 4111 1031 4184; x_wconf 83' lang='lat' dir='ltr'><strong>Polycarpum,</strong></span> <span class='ocrx_word' id='word_1_481' title='bbox 1067 4124 1201 4172; x_wconf 87' lang='lat' dir='ltr'><strong>seet.</strong></span> <span class='ocrx_word' id='word_1_482' title='bbox 1229 4115 1284 4184; x_wconf 88' lang='lat'><strong>5,</strong></span> <span class='ocrx_word' id='word_1_483' title='bbox 1315 4117 1640 4186; x_wconf 89' lang='lat' dir='ltr'><strong>particulam</strong></span> <span class='ocrx_word' id='word_1_484' title='bbox 1690 4116 1995 4187; x_wconf 85' lang='lat' dir='ltr'><strong>negativam</strong></span> 
     </span>
    </p>
   </div>
   <div class='ocr_carea' id='block_1_72' title="bbox 410 4203 1998 4277">
    <p class='ocr_par' dir='ltr' id='par_1_72' title="bbox 410 4203 1998 4277">
     <span class='ocr_line' id='line_1_72' title="bbox 410 4203 1998 4277; baseline 0.007 -20"><span class='ocrx_word' id='word_1_485' title='bbox 410 4203 501 4274; x_wconf 76' lang='grc' dir='ltr'><strong><em>μή</em></strong></span> <span class='ocrx_word' id='word_1_486' title='bbox 523 4204 666 4260; x_wconf 89' lang='lat' dir='ltr'><strong>inter</strong></span> <span class='ocrx_word' id='word_1_487' title='bbox 697 4206 943 4275; x_wconf 77' lang='grc' dir='ltr'><strong>ὁμιλίαν</strong></span> <span class='ocrx_word' id='word_1_488' title='bbox 967 4216 1022 4262; x_wconf 91' lang='lat' dir='ltr'><strong>et</strong></span> <span class='ocrx_word' id='word_1_489' title='bbox 1053 4208 1227 4264; x_wconf 82' lang='grc' dir='ltr'><strong>ποιοῦ</strong></span> <span class='ocrx_word' id='word_1_490' title='bbox 1257 4208 1527 4277; x_wconf 90' lang='lat' dir='ltr'><strong>inseruit,</strong></span> <span class='ocrx_word' id='word_1_491' title='bbox 1570 4226 1695 4265; x_wconf 90' lang='lat' dir='ltr'><strong>cum</strong></span> <span class='ocrx_word' id='word_1_492' title='bbox 1748 4226 1777 4266; x_wconf 92' lang='lat' dir='ltr'><strong>e</strong></span> <span class='ocrx_word' id='word_1_493' title='bbox 1808 4213 1998 4269; x_wconf 88' lang='lat' dir='ltr'><strong>codice</strong></span> 
     </span>
    </p>
   </div>
   <div class='ocr_carea' id='block_1_73' title="bbox 416 4294 1993 4374">
    <p class='ocr_par' dir='ltr' id='par_1_73' title="bbox 416 4294 1993 4374">
     <span class='ocr_line' id='line_1_73' title="bbox 416 4294 1993 4374; baseline 0.006 -23"><span class='ocrx_word' id='word_1_494' title='bbox 416 4294 736 4354; x_wconf 80' lang='lat' dir='ltr'><strong>Florentino</strong></span> <span class='ocrx_word' id='word_1_495' title='bbox 755 4299 915 4369; x_wconf 75' lang='lat' dir='ltr'><strong>plane</strong></span> <span class='ocrx_word' id='word_1_496' title='bbox 943 4300 1109 4369; x_wconf 87' lang='lat' dir='ltr'><strong>absit,</strong></span> <span class='ocrx_word' id='word_1_497' title='bbox 1141 4310 1201 4357; x_wconf 93' lang='lat' dir='ltr'><strong>ut</strong></span> <span class='ocrx_word' id='word_1_498' title='bbox 1235 4302 1351 4374; x_wconf 90' lang='lat' dir='ltr'><strong>ipse</strong></span> <span class='ocrx_word' id='word_1_499' title='bbox 1383 4302 1439 4358; x_wconf 90' lang='lat' dir='ltr'><strong>in</strong></span> <span class='ocrx_word' id='word_1_500' title='bbox 1474 4303 1750 4360; x_wconf 90' lang='lat' dir='ltr'><strong>adnotatis</strong></span> <span class='ocrx_word' id='word_1_501' title='bbox 1801 4304 1993 4360; x_wconf 84' lang='lat' dir='ltr'><strong>obser-</strong></span> 
     </span>
    </p>
   </div>
   <div class='ocr_carea' id='block_1_74' title="bbox 414 4389 1992 4467">
    <p class='ocr_par' dir='ltr' id='par_1_74' title="bbox 414 4389 1992 4467">
     <span class='ocr_line' id='line_1_74' title="bbox 414 4389 1992 4467; baseline 0.007 -26"><span class='ocrx_word' id='word_1_502' title='bbox 414 4389 562 4455; x_wconf 86' lang='lat' dir='ltr'><strong>vavi,</strong></span> <span class='ocrx_word' id='word_1_503' title='bbox 584 4404 687 4447; x_wconf 90' lang='lat' dir='ltr'><strong>nec</strong></span> <span class='ocrx_word' id='word_1_504' title='bbox 714 4390 772 4445; x_wconf 91' lang='lat' dir='ltr'><strong>in</strong></span> <span class='ocrx_word' id='word_1_505' title='bbox 798 4406 902 4448; x_wconf 89' lang='lat' dir='ltr'><strong>suo</strong></span> <span class='ocrx_word' id='word_1_506' title='bbox 955 4394 1142 4449; x_wconf 88' lang='lat' dir='ltr'><strong>codice</strong></span> <span class='ocrx_word' id='word_1_507' title='bbox 1186 4394 1400 4467; x_wconf 86' lang='lat' dir='ltr'><strong>legebat</strong></span> <span class='ocrx_word' id='word_1_508' title='bbox 1450 4405 1608 4453; x_wconf 87' lang='lat' dir='ltr'><strong>vetus</strong></span> <span class='ocrx_word' id='word_1_509' title='bbox 1665 4394 1992 4452; x_wconf 88' lang='lat' dir='ltr'><strong>Usserianus</strong></span> 
     </span>
    </p>
   </div>
   <div class='ocr_carea' id='block_1_75' title="bbox 411 4479 2071 4553">
    <p class='ocr_par' dir='ltr' id='par_1_75' title="bbox 411 4479 2071 4553">
     <span class='ocr_line' id='line_1_75' title="bbox 411 4479 2071 4553; baseline 0.006 -19"><span class='ocrx_word' id='word_1_510' title='bbox 411 4481 714 4551; x_wconf 88' lang='lat' dir='ltr'><strong>interpres:</strong></span> <span class='ocrx_word' id='word_1_511' title='bbox 743 4482 903 4552; x_wconf 90' lang='lat' dir='ltr'><strong>cujus</strong></span> <span class='ocrx_word' id='word_1_512' title='bbox 930 4486 1234 4553; x_wconf 82' lang='lat' dir='ltr'><strong>reverentia</strong></span> <span class='ocrx_word' id='word_1_513' title='bbox 1258 4495 1314 4542; x_wconf 91' lang='lat' dir='ltr'><strong>et</strong></span> <span class='ocrx_word' id='word_1_514' title='bbox 1341 4486 1670 4542; x_wconf 89' lang='lat' dir='ltr'><strong>auctoritate</strong></span> <span class='ocrx_word' id='word_1_515' title='bbox 1717 4495 1902 4543; x_wconf 89' lang='lat' dir='ltr'><strong>motus</strong></span> <span class='ocrx_word' id='word_1_516' title='bbox 1925 4503 1992 4543; x_wconf 78' lang='lat' dir='ltr'><strong>ex</strong></span> <span class='ocrx_word' id='word_1_517' title='bbox 2025 4479 2071 4537; x_wconf 89' lang='lat' dir='ltr'><strong>D</strong></span> 
     </span>
    </p>
   </div>
   <div class='ocr_carea' id='block_1_76' title="bbox 414 4572 1992 4650">
    <p class='ocr_par' dir='ltr' id='par_1_76' title="bbox 414 4572 1992 4650">
     <span class='ocr_line' id='line_1_76' title="bbox 414 4572 1992 4650; baseline 0.006 -25"><span class='ocrx_word' id='word_1_518' title='bbox 414 4572 603 4628; x_wconf 79' lang='lat' dir='ltr'><strong>codice</strong></span> <span class='ocrx_word' id='word_1_519' title='bbox 636 4590 758 4631; x_wconf 90' lang='lat' dir='ltr'><strong>meo</strong></span> <span class='ocrx_word' id='word_1_520' title='bbox 782 4575 931 4631; x_wconf 88' lang='lat' dir='ltr'><strong>illam</strong></span> <span class='ocrx_word' id='word_1_521' title='bbox 966 4577 1162 4644; x_wconf 86' lang='lat' dir='ltr'><strong>delevi,</strong></span> <span class='ocrx_word' id='word_1_522' title='bbox 1190 4578 1274 4633; x_wconf 88' lang='lat' dir='ltr'><strong>vel</strong></span> <span class='ocrx_word' id='word_1_523' title='bbox 1302 4580 1518 4647; x_wconf 91' lang='lat' dir='ltr'><strong>saltem,</strong></span> <span class='ocrx_word' id='word_1_524' title='bbox 1543 4589 1604 4636; x_wconf 91' lang='lat' dir='ltr'><strong>ut</strong></span> <span class='ocrx_word' id='word_1_525' title='bbox 1631 4579 1849 4636; x_wconf 89' lang='lat' dir='ltr'><strong>uncinis</strong></span> <span class='ocrx_word' id='word_1_526' title='bbox 1894 4581 1992 4650; x_wconf 89' lang='lat' dir='ltr'><strong>qui</strong></span> 
     </span>
    </p>
   </div>
   <div class='ocr_carea' id='block_1_77' title="bbox 412 4667 1994 4734">
    <p class='ocr_par' dir='ltr' id='par_1_77' title="bbox 412 4667 1994 4734">
     <span class='ocr_line' id='line_1_77' title="bbox 412 4667 1994 4734; baseline 0.004 -13"><span class='ocrx_word' id='word_1_527' title='bbox 412 4667 844 4723; x_wconf 79' lang='lat' dir='ltr'><strong>additamentum</strong></span> <span class='ocrx_word' id='word_1_528' title='bbox 876 4668 1010 4723; x_wconf 88' lang='lat' dir='ltr'><strong>illud</strong></span> <span class='ocrx_word' id='word_1_529' title='bbox 1064 4670 1372 4727; x_wconf 89' lang='lat' dir='ltr'><strong>indicarent</strong></span> <span class='ocrx_word' id='word_1_530' title='bbox 1408 4672 1785 4728; x_wconf 88' lang='lat' dir='ltr'><strong>includeretur</strong></span> <span class='ocrx_word' id='word_1_531' title='bbox 1810 4712 1824 4734; x_wconf 92' lang='lat'><strong>,</strong></span> <span class='ocrx_word' id='word_1_532' title='bbox 1872 4688 1994 4727; x_wconf 56' lang='lat' dir='ltr'><strong>om-</strong></span> 
     </span>
    </p>
   </div>
   <div class='ocr_carea' id='block_1_78' title="bbox 413 4761 1990 4834">
    <p class='ocr_par' dir='ltr' id='par_1_78' title="bbox 413 4761 1990 4834">
     <span class='ocr_line' id='line_1_78' title="bbox 413 4761 1990 4834; baseline 0.004 -17"><span class='ocrx_word' id='word_1_533' title='bbox 413 4764 547 4817; x_wconf 85' lang='lat' dir='ltr'><strong>nino</strong></span> <span class='ocrx_word' id='word_1_534' title='bbox 572 4761 858 4817; x_wconf 90' lang='lat' dir='ltr'><strong>volebam:</strong></span> <span class='ocrx_word' id='word_1_535' title='bbox 895 4764 991 4817; x_wconf 87' lang='lat' dir='ltr'><strong>sed</strong></span> <span class='ocrx_word' id='word_1_536' title='bbox 1016 4763 1204 4818; x_wconf 88' lang='lat' dir='ltr'><strong>nescio</strong></span> <span class='ocrx_word' id='word_1_537' title='bbox 1233 4779 1344 4834; x_wconf 91' lang='lat' dir='ltr'><strong>quo</strong></span> <span class='ocrx_word' id='word_1_538' title='bbox 1398 4780 1532 4820; x_wconf 88' lang='lat' dir='ltr'><strong>casu</strong></span> <span class='ocrx_word' id='word_1_539' title='bbox 1568 4767 1837 4821; x_wconf 89' lang='lat' dir='ltr'><strong>correctio</strong></span> <span class='ocrx_word' id='word_1_540' title='bbox 1886 4769 1990 4824; x_wconf 87' lang='lat' dir='ltr'><strong>ista</strong></span> 
     </span>
    </p>
   </div>
   <div class='ocr_carea' id='block_1_79' title="bbox 412 4853 1985 4930">
    <p class='ocr_par' dir='ltr' id='par_1_79' title="bbox 412 4853 1985 4930">
     <span class='ocr_line' id='line_1_79' title="bbox 412 4853 1985 4930; baseline 0.003 -21"><span class='ocrx_word' id='word_1_541' title='bbox 412 4856 619 4911; x_wconf 81' lang='lat' dir='ltr'><strong>omissa</strong></span> <span class='ocrx_word' id='word_1_542' title='bbox 635 4864 772 4909; x_wconf 89' lang='lat' dir='ltr'><strong>erat.</strong></span> <span class='ocrx_word' id='word_1_543' title='bbox 799 4853 857 4908; x_wconf 89' lang='lat' dir='ltr'><strong>In</strong></span> <span class='ocrx_word' id='word_1_544' title='bbox 881 4855 1069 4910; x_wconf 90' lang='lat' dir='ltr'><strong>eadem</strong></span> <span class='ocrx_word' id='word_1_545' title='bbox 1090 4855 1219 4910; x_wconf 91' lang='lat' dir='ltr'><strong>item</strong></span> <span class='ocrx_word' id='word_1_546' title='bbox 1244 4857 1407 4926; x_wconf 90' lang='lat' dir='ltr'><strong>epist.</strong></span> <span class='ocrx_word' id='word_1_547' title='bbox 1438 4858 1508 4911; x_wconf 82' lang='lat' dir='ltr'><strong>ad</strong></span> <span class='ocrx_word' id='word_1_548' title='bbox 1531 4856 1589 4913; x_wconf 73' lang='lat' dir='ltr'><strong>Sr.</strong></span> <span class='ocrx_word' id='word_1_549' title='bbox 1610 4858 1985 4930; x_wconf 82' lang='lat' dir='ltr'><strong>Polycarpum,</strong></span> 
     </span>
    </p>
   </div>
   <div class='ocr_carea' id='block_1_80' title="bbox 413 4944 1989 5017">
    <p class='ocr_par' dir='ltr' id='par_1_80' title="bbox 413 4944 1989 5017">
     <span class='ocr_line' id='line_1_80' title="bbox 413 4944 1989 5017; baseline 0.005 -17"><span class='ocrx_word' id='word_1_550' title='bbox 413 4954 550 5002; x_wconf 83' lang='lat' dir='ltr'><strong>sect.</strong></span> <span class='ocrx_word' id='word_1_551' title='bbox 579 4945 633 5012; x_wconf 89' lang='lat'><strong>7,</strong></span> <span class='ocrx_word' id='word_1_552' title='bbox 656 4955 711 5000; x_wconf 89' lang='lat' dir='ltr'><strong>et</strong></span> <span class='ocrx_word' id='word_1_553' title='bbox 742 4945 794 4999; x_wconf 85' lang='lat' dir='ltr'><strong>in</strong></span> <span class='ocrx_word' id='word_1_554' title='bbox 819 4945 979 5015; x_wconf 87' lang='lat' dir='ltr'><strong>epist.</strong></span> <span class='ocrx_word' id='word_1_555' title='bbox 1029 4946 1099 4999; x_wconf 84' lang='lat' dir='ltr'><strong>ad</strong></span> <span class='ocrx_word' id='word_1_556' title='bbox 1155 4944 1642 5017; x_wconf 76' lang='lat' dir='ltr'><strong>Philadelphienses</strong></span> <span class='ocrx_word' id='word_1_557' title='bbox 1671 4989 1691 5017; x_wconf 94' lang='lat'><strong>,</strong></span> <span class='ocrx_word' id='word_1_558' title='bbox 1734 4960 1868 5008; x_wconf 90' lang='lat' dir='ltr'><strong>sect.</strong></span> <span class='ocrx_word' id='word_1_559' title='bbox 1922 4954 1989 5008; x_wconf 88' lang='grc'><strong>10</strong></span> 
     </span>
    </p>
   </div>
   <div class='ocr_carea' id='block_1_81' title="bbox 410 5037 1988 5111">
    <p class='ocr_par' dir='ltr' id='par_1_81' title="bbox 410 5037 1988 5111">
     <span class='ocr_line' id='line_1_81' title="bbox 410 5037 1988 5111; baseline 0.006 -20"><span class='ocrx_word' id='word_1_560' title='bbox 410 5039 567 5108; x_wconf 70' lang='lat' dir='ltr'><strong>(quae</strong></span> <span class='ocrx_word' id='word_1_561' title='bbox 590 5038 859 5092; x_wconf 87' lang='lat' dir='ltr'><strong>correctio</strong></span> <span class='ocrx_word' id='word_1_562' title='bbox 880 5038 946 5092; x_wconf 89' lang='lat' dir='ltr'><strong>ad</strong></span> <span class='ocrx_word' id='word_1_563' title='bbox 979 5037 1140 5094; x_wconf 83' lang='lat' dir='ltr'><strong>ﬁnem</strong></span> <span class='ocrx_word' id='word_1_564' title='bbox 1172 5039 1382 5110; x_wconf 69' lang='lat' dir='ltr'><strong>paginae</strong></span> <span class='ocrx_word' id='word_1_565' title='bbox 1427 5040 1536 5111; x_wconf 89' lang='lat' dir='ltr'><strong>ibi)</strong></span> <span class='ocrx_word' id='word_1_566' title='bbox 1584 5041 1817 5099; x_wconf 89' lang='lat' dir='ltr'><strong>habetur</strong></span> <span class='ocrx_word' id='word_1_567' title='bbox 1854 5046 1988 5102; x_wconf 77' lang='grc' dir='ltr'><strong>ἐπεὶ</strong></span> 
     </span>
    </p>
   </div>
   <div class='ocr_carea' id='block_1_82' title="bbox 407 5127 1987 5209">
    <p class='ocr_par' dir='ltr' id='par_1_82' title="bbox 407 5127 1987 5209">
     <span class='ocr_line' id='line_1_82' title="bbox 407 5127 1987 5209; baseline 0.006 -26"><span class='ocrx_word' id='word_1_568' title='bbox 407 5127 476 5183; x_wconf 78' lang='grc' dir='ltr'><strong>δέ</strong></span> <span class='ocrx_word' id='word_1_569' title='bbox 507 5144 606 5199; x_wconf 90' lang='lat' dir='ltr'><strong>pro</strong></span> <span class='ocrx_word' id='word_1_570' title='bbox 637 5128 871 5195; x_wconf 75' lang='grc' dir='ltr'><strong>ἐπειδή,</strong></span> <span class='ocrx_word' id='word_1_571' title='bbox 898 5138 957 5184; x_wconf 91' lang='lat' dir='ltr'><strong>ut</strong></span> <span class='ocrx_word' id='word_1_572' title='bbox 983 5147 1049 5186; x_wconf 81' lang='lat' dir='ltr'><strong>ex</strong></span> <span class='ocrx_word' id='word_1_573' title='bbox 1079 5132 1294 5189; x_wconf 89' lang='lat' dir='ltr'><strong>schedis</strong></span> <span class='ocrx_word' id='word_1_574' title='bbox 1326 5133 1388 5188; x_wconf 83' lang='lat'><strong>1).</strong></span> <span class='ocrx_word' id='word_1_575' title='bbox 1427 5132 1696 5206; x_wconf 87' lang='lat' dir='ltr'><strong>Ledgardi</strong></span> <span class='ocrx_word' id='word_1_576' title='bbox 1724 5140 1938 5193; x_wconf 75' lang='lat' dir='ltr'><strong>correxi</strong></span> <span class='ocrx_word' id='word_1_577' title='bbox 1970 5158 1987 5209; x_wconf 88' lang='lat'><strong>;</strong></span> 
     </span>
    </p>
   </div>
   <div class='ocr_carea' id='block_1_83' title="bbox 407 5216 1983 5297">
    <p class='ocr_par' dir='ltr' id='par_1_83' title="bbox 407 5216 1983 5297">
     <span class='ocr_line' id='line_1_83' title="bbox 407 5216 1983 5297; baseline 0.008 -22"><span class='ocrx_word' id='word_1_578' title='bbox 407 5220 504 5275; x_wconf 83' lang='lat' dir='ltr'><strong>sed</strong></span> <span class='ocrx_word' id='word_1_579' title='bbox 532 5220 675 5274; x_wconf 89' lang='lat' dir='ltr'><strong>inter</strong></span> <span class='ocrx_word' id='word_1_580' title='bbox 710 5222 979 5277; x_wconf 87' lang='lat' dir='ltr'><strong>tumultus</strong></span> <span class='ocrx_word' id='word_1_581' title='bbox 1024 5224 1158 5292; x_wconf 87' lang='lat' dir='ltr'><strong>preli</strong></span> <span class='ocrx_word' id='word_1_582' title='bbox 1204 5225 1601 5297; x_wconf 60' lang='lat' dir='ltr'><strong>negligebatu&#39;r.</strong></span> <span class='ocrx_word' id='word_1_583' title='bbox 1640 5246 1660 5280; x_wconf 77' lang='grc' dir='ltr'><strong><em>ι</em></strong></span> <span class='ocrx_word' id='word_1_584' title='bbox 1709 5216 1983 5288; x_wconf 80' lang='lat' dir='ltr'><strong>Hactenus</strong></span> 
     </span>
    </p>
   </div>
   <div class='ocr_carea' id='block_1_84' title="bbox 407 5310 1984 5393">
    <p class='ocr_par' dir='ltr' id='par_1_84' title="bbox 407 5310 1984 5393">
     <span class='ocr_line' id='line_1_84' title="bbox 407 5310 1984 5393; baseline 0.009 -29"><span class='ocrx_word' id='word_1_585' title='bbox 407 5312 477 5365; x_wconf 90' lang='lat' dir='ltr'><strong>cl.</strong></span> <span class='ocrx_word' id='word_1_586' title='bbox 524 5310 807 5370; x_wconf 86' lang='lat' dir='ltr'><strong>Smithus:</strong></span> <span class='ocrx_word' id='word_1_587' title='bbox 842 5314 930 5369; x_wconf 91' lang='lat' dir='ltr'><strong>cui</strong></span> <span class='ocrx_word' id='word_1_588' title='bbox 958 5315 1183 5384; x_wconf 87' lang='lat' dir='ltr'><strong>quidem</strong></span> <span class='ocrx_word' id='word_1_589' title='bbox 1211 5318 1527 5373; x_wconf 89' lang='lat' dir='ltr'><strong>admonenti</strong></span> <span class='ocrx_word' id='word_1_590' title='bbox 1557 5336 1765 5377; x_wconf 89' lang='lat' dir='ltr'><strong>morem</strong></span> <span class='ocrx_word' id='word_1_591' title='bbox 1791 5338 1984 5393; x_wconf 90' lang='lat' dir='ltr'><strong>geren-</strong></span> 
     </span>
    </p>
   </div>
   <div class='ocr_carea' id='block_1_85' title="bbox 404 5404 1979 5483">
    <p class='ocr_par' dir='ltr' id='par_1_85' title="bbox 404 5404 1979 5483">
     <span class='ocr_line' id='line_1_85' title="bbox 404 5404 1979 5483; baseline 0.008 -27"><span class='ocrx_word' id='word_1_592' title='bbox 404 5413 508 5467; x_wconf 84' lang='lat' dir='ltr'><strong>tes,</strong></span> <span class='ocrx_word' id='word_1_593' title='bbox 540 5404 832 5475; x_wconf 89' lang='lat' dir='ltr'><strong>utrobique</strong></span> <span class='ocrx_word' id='word_1_594' title='bbox 879 5405 1139 5460; x_wconf 89' lang='lat' dir='ltr'><strong>mendum</strong></span> <span class='ocrx_word' id='word_1_595' title='bbox 1173 5408 1496 5464; x_wconf 90' lang='lat' dir='ltr'><strong>sustulimus</strong></span> <span class='ocrx_word' id='word_1_596' title='bbox 1520 5450 1536 5475; x_wconf 94' lang='lat'><strong>,</strong></span> <span class='ocrx_word' id='word_1_597' title='bbox 1568 5425 1634 5466; x_wconf 86' lang='lat' dir='ltr'><strong>ac</strong></span> <span class='ocrx_word' id='word_1_598' title='bbox 1687 5422 1979 5483; x_wconf 86' lang='lat' dir='ltr'><strong>negantem</strong></span> 
     </span>
    </p>
   </div>
   <div class='ocr_carea' id='block_1_86' title="bbox 408 5495 1978 5575">
    <p class='ocr_par' dir='ltr' id='par_1_86' title="bbox 408 5495 1978 5575">
     <span class='ocr_line' id='line_1_86' title="bbox 408 5495 1978 5575; baseline 0.009 -29"><span class='ocrx_word' id='word_1_599' title='bbox 408 5495 727 5563; x_wconf 59' lang='lat' dir='ltr'><strong>particulam</strong></span> <span class='ocrx_word' id='word_1_600' title='bbox 764 5497 838 5568; x_wconf 87' lang='grc' dir='ltr'><strong>μή</strong></span> <span class='ocrx_word' id='word_1_601' title='bbox 870 5497 1149 5553; x_wconf 89' lang='lat' dir='ltr'><strong>uncinulis</strong></span> <span class='ocrx_word' id='word_1_602' title='bbox 1193 5498 1731 5570; x_wconf 86' lang='lat' dir='ltr'><strong>circumscripsimus</strong></span> <span class='ocrx_word' id='word_1_603' title='bbox 1765 5521 1781 5557; x_wconf 91' lang='lat'><strong>:</strong></span> <span class='ocrx_word' id='word_1_604' title='bbox 1830 5506 1978 5575; x_wconf 90' lang='lat' dir='ltr'><strong>quod</strong></span> 
     </span>
    </p>
   </div>
   <div class='ocr_carea' id='block_1_87' title="bbox 405 5587 1973 5660">
    <p class='ocr_par' dir='ltr' id='par_1_87' title="bbox 405 5587 1973 5660">
     <span class='ocr_line' id='line_1_87' title="bbox 405 5587 1973 5660; baseline 0.006 -19"><span class='ocrx_word' id='word_1_605' title='bbox 405 5602 540 5641; x_wconf 74' lang='lat' dir='ltr'><strong>sane</strong></span> <span class='ocrx_word' id='word_1_606' title='bbox 586 5587 1015 5655; x_wconf 67' lang='lat' dir='ltr'><strong>prmcedentibus</strong></span> <span class='ocrx_word' id='word_1_607' title='bbox 1045 5587 1381 5645; x_wconf 88' lang='lat' dir='ltr'><strong>editionibus</strong></span> <span class='ocrx_word' id='word_1_608' title='bbox 1432 5606 1705 5660; x_wconf 90' lang='lat' dir='ltr'><strong>nusquam</strong></span> <span class='ocrx_word' id='word_1_609' title='bbox 1746 5594 1973 5651; x_wconf 86' lang='lat' dir='ltr'><strong>factum.</strong></span> 
     </span>
    </p>
   </div>
   <div class='ocr_carea' id='block_1_88' title="bbox 474 5679 1976 5752">
    <p class='ocr_par' dir='ltr' id='par_1_88' title="bbox 474 5679 1976 5752">
     <span class='ocr_line' id='line_1_88' title="bbox 474 5679 1976 5752; baseline 0.008 -20"><span class='ocrx_word' id='word_1_610' title='bbox 474 5679 593 5733; x_wconf 87' lang='lat' dir='ltr'><strong>lluc</strong></span> <span class='ocrx_word' id='word_1_611' title='bbox 622 5694 796 5749; x_wconf 68' lang='lat' dir='ltr'><strong>usque</strong></span> <span class='ocrx_word' id='word_1_612' title='bbox 821 5680 889 5735; x_wconf 92' lang='lat' dir='ltr'><strong>de</strong></span> <span class='ocrx_word' id='word_1_613' title='bbox 918 5695 1013 5735; x_wconf 83' lang='lat' dir='ltr'><strong>sex</strong></span> <span class='ocrx_word' id='word_1_614' title='bbox 1037 5680 1285 5752; x_wconf 85' lang='lat' dir='ltr'><strong>epistolis</strong></span> <span class='ocrx_word' id='word_1_615' title='bbox 1312 5697 1343 5737; x_wconf 92' lang='lat' dir='ltr'><strong>e</strong></span> <span class='ocrx_word' id='word_1_616' title='bbox 1374 5684 1562 5742; x_wconf 86' lang='lat' dir='ltr'><strong>codice</strong></span> <span class='ocrx_word' id='word_1_617' title='bbox 1601 5685 1843 5743; x_wconf 86' lang='lat' dir='ltr'><strong>Mediceo</strong></span> <span class='ocrx_word' id='word_1_618' title='bbox 1882 5688 1976 5744; x_wconf 86' lang='lat' dir='ltr'><strong>de-</strong></span> 
     </span>
    </p>
   </div>
   <div class='ocr_carea' id='block_1_89' title="bbox 478 5792 1727 5872">
    <p class='ocr_par' dir='ltr' id='par_1_89' title="bbox 478 5792 1727 5872">
     <span class='ocr_line' id='line_1_89' title="bbox 478 5792 1727 5872; baseline 0.004 -19"><span class='ocrx_word' id='word_1_619' title='bbox 478 5792 555 5863; x_wconf 83' lang='lat' dir='ltr'><strong>ll)</strong></span> <span class='ocrx_word' id='word_1_620' title='bbox 583 5794 823 5851; x_wconf 79' lang='lat' dir='ltr'><strong>Gronov.</strong></span> <span class='ocrx_word' id='word_1_621' title='bbox 851 5796 1080 5865; x_wconf 72' lang='lat' dir='ltr'><strong>Prw/at.</strong></span> <span class='ocrx_word' id='word_1_622' title='bbox 1119 5797 1186 5851; x_wconf 82' lang='lat' dir='ltr'><strong>ad</strong></span> <span class='ocrx_word' id='word_1_623' title='bbox 1216 5797 1495 5870; x_wconf 81' lang='lat' dir='ltr'><strong>Ilerodot.,</strong></span> <span class='ocrx_word' id='word_1_624' title='bbox 1526 5818 1646 5872; x_wconf 81' lang='lat' dir='ltr'><strong>pag.</strong></span> <span class='ocrx_word' id='word_1_625' title='bbox 1677 5803 1727 5859; x_wconf 88' lang='grc'><strong>1.</strong></span> 
     </span>
    </p>
   </div>
   <div class='ocr_carea' id='block_1_90' title="bbox 2102 3286 3685 3365">
    <p class='ocr_par' dir='ltr' id='par_1_90' title="bbox 2102 3286 3685 3365">
     <span class='ocr_line' id='line_1_90' title="bbox 2102 3286 3685 3365; baseline -0.008 -12"><span class='ocrx_word' id='word_1_626' title='bbox 2102 3297 2231 3355; x_wconf 90' lang='lat' dir='ltr'><strong>ctim</strong></span> <span class='ocrx_word' id='word_1_627' title='bbox 2256 3307 2309 3351; x_wconf 91' lang='lat' dir='ltr'><strong>et</strong></span> <span class='ocrx_word' id='word_1_628' title='bbox 2331 3293 2654 3365; x_wconf 85' lang='lat' dir='ltr'><strong>separatim,</strong></span> <span class='ocrx_word' id='word_1_629' title='bbox 2694 3308 2806 3347; x_wconf 92' lang='lat' dir='ltr'><strong>non</strong></span> <span class='ocrx_word' id='word_1_630' title='bbox 2856 3306 2953 3361; x_wconf 89' lang='lat' dir='ltr'><strong>per</strong></span> <span class='ocrx_word' id='word_1_631' title='bbox 2985 3288 3408 3361; x_wconf 83' lang='lat' dir='ltr'><strong>appositioncm,</strong></span> <span class='ocrx_word' id='word_1_632' title='bbox 3467 3294 3530 3341; x_wconf 91' lang='lat' dir='ltr'><strong>ut</strong></span> <span class='ocrx_word' id='word_1_633' title='bbox 3561 3286 3685 3357; x_wconf 82' lang='lat' dir='ltr'><strong>qui-</strong></span> 
     </span>
    </p>
   </div>
   <div class='ocr_carea' id='block_1_91' title="bbox 2102 3379 3688 3453">
    <p class='ocr_par' dir='ltr' id='par_1_91' title="bbox 2102 3379 3688 3453">
     <span class='ocr_line' id='line_1_91' title="bbox 2102 3379 3688 3453; baseline -0.008 -9"><span class='ocrx_word' id='word_1_634' title='bbox 2102 3390 2228 3444; x_wconf 89' lang='lat' dir='ltr'><strong>dam</strong></span> <span class='ocrx_word' id='word_1_635' title='bbox 2252 3388 2336 3443; x_wconf 89' lang='lat' dir='ltr'><strong>vir</strong></span> <span class='ocrx_word' id='word_1_636' title='bbox 2367 3388 2563 3442; x_wconf 89' lang='lat' dir='ltr'><strong>doctus</strong></span> <span class='ocrx_word' id='word_1_637' title='bbox 2592 3401 2660 3440; x_wconf 85' lang='lat' dir='ltr'><strong>ex</strong></span> <span class='ocrx_word' id='word_1_638' title='bbox 2682 3383 2907 3440; x_wconf 87' lang='lat' dir='ltr'><strong>fortuita</strong></span> <span class='ocrx_word' id='word_1_639' title='bbox 2943 3382 3108 3453; x_wconf 90' lang='lat' dir='ltr'><strong>hujus</strong></span> <span class='ocrx_word' id='word_1_640' title='bbox 3138 3380 3420 3450; x_wconf 73' lang='lat' dir='ltr'><strong>particula:</strong></span> <span class='ocrx_word' id='word_1_641' title='bbox 3446 3379 3688 3449; x_wconf 86' lang='lat' dir='ltr'><strong>conjun-</strong></span> 
     </span>
    </p>
   </div>
   <div class='ocr_carea' id='block_1_92' title="bbox 2101 3469 3692 3542">
    <p class='ocr_par' dir='ltr' id='par_1_92' title="bbox 2101 3469 3692 3542">
     <span class='ocr_line' id='line_1_92' title="bbox 2101 3469 3692 3542; baseline -0.007 -8"><span class='ocrx_word' id='word_1_642' title='bbox 2101 3480 2261 3535; x_wconf 73' lang='lat' dir='ltr'><strong>ctivm</strong></span> <span class='ocrx_word' id='word_1_643' title='bbox 2318 3478 2623 3533; x_wconf 82' lang='lat' dir='ltr'><strong>emissione</strong></span> <span class='ocrx_word' id='word_1_644' title='bbox 2686 3476 2742 3529; x_wconf 93' lang='lat' dir='ltr'><strong>in</strong></span> <span class='ocrx_word' id='word_1_645' title='bbox 2793 3474 3047 3529; x_wconf 85' lang='lat' dir='ltr'><strong>versione</strong></span> <span class='ocrx_word' id='word_1_646' title='bbox 3090 3470 3360 3527; x_wconf 81' lang='lat' dir='ltr'><strong>Vossiana</strong></span> <span class='ocrx_word' id='word_1_647' title='bbox 3412 3469 3692 3542; x_wconf 84' lang='lat' dir='ltr'><strong>(vetere)</strong></span> 
     </span>
    </p>
   </div>
   <div class='ocr_carea' id='block_1_93' title="bbox 2100 3561 3694 3639">
    <p class='ocr_par' dir='ltr' id='par_1_93' title="bbox 2100 3561 3694 3639">
     <span class='ocr_line' id='line_1_93' title="bbox 2100 3561 3694 3639; baseline -0.007 -14"><span class='ocrx_word' id='word_1_648' title='bbox 2100 3571 2513 3639; x_wconf 84' lang='lat' dir='ltr'><strong>interpretatur.</strong></span> <span class='ocrx_word' id='word_1_649' title='bbox 2549 3586 2570 3619; x_wconf 83' lang='grc'><strong>›</strong></span> <span class='ocrx_word' id='word_1_650' title='bbox 2600 3564 2873 3622; x_wconf 70' lang='lat' dir='ltr'><strong>llmeille:</strong></span> <span class='ocrx_word' id='word_1_651' title='bbox 2911 3573 2971 3619; x_wconf 92' lang='lat' dir='ltr'><strong>ut</strong></span> <span class='ocrx_word' id='word_1_652' title='bbox 2995 3562 3224 3634; x_wconf 89' lang='lat' dir='ltr'><strong>proinde</strong></span> <span class='ocrx_word' id='word_1_653' title='bbox 3261 3561 3538 3616; x_wconf 87' lang='lat' dir='ltr'><strong>immerito</strong></span> <span class='ocrx_word' id='word_1_654' title='bbox 3585 3576 3694 3615; x_wconf 78' lang='lat' dir='ltr'><strong>su-</strong></span> 
     </span>
    </p>
   </div>
   <div class='ocr_carea' id='block_1_94' title="bbox 2101 3653 3691 3730">
    <p class='ocr_par' dir='ltr' id='par_1_94' title="bbox 2101 3653 3691 3730">
     <span class='ocr_line' id='line_1_94' title="bbox 2101 3653 3691 3730; baseline -0.006 -14"><span class='ocrx_word' id='word_1_655' title='bbox 2101 3670 2368 3730; x_wconf 88' lang='lat' dir='ltr'><strong>spectam,</strong></span> <span class='ocrx_word' id='word_1_656' title='bbox 2397 3676 2506 3715; x_wconf 92' lang='lat' dir='ltr'><strong>non</strong></span> <span class='ocrx_word' id='word_1_657' title='bbox 2544 3658 2725 3714; x_wconf 91' lang='lat' dir='ltr'><strong>solum</strong></span> <span class='ocrx_word' id='word_1_658' title='bbox 2753 3672 2875 3713; x_wconf 87' lang='lat' dir='ltr'><strong>eam</strong></span> <span class='ocrx_word' id='word_1_659' title='bbox 2900 3655 3216 3720; x_wconf 86' lang='lat' dir='ltr'><strong>lectionem,</strong></span> <span class='ocrx_word' id='word_1_660' title='bbox 3266 3654 3362 3708; x_wconf 87' lang='lat' dir='ltr'><strong>sed</strong></span> <span class='ocrx_word' id='word_1_661' title='bbox 3408 3653 3691 3724; x_wconf 80' lang='lat' dir='ltr'><strong>integram</strong></span> 
     </span>
    </p>
   </div>
   <div class='ocr_carea' id='block_1_95' title="bbox 2099 3745 3683 3823">
    <p class='ocr_par' dir='ltr' id='par_1_95' title="bbox 2099 3745 3683 3823">
     <span class='ocr_line' id='line_1_95' title="bbox 2099 3745 3683 3823; baseline -0.005 -16"><span class='ocrx_word' id='word_1_662' title='bbox 2099 3766 2320 3823; x_wconf 88' lang='lat' dir='ltr'><strong>quoque</strong></span> <span class='ocrx_word' id='word_1_663' title='bbox 2345 3752 2520 3821; x_wconf 85' lang='lat' dir='ltr'><strong>ipsam</strong></span> <span class='ocrx_word' id='word_1_664' title='bbox 2562 3749 2926 3805; x_wconf 88' lang='lat' dir='ltr'><strong>Smithianam</strong></span> <span class='ocrx_word' id='word_1_665' title='bbox 2959 3747 3283 3815; x_wconf 87' lang='lat' dir='ltr'><strong>editionem,</strong></span> <span class='ocrx_word' id='word_1_666' title='bbox 3318 3745 3548 3803; x_wconf 82' lang='lat' dir='ltr'><strong>reddere</strong></span> <span class='ocrx_word' id='word_1_667' title='bbox 3580 3760 3683 3800; x_wconf 85' lang='lat' dir='ltr'><strong>vo-</strong></span> 
     </span>
    </p>
   </div>
   <div class='ocr_carea' id='block_1_96' title="bbox 2099 3841 2991 3898">
    <p class='ocr_par' dir='ltr' id='par_1_96' title="bbox 2099 3841 2991 3898">
     <span class='ocr_line' id='line_1_96' title="bbox 2099 3841 2991 3898; baseline -0.004 -1"><span class='ocrx_word' id='word_1_668' title='bbox 2099 3842 2271 3898; x_wconf 88' lang='lat' dir='ltr'><strong>luisse</strong></span> <span class='ocrx_word' id='word_1_669' title='bbox 2300 3845 2385 3896; x_wconf 89' lang='lat' dir='ltr'><strong>vir</strong></span> <span class='ocrx_word' id='word_1_670' title='bbox 2412 3841 2663 3897; x_wconf 88' lang='lat' dir='ltr'><strong>eruditus</strong></span> <span class='ocrx_word' id='word_1_671' title='bbox 2682 3847 2991 3896; x_wconf 89' lang='lat' dir='ltr'><strong>censeatur.</strong></span> 
     </span>
    </p>
   </div>
   <div class='ocr_carea' id='block_1_97' title="bbox 2729 4014 3055 4071">
    <p class='ocr_par' dir='ltr' id='par_1_97' title="bbox 2729 4014 3055 4071">
     <span class='ocr_line' id='line_1_97' title="bbox 2729 4014 3055 4071; baseline 0 0"><span class='ocrx_word' id='word_1_672' title='bbox 2729 4014 2958 4071; x_wconf 79' lang='lat' dir='ltr'><strong>CAPUT</strong></span> <span class='ocrx_word' id='word_1_673' title='bbox 2991 4015 3055 4071; x_wconf 90' lang='lat' dir='ltr'><strong>ll.</strong></span> 
     </span>
    </p>
   </div>
   <div class='ocr_carea' id='block_1_98' title="bbox 2020 4155 3685 4225">
    <p class='ocr_par' dir='ltr' id='par_1_98' title="bbox 2020 4155 3685 4225">
     <span class='ocr_line' id='line_1_98' title="bbox 2020 4155 3685 4225; baseline -0.004 -11"><span class='ocrx_word' id='word_1_674' title='bbox 2020 4194 2028 4203; x_wconf 86' lang='lat'><strong>-</strong></span> <span class='ocrx_word' id='word_1_675' title='bbox 2102 4158 2316 4214; x_wconf 70' lang='lat' dir='ltr'><strong>Thema:</strong></span> <span class='ocrx_word' id='word_1_676' title='bbox 2348 4157 2543 4214; x_wconf 81' lang='lat' dir='ltr'><strong>Smithi</strong></span> <span class='ocrx_word' id='word_1_677' title='bbox 2573 4156 2736 4209; x_wconf 83' lang='lat' dir='ltr'><strong>editio</strong></span> <span class='ocrx_word' id='word_1_678' title='bbox 2768 4155 2903 4225; x_wconf 79' lang='lat' dir='ltr'><strong>typis</strong></span> <span class='ocrx_word' id='word_1_679' title='bbox 2933 4155 3159 4218; x_wconf 83' lang='lat' dir='ltr'><strong>tradita,</strong></span> <span class='ocrx_word' id='word_1_680' title='bbox 3190 4156 3407 4210; x_wconf 78' lang='lat' dir='ltr'><strong>scholiis</strong></span> <span class='ocrx_word' id='word_1_681' title='bbox 3454 4155 3685 4209; x_wconf 78' lang='lat' dir='ltr'><strong>editoris</strong></span> 
     </span>
    </p>
   </div>
   <div class='ocr_carea' id='block_1_99' title="bbox 2166 4226 3681 4298">
    <p class='ocr_par' dir='ltr' id='par_1_99' title="bbox 2166 4226 3681 4298">
     <span class='ocr_line' id='line_1_99' title="bbox 2166 4226 3681 4298; baseline -0.003 -14"><span class='ocrx_word' id='word_1_682' title='bbox 2166 4230 2377 4284; x_wconf 77' lang='lat' dir='ltr'><strong>omissis</strong></span> <span class='ocrx_word' id='word_1_683' title='bbox 2395 4246 2416 4284; x_wconf 91' lang='lat'><strong><em>:</em></strong></span> <span class='ocrx_word' id='word_1_684' title='bbox 2451 4243 2672 4298; x_wconf 85' lang='lat' dir='ltr'><strong>quorum</strong></span> <span class='ocrx_word' id='word_1_685' title='bbox 2695 4227 2830 4289; x_wconf 88' lang='lat' dir='ltr'><strong>loco,</strong></span> <span class='ocrx_word' id='word_1_686' title='bbox 2865 4226 3141 4295; x_wconf 65' lang='lat' dir='ltr'><strong>praemissa</strong></span> <span class='ocrx_word' id='word_1_687' title='bbox 3167 4228 3401 4295; x_wconf 75' lang='lat' dir='ltr'><strong>primum</strong></span> <span class='ocrx_word' id='word_1_688' title='bbox 3426 4236 3681 4295; x_wconf 70' lang='lat' dir='ltr'><strong>excerpta</strong></span> 
     </span>
    </p>
   </div>
   <div class='ocr_carea' id='block_1_100' title="bbox 2166 4298 3686 4368">
    <p class='ocr_par' dir='ltr' id='par_1_100' title="bbox 2166 4298 3686 4368">
     <span class='ocr_line' id='line_1_100' title="bbox 2166 4298 3686 4368; baseline -0.004 -14"><span class='ocrx_word' id='word_1_689' title='bbox 2166 4310 2397 4354; x_wconf 80' lang='lat' dir='ltr'><strong>veterum</strong></span> <span class='ocrx_word' id='word_1_690' title='bbox 2426 4298 2653 4353; x_wconf 85' lang='lat' dir='ltr'><strong>Patrum</strong></span> <span class='ocrx_word' id='word_1_691' title='bbox 2673 4298 2901 4368; x_wconf 82' lang='lat' dir='ltr'><strong>integra,</strong></span> <span class='ocrx_word' id='word_1_692' title='bbox 2928 4311 2993 4349; x_wconf 74' lang='lat' dir='ltr'><strong>ea:</strong></span> <span class='ocrx_word' id='word_1_693' title='bbox 3017 4298 3253 4364; x_wconf 80' lang='lat' dir='ltr'><strong>epistolis</strong></span> <span class='ocrx_word' id='word_1_694' title='bbox 3290 4298 3531 4368; x_wconf 72' lang='lat' dir='ltr'><strong>genuinis</strong></span> <span class='ocrx_word' id='word_1_695' title='bbox 3584 4298 3686 4348; x_wconf 75' lang='lat' dir='ltr'><strong>dte-</strong></span> 
     </span>
    </p>
   </div>
   <div class='ocr_carea' id='block_1_101' title="bbox 2165 4366 3685 4440">
    <p class='ocr_par' dir='ltr' id='par_1_101' title="bbox 2165 4366 3685 4440">
     <span class='ocr_line' id='line_1_101' title="bbox 2165 4366 3685 4440; baseline -0.004 -16"><span class='ocrx_word' id='word_1_696' title='bbox 2165 4371 2412 4440; x_wconf 82' lang='lat' dir='ltr'><strong>scripta:</strong></span> <span class='ocrx_word' id='word_1_697' title='bbox 2465 4369 2701 4435; x_wconf 71' lang='lat' dir='ltr'><strong>subjecta</strong></span> <span class='ocrx_word' id='word_1_698' title='bbox 2746 4366 2932 4419; x_wconf 84' lang='lat' dir='ltr'><strong>deinde</strong></span> <span class='ocrx_word' id='word_1_699' title='bbox 2982 4366 3685 4440; x_wconf 34' lang='lat' dir='ltr'><strong>earuntdemjepistolarum</strong></span> 
     </span>
    </p>
   </div>
   <div class='ocr_carea' id='block_1_102' title="bbox 2168 4436 3681 4510">
    <p class='ocr_par' dir='ltr' id='par_1_102' title="bbox 2168 4436 3681 4510">
     <span class='ocr_line' id='line_1_102' title="bbox 2168 4436 3681 4510; baseline -0.003 -17"><span class='ocrx_word' id='word_1_700' title='bbox 2168 4436 2487 4510; x_wconf 72' lang='lat' dir='ltr'><strong>fragmenta,</strong></span> <span class='ocrx_word' id='word_1_701' title='bbox 2523 4446 2782 4510; x_wconf 72' lang='lat' dir='ltr'><strong>quotquot</strong></span> <span class='ocrx_word' id='word_1_702' title='bbox 2800 4447 3011 4510; x_wconf 59' lang='lat' dir='ltr'><strong>eastattt</strong></span> <span class='ocrx_word' id='word_1_703' title='bbox 3048 4438 3103 4489; x_wconf 81' lang='lat' dir='ltr'><strong>in</strong></span> <span class='ocrx_word' id='word_1_704' title='bbox 3133 4436 3420 4510; x_wconf 76' lang='lat' dir='ltr'><strong>Parallelis</strong></span> <span class='ocrx_word' id='word_1_705' title='bbox 3470 4437 3681 4490; x_wconf 83' lang='lat' dir='ltr'><strong>Dama-</strong></span> 
     </span>
    </p>
   </div>
   <div class='ocr_carea' id='block_1_103' title="bbox 2168 4505 3681 4578">
    <p class='ocr_par' dir='ltr' id='par_1_103' title="bbox 2168 4505 3681 4578">
     <span class='ocr_line' id='line_1_103' title="bbox 2168 4505 3681 4578; baseline -0.004 -13"><span class='ocrx_word' id='word_1_706' title='bbox 2168 4505 2389 4565; x_wconf 70' lang='lat' dir='ltr'><strong>scenicis</strong></span> <span class='ocrx_word' id='word_1_707' title='bbox 2432 4505 2888 4578; x_wconf 73' lang='lat' dir='ltr'><strong>Rupefucaldinis.</strong></span> <span class='ocrx_word' id='word_1_708' title='bbox 2942 4505 3149 4559; x_wconf 82' lang='lat' dir='ltr'><strong>Horum</strong></span> <span class='ocrx_word' id='word_1_709' title='bbox 3198 4508 3436 4578; x_wconf 71' lang='lat' dir='ltr'><strong>subsidio</strong></span> <span class='ocrx_word' id='word_1_710' title='bbox 3498 4516 3681 4560; x_wconf 70' lang='lat' dir='ltr'><strong>textus</strong></span> 
     </span>
    </p>
   </div>
   <div class='ocr_carea' id='block_1_104' title="bbox 2167 4576 3675 4648">
    <p class='ocr_par' dir='ltr' id='par_1_104' title="bbox 2167 4576 3675 4648">
     <span class='ocr_line' id='line_1_104' title="bbox 2167 4576 3675 4648; baseline -0.004 -13"><span class='ocrx_word' id='word_1_711' title='bbox 2167 4584 2406 4635; x_wconf 82' lang='lat' dir='ltr'><strong>sincerus</strong></span> <span class='ocrx_word' id='word_1_712' title='bbox 2424 4579 2503 4633; x_wconf 86' lang='lat' dir='ltr'><strong>vel</strong></span> <span class='ocrx_word' id='word_1_713' title='bbox 2524 4576 2791 4646; x_wconf 76' lang='lat' dir='ltr'><strong>ﬁrmatur,</strong></span> <span class='ocrx_word' id='word_1_714' title='bbox 2808 4576 2884 4631; x_wconf 82' lang='lat' dir='ltr'><strong>vel</strong></span> <span class='ocrx_word' id='word_1_715' title='bbox 2900 4578 3208 4647; x_wconf 77' lang='lat' dir='ltr'><strong>corrigitur,</strong></span> <span class='ocrx_word' id='word_1_716' title='bbox 3233 4577 3309 4632; x_wconf 83' lang='lat' dir='ltr'><strong>rel</strong></span> <span class='ocrx_word' id='word_1_717' title='bbox 3328 4578 3489 4631; x_wconf 85' lang='lat' dir='ltr'><strong>etiam</strong></span> <span class='ocrx_word' id='word_1_718' title='bbox 3507 4592 3675 4648; x_wconf 81' lang='lat' dir='ltr'><strong>quau-</strong></span> 
     </span>
    </p>
   </div>
   <div class='ocr_carea' id='block_1_105' title="bbox 2162 4652 2649 4721">
    <p class='ocr_par' dir='ltr' id='par_1_105' title="bbox 2162 4652 2649 4721">
     <span class='ocr_line' id='line_1_105' title="bbox 2162 4652 2649 4721; baseline -0.002 -17"><span class='ocrx_word' id='word_1_719' title='bbox 2162 4654 2329 4721; x_wconf 82' lang='lat' dir='ltr'><strong>doque</strong></span> <span class='ocrx_word' id='word_1_720' title='bbox 2356 4652 2649 4720; x_wconf 77' lang='lat' dir='ltr'><strong>suppletur.</strong></span> 
     </span>
    </p>
   </div>
   <div class='ocr_carea' id='block_1_106' title="bbox 2164 4762 3668 4835">
    <p class='ocr_par' dir='ltr' id='par_1_106' title="bbox 2164 4762 3668 4835">
     <span class='ocr_line' id='line_1_106' title="bbox 2164 4762 3668 4835; baseline 0.001 -17"><span class='ocrx_word' id='word_1_721' title='bbox 2164 4766 2302 4819; x_wconf 90' lang='lat' dir='ltr'><strong>Dum</strong></span> <span class='ocrx_word' id='word_1_722' title='bbox 2355 4778 2487 4819; x_wconf 87' lang='lat' dir='ltr'><strong>vero</strong></span> <span class='ocrx_word' id='word_1_723' title='bbox 2543 4763 2699 4833; x_wconf 80' lang='lat' dir='ltr'><strong>Angli</strong></span> <span class='ocrx_word' id='word_1_724' title='bbox 2734 4764 2899 4835; x_wconf 90' lang='lat' dir='ltr'><strong>hujus</strong></span> <span class='ocrx_word' id='word_1_725' title='bbox 2930 4762 3157 4819; x_wconf 89' lang='lat' dir='ltr'><strong>editoris</strong></span> <span class='ocrx_word' id='word_1_726' title='bbox 3180 4763 3490 4819; x_wconf 90' lang='lat' dir='ltr'><strong>institutum</strong></span> <span class='ocrx_word' id='word_1_727' title='bbox 3516 4763 3571 4818; x_wconf 91' lang='lat' dir='ltr'><strong>in</strong></span> <span class='ocrx_word' id='word_1_728' title='bbox 3605 4763 3668 4819; x_wconf 91' lang='lat' dir='ltr'><strong>S.</strong></span> 
     </span>
    </p>
   </div>
   <div class='ocr_carea' id='block_1_107' title="bbox 2091 4856 3671 4929">
    <p class='ocr_par' dir='ltr' id='par_1_107' title="bbox 2091 4856 3671 4929">
     <span class='ocr_line' id='line_1_107' title="bbox 2091 4856 3671 4929; baseline -0.001 -18"><span class='ocrx_word' id='word_1_729' title='bbox 2091 4857 2283 4929; x_wconf 80' lang='lat' dir='ltr'><strong>lgnatii</strong></span> <span class='ocrx_word' id='word_1_730' title='bbox 2319 4856 2568 4927; x_wconf 89' lang='lat' dir='ltr'><strong>epistolis</strong></span> <span class='ocrx_word' id='word_1_731' title='bbox 2600 4857 2832 4911; x_wconf 89' lang='lat' dir='ltr'><strong>sinceris</strong></span> <span class='ocrx_word' id='word_1_732' title='bbox 2874 4856 3098 4911; x_wconf 89' lang='lat' dir='ltr'><strong>edendis</strong></span> <span class='ocrx_word' id='word_1_733' title='bbox 3139 4872 3331 4912; x_wconf 90' lang='lat' dir='ltr'><strong>sumus</strong></span> <span class='ocrx_word' id='word_1_734' title='bbox 3370 4858 3671 4927; x_wconf 89' lang='lat' dir='ltr'><strong>persecuti,</strong></span> 
     </span>
    </p>
   </div>
   <div class='ocr_carea' id='block_1_108' title="bbox 2093 4947 3672 5020">
    <p class='ocr_par' dir='ltr' id='par_1_108' title="bbox 2093 4947 3672 5020">
     <span class='ocr_line' id='line_1_108' title="bbox 2093 4947 3672 5020; baseline 0 -17"><span class='ocrx_word' id='word_1_735' title='bbox 2093 4960 2337 5004; x_wconf 87' lang='lat' dir='ltr'><strong>nostrum</strong></span> <span class='ocrx_word' id='word_1_736' title='bbox 2368 4949 2498 5004; x_wconf 90' lang='lat' dir='ltr'><strong>item</strong></span> <span class='ocrx_word' id='word_1_737' title='bbox 2526 4947 2933 5020; x_wconf 90' lang='lat' dir='ltr'><strong>quodammodo</strong></span> <span class='ocrx_word' id='word_1_738' title='bbox 2948 4948 3324 5016; x_wconf 79' lang='lat' dir='ltr'><strong>exposuimus,</strong></span> <span class='ocrx_word' id='word_1_739' title='bbox 3352 4949 3519 5019; x_wconf 91' lang='lat' dir='ltr'><strong>utqui</strong></span> <span class='ocrx_word' id='word_1_740' title='bbox 3544 4948 3672 5019; x_wconf 86' lang='lat' dir='ltr'><strong>ejus</strong></span> 
     </span>
    </p>
   </div>
   <div class='ocr_carea' id='block_1_109' title="bbox 2091 5041 3664 5112">
    <p class='ocr_par' dir='ltr' id='par_1_109' title="bbox 2091 5041 3664 5112">
     <span class='ocr_line' id='line_1_109' title="bbox 2091 5041 3664 5112; baseline 0 -15"><span class='ocrx_word' id='word_1_741' title='bbox 2091 5042 2371 5112; x_wconf 78' lang='lat' dir='ltr'><strong>exemplar</strong></span> <span class='ocrx_word' id='word_1_742' title='bbox 2436 5057 2549 5112; x_wconf 73' lang='lat' dir='ltr'><strong>pra:</strong></span> <span class='ocrx_word' id='word_1_743' title='bbox 2623 5041 2837 5096; x_wconf 76' lang='lat' dir='ltr'><strong>caeteris</strong></span> <span class='ocrx_word' id='word_1_744' title='bbox 2891 5041 3274 5095; x_wconf 84' lang='lat' dir='ltr'><strong>excudendum</strong></span> <span class='ocrx_word' id='word_1_745' title='bbox 3345 5041 3664 5111; x_wconf 80' lang='lat' dir='ltr'><strong>selegimus.</strong></span> 
     </span>
    </p>
   </div>
   <div class='ocr_carea' id='block_1_110' title="bbox 2094 5131 3667 5204">
    <p class='ocr_par' dir='ltr' id='par_1_110' title="bbox 2094 5131 3667 5204">
     <span class='ocr_line' id='line_1_110' title="bbox 2094 5131 3667 5204; baseline 0.001 -15"><span class='ocrx_word' id='word_1_746' title='bbox 2094 5134 2313 5189; x_wconf 89' lang='lat' dir='ltr'><strong>Scholia</strong></span> <span class='ocrx_word' id='word_1_747' title='bbox 2350 5144 2532 5190; x_wconf 90' lang='lat' dir='ltr'><strong>tamen</strong></span> <span class='ocrx_word' id='word_1_748' title='bbox 2567 5148 2691 5189; x_wconf 91' lang='lat' dir='ltr'><strong>cum</strong></span> <span class='ocrx_word' id='word_1_749' title='bbox 2720 5133 2965 5204; x_wconf 85' lang='lat' dir='ltr'><strong>ejusdem</strong></span> <span class='ocrx_word' id='word_1_750' title='bbox 3013 5131 3211 5188; x_wconf 89' lang='lat' dir='ltr'><strong>Smithi</strong></span> <span class='ocrx_word' id='word_1_751' title='bbox 3237 5145 3350 5188; x_wconf 88' lang='lat' dir='ltr'><strong>tum</strong></span> <span class='ocrx_word' id='word_1_752' title='bbox 3379 5132 3667 5192; x_wconf 89' lang='lat' dir='ltr'><strong>Pearsonii</strong></span> 
     </span>
    </p>
   </div>
   <div class='ocr_carea' id='block_1_111' title="bbox 2089 5225 3663 5298">
    <p class='ocr_par' dir='ltr' id='par_1_111' title="bbox 2089 5225 3663 5298">
     <span class='ocr_line' id='line_1_111' title="bbox 2089 5225 3663 5298; baseline 0.001 -17"><span class='ocrx_word' id='word_1_753' title='bbox 2089 5227 2433 5298; x_wconf 88' lang='lat' dir='ltr'><strong>aliorumque</strong></span> <span class='ocrx_word' id='word_1_754' title='bbox 2479 5230 2724 5282; x_wconf 89' lang='lat' dir='ltr'><strong>virorum</strong></span> <span class='ocrx_word' id='word_1_755' title='bbox 2783 5225 3126 5281; x_wconf 88' lang='lat' dir='ltr'><strong>eruditorum</strong></span> <span class='ocrx_word' id='word_1_756' title='bbox 3178 5227 3663 5296; x_wconf 61' lang='lat' dir='ltr'><strong>praetermittenda,</strong></span> 
     </span>
    </p>
   </div>
   <div class='ocr_carea' id='block_1_112' title="bbox 2086 5317 3664 5388">
    <p class='ocr_par' dir='ltr' id='par_1_112' title="bbox 2086 5317 3664 5388">
     <span class='ocr_line' id='line_1_112' title="bbox 2086 5317 3664 5388; baseline 0 -13"><span class='ocrx_word' id='word_1_757' title='bbox 2086 5336 2154 5375; x_wconf 90' lang='lat' dir='ltr'><strong>ne</strong></span> <span class='ocrx_word' id='word_1_758' title='bbox 2182 5336 2322 5388; x_wconf 92' lang='lat' dir='ltr'><strong>opus</strong></span> <span class='ocrx_word' id='word_1_759' title='bbox 2360 5320 2523 5376; x_wconf 90' lang='lat' dir='ltr'><strong>nimis</strong></span> <span class='ocrx_word' id='word_1_760' title='bbox 2556 5327 2899 5375; x_wconf 84' lang='lat' dir='ltr'><strong>excresceret</strong></span> <span class='ocrx_word' id='word_1_761' title='bbox 2920 5359 2935 5384; x_wconf 95' lang='lat'><strong>,</strong></span> <span class='ocrx_word' id='word_1_762' title='bbox 2967 5317 3423 5375; x_wconf 82' lang='lat' dir='ltr'><strong>existimavimus.</strong></span> <span class='ocrx_word' id='word_1_763' title='bbox 3474 5318 3664 5387; x_wconf 85' lang='lat' dir='ltr'><strong>Quan-</strong></span> 
     </span>
    </p>
   </div>
   <div class='ocr_carea' id='block_1_113' title="bbox 2085 5410 3662 5484">
    <p class='ocr_par' dir='ltr' id='par_1_113' title="bbox 2085 5410 3662 5484">
     <span class='ocr_line' id='line_1_113' title="bbox 2085 5410 3662 5484; baseline 0.003 -20"><span class='ocrx_word' id='word_1_764' title='bbox 2085 5428 2250 5481; x_wconf 90' lang='lat' dir='ltr'><strong>quam</strong></span> <span class='ocrx_word' id='word_1_765' title='bbox 2288 5410 2522 5467; x_wconf 82' lang='lat' dir='ltr'><strong>fortasse</strong></span> <span class='ocrx_word' id='word_1_766' title='bbox 2551 5411 2869 5481; x_wconf 85' lang='lat' dir='ltr'><strong>bujusmodi</strong></span> <span class='ocrx_word' id='word_1_767' title='bbox 2908 5410 3201 5467; x_wconf 91' lang='lat' dir='ltr'><strong>consilium</strong></span> <span class='ocrx_word' id='word_1_768' title='bbox 3255 5413 3484 5468; x_wconf 88' lang='lat' dir='ltr'><strong>moleste</strong></span> <span class='ocrx_word' id='word_1_769' title='bbox 3531 5414 3662 5484; x_wconf 89' lang='lat' dir='ltr'><strong>quis</strong></span> 
     </span>
    </p>
   </div>
   <div class='ocr_carea' id='block_1_114' title="bbox 2084 5504 3662 5575">
    <p class='ocr_par' dir='ltr' id='par_1_114' title="bbox 2084 5504 3662 5575">
     <span class='ocr_line' id='line_1_114' title="bbox 2084 5504 3662 5575; baseline 0.004 -18"><span class='ocrx_word' id='word_1_770' title='bbox 2084 5504 2244 5570; x_wconf 87' lang='lat' dir='ltr'><strong>ferat,</strong></span> <span class='ocrx_word' id='word_1_771' title='bbox 2270 5520 2394 5559; x_wconf 89' lang='lat' dir='ltr'><strong>cum</strong></span> <span class='ocrx_word' id='word_1_772' title='bbox 2429 5508 2733 5575; x_wconf 73' lang='lat' dir='ltr'><strong>praesertim</strong></span> <span class='ocrx_word' id='word_1_773' title='bbox 2764 5514 2943 5562; x_wconf 81' lang='lat' dir='ltr'><strong>textus</strong></span> <span class='ocrx_word' id='word_1_774' title='bbox 2970 5507 3171 5563; x_wconf 89' lang='lat' dir='ltr'><strong>alicubi</strong></span> <span class='ocrx_word' id='word_1_775' title='bbox 3193 5506 3407 5561; x_wconf 89' lang='lat' dir='ltr'><strong>mendis</strong></span> <span class='ocrx_word' id='word_1_776' title='bbox 3443 5506 3662 5564; x_wconf 88' lang='lat' dir='ltr'><strong>obsitus</strong></span> 
     </span>
    </p>
   </div>
   <div class='ocr_carea' id='block_1_115' title="bbox 2083 5599 3661 5669">
    <p class='ocr_par' dir='ltr' id='par_1_115' title="bbox 2083 5599 3661 5669">
     <span class='ocr_line' id='line_1_115' title="bbox 2083 5599 3661 5669; baseline 0.004 -17"><span class='ocrx_word' id='word_1_777' title='bbox 2083 5607 2359 5661; x_wconf 86' lang='lat' dir='ltr'><strong>occurrat,</strong></span> <span class='ocrx_word' id='word_1_778' title='bbox 2392 5615 2556 5669; x_wconf 89' lang='lat' dir='ltr'><strong>quem</strong></span> <span class='ocrx_word' id='word_1_779' title='bbox 2590 5599 2833 5668; x_wconf 79' lang='lat' dir='ltr'><strong>proiecto</strong></span> <span class='ocrx_word' id='word_1_780' title='bbox 2865 5602 3056 5656; x_wconf 89' lang='lat' dir='ltr'><strong>saltem</strong></span> <span class='ocrx_word' id='word_1_781' title='bbox 3100 5602 3155 5656; x_wconf 92' lang='lat' dir='ltr'><strong>in</strong></span> <span class='ocrx_word' id='word_1_782' title='bbox 3191 5601 3340 5656; x_wconf 90' lang='lat' dir='ltr'><strong>notis</strong></span> <span class='ocrx_word' id='word_1_783' title='bbox 3374 5603 3661 5658; x_wconf 79' lang='lat' dir='ltr'><strong>emacula-</strong></span> 
     </span>
    </p>
   </div>
   <div class='ocr_carea' id='block_1_116' title="bbox 2082 5691 3662 5765">
    <p class='ocr_par' dir='ltr' id='par_1_116' title="bbox 2082 5691 3662 5765">
     <span class='ocr_line' id='line_1_116' title="bbox 2082 5691 3662 5765; baseline 0.006 -23"><span class='ocrx_word' id='word_1_784' title='bbox 2082 5698 2197 5743; x_wconf 90' lang='lat' dir='ltr'><strong>tum</strong></span> <span class='ocrx_word' id='word_1_785' title='bbox 2234 5702 2493 5760; x_wconf 70' lang='lat' dir='ltr'><strong>prmstarc</strong></span> <span class='ocrx_word' id='word_1_786' title='bbox 2518 5693 2823 5763; x_wconf 84' lang='lat' dir='ltr'><strong>oportebat.</strong></span> <span class='ocrx_word' id='word_1_787' title='bbox 2849 5691 2990 5760; x_wconf 85' lang='lat' dir='ltr'><strong>Quid</strong></span> <span class='ocrx_word' id='word_1_788' title='bbox 3033 5694 3264 5765; x_wconf 82' lang='lat' dir='ltr'><strong>loquar?</strong></span> <span class='ocrx_word' id='word_1_789' title='bbox 3322 5692 3403 5749; x_wconf 86' lang='lat' dir='ltr'><strong>Eo</strong></span> <span class='ocrx_word' id='word_1_790' title='bbox 3434 5694 3662 5765; x_wconf 82' lang='lat' dir='ltr'><strong>quidem</strong></span> 
     </span>
    </p>
   </div>
  </div>
