3852 6206
132 319 222 375 569
1149 317 1455 374 ANDREAE
1493 317 1866 376 GALLANDI!
1904 271 2266 375 PROCEMIA.

3259 321 3364 377 570

133 459 335 503 munere
363 457 463 514 pro
494 441 708 499 viribus
735 441 1010 512 perfuncti
1035 442 1316 499 fueramus
1339 444 1394 498 in
1417 443 1678 500 observa-
1706 447 1753 504 Α
1781 440 2009 512 proinde
2039 455 2101 497 ea
2127 440 2342 496 ratione
2380 439 2632 496 emollire
2673 439 2946 496 studebat.
2987 437 3054 496 Et
3084 441 3209 511 iure
3243 442 3366 511 qui-

134 535 353 592 tionibus
399 533 783 602 subiiciendis,
838 534 1032 591 eadem
1073 533 1249 590 ferme
1297 533 1512 590 ratione
1545 547 1683 588 con-

139 627 301 694 textis,
338 640 445 696 qua
499 625 591 680 usi
624 640 817 681 sumus
858 623 929 680 ad
985 624 1354 680 Clementinas
1395 623 1681 694 epistolas:

133 719 330 788 jamque
355 716 772 772 observationes
812 717 951 782 istae,
995 716 1525 786 cuiusmodicunque
1563 713 1686 769 fue-

137 807 249 872 rint,
272 806 322 860 in
350 813 610 877 promptu
633 815 824 872 erant;
850 821 1041 862 verum
1065 805 1187 862 illas
1217 807 1493 870 novimus,
1526 804 1688 860 nobis

135 899 274 966 plane
304 897 485 952 invitis
505 938 522 963 ,
582 898 774 952 nescio
807 913 918 968 quo
950 913 1084 953 casu
1119 899 1378 964 omissas,
1406 897 1537 952 dum
1570 895 1688 966 epi-

136 990 265 1044 stolze
291 988 581 1059 lgnatianae
614 990 766 1060 prelo
801 990 1306 1046 committebantur.
1341 989 1412 1044 At
1444 988 1687 1044 huicin-

136 1082 426 1147 rommodo,
464 1091 739 1152 quantum
784 1082 838 1136 in
874 1081 1034 1137 nobis
1066 1080 1197 1149 fuit,
1229 1081 1542 1138 consultum
1585 1094 1685 1133 vo-

137 1174 332 1238 luimus,
369 1188 469 1228 nec
502 1174 704 1229 leviter
737 1173 1039 1239 enimvero,
1077 1182 1139 1228 ut
1183 1173 1401 1243 quidem
1453 1171 1683 1226 arbitra-

137 1283 256 1320 mur.
286 1266 528 1320 Primum
565 1266 840 1336 siquidem
876 1266 1019 1320 inter
1068 1274 1313 1321 veterum
1349 1264 1685 1332 testimonia,

138 1359 321 1430 integra
342 1359 430 1413 illa
460 1357 864 1428 descripsimus
880 1373 948 1414 ex
976 1359 1204 1426 lrenmo,
1232 1357 1490 1425 Eusebio,
1508 1357 1688 1414 Theo-

137 1451 291 1506 dorito
322 1449 555 1520 aliisque
592 1449 828 1506 vetustis
861 1449 1205 1514 auctoribus,
1246 1449 1302 1503 in
1339 1450 1539 1520 quibus
1588 1449 1689 1502 ali-

138 1544 240 1611 quis
291 1551 468 1596 textus
523 1540 798 1612 lgnatiani
857 1542 1014 1598 locus
1062 1549 1282 1597 exstare
1315 1542 1682 1612 comperitur:

137 1648 228 1702 quo
269 1633 519 1686 nimirum
556 1634 735 1689 lector
766 1647 836 1688 ex
886 1632 1085 1688 Smitlti
1134 1633 1338 1688 notulis
1371 1634 1685 1690 admonitus

136 1723 396 1794 confugere
421 1724 626 1793 possit,
661 1723 752 1778 ubi
792 1724 999 1779 haerere
1028 1724 1332 1794 contingat.

193 1813 256 1869 Ut
299 1824 474 1870 autem
514 1815 687 1885 hujus
715 1815 947 1870 subsidii
989 1815 1222 1886 pretium
1280 1816 1688 1886 quodammodo

137 1913 336 1970 constet,
381 1921 554 1960 unum
595 1906 684 1960 vel
717 1906 950 1960 alterum
979 1905 1289 1976 exemplum
1344 1906 1397 1960 in
1445 1908 1686 1962 medium

138 1995 468 2066 proferamus.
500 1995 560 2051 In
593 1997 829 2066 epistola
866 1997 906 2063 Ι,
943 1995 1242 2069 Smyrnaeis
1288 1997 1584 2067 inscripta,
1607 1998 1689 2054 sic

138 2087 334 2156 legimus
357 2087 458 2158 (2):
501 2087 1172 2158 Πεπληροςρορημένους
1204 2090 1290 2154 εὶς
1324 2088 1430 2141 τὸν
1470 2091 1690 2156 Κύριον

137 2174 294 2246 ἡμῶν,
323 2175 560 2246 ἀληθῶς
595 2176 745 2230 ὄντα
769 2217 782 2230 .
805 2215 820 2230 .
840 2215 856 2231 .
931 2176 1069 2230 Υὶόν
1101 2175 1248 2230 Θεοῦ
1282 2176 1432 2230 κατὰ
1462 2177 1691 2245 θέλημα

136 2271 215 2324 καὶ
243 2269 486 2340 δύναμιν
525 2269 702 2324 Θεοῦ.
745 2268 844 2324 Ubi
868 2267 1186 2323 Theodorit.
1244 2268 1392 2322 Dial.
1443 2269 1691 2322 texcitat

138 2360 312 2432 Anglus
331 2361 526 2416 editor.
557 2359 618 2416 Si
657 2375 786 2415 vero
816 2369 1059 2414 veterum
1095 2359 1409 2414 testimonia
1443 2360 1691 2430 epistolis

137 2451 392 2521 lguatianis
429 2454 722 2522 praemissa
739 2452 1029 2507 consulere
1049 2452 1208 2518 velis,
1242 2458 1440 2520 praesto
1468 2451 1560 2506 tibi
1585 2451 1691 2504 erit

139 2543 270 2600 lectio
291 2546 512 2609 codicis,
573 2562 688 2616 quo
721 2555 849 2600 ante
902 2545 1052 2598 mille
1102 2555 1157 2600 et
1193 2553 1468 2599 trecentos
1512 2559 1687 2602 annos

138 2649 248 2689 usus
275 2644 355 2690 est
382 2634 774 2691 Theodoritus.
809 2633 901 2690 Sic
935 2644 1119 2689 autem
1150 2650 1210 2691 se
1225 2635 1416 2690 habet:
1449 2638 1692 2702 Πεπληο-

135 2729 543 2797 ρορορημένους
576 2726 818 2797 ἀληθῶς
845 2729 930 2793 εὶς
951 2726 1059 2780 τὸν
1089 2727 1308 2794 Κύριον
1335 2725 1522 2795 ἡμῶν,
1548 2726 1694 2780 ὄντα

240 2821 366 2874 Υὶὸν
423 2821 575 2876 Θεοῦ
607 2821 761 2874 κατὰ
800 2821 1049 2889 θεότητα
1081 2819 1189 2874 παὶ
1220 2820 1498 2890 δύναμιν,
1552 2817 1693 2874 Hinc

141 2910 308 2977 disces,
351 2913 634 2982 quomodo
682 2911 877 2983 legerit
909 2911 1000 2965 hic
1033 2910 1162 2982 Cyri
1217 2911 1537 2981 episcopus;
1596 2911 1691 2979 qui

144 3005 431 3073 trausposita
460 3019 599 3059 voce
634 3002 892 3072 ἀληθῶς,
917 3011 972 3058 et
993 3003 1196 3058 omissa
1213 3011 1493 3073 postrema
1517 3001 1688 3068 Θεοῦ,

143 3109 221 3161 pro
249 3095 384 3150 κατὰ
415 3095 652 3165 θέλημα
672 3112 773 3149 ms.
797 3093 1043 3161 Medicei,
1071 3095 1221 3147 κατὰ
1252 3094 1502 3160 θεότητα
1537 3092 1685 3162 legit.

144 3184 287 3244 Probe
334 3199 513 3258 autem
553 3187 796 3242 notanda
860 3187 1014 3241 varia
1062 3185 1376 3255 huiusmodi
1422 3184 1618 3248 lectio;
1657 3200 1688 3238 a

145 3292 230 3344 qua
257 3293 371 3334 cum
399 3293 644 3336 veterem
670 3279 1022 3347 interpretem
1047 3317 1063 3342 ,
1111 3285 1230 3331 tum
1286 3276 1531 3332 codicem
1563 3274 1690 3330 Flo-

148 3370 382 3426 rentinum
407 3371 683 3428 dissidere
715 3370 908 3440 liquet.
933 3368 1066 3423 Eam
1102 3369 1461 3424 nihilominus
1497 3376 1684 3422 tuetur

149 3458 499 3534 Wesselingius
525 3464 608 3536 (5)
654 3462 720 3519 ν.
759 3463 822 3518 C.
860 3473 1141 3534 permotus
1188 3461 1489 3532 exemplari
1545 3461 1691 3515 anti-

150 3553 376 3620 quissirno
389 3555 536 3626 quod
570 3554 943 3616 Theodoritus
974 3569 1086 3624 prae
1118 3553 1292 3608 oculis
1345 3553 1575 3616 habuit,
1607 3553 1690 3622 ip-

150 3646 338 3715 siusque
368 3648 419 3701 in
453 3648 652 3718 primis
686 3647 881 3719 lgnatii
922 3645 1214 3713 sententia,
1245 3645 1390 3700 unde
1413 3644 1550 3699 nihil
1583 3644 1690 3700 hoc

152 3736 263 3792 abit:
295 3740 483 3810 quibus
517 3740 768 3805 accedit,
804 3739 1036 3808 exprimi
1072 3737 1208 3794 satis
1237 3745 1493 3791 accurate
1538 3735 1689 3790 hisce

157 3829 335 3900 verbis,
367 3833 510 3902 quod
542 3832 752 3887 Paulus
783 3831 852 3886 ad
887 3829 1166 3885 Romanos
1219 3827 1541 3899 perscripsit
1586 3826 1687 3898 (4).

155 3919 365 3978 Attamen
392 3922 644 3980 Smithus
668 3939 700 3978 a
734 3939 838 3978 ms.
859 3921 1160 3977 Florentini
1185 3921 1418 3976 lectione
1441 3927 1550 3976 stat
1566 3935 1694 3975 cono

155 4018 301 4075 stans;
340 4013 609 4084 simulque
669 4013 945 4069 existimat
1006 4011 1228 4083 genium
1288 4027 1451 4067 suum
1508 4010 1694 4081 potius

157 4118 288 4169 quam
317 4107 553 4163 codicem
581 4107 758 4163 fuisse
787 4107 1182 4162 Theodoritum
1217 4113 1492 4169 secutum,
1528 4105 1692 4176 quasi

158 4195 348 4252 nimium
397 4199 566 4256 cruda
601 4197 682 4254 illi
733 4197 1012 4254 videretur
1045 4198 1218 4254 altera
1273 4197 1477 4265 lectio,
1528 4211 1695 4266 quam

1378 4366 1640 4407 EPISTOLA
1683 4366 1754 4406 ΑΙ)

554 4471 709 4526 Edit.
740 4486 806 4527 ea:
834 4472 951 4527 cod.
979 4470 1236 4526 Mediceo.

215 4578 324 4652 Cap.
356 4584 441 4639 lX.
492 4585 790 4657 ’Δνανῆψαι
815 4626 827 4638 .
860 4625 874 4637 .
907 4625 922 4638 .
957 4585 1171 4656 ἔχομεν.

212 4674 321 4745 Cap.
348 4679 432 4731 XI.
449 4679 705 4732 Θέλουσιν
731 4678 841 4750 γὰρ
867 4680 1000 4750 ἡμῖν
1026 4676 1374 4750 εὐπράσσειν,
1396 4676 1530 4742 Θεὸς
1553 4675 1692 4730 ἕτοι-

166 4780 240 4832 μος
269 4769 339 4832 εἰς
361 4769 420 4822 τὸ
439 4773 762 4842 παρασχεῖν.

1786 534 1908 590 dem
1945 550 1961 587 :
2008 532 2201 606 Ignatii
2241 532 2388 589 enim
2413 574 2429 601 ,
2464 530 2688 600 Justini,
2724 531 2941 588 Tatiani
2966 573 2984 601 ,
3033 531 3362 589 Tertulliani

1786 625 2130 695 aliorumque
2159 625 2659 680 vetustissimorum
2694 623 2919 680 Patrum
2963 627 3234 682 sententia
3293 627 3364 684 de

1785 716 1926 772 Filio
1954 717 2047 772 Dei
2089 718 2270 789 genito
2305 717 2457 772 κατὰ
2488 715 2719 787 θέλημα
2751 718 2920 782 Θεοῦ,
2982 733 3049 774 eo
3079 734 3243 774 sensu
3278 727 3362 775 est

1785 809 2120 879 accipienda,
2149 825 2260 878 quo
2281 809 2429 863 illam
2465 816 2688 864 strenue
2712 807 3235 879 defenditdocteque
3265 825 3363 864 ex-

1785 905 1951 977 plicat
1969 905 2052 959 vir
2076 904 2349 960 maximus
2371 902 2614 959 Iacobus
2633 903 2912 972 Benignus
2936 902 3234 958 Bossuetus
3255 904 3356 975 (5).

1863 996 2156 1066 Pergamus
2175 1010 2360 1066 porro.
2387 996 2442 1049 ln
2467 995 2654 1049 eadem
2674 994 2742 1049 ad
2775 993 3088 1065 Smyrnams
3103 993 3358 1064 epistola,

1787 1085 1903 1140 haec
1924 1085 2082 1140 verba
2119 1094 2414 1140 occurrunt
2434 1082 2540 1155 (6):
2566 1084 2950 1152 εὐχαριστίας
2972 1084 3070 1138 καὶ
3101 1101 3360 1153 προσευ-

1787 1175 1903 1245 κῆς
1935 1175 2277 1245 ἀπέχονται.
2304 1172 2409 1240 Qui
2437 1175 2657 1244 quidem
2706 1175 2862 1230 locus
2893 1175 2973 1230 sic
3005 1175 3148 1246 apud
3175 1173 3359 1232 Theo-

1786 1267 2021 1322 doritum
2053 1265 2276 1320 elIertur
2317 1264 2430 1334 (7):
2463 1265 2848 1333 εὐχαριστίας
2878 1266 2975 1319 καὶ
3011 1268 3362 1335 προσφορὰς

1786 1361 1899 1415 οὐκ
1929 1356 2344 1426 ἀποδέχονται.
2374 1357 2444 1410 At
2463 1357 2668 1412 codicis
2702 1356 2924 1412 Medicei
2959 1358 3178 1413 lectioni
3218 1358 3365 1413 favet

1786 1458 1942 1504 vetus
1967 1449 2234 1518 interpres
2276 1447 2638 1514 Usserianus;
2668 1464 2790 1518 qua:
2831 1449 3059 1516 proinde
3107 1466 3220 1520 prae
3272 1451 3366 1504 illa

1785 1538 2107 1594 Thcodoriti
2171 1538 2454 1594 retinenda
2509 1540 2746 1596 videtur.
2794 1538 2935 1597 Huic
2989 1551 3174 1596 autem
3241 1543 3365 1596 loco

1787 1647 1959 1686 unum
1990 1631 2169 1684 adhuc
2193 1630 2464 1700 insignem
2489 1631 2776 1696 addamus,
2802 1647 2965 1701 quem
3017 1632 3222 1702 praebet
3249 1632 3367 1700 epi—

1787 1724 1926 1780 stola
1946 1723 2014 1777 ad
2041 1720 2326 1792 Ephesios.
2345 1720 2548 1792 Estque
2575 1723 2888 1793 huiusmodi
2910 1723 2986 1793 (8)
3007 1739 3018 1774 :
3039 1719 3144 1790 Εἷς
3170 1724 3368 1791 ἱατρός

1717 1801 1762 1856 Β
1789 1814 1958 1867 ἐστιν
1983 1852 1998 1868 .
2029 1852 2045 1868 .
2076 1851 2092 1867 .
2117 1811 2188 1865 ἐν
2205 1813 2384 1880 σαρκὶ
2418 1813 2740 1883 γενόμενος
2763 1813 2938 1879 Θεὸς,
2981 1813 3050 1866 ἐν
3093 1813 3364 1875 ἀθανάτῳ

1791 1902 1905 1974 ζωῇ
1927 1902 2220 1973 ἀληθινῇε
2251 1919 2373 1974 qua:
2395 1919 2528 1958 sane
2559 1913 2832 1974 postrema
2866 1905 2940 1958 ita
2965 1920 3184 1975 quoque
3219 1906 3368 1976 lege-

1791 1996 1882 2052 bat
1910 1996 1966 2050 in
2006 2011 2108 2052 suo
2132 1996 2428 2066 exemplari
2459 2005 2612 2051 vetus
2645 1996 2951 2066 interpres:
2992 1997 3155 2051 vertit
3197 1995 3365 2060 enim,

1787 2105 1845 2142 in
1873 2086 2164 2141 immortali
2185 2088 2295 2141 vita
2324 2103 2468 2142 vera.
2501 2085 2606 2142 Sed
2638 2097 2926 2142 contextus
2954 2097 3251 2158 repugnat;
3285 2102 3372 2141 reo

1789 2179 2247 2251 scribendumque
2267 2181 2605 2246 omnino,ér
2644 2179 2876 2245 θανάτῳ
2931 2179 3043 2249 ζωὴ
3089 2180 3368 2248 ἀληθινή,

1789 2272 1845 2324 in
1879 2278 2046 2324 morte
2077 2271 2186 2323 vita
2208 2286 2360 2325 vera:
2390 2270 2666 2339 quomodo
2694 2271 2746 2324 in
2773 2271 2888 2326 suis
2920 2270 3200 2326 codicibus
3227 2270 3346 2340 lege

1788 2363 1912 2416 bant
1941 2361 2147 2416 vetusti
2173 2359 2385 2427 Patres,
2420 2361 2780 2425 Athanasius,
2813 2361 3180 2419 Theodoritus
3205 2372 3372 2434 atque

1790 2454 2063 2518 Gelasius,
2085 2463 2143 2508 ut
2171 2470 2237 2509 ex
2268 2454 2446 2508 allatis
2472 2453 2613 2508 infra
2640 2469 2829 2508 eorum
2864 2454 3000 2510 locis
3026 2464 3369 2526 compertum

1791 2547 1868 2601 fit.
1905 2545 1975 2600 At
2008 2548 2123 2601 haec
2161 2546 2296 2602 satis
2327 2555 2523 2612 sunto;
2557 2562 2623 2601 ex
2650 2547 2852 2616 quibus
2876 2549 3178 2617 perspicias
3194 2564 3371 2619 quan-

1793 2646 1908 2690 tum
1935 2636 2064 2691 hinc
2090 2635 2320 2690 subsidii
2347 2635 2571 2690 accedat
2594 2637 2762 2690 textui
2795 2639 3178 2703 emaculando,
3207 2640 3256 2695 si
3282 2641 3370 2696 cui

1790 2730 1858 2785 de
1881 2729 2031 2783 illius
2059 2729 2371 2800 integritate
2397 2728 2640 2798 suspicio
2671 2730 2851 2799 aliqua
2873 2730 3000 2800 jure
3028 2733 3367 2788 suboriatur.

1863 2817 2066 2874 Verum
2119 2819 2175 2873 in
2223 2819 2366 2873 idem
2397 2819 2688 2873 consilium
2733 2821 2963 2877 ulterius
3013 2824 3194 2878 adhuc
3245 2841 3370 2895 pro-

1791 2926 1979 2981 gressa
2003 2920 2084 2966 est
2112 2926 2244 2966 cura
2288 2921 2498 2966 nostra.
2549 2909 2856 2982 Nimirum,
2895 2913 3215 2986 fragmentis
3263 2917 3372 2974 illis

1790 3017 1914 3071 quae
1937 3003 2131 3072 lgnatii
2167 3003 2428 3072 epistolas
2457 3003 2895 3073 subsequuntur,
2938 3017 3192 3077 excerpta
3228 3025 3375 3079 quae-

1793 3095 1916 3148 datn
1944 3094 2281 3164 subiecimus
2315 3111 2382 3150 ex
2415 3105 2637 3150 auctore
2679 3095 3074 3152 Parallelorum
3124 3098 3372 3170 Rupefu-

1793 3185 2159 3253 caldinorum,
2187 3203 2351 3256 quem
2385 3188 2456 3242 cl.
2483 3187 2816 3259 Lequienius
2864 3191 3060 3244 merito
3096 3193 3374 3247 existimat

1795 3277 2009 3349 integro
2045 3279 2247 3333 smculo
2267 3277 2607 3336 Damasceno
2629 3281 3018 3350 antiquiorem.
3049 3281 3174 3338 Haec
3190 3293 3373 3338 autem

1792 3379 2049 3441 excerpta
2072 3386 2234 3426 nemo
2261 3387 2393 3427 sane
2415 3372 2616 3428 dixerit
2662 3373 2807 3429 haud
2876 3377 3057 3446 magni
3094 3375 3374 3440 facienda;

1794 3477 1923 3518 cum
1953 3470 2103 3516 certo
2127 3469 2342 3516 constet
2363 3462 2682 3531 scriptorem
2711 3464 2863 3517 illum
2882 3505 2896 3529 ,
2933 3465 3247 3535 quicunque
3276 3465 3373 3518 de-

1795 3567 1950 3608 mum
1999 3551 2182 3618 fuerit,
2239 3567 2306 3606 ex
2333 3552 2565 3608 sinceris
2601 3551 2797 3622 lgnatii
2856 3555 3123 3624 epistolis,
3156 3556 3204 3610 si
3252 3572 3374 3612 eam

1793 3643 2035 3714 excipias
2057 3659 2179 3714 qua:
2201 3642 2463 3700 Romanis
2499 3644 2824 3700 inscribitur
2841 3687 2856 3709 ,
2880 3647 2971 3702 illa
2995 3648 3375 3719 descripsisse,

1794 3738 2151 3807 eodicemque
2175 3736 2415 3792 Mediceo
2453 3739 2881 3793 emendatiorem
2915 3740 3265 3796 adhibuisse:
3316 3751 3378 3798 ut

1797 3829 2027 3899 proinde
2056 3837 2240 3882 textus
2268 3827 2471 3896 vulgati
2506 3827 2666 3884 lectio
2689 3844 2756 3883 ex
2795 3829 2863 3884 iis
2899 3845 3007 3884 non
3037 3830 3215 3885 solum
3243 3847 3374 3886 con-

1797 3921 2063 3986 firtnetur,
2097 3933 2287 3974 verum
2315 3919 2481 3973 etiam
2511 3919 2832 3974 emendetur
2879 3921 3164 3990 multoque
3212 3923 3378 3977 casti-

1798 4013 1975 4084 gatior
2027 4011 2355 4081 plerumque
2404 4010 2684 4065 reddatur.
2746 4009 2868 4077 Quo
2935 4022 3116 4066 autem
3167 4013 3374 4082 aliquot

1799 4103 2064 4173 exetnplis
2087 4118 2175 4158 res
2201 4101 2609 4172 comprobetur,
2632 4102 2753 4159 loca
2776 4103 3038 4159 nonnulla
3079 4120 3202 4160 cum
3229 4106 3378 4162 edito

1799 4195 1996 4250 collata
2026 4194 2118 4249 hic
2145 4194 2340 4251 sistere
2365 4193 2586 4266 iuverit.

1799 4364 2110 4406 SIYBNEOS.

2201 4468 2286 4523 Ea:
2316 4467 2579 4526 Parallel.
2606 4469 2961 4541 Rupefucald.

1875 4583 2171 4656 Ἀνανῆψαι
2198 4585 2364 4655 ἡμᾶς.
2389 4624 2402 4637 .
2430 4623 2443 4636 .
2469 4623 2482 4637 .
2529 4583 2746 4655 ἔχομεν.

1861 4673 2087 4727 Θέλουσι
2114 4674 2225 4746 γὰρ
2252 4676 2384 4745 ἡμῖν
2411 4669 2470 4727 εὖ
2521 4676 2783 4746 πράττειν
2803 4715 2819 4742 ,
2849 4674 2992 4744 ,Θεὸς
3030 4677 3246 4747 ἕτοιμος
3294 4676 3378 4738 si;

1795 4767 1854 4820 τὸ
1879 4767 2160 4839 παρέχειν.

1509 4899 1576 4938 ΑΒ
1629 4898 1998 4945 POLYCABPUM.

219 5001 328 5074 Cap.
361 5007 400 5061 ι.
437 5008 728 5080 Γρηγόρει,
764 5007 1061 5078 ἀκοίμητον
1091 5005 1306 5076 πνεῦμα
1328 5004 1683 5076 κεκτημένος.
1717 5037 1722 5042 -

1865 5005 2154 5077 Γρηγὸρει,
2179 5005 2474 5076 ἀκοίμητον
2501 5004 2657 5076 ὄμμα
2679 5003 3032 5076 κεκτημένος.

1532 5141 1599 5178 AD
1653 5140 1927 5180 EPHESIOS.

221 5239 332 5313 Cap.
358 5244 441 5301 Vl.
476 5247 711 5302 Εἰώθασί
728 5265 872 5312 τινες
896 5249 1034 5320 δόλῳ
1057 5246 1279 5319 πονηρῷ
1303 5246 1363 5299 τὸ
1397 5245 1565 5316 ὖνομα
1598 5263 1696 5299 πε-

171 5332 387 5405 ριφὲρειν.

315 5481 472 5556 ignat.
502 5483 673 5554 Epist.
705 5487 774 5540 ad
808 5483 1044 5554 Smyrn.,
1071 5501 1191 5556 cap.
1222 5487 1273 5541 Ι.

176 5548 300 5669 ι
316 5548 628 5628 Wcsselittg.
670 5548 947 5611 Probabil.
975 5556 1070 5612 lib.
1104 5548 1266 5627 sing.,
1296 5571 1418 5628 cap.
1448 5559 1538 5626 33,
1569 5573 1692 5630 pag.

229 5653 294 5763 Gl
319 5690 458 5763 ἕίοηι.
492 5711 528 5762 I,
552 5698 606 5763 5,
633 5699 666 5752 Ι.

229 5757 295 5829 (5)
325 5757 558 5834 Bossuet,
594 5757 670 5822 vr
706 5768 960 5824 Avertiss.
991 5785 1099 5824 aua:
1141 5767 1371 5826 Protest.
1399 5811 1412 5839 ,
1463 5783 1478 5822 ι
1526 5778 1688 5839 part.,

1869 5247 2104 5300 Εἰώθεισὶ
2149 5265 2294 5312 τινες
2338 5248 2475 5320 δόλῳ
2523 5244 2745 5318 πονηρῷ
2789 5245 2849 5300 τὸ
2893 5244 3065 5316 ὄνομα
3125 5237 3377 5313 Χριστοῦ

1801 5339 2138 5411 περιφέρειν.

1806 5498 1917 5560 art.
1937 5506 1990 5554 ν,
2022 5488 2158 5560 ξω.

1873 5559 1953 5625 (6)
1992 5557 2162 5627 lgnat.
2204 5559 2375 5630 Epist.
2403 5559 2471 5612 ad
2497 5557 2734 5628 Smyqu
2765 5574 2887 5630 capi.
2919 5557 2951 5610 7

1875 5632 1951 5702 (7)
1983 5629 2301 5702 Thcodorit.
2333 5630 2474 5683 Dial.
2499 5646 2601 5702 Ain,
2633 5646 2754 5698 pag.
2787 5629 2911 5702 15!.

1873 5698 1951 5774 (8)
1981 5704 2151 5776 lgnat.
2183 5701 2358 5774 Epist.
2393 5702 2460 5756 ad
2487 5699 2704 5770 Epltes.,
2729 5698 2908 5770 cap.7.
