3852 6206
477 311 576 369 571

935 428 1086 484 Edit.
1110 445 1176 484 ea:
1203 430 1320 484 cod.
1351 429 1602 484 Mediceo.

545 523 676 594 Cap.
708 524 800 578 XI.
842 524 953 596 Τὴν
998 523 1304 578 ἐνεστῶσαν
1343 524 1503 596 χάριν
1545 525 1954 599 ἀγαπήσωμενο
1997 530 2054 584 ἓν

474 615 583 668 τῶν
624 615 718 668 δύο
748 617 906 684 μόνον
932 617 992 670 ὲν
1013 619 1116 688 Χρ.

542 706 676 776 Cap.
732 706 872 761 XIV.
917 709 1084 780 Ἀρχὴ
1126 709 1226 780 μὲν
1274 709 1489 773 πίστις’
1538 709 1688 774 τέλος
1731 711 1789 764 δὲ
1841 712 2050 784 ἀγάπη.

463 800 542 854 Τὰ
582 801 638 854 δὲ
659 801 770 865 δύο,
799 804 859 855 ὲν
892 803 1105 872 ἑνότητι
1135 803 1400 872 γενόμενα
1421 843 1434 866 ,
1475 803 1599 856 Θεοῦ
1645 807 1812 857 ἐστιν.
1833 845 1846 857 .
1871 845 1884 857 .
1908 845 1922 857 .
1951 807 2055 858 Οὑ-

1551 311 1608 365 S.
1652 309 2001 369 IGNATIUS.
2040 337 2114 356 -
2148 310 2684 369 PROLEGOMENA.

2086 442 2136 500 Α
2573 432 2656 487 Ea:
2685 430 2942 484 Parallel.
2972 430 3331 502 Rupefucaii.

3627 310 3734 366 572

2231 533 2341 604 Τὴν
2362 529 2669 584 ἐνεστῶσαν
2700 529 2856 600 χάριν
2888 530 3262 600 ἀγαπήσωμεν
3284 531 3340 582 ὲν
3361 527 3438 598 τῷ
3470 526 3569 581 νῦν
3603 527 3727 598 βιῳ,

2159 625 2319 694 μόνον
2360 623 2418 676 ὲν
2450 624 2554 692 Χρ.

2241 715 2406 787 Ἀρχὴ
2451 716 2548 786 μὲν
2596 715 2630 784 ἡ
2685 713 2903 776 πίστις’
2935 712 3086 772 τέλος
3124 713 3246 784 δὲή
3293 713 3498 785 ἀγάπη.
3549 715 3636 767 Τὰ
3679 714 3734 766 δὲ

2109 833 2122 846 ·
2153 808 2280 872 δύο,
2312 811 2369 861 ὲν
2403 807 2615 876 ἑνότητι
2657 806 2955 876 γενόμενα,
2991 805 3124 868 Θεός
3160 807 3295 858 ἐστι.
3315 845 3327 858 .
3349 845 3362 858 .
3405 806 3608 869 ΟὐδεὶςΔ
3646 808 3735 858 τεξ-

458 893 570 956 δεὶς
612 904 795 946 πιστιν
818 894 1304 964 ἐπαγγελλόμενος,
1333 896 1675 967 ἁμαρτάνει·
1697 895 1817 950 οὐδὲ
1834 897 2054 969 ἀγάπην
2155 916 2271 952 στιν
2299 896 2764 967 ἐπαγγελλόμενος
2797 896 2958 967 ἔχειν,
3004 897 3327 970 ἁμαρτάνει.
3355 899 3542 962 Οὐδεὶς
3597 901 3736 967 ἁ.γὰ-

461 1003 520 1038 κε
542 1003 626 1039 κτ.
649 1026 662 1038 .
686 1027 723 1039 ..
760 988 1079 1059 Χριστιανοὶ
1108 983 1268 1041 εἶναι.

2157 1002 2267 1055 πην
2297 1001 2449 1038 κεκτ.
2471 1022 2485 1036 .
2505 1022 2519 1036 .
2541 1022 2556 1036 .
2579 983 2814 1053 Χριστοῦ
2841 978 2999 1037 εἶναι.

1899 1119 1965 1158 ΔΙ)
2008 1117 2324 1157 IAGNESIOS-

531 1215 664 1287 Cap.
702 1217 786 1272 III.
822 1220 1038 1290 Πρέπον
1069 1221 1216 1273 ἐστὶν
1256 1219 1545 1273 ἐπακούειν
1587 1219 1726 1273 κατὰ
1777 1219 2042 1290 μηδεμίαν

461 1311 838 1383 ὑπόκρισιν...
862 1314 998 1367 ἀλλὰ
1027 1314 1116 1366 τὸν
1147 1314 1379 1385 ἀόρατον
1413 1312 1863 1384 παραλογίζεται·
1907 1314 1966 1365 τὸ
1988 1313 2044 1364 δὲ

459 1404 716 1472 τοιοῦτον,
743 1405 804 1458 οὐ
832 1406 968 1477 πρὸς
999 1407 1175 1478 σάρκα
1204 1405 1380 1474 λόγος.

2223 1222 2439 1292 Πρέπον
2477 1220 2625 1273 ἐστὶν
2663 1220 2954 1273 ὑπακούειν
2991 1218 3068 1289 τῷ
3109 1219 3391 1290 ὲπισκόπῳ
3429 1231 3573 1274 κατα
3627 1238 3734 1290 μηξ

2150 1316 2340 1386 δεμίαν
2399 1314 2773 1385 ὑπόκρισιν....
2823 1313 2957 1368 ἀλλὰ
3004 1314 3094 1368 τὸν
3145 1314 3372 1385 ἀόρατον
3422 1315 3733 1387 παραλογί-

2152 1403 2481 1469 ζεταιΘεὸνῄ
2509 1403 2584 1475 τῷ
2617 1405 2674 1458 δὲ
2703 1405 2944 1476 τοιούτῳ,
2975 1406 3035 1458 οὐ
3070 1405 3205 1478 πρὸς
3233 1406 3409 1478 σάρκα
3436 1405 3621 1476 λόγος.

1869 1541 1936 1579 ΑΒ
1970 1539 2322 1579 τιιΑιιιΑμοε.

1661 1625 1750 1634 ...-

525 1638 659 1708 Cap.
695 1637 783 1692 VI.
817 1641 877 1693 Οἱ
900 1640 1082 1711 καιροὶ
1118 1639 1615 1711 παρεμπλέκουσιν.

525 1727 660 1798 Cap.
693 1727 826 1784 VIII.
860 1730 1066 1801 Μηδεὶς
1091 1729 1243 1800 ὑμῶν
1282 1729 1421 1784 κατὰ
1459 1729 1553 1783 τοῦ
1588 1729 1817 1801 πλησίου
1851 1729 2041 1801 ἐχέτω.

455 1820 546 1892 Μὴ
573 1823 739 1889 ἀφ....
771 1821 857 1876 ἵνα
886 1822 1050 1894 μὴ....
1083 1821 1143 1876 τὸ
1177 1825 1235 1876 ὲν
1263 1821 1370 1893 θεῷ
1396 1822 1597 1895 πλῆθος
1624 1822 1818 1894 βλασφ.

525 1955 666 2012 llinc
696 1956 942 2026 profecto
986 1968 1291 2013 noscuntur
1324 1960 1438 2014 hmc
1479 1969 1733 2030 excerpta
1763 1959 2042 2032 lgnatiano

461 2049 634 2102 textui
668 2049 782 2103 sive
815 2050 1160 2105 emendando
1196 2051 1310 2106 sive
1334 2052 1495 2106 etiam
1527 2053 1726 2107 alicubi
1751 2053 2043 2108 sarciendo

457 2139 603 2195 haud
631 2156 825 2210 parum
852 2141 1160 2210 profutura.
1196 2141 1396 2199 Verum
1437 2152 1496 2198 ut
1527 2144 1595 2199 iis
1625 2145 1930 2214 expeditius
1965 2144 2042 2198 uti

341 2307 346 2312 ι
453 2229 685 2286 lectores
729 2241 954 2302 queant,
995 2233 1186 2287 eadem
1225 2249 1291 2288 eo
1325 2233 1656 2303 digessimus
1695 2234 1904 2299 ordine,
1935 2250 2044 2303 quo

451 2323 735 2392 dispositae
761 2333 1063 2379 occurrunt
1090 2325 1331 2394 epistola:
1357 2341 1483 2380 cum
1514 2325 1568 2378 in
1603 2325 1791 2380 codice
1820 2323 2044 2381 Floren—

453 2414 590 2480 tino,
623 2422 736 2468 tum
769 2415 823 2468 in
853 2414 1051 2468 Smithi
1079 2414 1226 2470 edito
1256 2415 1344 2470 hie
1375 2417 1517 2486 typis
1548 2431 1773 2472 excuso.

1029 2544 1259 2600 CAPUT
1303 2545 1392 2602 III.

451 2637 681 2693 Simonii
707 2651 757 2695 et
788 2639 1041 2693 Tentzelii
1072 2639 1136 2692 de
1165 2656 1264 2693 ms.
1293 2639 1469 2692 codice
1494 2639 1728 2693 Mediceo
1759 2639 2037 2693 sententia.

527 2709 675 2765 Unde
730 2712 963 2764 hauserit
1014 2709 1302 2780 Ignatiana
1335 2707 1599 2771 Svicerus,
1628 2711 1684 2762 in
1714 2727 1866 2763 suum
1896 2710 2030 2764 The-

521 2799 740 2836 saurum
769 2781 1027 2850 conjecta.
1054 2779 1334 2848 Epistula:
1365 2780 1718 2848 interpolatw,
1768 2780 1842 2833 vel
1865 2781 2027 2833 etiam

2076 1626 2121 1684 Β
2220 1638 2328 1690 Καὶ
2355 1636 2848 1710 παρεμπλέκουσιν.

2220 1730 2423 1801 Μηδεὶς
2447 1729 2600 1800 ὑμῶν
2629 1730 2767 1784 κατὰ
2800 1730 2892 1784 τοῦ
2926 1730 3150 1800 πλησίον
3176 1732 3345 1802 ὲχέτω
3371 1751 3441 1796 τι,
3462 1733 3536 1804 μὴ
3553 1736 3730 1803 ἀφηη

2154 1823 2239 1876 ἵνα
2276 1821 2440 1893 pip...
2468 1820 2528 1875 τὺ
2559 1821 2739 1875 ἔνθεον
2774 1821 2976 1892 πλῆθος
3007 1822 3200 1892 βλασφ.

2135 1939 2313 2002 visus,
2341 1938 2466 1992 licet
2492 1939 2545 1992 in
2580 1938 2741 1992 aliam
2768 1954 2797 1992 a
2831 1937 3176 1994 Tentzeliana
3220 1942 3541 1996 sententiam
3575 1944 3732 1998 abie-

2141 2031 2232 2085 rit.
2275 2028 2648 2085 Pervolutanti
2683 2028 2827 2082 enim
2878 2029 3012 2082 mihi
3042 2029 3160 2098 ejus
3187 2027 3515 2084 Thesaurum
3551 2031 3729 2085 eccle-

2143 2122 2419 2175 siasticum
2441 2119 2846 2192 deprehendere
2874 2121 3120 2190 contigit,
3152 2137 3327 2191 neque
3358 2138 3490 2177 sane
3516 2123 3732 2191 absque

2145 2211 2529 2282 admiratione,
2560 2211 2737 2280 ipsum
2778 2226 2878 2280 pro
2923 2227 3053 2265 vero
3099 2211 3308 2282 Ignatio
3338 2211 3730 2282 Ignatiastrum

2142 2303 2331 2359 lectori
2363 2303 2565 2374 passim
2605 2304 2929 2359 obtrusisse.
2967 2300 3044 2358 Ne
3070 2304 3273 2359 nimius
3305 2305 3430 2369 sim,
3454 2305 3565 2358 duo
3599 2314 3726 2358 tau-

2145 2405 2259 2450 tum
2289 2395 2406 2450 loca
2439 2393 2682 2464 proferre
2721 2395 2872 2449 libet.
2905 2393 3123 2449 Primus
3163 2397 3404 2451 occurrit
3432 2411 3488 2449 v.
3524 2395 3714 2466 ’Λγέν-

2144 2504 2326 2554 νητος
2359 2487 2493 2558 (15),
2527 2488 2621 2542 ubi
2653 2487 2837 2543 statim
2868 2487 2938 2542 ab
2969 2487 3122 2542 initio
3168 2488 3328 2543 verba
3378 2489 3572 2543 recitat
3605 2496 3728 2542 tan-

2146 2594 2310 2649 quam
2345 2579 2646 2651 Ignatiana,
2672 2597 2794 2651 quae
2837 2589 3016 2635 tamen
3059 2581 3338 2652 desumpta
3370 2583 3728 2651 perhibentur

2145 2687 2213 2726 ex
2255 2672 2578 2742 interpolata
2608 2673 2834 2742 epistola
2876 2674 2942 2728 ad
2985 2672 3270 2743 Ephesios,
3302 2690 3422 2744 cap.
3451 2675 3504 2739 7,
3538 2675 3728 2743 sicque

2139 2779 2198 2818 se
2228 2763 2468 2819 habent:
2530 2783 2550 2816 ι
2600 2765 2803 2837 Ἰατρὸς
2836 2765 2992 2836 ἡμῶν
3021 2767 3168 2819 ἐστιν
3201 2767 3228 2818 ὁ
3265 2765 3427 2836 μόνος
3474 2767 3728 2835 ἀληθινὸς

519 2853 892 2931 supposititiw,
922 2868 954 2931 tt
986 2850 1253 2931 nonnullis
1279 2851 1407 2931 viris
1451 2851 1620 2931 d'octis
1663 2851 1835 2931 minus
1890 2859 2026 2931 recte

2155 2857 2281 2922 ὶεδς,
2315 2859 2344 2910 ὁ
2377 2857 2670 2929 ἀγέννητος
2706 2859 2801 2911 καὶ
2845 2857 3158 2931 ἀπρόσιτος,
3196 2860 3224 2912 ὁ
3267 2857 3374 2912 τῶν
3423 2859 3563 2912 ὅλων
3610 2859 3726 2912 Κύ-

517 2919 657 2976 velut
687 2923 904 2975 sincera
936 2922 1202 2974 interdum
1232 2920 1448 2975 habitw.
1473 2919 1724 2973 Romanis
1758 2920 2025 2989 inscripta:
2052 2938 2095 2996 ρ
2130 2919 2276 3019 pm"
2312 2947 2402 3001 τοῦ
2427 2919 2503 3002 ’δὲ

527 2993 756 3019 -..:.....r...
780 2992 935 3019 mnu-
958 3007 1110 3019 mm...
1135 2990 1370 3019 l‘t..-:.....
1393 2990 1754 3019 ...J,..........l.....
1779 2991 2002 3019 ...μηκέθ
2249 2986 2264 3010 ν

520 2993 756 3060 cpistola:
775 2992 936 3045 editio
954 3007 1112 3061 quam
1134 2990 1370 3044 Clericus
1389 2990 1756 3044 adornandum
1775 2991 2024 3061 suscepit,

516 3065 659 3116 haud
690 3063 956 3132 fidissima
987 3077 1098 3116 esse
1123 3061 1446 3130 perhibetur.

515 3178 583 3233 Et
607 3179 776 3232 miror
795 3177 1048 3247 equidem
1078 3175 1392 3246 hujusmodi
1422 3187 1678 3246 excerpta
1710 3176 1878 3232 fuisse
1906 3177 2035 3232 hac—

443 3282 605 3328 tenus
640 3271 722 3325 vel
754 3270 1124 3336 inobservata,
1156 3269 1241 3323 vel
1282 3267 1421 3323 forte
1467 3270 1707 3338 neglecta
1747 3269 1878 3324 viris
1904 3284 2034 3323 eru-

443 3364 594 3428 ditis,
618 3363 710 3432 qui
736 3370 861 3433 post
891 3361 1167 3416 Smithum
1194 3360 1251 3415 S.
1278 3362 1536 3432 martyris
1560 3361 1819 3430 epistolas
1846 3377 2037 3416 rursus

446 3455 687 3510 edendas
740 3462 1022 3508 curarunt.
1071 3451 1345 3506 Smithum
1394 3452 1540 3506 enim
1590 3451 1824 3520 excipio,
1877 3451 2035 3521 cujus

452 3547 780 3602 Oxoniensis
820 3545 988 3600 editio
1027 3545 1141 3614 jam
1192 3543 1248 3597 in
1295 3543 1474 3597 lucem
1513 3543 1809 3612 prodierat,
1855 3545 2038 3613 prius-

451 3655 616 3709 quam
647 3638 736 3691 illa
767 3636 1029 3692 Parallela
1052 3652 1083 3691 e
1110 3651 1216 3690 ms.
1252 3633 1685 3704 Rupel'ucaldino
1719 3634 2038 3704 evulgaren-

445 3739 556 3785 tur.
593 3729 726 3796 Quae
758 3729 979 3798 quidem
1027 3731 1073 3784 si
1119 3726 1396 3782 Richardo
1446 3725 1696 3780 Simonio
1742 3726 2036 3797 aliquando

444 3822 830 3886 innotuissent,
859 3821 1043 3875 nullus
1064 3819 1276 3885 dubito,
1306 3818 1439 3885 quin
1460 3833 1525 3872 ex
1553 3817 1638 3872 his
1661 3817 1843 3886 potius
1868 3834 2035 3888 quam

443 3929 511 3969 ex
555 3913 938 3982 interpolatore
989 3911 1232 3967 codicem
1286 3911 1588 3967 Mediceum
1649 3911 2036 3981 corrigendum

443 4006 728 4063 statuisset
758 4006 854 4076 (9).
892 4003 1095 4060 Eodem
1127 4005 1256 4059 item
1287 4005 1508 4059 nomine
1537 4005 1607 4059 ab
1645 4005 1736 4060 illa
1769 4005 2038 4060 sententia

443 4095 847 4166 pronuntianda
887 4095 992 4151 sibi
1038 4093 1272 4152 fortasse
1322 4107 1678 4167 temperasset
1706 4096 2037 4152 Wilhelmus

444 4188 709 4244 Ernestus
745 4186 1054 4243 Tentzelius
1083 4186 1219 4254 (10),
1260 4206 1278 4239 ι
1309 4189 1446 4242 nihil
1485 4204 1588 4259 pro
1629 4188 1910 4260 lgnatiano
1941 4191 2039 4243 ha-

445 4281 703 4346 bendum,
737 4279 842 4334 nisi
867 4280 1012 4350 quod
1039 4292 1069 4330 a
1096 4277 1347 4334 Patribus
1369 4280 1616 4350 priorum
1646 4292 1884 4350 quatuor
1915 4291 2038 4351 post
2069 4276 2112 4330 Ι)

445 4370 766 4440 martyrium
800 4369 990 4439 lgnatii
1032 4370 1356 4424 saaculorum
1395 4372 1748 4426 sanctissimo
1789 4373 1906 4428 viro
1938 4375 2036 4427 tri-

442 4461 650 4516 buitur.
692 4480 710 4512 ι
744 4458 1014 4514 Nimirum
1052 4461 1305 4515 .eruditus
1350 4461 1442 4515 ille
1481 4461 1564 4515 vir
1601 4463 1882 4517 nonnullis
1927 4477 2032 4517 ms.

442 4553 748 4609 Florentini
781 4553 894 4608 sive
923 4552 1191 4608 labeculis
1217 4553 1332 4608 sive
1355 4553 1708 4609 varietatibus
1733 4563 2035 4624 permotus,

444 4647 566 4717 ejus
591 4644 879 4700 αὐθεντιαν
906 4645 1118 4700 elevare
1140 4645 1418 4700 contendit
1442 4663 1456 4700 :
1483 4646 1644 4716 cujus
1674 4656 1853 4702 tamen
1892 4647 2039 4716 obje-

446 4739 781 4793 ctationihus
827 4745 1179 4792 occurrentes
1230 4736 1466 4793 Grabius
1513 4736 1626 4809 (11)
1673 4747 1728 4793 et
1770 4737 2037 4792 Nourrius

447 4833 589 4904 (12),
624 4833 744 4888 illas
778 4841 1032 4888 accurate
1065 4831 1200 4886 satis
1230 4830 1539 4898 diluerunt;
1572 4831 1807 4886 validius
1857 4831 2038 4885 adhuc

435 4906 502 4978 id
553 4922 871 4994 praestituri,
925 4922 974 4977 si
1027 4921 1216 4978 eadem
1261 4919 1528 4978 Parallela
1582 4922 1852 4992 inspicere
1904 4921 2037 4991 ipsis

446 5017 717 5073 licuisset.

516 5116 654 5170 Cum
689 5112 967 5170 Tentzelio
1011 5128 1232 5184 quoque
1276 5112 1332 5167 in
1381 5111 1626 5182 ejusdem
1668 5126 1773 5165 ms.
1811 5109 2036 5166 Medicei

448 5217 820 5280 contemptum
879 5207 1154 5263 immerito
1201 5206 1550 5277 conspirasse
1597 5204 1853 5260 Svicerus
1901 5203 2039 5259 mihi

519 5344 598 5413 (9)
648 5343 858 5399 Simon.
898 5342 1027 5396 Jud.
1077 5343 1141 5397 de
1185 5341 1262 5397 Is.
1308 5342 1476 5396 Vossii
1520 5358 1753 5412 respons.
1803 5341 1899 5396 sub
1937 5356 2034 5396 no~

450 5420 588 5469 mine
621 5414 938 5485 Hieronymi
968 5414 1016 5485 le
1043 5414 1272 5478 Canius,
1303 5429 1424 5483 pag.
1453 5413 1543 5466 24.

524 5486 636 5555 (10)
669 5480 911 5538 Tentz'el.
958 5482 1196 5538 Exercit.
1227 5480 1428 5551 selecti,
1456 5492 1595 5553 part.
1627 5499 1668 5550 ι,
1697 5480 1924 5538 exercit.
1954 5497 2036 5546 ιιι,

453 5558 484 5626 §
522 5573 620 5617 xu,
655 5571 778 5626 pag.
811 5555 899 5626 65.

527 5622 839 5684 (ilerrah.
876 5623 1060 5693 Spicil.
1090 5632 1225 5678 tom.
1261 5622 1324 5685 11,
1354 5639 1412 5690 p.
1441 5622 1567 5675 227.

529 5696 642 5762 (l2)
684 5694 883 5748 Nourr.
917 5691 1136 5762 'Appar.
1187 5695 1255 5746 ad
1302 5695 1558 5749 Biblioth.
1614 5693 1752 5760 PP.,
1805 5702 1935 5748 tom.
1996 5691 2034 5759 ι,

460 5765 678 5822 dissert.
706 5781 822 5837 vm,
843 5765 870 5837 ς
893 5780 963 5822 vn
991 5807 1003 5831 ,
1029 5781 1076 5835 p.
1119 5765 1240 5820 159.

2547 2949 2866 3020 μονογενοῦς
2900 2948 3089 3021 Πατὴρ
3134 2949 3230 3004 καὶ
3272 2951 3576 3022 γεννήτωρ.
3614 2970 3632 3002 ι
3662 2952 3729 3005 At

2133 3039 2217 3092 vir
2250 3040 2580 3109 apostolicus
2627 3042 2682 3096 in
2729 3041 2920 3097 eadem
2962 3041 3187 3112 epistola
3212 3041 3444 3111 genuina
3483 3042 3520 3096 Ι.
3569 3058 3620 3096 c.
3655 3044 3727 3096 ita

2135 3130 2368 3185 scribit:
2405 3150 2423 3183 ι
2460 3126 2556 3194 Εἷς
2587 3132 2769 3204 ἰατρός
2814 3135 2982 3196 ἐστιν,
3036 3132 3296 3205 σαρκικός
3334 3150 3395 3186 τε
3435 3132 3534 3186 καὶ
3569 3150 3728 3186 πνευο

2139 3221 2383 3293 ματικὺς,
2420 3221 2676 3291 γεννητὸς
2695 3223 2788 3277 καὶ
2807 3223 3117 3295 ἀγέννητος,
3151 3241 3170 3275 ι
3199 3241 3252 3276 κ.
3291 3241 3340 3277 τ.
3369 3223 3420 3276 λ.
3457 3223 3617 3279 Alter
3645 3224 3726 3277 lo-

2135 3329 2232 3368 cus
2255 3323 2431 3368 exstat
2456 3331 2506 3368 ν.
2547 3313 2913 3385 Ἀντίψνυχον
2935 3315 3063 3386 ⁴(14)
3092 3333 3106 3369 :
3143 3314 3216 3370 ibi
3249 3315 3395 3369 enim
3425 3325 3725 3385 postquam

2137 3405 2301 3474 hujus
2330 3406 2479 3460 vocis
2521 3407 2829 3475 exemplum
2863 3421 2930 3460 ex
2961 3421 3230 3476 germanae
3256 3405 3323 3460 ad
3357 3404 3727 3477 Smyrnenses

2135 3497 2376 3566 epistola;
2425 3496 2602 3566 capite
2629 3496 2716 3563 10,
2747 3504 3061 3565 excerptum
3089 3495 3424 3559 adduxisset,
3457 3496 3614 3550 aliud
3645 3513 3732 3551 re-

2136 3587 2242 3644 fert
2269 3605 2337 3644 ex
2366 3589 2685 3658 interpolata
2716 3588 2781 3643 ad
2813 3587 3100 3658 Ephesios,
3131 3603 3252 3658 cap.
3283 3587 3374 3642 21.
3416 3585 3614 3658 Neque
3645 3589 3729 3643 his

2136 3689 2448 3744 contentus,
2476 3681 2626 3752 paria
2657 3681 2852 3736 recitat
2884 3697 2951 3736 ex
2981 3680 3226 3750 epistolis
3260 3681 3637 3750 supposititiis
3662 3680 3728 3734 ad

2138 3771 2529 3840 Antiochenos,
2559 3773 2625 3827 ad
2656 3771 2949 3839 Heronem,
2979 3773 3046 3827 ad
3078 3770 3375 3827 Tarsenses
3401 3779 3456 3826 et
3499 3772 3572 3825 ad
3601 3771 3730 3825 Phi-

2136 3864 2412 3934 lippenses
2445 3883 2458 3919 :
2490 3866 2784 3935 omniaque
2818 3865 3007 3920 isthaec
3036 3864 3194 3920 nobis
3232 3863 3430 3934 ingerit
3461 3871 3730 3934 tanquam

2139 3972 2169 4011 a
2193 3958 2543 4013 sanctissimo
2570 3958 2910 4014 Antiocheno
2940 3957 3197 4027 episeopo
3226 3965 3279 4012 et
3301 3965 3545 4028 martyre
3575 3958 3735 4027 lgna-

2137 4051 2214 4105 tio
2248 4052 2568 4120 perscripta.
2599 4050 2754 4105 Unde
2777 4051 3002 4121 colligas
3043 4050 3302 4120 epistolas
3331 4059 3611 4119 quotquot
3639 4065 3734 4105 ex-

2140 4152 2287 4198 stant
2331 4158 2543 4209 omnes,
2589 4143 2704 4198 sive
2743 4143 3009 4208 sinceras,
3055 4143 3169 4198 sive
3195 4141 3579 4211 interpolatas,
3617 4143 3734 4197 sive

2141 4235 2358 4291 demum
2388 4234 2786 4304 supposititias,
2820 4234 3101 4290 Svicerum
3133 4233 3447 4304 promiscue
3471 4247 3577 4301 pro
3608 4248 3737 4288 vere

2144 4325 2436 4398 lgnatianis
2463 4327 2764 4396 accepisse.

2211 4463 2307 4520 His
2347 4473 2526 4519 autem
2559 4463 2627 4519 de
2670 4462 2874 4518 Sviceri
2922 4462 3189 4517 Thesauro
3231 4460 3454 4524 notatis,
3481 4460 3651 4518 locus
3683 4462 3734 4516 in

2139 4565 2376 4610 mentem
2400 4554 2549 4609 venit
2567 4569 2631 4609 ex
2664 4553 2974 4624 apocrypha
3001 4552 3230 4622 epistola
3254 4551 3321 4605 ad
3350 4551 3736 4607 Antiochenos

2139 4648 2363 4713 relatus,
2386 4650 2560 4717 'quem
2597 4662 2718 4702 cum
2749 4646 2802 4700 in
2834 4645 2978 4700 notis
3015 4654 3128 4699 tum
3166 4644 3220 4698 in
3260 4642 3499 4699 Seholiis
3531 4642 3738 4700 Nobilii

2140 4739 2209 4795 ad
2237 4738 2392 4794 Isaiae
2421 4755 2498 4804 ix,
2531 4739 2585 4805 6,
2611 4739 2666 4792 ἱη
2691 4737 2882 4793 Bibliis
2904 4736 3133 4793 Sixtinis
3161 4735 3268 4789 τῶν
3293 4740 3347 4788 U'
3380 4737 3610 4790 memini
3652 4754 3740 4792 me

2141 4831 2436 4902 aliquando
2460 4831 2656 4901 legisse
2681 4831 2817 4900 (15).
2851 4831 2920 4885 At
2946 4845 3077 4885 vero
3119 4829 3464 4885 excusandus
3509 4830 3737 4885 videtur

2140 4924 2408 4991 Nobilius,
2449 4924 2681 4979 sinceris
2715 4923 3016 4993 Ignatianis
3040 4923 3287 4993 epistolis
3309 4931 3440 4976 tunc
3467 4925 3740 4991 temporis

2140 5014 2382 5070 nondum
2412 5014 2658 5070 detectis.
2683 5013 2974 5086 Ambigere
3001 5022 3180 5068 tamen
3206 5012 3330 5082 quis
3346 5012 3470 5081 jure
3492 5009 3740 5066 fortasse

2142 5108 2372 5177 poterit,
2431 5123 2501 5162 an
2553 5108 2673 5178 pari
2720 5108 2831 5162 sint
2892 5106 3224 5177 indulgentia
3275 5105 3582 5174 excipiendi
3632 5107 3740 5160 viri

2140 5210 2332 5256 caatera
2354 5200 2525 5264 docti,
2550 5199 2828 5255 Calmetus
2857 5199 2991 5270 (16),
3019 5197 3393 5254 Sabhatierius
3427 5196 3541 5266 (1'7)
3570 5208 3741 5268 atque

2213 5337 2327 5406 (1'5)
2359 5335 2561 5390 Svicer.
2601 5335 2754 5390 Thes.
2785 5335 2938 5401 cccl.,
2965 5343 3097 5390 tum.
3127 5335 3170 5402 Ι,
3203 5336 3309 5390 col.
3336 5335 3426 5390 49.

2216 5407 2333 5474 (14)
2364 5408 2442 5460 Id.
2475 5407 2635 5471 ibid.,
2666 5407 2771 5460 col.
2805 5406 2931 5460 594.

2212 5471 2529 5601 (1ὕμῖὢοὶήι.
2559 5478 2614 5531 in
2657 5475 2768 5531 νει.
2797 5475 3027 5530 Testam.
3064 5475 3278 5530 secund.
3310 5471 3472 5540 LXX,
3502 5481 3641 5528 tom.
3673 5473 3737 5541 II,

2212 5565 2272 5601 Δα.
2418 5588 2431 5600 .

2185 5564 2272 5602 αα.
2312 5564 2431 5601 414.

2145 5565 2581 5688 maciam“.
2609 5616 2900 5672 Comment.
2929 5613 2984 5670 in
3016 5615 3152 5680 Isa.,
3177 5623 3307 5688 tom.
3343 5611 3400 5677 ν,
3431 5631 3554 5688 pag.
3593 5617 3723 5672 57.1.

2217 5686 2330 5745 (1")
2390 5687 2694 5743 Salihaticr.
2743 5688 2961 5743 Bibliot.
3007 5703 3148 5742 sacr.
3185 5686 3306 5739 Lat.
3350 5686 3735 5755 certantiq,

2149 5770 2279 5816 tom.
2313 5760 2378 5826 II,
2409 5775 2463 5830 p.
2492 5759 2613 5813 555.
