3834 6214
104 362 199 416 εῖό

1166 357 1466 413 ΑΝΒΚΕᾹΞ
1503 354 1871 413 GALLANDII
1907 353 2268 411 ΡΒοιΕΜιΑ.

3249 344 3352 398 574

102 491 282 535 auctor
310 480 744 550 prolegomenom
775 480 841 534 ad
871 489 1078 535 tomum
1099 478 1165 533 Hl
1189 480 1455 535 versionis
1476 477 1687 533 cxx-vi-
1716 479 1759 533 A
1857 476 1996 544 Quid
2022 474 2260 546 quaeris?
2287 471 2472 526 Mirari
2516 468 2666 525 subit
2701 467 2978 523 enimvero
3023 477 3199 530 neque
3240 461 3355 515 Til-

103 577 227 630 ralis
261 573 531 628 editionis
569 572 850 627 Grabianaa
874 572 1006 643 (18),
1042 573 1134 642 qui
1165 571 1437 627 Nobilium
1485 570 1678 635 secuti,

103 669 163 722 ad
197 665 328 720 illud
364 665 576 734 pariter
613 662 765 718 Isaiae
811 681 888 728 1x,
921 664 975 730 6,
1003 663 1253 718 eumdem
1293 665 1471 718 locum
1512 677 1578 717 ex
1619 677 1683 719 ea

103 758 325 830 epistola
364 757 841 827 pseudepigrapha
886 767 1147 827 tanquam
1186 771 1312 812 vere
1343 755 1682 826 lgnatianum

103 851 434 905 excitarunt.

173 941 281 998 Hac
304 942 435 997 item
469 949 687 1011 arrepta
708 941 994 996 occasione
1021 941 1166 995 haud
1191 941 1427 996 otiosum
1453 939 1684 995 fortasse

112 1036 266 1090 fuerit
309 1035 636 1089 meminisse
680 1034 826 1089 illius
876 1033 1188 1104 fragmenti,
1225 1034 1368 1104 quod
1399 1050 1430 1088 e
1458 1033 1685 1088 Joannis

113 1129 477 1200 Cbrysostomi
508 1129 734 1182 homilia
772 1127 844 1180 De
879 1144 979 1181 non
1008 1127 1520 1180 unathematizandis
1556 1127 1685 1180 vivis

113 1223 183 1276 re!
213 1223 477 1290 defunctis
513 1221 639 1292 (19)
669 1222 1013 1290 desumptum
1033 1260 1049 1286 ,
1097 1219 1345 1290 epistolis
1394 1217 1687 1288 Ignatianis

113 1314 274 1384 primo
303 1313 428 1366 loco
459 1312 814 1381 subjecimus.
863 1310 954 1366 Sic
982 1319 1161 1365 autem
1206 1310 1406 1363 habet:
1438 1311 1533 1361 Ὃν
1560 1307 1686 1378 τρό-

117 1425 205 1460 πον
243 1408 269 1460 ὁ
304 1406 552 1478 περιθεὶς
593 1404 769 1475 ἐαυτῷ
803 1401 1092 1474 ἁλουργίδα
1145 1401 1429 1474 βασιλικὴν
1473 1397 1686 1469 ἰδιώτης

116 1499 396 1568 τυγχάνων,
429 1499 599 1561 αὐτός
633 1515 690 1550 τε
723 1497 814 1550 καὶ
855 1499 904 1548 οἱ
946 1493 1094 1565 αὐτῷ
1133 1494 1584 1565 συνεργήσαντες,
1611 1491 1686 1553 ὡς

119 1591 348 1662 τύραννοι
383 1589 772 1660 ἀναιροῦνται·
814 1588 1004 1651 οὕτως,
1040 1586 1165 1658 ἔφη,
1209 1588 1258 1639 ot
1290 1589 1354 1657 τῇ
1393 1584 1683 1652 δεσποτικῇ

121 1683 365 1750 ἀποφάσει
395 1682 759 1752 χρησάμενοι,
806 1680 894 1734 καὶ
935 1679 1191 1750 ἀνάθημα
1225 1680 1324 1750 τῆς
1367 1677 1686 1749 Ἐκκλησίας

121 1777 422 1846 ποιήσαντες
451 1775 763 1846 ἄνθρωπον,
805 1776 882 1836 είς
914 1773 1149 1842 παντελῆ
1194 1772 1412 1842 ὀλεθρον
1439 1770 1686 1838 ἀπάγου-

125 1885 195 1920 σιν
222 1867 462 1930 ὲαυτοὺς,
522 1866 623 1936 τὴν
670 1864 827 1930 ἀξίαν
876 1864 968 1918 τοῦ
1050 1863 1182 1917 Υἱοῦ
1237 1862 1672 1936 ἁφαρπάζοντες.

127 1961 173 2015 Id
203 1970 321 2016 est:
364 1957 827 2024 Quemadmodum
871 1957 919 2010 si
969 1957 1110 2027 quis,
1169 1956 1404 2024 privatus
1436 1969 1554 2005 cum
1592 1953 1684 2018 sit,

128 2056 300 2124 regiam
326 2068 628 2122 purpuram
662 2050 911 2115 induerit,
941 2060 1052 2104 tum
1081 2050 1192 2118 ipse
1231 2057 1341 2100 tum
1372 2044 1690 2098 commilito-

131 2164 204 2201 nes
229 2147 354 2215 ejus,
383 2146 542 2215 quasi
571 2144 785 2213 tyranni
810 2141 1199 2210 interﬁciuntur
1222 2155 1241 2194 :
1264 2142 1360 2204 sic,
1387 2139 1579 2208 inquit,
1600 2137 1691 2206 qui

132 2238 380 2290 Dominico
404 2243 638 2287 utuntur
661 2233 888 2298 decreto,
916 2241 961 2284 et
994 2231 1252 2284 hominem
1278 2228 1528 2282 Ecclesia:
1558 2245 1693 2282 ana-

136 2329 282 2380 thema
312 2325 541 2394 faciunt,
577 2325 633 2377 in
661 2331 948 2377 extremam
976 2337 1030 2374 se
1076 2321 1358 2390 perniciem
1401 2320 1690 2385 abducunt,

135 2417 247 2470 Filii
265 2417 581 2486 dignitatem
610 2421 943 2482 usurpantes.
971 2409 1085 2466 Hoc
1109 2419 1288 2466 autem
1318 2409 1526 2465 dictum
1553 2411 1695 2465 inter

135 2509 316 2578 reliqua
360 2507 653 2574 lgnatiana
700 2520 822 2575 quae
870 2505 924 2558 in
977 2503 1224 2573 epistolis
1268 2504 1500 2558 sinceris
1547 2502 1693 2557 haud

137 2607 339 2664 exstant,
369 2597 748 2667 reponendum
793 2596 1129 2660 censuimus,
1163 2594 1222 2648 S.
1258 2594 1501 2650 doctoris
1549 2609 1698 2655 νεῖαι,

142 2692 285 2745 rentia
310 2699 361 2745 et
388 2689 726 2745 auctoritate
749 2687 1010 2758 permoti;
1045 2687 1138 2757 qui
1165 2687 1436 2755 ejusmodi
1467 2685 1695 2740 eﬂatum

142 2781 509 2842 euuutiaturus,
553 2793 687 2833 suos
716 2777 992 2832 auditores
1021 2775 1107 2830 his
1131 2776 1312 2830 verbis
1355 2774 1652 2843 alloquitur
1678 2789 1692 2826 :

147 2893 164 2926 ι
197 2873 440 2928 Βούλεσθε
473 2870 694 2943 μαθεῖν,
743 2863 831 2923 οἶά
860 2887 941 2932 τις
967 2865 1266 2938 ἐφθέγξατο
1295 2868 1447 2935 ἅγιος
1468 2866 1574 2920 τῶν
1594 2863 1699 2936 πρὸ

144 2964 273 3034 ἡμῶν
327 2964 422 3033 τῆς
472 2961 734 3034 διαδοχῆς
786 2960 896 3014 τῶν
948 2959 1259 3014 ἀποστόλων
1298 2957 1604 3028 γενόμενος,
1641 2955 1700 3019 ὃς

149 3057 220 3108 καὶ
247 3055 533 3127 μαρτυρίου
573 3054 812 3124 ἡξίωτος
860 3071 879 3104 ›
926 3050 1096 3104 Vultis
1143 3051 1344 3104 discere
1387 3049 1514 3119 quid
1551 3048 1702 3101 dixe-

1787 568 2106 622 lcmontium
2151 579 2329 635 neque
2375 559 2862 624 Montfauconium,
2913 556 3006 626 qui
3055 564 3110 610 et
3149 562 3357 608 textum

1786 661 2032 716 Graecum
2059 659 2434 730 ,lgnatianum,
2473 664 2533 710 ut
2571 652 2790 724 quidem
2828 657 2998 720 putat,
3033 647 3087 701 in
3120 647 3357 702 medium

1785 753 2010 824 profert,
2066 753 2120 805 in
2162 749 2525 819 suspicionem
2581 745 2724 798 haud
2765 741 3003 803 venisse,
3045 739 3212 793 verba
3264 737 3355 790 illa

1786 859 1895 898 non
1931 844 1999 897 ab
2031 840 2258 911 lgnatio,
2291 839 2383 893 sed
2421 841 2490 891 ab
2525 834 2848 903 Ignatiastro
2891 829 3061 884 fuisse
3109 827 3356 884 conscri-

1786 946 1898 1006 pta,
1933 949 2033 990 nec
2058 933 2112 986 in
2138 933 2369 995 sincera,
2396 929 2491 984 sed
2521 933 2573 981 in
2601 924 2919 994 interpolata
2948 922 3015 976 ad
3046 920 3358 990 Smyruzeos

1784 1027 2011 1097 epistola
2035 1033 2272 1080 exstare.
2297 1020 2528 1076 Baronio
2549 1018 2736 1086 utique
2757 1012 3145 1085 indulgendum
3168 1010 3357 1064 eodem

1787 1119 2027 1179 nomine,
2054 1131 2163 1185 quo
2187 1112 2348 1182 paulo
2376 1120 2500 1165 ante
2526 1107 2799 1162 Nobilium
2831 1111 3150 1159 excusatum
3183 1097 3359 1152 volui-

1787 1223 1930 1262 mus.
1956 1205 2094 1271 Quid
2124 1204 2306 1275 igitur,
2332 1201 2564 1271 inquies,
2597 1199 2663 1252 de
2696 1197 3092 1268 Chrysoslomo
3116 1201 3360 1247 statuen-

1787 1299 1916 1353 dum
1948 1295 2146 1351 fuerit?
2178 1294 2253 1349 De
2299 1309 2365 1347 eo
2408 1291 2664 1345 nimirum
2696 1290 2770 1342 ita
2799 1287 3140 1342 sentiendum
3169 1282 3363 1336 existi-

1787 1405 2038 1446 mamus:
2088 1389 2171 1442 vel
2231 1386 2449 1456 aliquod
2505 1384 2564 1438 S.
2626 1381 2879 1450 martyris
2935 1377 3195 1445 scriptum
3253 1375 3368 1428 sive

1789 1482 2130 1553 epistolicum
2158 1480 2272 1535 sive
2301 1479 2440 1532 alius
2467 1475 2680 1546 generis
2714 1487 2859 1526 nunc
2890 1467 3228 1538 deperditum
3276 1480 3366 1519 re-

1787 1574 2028 1644 spexisse
2074 1569 2131 1625 S.
2182 1565 2630 1630 doctorem:vcl,
2677 1564 2722 1618 si
2757 1562 2970 1626 mavis,
3021 1559 3212 1628 Ignatii
3250 1557 3368 1627 epi-

1788 1665 2053 1722 stularum
2085 1662 2328 1716 codicem
2358 1655 2740 1725 interpolatum
2789 1653 2843 1705 in
2890 1650 3010 1719 ejus
3052 1663 3247 1702 manus
3273 1647 3372 1700 ali—

1789 1755 2010 1826 quando
2057 1752 2351 1814 incidisse,
2396 1763 2558 1818 quem
2604 1743 2809 1815 putarit
2849 1757 2969 1796 esse
3017 1753 3371 1809 germanum;

1789 1847 1935 1917 quod
1979 1855 2161 1900 tamen
2210 1842 2301 1896 vix
2353 1838 2678 1896 crediderim
2721 1853 2734 1889 :
2782 1834 2866 1888 vel
2913 1831 3151 1900 denique
3190 1829 3369 1897 ipsum

1790 1941 2024 1996 fortasse
2049 1939 2104 1992 in
2129 1937 2294 1990 alium
2324 1934 2392 1988 ab
2417 1933 2626 2000 Ignatio
2653 1928 3013 2000 apostolicum
3038 1927 3213 1977 virum
3243 1937 3376 1976 ocu—

1791 2038 1872 2092 los
1916 2033 2231 2090 inteudisse.
2282 2031 2350 2083 At
2393 2028 2458 2082 de
2505 2027 2590 2081 his
2635 2025 2768 2079 satis
2803 2041 2816 2077 :
2851 2036 2971 2091 qum
3009 2017 3227 2088 quidem
3263 2030 3372 2068 non

1791 2131 1968 2186 solum
1995 2126 2280 2196 eapropter
2313 2118 2620 2175 adnotanda
2671 2113 3003 2176 censuimus,
3035 2126 3102 2164 ne
3130 2109 3375 2160 virorum

1791 2221 2236 2279 doctissimorum
2277 2211 2573 2268 auctoritas
2611 2205 2906 2263 incuriosis
2945 2201 3240 2257 lectoribus
3286 2197 3375 2250 fu-

1793 2332 1917 2372 cum
1968 2313 2164 2376 faciat,
2206 2307 2299 2363 sed
2347 2306 2510 2360 etiam
2561 2304 2614 2357 in
2661 2300 2852 2370 primis
2895 2307 2955 2352 ut
3000 2292 3247 2364 epistolis
3285 2305 3377 2358 ge-

1793 2405 1978 2460 nuinis
2015 2401 2229 2457 debitus
2272 2399 2449 2452 honor
2487 2395 2543 2449 in
2585 2403 2701 2448 tuto
2743 2391 2958 2462 positus
3001 2385 3214 2442 ﬁrmius
3247 2396 3378 2438 con-

1796 2501 1974 2556 sistat.

1871 2590 2068 2646 Verum
2120 2595 2414 2656 antequam
2458 2583 2566 2638 alio
2614 2595 2672 2636 se
2716 2582 2998 2633 convertat
3049 2573 3255 2635 oratio,
3308 2569 3377 2625 de

1795 2683 1987 2754 Ignatii
2035 2680 2260 2750 epistola
2311 2675 2575 2731 Romanis
2609 2671 2872 2740 inscripta
2922 2681 3045 2738 qua:
3091 2666 3145 2718 in
3191 2662 3384 2718 codice

1800 2778 2042 2834 Medicco
2073 2777 2434 2838 desideratur,
2481 2768 2746 2825 nonnulla
2796 2765 2885 2819 hic
2917 2759 3253 2818 admouenda
3285 2771 3384 2811 oc-

1798 2879 2048 2934 currunt,
2097 2870 2272 2938 iisque
2317 2863 2589 2926 addenda,
2629 2875 2751 2928 qua:
2797 2856 3049 2926 superius
3097 2867 3162 2906 ea
3213 2850 3280 2904 de
3324 2862 3386 2902 re

1800 2963 2100 3032 attigimus.
2154 2958 2304 3013 Hanc
2351 2957 2517 3026 igitur
2563 2951 2849 3021 epistolam
2895 2948 3034 3019 typis
3081 2942 3383 3012 consigna-

1805 3054 1932 3116 turi,
1969 3050 2168 3105 Smithi
2197 3048 2472 3117 exemplar
2505 3045 2571 3099 ad
2602 3040 2875 3097 Ruiuartii
2914 3039 3120 3094 editum
3151 3035 3384 3103 diligen-

149 3148 206 3198 rit
228 3149 294 3199 r-ir
315 3147 558 3216 quidam,
590 3146 679 3216 qui
700 3153 822 3198 ante
844 3159 937 3196 nos
967 3152 1016 3196 et
1045 3145 1108 3194 de
1135 3142 1458 3197 successione
1489 3149 1695 3210 aposto-

1806 3157 1890 3202 ter
1929 3154 2181 3200 exactum
2234 3139 2565 3209 selegimus:
2603 3148 2776 3204 neque
2827 3131 2971 3184 enim
3014 3127 3285 3182 Clericum
3330 3124 3386 3177 in

150 3235 287 3287 torum
312 3235 432 3305 fuit,
466 3251 532 3287 ac
582 3233 837 3302 martyrio
873 3232 1122 3301 dignatus
1168 3231 1285 3285 est?
1332 3229 1506 3297 Quem
1551 3233 1696 3284 enim

153 3326 287 3379 alium
315 3337 610 3397 martyrem
646 3341 714 3379 ex
755 3324 1124 3394 apostolorum
1165 3322 1534 3388 successione,
1564 3336 1696 3391 pro-

155 3417 305 3471 tulerit
360 3417 794 3489 Cbrysostomus
853 3415 1158 3470 Antiochiae
1211 3415 1477 3483 loquens,
1533 3429 1696 3483 quam

159 3505 383 3576 lgtatium
417 3506 827 3562 Antiocheuum
867 3503 1228 3573 episcopum?
1257 3511 1315 3557 ut
1353 3505 1478 3573 jure
1522 3501 1700 3570 arguit

159 3600 210 3652 cl.
237 3598 668 3654 Moutfauconius
699 3597 832 3668 (20).
866 3597 1136 3652 Baronius
1164 3596 1257 3666 qui
1287 3595 1496 3665 primus
1517 3595 1696 3648 locum

159 3692 322 3745 deterit
348 3691 477 3762 (2i),
515 3689 812 3760 epistolam
837 3690 905 3743 ad
944 3687 1253 3758 Smyrnteos
1277 3685 1335 3740 S.
1375 3686 1526 3740 Patri
1575 3695 1702 3740 ante

160 3783 309 3838 oculos
331 3784 676 3838 obversatam
713 3780 883 3835 fuisse
924 3780 1179 3850 conjecit,
1217 3780 1311 3834 ubi
1353 3780 1470 3834 haec
1514 3779 1702 3849 legun-

165 3885 232 3928 tur
251 3876 387 3939 (2‘2):
420 3895 438 3927 ι
474 3877 543 3929 Εἰ
580 3874 690 3945 γὰρ
721 3875 750 3927 ὁ
777 3871 1088 3943 βασιλεῦσιν
1141 3872 1578 3944 ἐπεγειρόμενος,
1615 3890 1705 3924 κο-

164 3965 328 4030 λάσεως
365 3968 505 4033 ἄξιος
551 3968 774 4031 δικαίως
825 3968 1133 4037 γενήσεται,
1179 3963 1254 4028 ὥς
1299 3981 1363 4033 γε
1413 3964 1704 4036 παραλύων

165 4060 241 4131 τὴν
265 4062 426 4133 κοινὴν
465 4061 757 4132 εὐνομίαν·
795 4060 945 4129 πόσῳ
971 4059 1177 4112 δοκεῖτε
1202 4059 1439 4130 χείρονος
1468 4056 1705 4128 ἀξιωθή“

169 4168 286 4205 σεται
313 4155 595 4225 τιμωρίας,
629 4153 658 4205 ὁ
687 4152 815 4206 ἄνευ
865 4151 1162 4202 ἐπισκόπου
1204 4149 1257 4201 τί
1301 4151 1479 4201 ποιεῖν
1505 4151 1708 4220 ξπροαι-

172 4245 397 4316 ροὺμενος,
427 4247 518 4300 καὶ
558 4244 656 4315 τὴν
684 4244 935 4313 ὁμόνοιαν
968 4239 1231 4305 διασπῶν,
1274 4241 1368 4293 καὶ
1412 4239 1510 4310 τὴν
1544 4239 1706 4292 εὐτα-

170 4335 261 4398 ξίαν
274 4341 491 4410 συγχέων
509 4357 528 4406 ;
547 4359 564 4390 ι
599 4338 658 4393 Si
686 4339 824 4392 enim
847 4339 969 4408 jure
989 4337 1088 4390 erit
1107 4351 1262 4403 paena
1284 4335 1474 4405 dignus
1492 4333 1582 4402 qui
1611 4333 1710 4384 ad-

174 4441 308 4479 rersus
341 4445 472 4498 reges
517 4429 784 4499 insurgit,
837 4436 896 4481 ut
947 4427 1039 4497 qui
1103 4424 1330 4479 resolvat
1383 4439 1710 4476 communem

1801 3243 2038 3302 secunda
2068 3237 2411 3294 Coteleriana
2441 3233 2664 3286 Patrum
2688 3225 3114 3297 apostolicorum
3145 3220 3386 3275 editione

1801 3334 1956 3403 sequi
2000 3330 2222 3402 placuit,
2274 3327 2390 3396 qui,
2438 3339 2506 3378 ne
2554 3323 2755 3376 lectore
2807 3317 3025 3386 quidem
3083 3309 3383 3373 admonito,

1803 3434 2014 3480 textum
2049 3422 2163 3476 sive
2197 3418 2372 3488 ipsius
2403 3412 2644 3484 epistola:
2687 3411 2801 3464 sive
2843 3408 3104 3460 Actorum
3139 3401 3387 3470 martyrii

1802 3513 2069 3586 lgnatiani
2106 3507 2340 3566 subinde
2377 3503 2614 3568 refinxit,
2647 3501 2929 3566 eidemque
2971 3501 3130 3564 prout
3177 3490 3280 3546 sibi
3319 3490 3386 3542 Ii-

1801 3581 1918 3660 buit
1948 3605 2233 3658 immutato
2254 3614 2408 3654 suam
2438 3591 2937 3663 interpretationem
2963 3585 3181 3655 adjecit.
3206 3581 3387 3635 Unum

1802 3699 1886 3753 vel
1915 3698 2146 3750 alterum
2179 3691 2345 3762 hujus
2380 3689 2524 3743 haud
2570 3682 2806 3740 ferenda:
2838 3677 3070 3732 licentia:
3110 3674 3386 3745 specimen

1803 3789 2008 3858 accipe.
2036 3785 2094 3839 In
2123 3783 2364 3853 epistola:
2406 3776 2762 3846 inscriptione
2809 3768 3168 3824 Ruinartiana
3219 3764 3388 3818 editio

1805 3852 1988 3942 habet,
2011 3852 2239 3944 Πατρὸς
2260 3873 2547 3943 ὑψίστου.
2578 3867 2657 3921 Ita
2690 3877 2907 3935 quoque
2937 3856 3283 3928 Logothetes.
3312 3852 3384 3905 At

1805 3971 2046 4027 Clericus
2087 3982 2209 4022 cum
2255 3962 2507 4026 Usserio,
2543 3959 2816 4029 ίύψιστου
2873 3950 3122 4018 Πατρός.
3183 3945 3390 3999 Ibidem

1805 4063 1950 4132 apud
1981 4058 2328 4113 Ruinartium
2349 4097 2364 4122 ,
2395 4053 2493 4108 καὶ
2535 4048 2738 4117 Ἰησοῦ
2771 4042 3024 4114 Χριστοῦ
3066 4038 3169 4093 τοῦ
3201 4037 3392 4107 μόνου

1819 4127 1955 4206 Ῠὶοῦ
2011 4149 2223 4204 αὐτοῦ.
2299 4146 2500 4201 Vocem
2546 4143 2740 4212 μόνου
2795 4137 2958 4192 habet
3009 4134 3173 4188 etiam
3224 4127 3392 4182 Meta—

1806 4247 2075 4315 phrastes,
2127 4241 2364 4311 legitque
2410 4238 2463 4290 in
2512 4250 2614 4290 suo
2661 4231 2850 4287 codice
2895 4237 3054 4282 vetus
3098 4224 3389 4289 interpres.

1806 4337 2051 4394 Clericus
2085 4344 2263 4388 tamen
2307 4329 2504 4384 maluit
2555 4341 2680 4382 cum
2731 4322 2972 4383 Usserio,
3021 4312 3393 4386 μονογενοῦς

1808 4427 1994 4484 αὐτοῦ
2053 4425 2210 4479 Υὶοῦ.
2243 4423 2448 4477 Ibidem
2483 4419 2757 4478 Ruinart.,
2802 4414 2933 4482 ἥτις
2962 4409 3057 4464 καί
3099 4405 3394 4475 προκάθη-

175 4518 393 4583 quietem:
422 4530 620 4589 quanto
665 4519 864 4588 putatis
915 4496 1127 4589 gravius
1183 4516 1467 4570 merebitur
1515 4516 1929 4585 suppli-Dzat,
1979 4515 2082 4571 Ubi
2133 4513 2376 4584 apposite
2427 4510 2684 4564 observat
2736 4504 3015 4564 Smithus,
3068 4496 3391 4568 particulam

177 4607 302 4673 cium,
326 4612 405 4680 qui
425 4614 533 4666 sine
567 4612 808 4680 episcopo
846 4610 974 4682 quid
1001 4609 1133 4664 uolet
1164 4626 1334 4679 agere,
1365 4609 1705 4662 concordiam

179 4714 372 4769 rumpens
402 4715 448 4757 et
481 4703 674 4757 bonum
706 4703 944 4756 ordinem
989 4701 1355 4771 confundens?
1381 4700 1550 4770 Cujus
1585 4699 1708 4768 qui-

180 4788 272 4844 dem
315 4791 409 4848 Ioci
457 4796 603 4861 vim,
649 4810 758 4847 non
809 4793 978 4848 verba
1022 4792 1324 4848 reddidisse
1374 4791 1706 4862 Chrysosto-

181 4893 314 4948 mum,
351 4895 502 4955 atque
544 4885 613 4940 ad
655 4886 993 4955 propositum
1027 4885 1158 4940 illud
1201 4901 1361 4940 suum
1405 4884 1702 4951 inflexisse,

184 4973 330 5028 statuit
355 4976 485 5031 idem
507 4977 796 5031 Annalium
830 4977 1328 5032 ecclesiasticorum
1365 4991 1580 5045 parens.
1609 4976 1706 5031 Se-

186 5078 260 5120 cus
279 5083 388 5123 vero
418 5073 708 5126 arbitratur
734 5071 1114 5126 Tillemontius
1147 5071 1283 5141 (25),
1315 5072 1403 5126 cui
1432 5072 1585 5125 locus
1619 5071 1706 5125 hic

189 5153 444 5256 lgnatiauus
465 5180 587 5220 cum
619 5165 712 5218 illo
739 5163 1116 5234 Chrysostomi
1159 5165 1250 5218 vix
1277 5164 1554 5234 quidpiam
1588 5162 1705 5217 alii-

190 5253 332 5306 uitatis
371 5253 560 5310 habere
623 5255 858 5309 videtur.
910 5253 1353 5309 Montfaucouius
1415 5264 1596 5309 tamen
1649 5255 1702 5308 in

193 5335 364 5397 Baronii
387 5347 701 5403 sententiam
725 5347 995 5403 concedit.

244 5499 334 5568 (18)
355 5501 464 5559 Vet.
487 5506 632 5562 Test.
650 5524 713 5562 ex
743 5523 883 5562 vers.
905 5507 1044 5560 LXX
1067 5507 1196 5562 edit.
1239 5505 1427 5571 Grab.,
1451 5514 1582 5559 tom.
1614 5503 1702 5571 Ill,

195 5573 436 5650 Pioj‘t‘gom.
465 5593 516 5630 n.
549 5594 622 5644 tv,
660 5579 763 5633 sub
803 5581 895 5632 lin.
933 5578 992 5650 ἐξ
1021 5578 1147 5632 Jam
1186 5594 1250 5632 ea:
1282 5578 1378 5630 hoc
1416 5577 1700 5640 schemate,

196 5647 234 5688 et
256 5639 350 5693 Duo
373 5653 531 5700 tamen
557 5639 700 5703 sunt.

199 5709 336 5832 Ρ
534 5717 816 5788 Cbrysost.
849 5715 985 5788 Opp.
1019 5727 1152 5774 tom.
1192 5715 1234 5786 l,
1285 5732 1405 5787 pag.
1438 5716 1541 5771 595
1572 5716 1698 5772 cdit.

1809 4609 2172 4679 emphaticam
2206 4605 2303 4658 καί
2343 4603 2482 4656 male
2524 4600 2690 4654 fuisse
2730 4597 2784 4651 in
2817 4591 3050 4663 vulgatis
3090 4588 3389 4642 omissam:

1808 4717 1971 4774 quam
2023 4697 2375 4754 nihilominus
2448 4692 2732 4756 Clericus,
2785 4685 3067 4742 Usserium
3133 4687 3389 4741 secutus,

1807 4796 2062 4851 omisisse
2094 4791 2447 4860 comperitur.
2498 4785 2702 4839 Ibidem
2756 4780 2859 4836 sub
2904 4778 3068 4832 tinem
3118 4769 3390 4826 Ruinartii

1807 4888 2106 4956 exemplar,
2156 4884 2226 4936 ἐν
2270 4879 2475 4949 Ἰησοῦ
2523 4873 2754 4945 Χριστῷ
2803 4871 2882 4937 τῷ
2948 4867 3088 4933 Θεῷ.
3146 4864 3393 4920 Clericus

1808 4955 2060 5040 veropér
2089 4975 2283 5042 Κυρίῳ
2316 4968 2516 5037 Ἰησοῦ
2547 4964 2775 5035 Χριστῷ
2805 4960 2944 5027 Θεῷ.
2975 4958 3146 5013 Habet
3175 4955 3389 5026 quidem

1811 5069 2062 5124 Usserius
2113 5066 2328 5133 Κυρίῳ,
2377 5062 2472 5117 sed
2531 5060 2729 5114 retinet
2775 5055 3062 5109 articulum
3110 5049 3189 5113 τῷ
3235 5051 3322 5107 9.,
3361 5062 3393 5100 a

1806 5162 2018 5215 C‘erico
2050 5156 2480 5228 prmtermissum
2512 5172 2524 5206 :
2563 5151 2705 5220 quod
2746 5149 2798 5201 in
2836 5146 3026 5216 primis
3067 5142 3389 5196 notandum.

1807 5253 1928 5307 Uno
1963 5253 2146 5312 verbo,
2183 5247 2361 5303 editor
2392 5239 2938 5302 Amstelodamensis,
2976 5235 3161 5290 relicta
3187 5231 3391 5302 passim

1810 5344 2168 5399 liuinartiana
2199 5339 2460 5404 editione,
2503 5334 2781 5390 Usserium
2813 5331 3011 5400 ubique
3045 5327 3213 5383 ferme
3242 5338 3394 5378 assc-

1881 5502 1992 5615 $20)
2024 5498 2319 5554 Montfauc.
2355 5497 2409 5551 in
2438 5496 2721 5583 Cbrysost.
2755 5491 2912 5554 ibid.,
2945 5495 3061 5542 not.
3091 5501 3143 5542 c.

1904 5576 1995 5615 9H
2025 5572 2222 5615 “nr-nn-
2259 5569 2324 5615 ad
2353 5584 2439 5615 an.
2472 5567 2598 5615 .382.
2629 5564 2653 5615 8
2681 5578 2776 5615 LII.

1904 5564 1995 5639 2f)
2024 5572 2223 5624 Barou.
2259 5569 2324 5622 ad
2353 5584 2439 5621 an.
2472 5564 2598 5639 58;},
2629 5564 2654 5634 §
2681 5578 2776 5615 LII.

1884 5627 1999 5714 (9.2)
2034 5642 2203 5714 lignat.
2230 5639 2402 5714 Epist.
2429 5637 2496 5689 ad
2530 5627 2744 5714 S_mg}rn.
2771 5633 3135 5714 i‘nterp.,_c_ap.
3161 5627 3217 5684 9.

1884 5697 1999 5787 {'25)
2037 5697 2248 5768 T’illcm.
2279 5697 2437 5763 Mem.
2467 5707 2593 5761 ccci.
2624 5697 2755 5761 iuni.
2781 5701 2874 5770 XI,
2903 5716 2955 5771 p.
2985 5697 3110 5755 564.
