3852 6206
435 311 542 366 575

1513 316 1569 369 S.
1613 313 1963 369 IGNATIUS.
2001 341 2072 353 —-
2114 311 2644 373 PROLEGOMENA.

3603 320 3714 377 576

432 442 646 499 ctatur;
693 432 788 502 qui
822 441 1040 500 tamen,
1079 449 1204 490 cum
1242 435 1382 490 hanc
1414 433 1606 504 lgnatii
1645 437 1928 506 epistolam
1963 436 2017 490 in
2047 442 2094 494 Δ
2121 437 2329 505 polatas
2352 441 2466 508 pari
2496 439 2620 509 jure
2644 438 2883 510 gaudere
2903 439 3179 510 opinatur.
3214 438 3320 497 Sed
3349 441 3453 498 iste
3479 442 3715 499 demum

433 525 587 581 nullo
629 540 737 580 ms.
773 525 964 581 codice
1007 527 1341 592 invenisset,
1393 529 1556 584 unius
1603 529 1799 584 veteris
1841 529 2014 583 inter-

433 617 602 688 pretis
631 618 795 676 ductu
828 633 949 673 eam
978 621 1046 674 ab
1073 619 1582 689 interpolationibus
1630 621 1894 675 redimere
1921 621 2018 674 ad-

433 709 592 765 nisus
621 709 740 765 fuit.
777 707 955 780 thue
993 726 1080 766 res
1121 712 1494 780 experimento
1541 713 1824 782 probetur,
1857 710 2018 765 adeat

433 807 607 861 lector
633 805 895 862 Grabium
933 806 1045 877 (24)
1069 824 1082 873 ;
1111 808 1204 877 qui
1229 807 1497 862 Ruinartii
1523 807 1800 876 exemplar
1823 807 2017 861 verbo-

432 908 594 955 tenus
639 898 906 967 exhibuit,
941 899 1229 968 variasque
1281 896 1609 954 Usserianas
1653 898 1913 954 lectiones
1959 897 2013 952 in

432 990 701 1059 cujusque
749 989 959 1058 paginae
1007 989 1235 1044 limbum
1281 989 1522 1058 conjecit
1563 1007 1576 1043 :
1611 1004 1750 1059 quas
1795 988 2016 1057 quidem

432 1096 554 1134 cum
590 1080 787 1134 Clerici
822 1079 966 1134 edito
997 1080 1283 1150 diligenter
1326 1080 1636 1144 conferens,
1670 1080 1810 1134 haud
1846 1094 2018 1150 pauca

433 1187 566 1228 sane
614 1173 827 1237 addita,
877 1175 1183 1240 immutata,
1226 1175 1557 1243 transposita
1607 1173 1755 1228 facili
1800 1175 2018 1243 negotio

431 1266 824 1336 deprehendet.
881 1268 1118 1323 Rectene
1172 1285 1304 1324 vero
1362 1283 1431 1321 an
1496 1281 1656 1322 secus
1709 1267 1761 1321 id
1812 1267 2017 1321 factum

434 1357 620 1419 fuerit.
661 1357 785 1414 aliis
831 1359 1235 1415 decernendum
1285 1360 1668 1430 relinquimus.
1714 1358 1826 1416 Nos
1868 1360 2016 1414 enim

433 1450 692 1505 nonnulla
736 1452 1052 1521 speciminis
1093 1468 1224 1522 ergo
1266 1467 1332 1507 ex
1384 1469 1491 1506 una
1534 1453 1778 1522 epistola:
1821 1454 2019 1509 inscri-

434 1539 617 1610 ptione
650 1541 920 1598 delibasse
953 1544 1213 1610 contenti,
1245 1544 1310 1598 ad
1346 1543 1448 1597 alia
1481 1553 1857 1613 properamus.

1033 1678 1264 1734 CAPUT
1327 1679 1418 1737 IV.

437 1765 667 1831 Quinam
689 1770 879 1823 harum
904 1773 1247 1842 epistularum
1271 1772 1632 1842 integritatem
1662 1789 1772 1842 prce
1806 1773 2009 1827 caeteris
2040 1779 2084 1834 Β

502 1841 1281 1913 ρι’ρριιᾳηαιῖὶιιι,ΑΝουίδδὶηιιιδ
1316 1845 1549 1913 ipsarum
1593 1841 1714 1897 osor
1745 1843 2006 1908 Oudinus,

506 1925 539 1983 (ι
574 1908 872 1983 Mamachio
908 1911 967 1965 V.
1003 1914 1064 1968 C.
1097 1914 1292 1966 acriter
1316 1908 1628 1983 castigatus.
1665 1913 2008 1967 Heumannus

505 1979 632 2053 item
690 1980 994 2053 plerumque
1045 1983 1246 2038 Oudini
1308 1979 1537 2038 sectator
1605 1985 2009 2053 perstringitur:

506 2050 723 2119 ejusque
750 2050 1031 2119 objectatio
1065 2055 1128 2107 de
1154 2055 1365 2108 vocibus
1389 2050 1795 2108 Latinis’textui
1830 2050 2013 2108 Graeco

506 2119 754 2172 immixtis
799 2124 1122 2191 exploditur.
1175 2123 1428 2192 Epistolte
1457 2127 1521 2177 ab
1558 2124 1771 2194 Ignatio
1803 2141 1861 2178 eo
1891 2135 2015 2177 tem-

505 2205 629 2258 pore
652 2195 978 2264 perscriptm,
1006 2211 1107 2264 quo
1139 2195 1242 2263 fuit
1272 2195 1554 2249 Antiochia
1577 2195 1798 2250 Romam
1822 2195 2014 2248 missus

511 2261 770 2330 martyrio
800 2261 1270 2320 consummandus.

506 2373 625 2430 Jam
669 2391 800 2432 vero
849 2378 1146 2447 postularet
1195 2379 1425 2434 instituti
1469 2380 1640 2435 nostri
1675 2379 1837 2442 ratio,
1864 2386 1926 2434 ut
1952 2378 2018 2433 de

438 2469 632 2523 harum
682 2470 1037 2538 epistolarum
1087 2471 1399 2540 integritate
1457 2486 1636 2527 sermo
1703 2472 2016 2525 haberetur.

439 2558 544 2616 Sed
579 2571 758 2616 actum
790 2562 1032 2631 profecto
1067 2578 1374 2633 ageremus.
1411 2579 1534 2618 cum
1564 2563 1775 2633 jamdiu
1805 2579 1870 2619 eo
1899 2579 2022 2617 mu-

437 2665 567 2705 nere.
601 2653 736 2707 adeo
773 2662 996 2708 strenue
1023 2652 1292 2722 perfuncti
1337 2651 1539 2706 fuerint
1567 2653 1878 2722 complures
1916 2651 2020 2706 viri

437 2745 606 2812 docti,
641 2757 700 2800 ut
733 2746 836 2802 hac
871 2747 939 2802 de
973 2762 1031 2801 re
1063 2747 1244 2802 nullus
1276 2746 1502 2801 omnino
1547 2745 1832 2799 dubitandi
1870 2745 2022 2799 locus

438 2837 696 2906 supersit,
729 2838 1027 2892 dummodo
1059 2838 1309 2908 quisque,
1343 2837 1712 2906 pranjudicatis
1751 2835 2023 2906 opinioni-

440 2927 540 2981 bus
570 2928 835 2997 tantisper
867 2928 1140 2996 sepositis,
1176 2929 1388 2983 sincera
1418 2937 1598 2983 mente
1629 2936 1794 2997 atque
1841 2926 2024 2980 animo

439 3018 672 3085 ingenuo
692 3019 930 3072 rationes
953 3018 1202 3087 utrinque
1229 3017 1421 3071 allatas
1441 3017 1730 3086 diligenter
1751 3015 2012 3069 excutiat.

2119 530 2378 598 praecocis
2421 531 2623 601 ingenii
2663 531 2805 587 fetus
2853 530 3025 588 fuisse
3065 533 3280 588 videtur
3317 552 3330 588 :
3374 544 3432 588 ut
3474 538 3719 606 proinde

2121 622 2348 676 comiter
2399 623 2471 678 sit
2512 623 2868 693 excipiendus
2897 623 3117 693 juvenis
3147 625 3578 692 eruditissimus,
3614 629 3717 698 qui

2122 728 2320 778 magna
2363 722 2642 782 spectasse
2675 709 3006 784 comperitur
3039 734 3052 769 :
3086 717 3213 785 quia
3252 733 3355 770 non
3401 719 3566 771 modo
3605 735 3721 772 non

2119 808 2383 860 invidetur
2411 807 2492 860 illi
2521 808 2692 871 aetati,
2718 817 2776 862 ut
2802 823 2930 862 vere
2957 823 3021 862 ac
3051 809 3324 878 sapienter
3349 809 3546 866 Cicero
3570 813 3718 882 (55),

2119 914 2296 952 verum
2324 898 2486 952 etiam
2520 899 2742 968 favetur.

2189 988 2336 1043 Inter
2369 1003 2466 1044 eos
2509 997 2688 1045 autem
2719 991 2813 1061 qui
2845 1005 2947 1059 pro
2983 991 3228 1060 epistolis
3262 993 3492 1050 sinceris
3523 994 3720 1048 vindi-

2118 1080 2233 1137 cias
2262 1081 2607 1152 evulgantnt,
2641 1080 2997 1138 Pearsonium
3026 1085 3271 1140 eminere
3304 1102 3464 1140 nemo
3492 1087 3719 1152 nescit;

2117 1172 2231 1226 sive
2253 1172 2453 1243 ingenii
2484 1182 2538 1226 et
2556 1171 2752 1242 judicii
2781 1189 3011 1228 acumen
3047 1175 3330 1244 inspicias,
3364 1176 3478 1230 sive
3520 1177 3724 1230 multi-

2114 1261 2300 1331 jugam
2328 1270 2384 1316 et
2419 1261 2751 1331 exquisitam
2796 1263 3156 1318 eruditionem
3193 1273 3426 1333 spectes,
3457 1263 3580 1318 sive
3621 1280 3722 1318 co-

2117 1348 2263 1418 piam
2310 1358 2752 1418 argumentorum
2799 1359 2854 1405 et
2895 1352 3110 1421 pondus
3137 1353 3432 1422 expendas.
3477 1352 3720 1420 Verum,

2119 1453 2258 1509 opus
2306 1438 2740 1497 Pearsouianum
2788 1443 2916 1497 licet
2959 1443 3094 1498 adeo
3125 1444 3486 1512 luculentum,
3531 1462 3722 1515 oppu-

2119 1547 2286 1602 gnare
2311 1544 2435 1588 sunt
2472 1536 2713 1605 aggressi
2745 1535 3032 1591 Matthmus
3083 1536 3471 1608 Larroquanus
3507 1546 3571 1592 et
3608 1537 3726 1592 Ca-

2119 1625 2342 1680 simirus
2387 1624 2655 1684 Oudinus.
2710 1627 2775 1682 Et
2798 1629 2944 1684 illius
2983 1631 3202 1700 quidem
3241 1640 3472 1686 conatus
3517 1631 3723 1686 irritos

2121 1716 2293 1770 fuisse
2325 1728 2833 1772 commonstrarunt
2867 1721 2922 1773 in
2965 1721 3157 1790 primis
3206 1723 3402 1790 partim
3439 1720 3724 1792 Georgius

2114 1806 2302 1861 Bullus
2325 1805 2463 1875 (56),
2494 1807 2691 1877 partim
2722 1808 2980 1867 Nicolaus
3010 1810 3276 1869 Nourrius
3307 1813 3418 1882 (57)
3451 1814 3670 1883 aliique
3702 1827 3718 1862 ε

2112 1907 2173 1953 ut
2212 1899 2438 1968 proinde
2484 1898 2728 1956 Clericus
2761 1901 2883 1971 jure
2918 1905 3218 1970 censuerit,
3257 1905 3386 1959 dum
3426 1906 3504 1960 ait
3545 1907 3672 1977 (58)
3703 1923 3719 1959 :

2119 2011 2138 2043 ι
2165 1991 2386 2046 Illarum
2408 2006 2587 2044 rerum
2613 1994 2795 2062 periti,
2826 2003 3057 2065 utroque
3081 2011 3244 2066 opere
3265 1997 3554 2068 diligenter
3587 2014 3695 2068 per
3718 2034 3723 2038 -

2115 2087 2275 2151 lceto,
2319 2097 2588 2152 negarunt
2623 2088 2896 2143 eruditum
2937 2088 3091 2142 illum
3134 2089 3309 2144 virum
3354 2091 3460 2145 ulla
3493 2093 3721 2151 ratione

2115 2179 2400 2238 Pearsonii
2459 2191 2784 2256 argumenta
2835 2181 3218 2237 labefactasse.
3265 2202 3283 2235 ι
3320 2183 3519 2239 Oudini
3579 2201 3718 2240 vero

2116 2273 2553 2331 dissertationem
2587 2276 2726 2345 (59),
2754 2275 2850 2346 qui
2897 2273 3080 2329 Dallaei
3104 2277 3334 2346 ejusque
3383 2279 3714 2348 sequacium

2117 2366 2506 2436 objectationes
2563 2369 2884 2438 plerumque
2949 2368 3287 2424 instaurasse
3345 2371 3708 2440 perhibetur,

2121 2469 2271 2515 tanta
2314 2461 2532 2516 demum
2579 2463 2854 2516 rationum
2897 2466 2947 2515 vi
3003 2477 3129 2517 cum
3157 2463 3488 2518 elocutionis
3527 2465 3713 2535 digni-

2129 2560 2240 2606 tate
2285 2552 2597 2622 conjuncta,
2651 2569 2826 2622 nuper
2867 2551 3180 2610 conlutasse
3226 2555 3482 2611 novimus
3523 2557 3712 2612 virum

2119 2645 2368 2699 doctrina
2414 2652 2470 2700 et
2521 2645 2831 2701 eruditione
2874 2655 3221 2716 praestantem
3276 2645 3544 2704 Thomam
3597 2649 3715 2703 Ma-

2121 2738 2258 2791 riam
2289 2735 2653 2792 Mamachium
2693 2737 2826 2807 (40),
2861 2748 2921 2792 ιιι
2947 2738 3070 2808 jure
3113 2755 3388 2809 usurpare
3430 2742 3608 2810 possit
3648 2741 3711 2799 ν.

2121 2830 2185 2885 C.
2219 2827 2530 2884 Tullianum
2559 2829 2690 2884 illud
2724 2849 2738 2884 :
2774 2829 2941 2885 Nullo
2971 2849 3089 2886 eum
3125 2831 3238 2886 loco
3274 2835 3560 2890 consistere
3593 2854 3713 2891 sunt

2122 2937 2332 2990 passus.
2379 2922 2557 2991 Atque
2602 2921 2728 2977 inde
2762 2921 3036 2994 intelligas
3077 2926 3262 2991 velim,
3319 2928 3501 2982 soluta
3546 2929 3715 2983 simul

2125 3013 2426 3072 Heumanni
2450 3023 2770 3084 argumenta
2793 3035 2808 3084 ;
2831 3017 3032 3087 quippe
3051 3020 3144 3089 qui
3169 3018 3477 3075 Oudiniana
3498 3023 3714 3092 potiora

442 3106 696 3163 Vindices
751 3107 1062 3179 lgnatianos
1130 3109 1435 3179 praecipuos
1501 3108 1759 3164 collectos
1819 3107 2018 3176 praebet
2045 3133 2088 3191 ο
2124 3108 2312 3179 paucis
2343 3117 2643 3173 contracta,
2680 3117 2940 3178 tanquam
2984 3111 3175 3181 lgnatii
3204 3113 3561 3181 epistolarum
3598 3132 3717 3170 eer-

438 3211 670 3271 utraque
715 3202 1056 3257 Coteleriana
1105 3202 1326 3258 Patrum
1379 3203 1805 3273 apostolicorum
1854 3201 2018 3256 editio

439 3293 959 3348 Amstelodamensis
985 3313 998 3348 :
1032 3295 1230 3363 quibus
1256 3306 1434 3349 tamen
1465 3293 1700 3348 addendi
1725 3292 2020 3347 Tillemon-

439 3384 550 3438 tius
605 3385 742 3454 (25),
789 3383 997 3441 Natalis
1050 3386 1357 3442 Alexander
1411 3387 1546 3455 (26),
1595 3385 1862 3440 Nourrius
1907 3383 2021 3456 (27)

441 3485 604 3544 atque
647 3476 950 3532 Ceillierius
995 3479 1130 3548 (28).
1181 3478 1367 3549 Neque
1411 3479 1693 3534 omittendi
1739 3477 2023 3533 Wottonus

444 3569 582 3634 (29),
615 3568 860 3625 Clericus
889 3571 1023 3641 (50),
1079 3571 1477 3642 Wesselingius
1527 3571 1640 3641 (51)
1687 3578 1741 3626 et
1787 3569 2024 3624 Joannes

443 3657 750 3714 Ludovicus
780 3659 917 3731 Frey
953 3661 1065 3732 (52)
1095 3680 1108 3716 :
1140 3661 1233 3731 qui
1282 3677 1381 3731 pro
1409 3663 1724 3716 breviorum
1764 3659 2026 3730 Epistola-

442 3767 566 3805 rum
611 3755 968 3820 germanitate
1001 3755 1198 3825 stylum
1229 3756 1566 3808 strinxerunt
1597 3754 1857 3808 adversus
1889 3752 2024 3806 Cui-

443 3844 691 3897 lielmum
719 3844 1087 3911 Whistonum,
1117 3846 1211 3916 qui
1239 3861 1348 3900 non
1377 3847 1555 3900 solum
1587 3853 1792 3914 septem
1820 3843 2028 3913 episto-

444 3936 526 3989 las
560 3935 858 4005 longiores,
893 3951 1079 3990 verutn
1127 3937 1292 3991 etiam
1348 3946 1457 3992 tres
1502 3935 2024 4006 pseudepigraphas,

445 4027 512 4080 ad
544 4026 864 4094 Tarsenses,
895 4029 958 4083 ad
985 4029 1353 4085 Antiochenos
1380 4039 1434 4084 et
1473 4029 1540 4083 ad
1575 4027 1869 4089 Heronem,
1901 4035 2026 4078 tan-

2121 3200 2332 3256 tissima
2379 3199 2590 3263 νοθείας
2635 3199 2836 3255 indicia
2877 3201 2981 3256 sibi
3019 3203 3192 3257 videri
3238 3217 3519 3261 asseverat
3573 3208 3713 3278 (41).

2120 3291 2357 3361 Jamque
2379 3291 2521 3346 idem
2559 3290 2827 3360 judicium
2853 3293 3053 3347 tulerat
3090 3294 3319 3363 ipsemet
3355 3295 3716 3355 Heumannus

2123 3385 2178 3440 in
2227 3385 2380 3439 Actis
2418 3383 2754 3438 eruditorum
2781 3385 2918 3456 (42),
2949 3384 3310 3443 Oxoniensem
3352 3389 3554 3446 Smithi
3594 3394 3717 3448 edi-

2124 3476 2324 3530 tionem
2367 3490 2698 3542 recensens;
2733 3477 2892 3546 cujus
2925 3477 3122 3533 deinde
3154 3482 3478 3536 sententiam
3511 3487 3720 3553 placuit

2123 3567 2336 3622 Oudino
2386 3567 2441 3620 in
2491 3567 2765 3623 laudatam
2825 3585 2980 3624 suam
3039 3571 3489 3630 dissertationem
3535 3586 3719 3635 trans-

2126 3659 2269 3713 ferre
2294 3659 2433 3728 (45).

2198 3748 2650 3819 Quandoquidem
2680 3766 2810 3806 vero
2837 3751 3142 3810 Germanus
3174 3755 3263 3810 ille
3284 3758 3515 3814 criticus
3550 3761 3605 3815 in
3645 3777 3709 3816 ea

2128 3837 2399 3910 Lipsiensi
2453 3841 2792 3902 recensione,
2844 3857 3008 3912 quam
3039 3845 3165 3898 licet
3186 3843 3404 3904 Oudino
3425 3849 3720 3917 probatam

2127 3935 2538 3990 eruditissimus
2567 3933 2906 3992 Mamachius
2929 3939 3210 4007 praeteriit,
3233 3938 3376 3994 inter
3399 3949 3564 3996 notas
3586 3958 3720 4011 sup-

2131 4027 2424 4097 positionis
2453 4028 2769 4081 earumdem
2809 4029 3199 4098 epistolarum,
3246 4031 3382 4086 illud
3423 4033 3593 4086 etiam
3636 4050 3722 4089 re-

445 4134 610 4189 quam
657 4121 920 4189 genuinas
970 4122 1025 4176 in
1062 4137 1160 4177 suo
1194 4121 1607 4177 Christianismo
1657 4118 1884 4172 redivivo
1915 4115 2028 4182 (55)
2131 4117 2272 4170 ferre
2322 4132 2432 4186 prze
2483 4133 2543 4173 se
2585 4117 2726 4184 fert,
2763 4121 2910 4188 quod
2953 4120 3158 4177 Graecis
3196 4122 3425 4177 vocibus
3462 4125 3718 4193 quaedam

445 4207 2029 4284 omnianimicontentionepropugnavit.Whistonohaud
2130 4209 2293 4264 etiam
2365 4208 2571 4264 Latinae
2636 4211 2890 4267 immistae
2953 4215 3336 4283 reperiantur,
3404 4217 3718 4285 cujusmodi

446 4304 520 4358 ita
551 4305 759 4374 pridem
796 4321 960 4375 quam
993 4307 1239 4376 proxime
1275 4305 1507 4361 accessit
1539 4303 1781 4358 Joannes
1831 4299 2016 4367 Philip

2142 4310 2260 4354 sunt
2283 4301 2684 4371 ἐξεμπλάριον
2711 4303 2841 4375 (44),
2875 4303 3188 4374 δεσέρτωρ,
3220 4305 3719 4373 δεπόσιτα,ἇκκε-

444 4411 551 4466 με
582 4395 891 4453 Baraterius
919 4399 1055 4468 (54),
1085 4399 1260 4469 utqui
1290 4398 1418 4452 licet
1464 4397 1740 4451 breviores
1770 4393 2030 4463 epistolas
2135 4405 2252 4444 πτα
2281 4392 2412 4464 (45);
2437 4394 2794 4464 queriturque
2833 4395 3061 4466 proinde
3094 4395 3450 4452 Pearsonium
3474 4417 3541 4455 ac
3568 4400 3716 4456 Smi-

445 4489 596 4544 velut
621 4489 864 4545 sinceras
891 4498 1173 4562 agnoscat,
1205 4490 1480 4560 longiores
1511 4497 1691 4543 tamen
1719 4487 1833 4542 sive
1859 4485 2026 4540 inter-
2061 4481 2106 4538 D
2132 4484 2283 4538 thum
2315 4485 2432 4540 loca
2457 4487 2550 4541 illa
2583 4488 2810 4542 omnino
2849 4489 3290 4558 praetermisisse,
3339 4493 3486 4562 quod
3527 4505 3716 4550 essent

517 4665 635 4742 (ἓξ)
663 4663 829 4742 ﬁteb-
865 4664 1077 4742 δρὲρὶιη
1109 4667 1341 4742 tom-1L
1370 4682 1426 4736 ιλ
1457 4666 1528 4742 13
1557 4680 1710 4735 seqq.
1904 4733 1931 4742 -.

662 4732 1081 4816 :l‘illem.'lllén_t.
1121 4738 1248 4792 eccl.
1283 4732 1422 4816 tom.
1457 4735 1521 4800 1|,
1555 4732 1710 4816 pagg.
1743 4733 1871 4816 204,
1902 4732 2026 4787 581.

544 4805 634 4874 26)
662 4805 784 4860 Nat.
817 4807 970 4861 Alex.
1005 4807 1150 4862 Hist.
1187 4809 1338 4870 eccl.,
1365 4824 1490 4862 δίης.
1531 4823 1590 4866 ιι.
1625 4805 1842 4860 dissert.
1872 4819 2027 4858 χχιιι.

521 4874 636 4943 (27)
669 4874 837 4931 Nour.
888 4877 1088 4947 Appar.
1132 4879 1200 4932 ad
1251 4877 1394 4932 Bibl.
1439 4876 1580 4944 PP.,
1629 4885 1763 4931 tom.
1814 4875 1860 4942 Ι,
1905 4889 2026 4944 pag.

2205 4661 2320 4730 (55)
2349 4660 2526 4716 Cicer.
2560 4659 2636 4714 De
2665 4661 2821 4730 ofﬂa,
2850 4660 2947 4730 lib.
2986 4676 3047 4724 ιι,
3075 4675 3196 4730 cap.
3225 4660 3259 4714 9
3285 4675 3379 4715 seu
3413 4661 3503 4716 15.

2205 4729 2322 4803 (56)
2349 4731 2468 4786 Bul.
2497 4729 2715 4798 Defens.
2736 4731 2830 4800 ﬁd.
2864 4729 3016 4797 Nic.,
3042 4743 3174 4787 sect.
3201 4745 3283 4797 ιιι,
3305 4746 3426 4801 cap.
3455 4731 3508 4796 1,
3539 4731 3604 4804 §§
3633 4733 3719 4788 ωδ

2137 4803 2225 4867 14,
2259 4819 2378 4871 pag.
2412 4801 2674 4857 179-184.
2817 4869 2828 4871 Α

2206 4869 2551 4942 (5“7)’Νοιιιϊ.
2580 4873 2784 4942 ρρρᾳν.
2816 4869 2853 4925 l.
2878 4885 2927 4942 c.

449 4947 825 5088 Ἰθέῗῖξίῖῥρῑιι.
859 5016 1004 5071 Hist.
1036 5034 1208 5088 gener.
1237 5027 1370 5088 tom.
1403 5015 1446 5084 Ι,
1477 5016 1737 5088 ρίιᾳζϐἓ5
1767 5029 1919 5088 seqq.

521 5083 633 5157 (29)
660 5085 904 5141 Wotton.
931 5083 1143 5142 Prailat.
1162 5089 1228 5143 ad
1259 5083 1437 5157 Epist.
1467 5083 1526 5142 S.
1554 5083 1826 5141 Clement.
1864 5083 2022 5138 Rom.

447 5173 1032 5231 p‘iggtccxxstufccn.

524 5223 635 5296 (50)
665 5227 864 5283 Cleric.
892 5229 945 5281 in
981 5227 1132 5283 calce
1159 5227 1269 5282 vol.
1300 5224 1346 5282 ll
1372 5225 1488 5282 PP.
1534 5235 1729 5297 apost.,
1774 5241 1894 5296 pag.
1925 5223 2023 5279 501

449 5313 636 5474 Σῗέἓί)
668 5366 997 5439 Wcsscling.
1032 5365 1304 5421 Probabil.
1353 5367 1448 5422 lib.
1474 5365 1630 5438 "sing.
1674 5381 1796 5436 cap.
1837 5365 1926 5431 55,
1971 5379 2025 5434 p.

453 5440 806 5589 ἓδῖἕιξῗηὲἒργ
832 5505 1140 5589 meiat-ed
1168 5506 1352 5589 Epist:
1368 5507 1607 5589 5531:3-
1641 5579 1652 5589 .
1736 5580 1747 5589 .
1943 5580 1952 5589 .

527 5578 640 5649 ζ55)
669 5577 974 5649 Ψὴίδιοῐιε
997 5577 1099 5631 The
1149 5580 1411 5648 primitive
1451 5578 1806 5649 Christianity
1850 5580 2028 5642 reviv.,

455 5647 564 5702 vol.
602 5648 646 5701 l.
678 5647 878 5714 Lond.,
911 5648 1070 5713 1711,
1105 5647 1159 5702 8.

533 5716 876 5788 (Mlliarut.
930 5719 1152 5774 Dissert.
1204 5737 1220 5776 ι
1266 5729 1320 5776 et
1365 5735 1404 5775 Il
1452 5719 1515 5775 de
1563 5718 1788 5774 Constit.
1838 5727 2032 5788 apost.,

542 5777 547 5784 α

461 5802 618 5861 pagg.
651 5785 778 5855 230,
802 5787 931 5844 279.

2204 4938 2318 5012 (58)
2350 4941 2548 4997 Cleric.
2580 4938 2798 5012 Praefat.
2824 4941 2890 4994 ad
2923 4940 3032 5012 vol.
3068 4939 3133 4994 ll.
3171 4938 3276 4993 PP.
3310 4939 3564 5012 Apostol.

2207 5012 2550 5136 (ὅθὲᾶὴιᾱίιι.
2581 5011 2874 5066 Comment.
2911 5011 2975 5064 de
3004 5012 3252 5081 scriptor.
3293 5011 3457 5077 eccl.,
3505 5021 3648 5066 tom.
3674 5016 3714 5076 1,

2207 5102 2258 5136 ρ.
2339 5121 2349 5130 .
2392 5099 2546 5136 seua.

2172 5102 2258 5140 ag.
2301 5085 2369 5136 89
2392 5099 2546 5140 seua.

2133 5101 2258 5155 pa".
2301 5099 2369 5136 δυ
2392 5099 2546 5152 seqq.

2207 5127 2902 5222 (⁵40)1τιίιιιιίιε1ι.ονἰ9ξηη.
2937 5159 2986 5203 et
3026 5152 3226 5222 antiqq.
3269 5151 3630 5215 Cliristiann.,
3676 5160 3711 5204 t—

2130 5221 2223 5283 ιν.
2263 5239 2386 5293 pag.
2419 5221 2678 5293 577-496.

2207 5290 2543 5364 (ti—illinunt.
2581 5291 2776 5364 Consp.
2814 5293 2944 5364 reip.
2989 5293 3182 5364 littera
3229 5307 3350 5361 cap.
3385 5291 3439 5357 7,
3488 5290 3516 5361 ς
3565 5306 3712 5353 xuv,

2135 5383 2192 5437 p.
2216 5360 2442 5437 'inLet
2465 5362 2836 5437 Ptecil.,_tom_.
2866 5360 3009 5437 ll_,_p.
3038 5361 3165 5414 2-i8.

2209 5435 2323 5506 (42)
2351 5434 2405 5490 id
2431 5435 2486 5488 in
2517 5435 2634 5487 Act.
2670 5432 2842 5487 Erud.
2885 5429 3035 5502 Lips.
3066 5448 3197 5486 ann.
3235 5431 3394 5492 1710,
3423 5445 3550 5501 pag.
3593 5429 3710 5493 196,

2135 5521 2250 5563 δρα.

2199 5525 2319 5647 (δεῖ)
2349 5573 2727 5647 Oudin.-_l._c.,
2761 5588 2892 5647 pqu
2923 5571 3048 5627 139.

2207 5639 2319 5714 (44)
2348 5646 2518 5714 lgnat.
2553 5642 2724 5711 Epist.
2755 5639 3092 5714 ad'Smyrn”
3123 5656 3244 5711 cap.
3278 5640 3367 5706 12,
3396 5639 3464 5696 ad
3489 5639 3707 5710 Ephesq

2137 5734 2256 5786 cap.
2281 5717 2337 5778 2,
2356 5716 2434 5786 _ad
2463 5713 2629 5786 Tran.
2653 5756 2668 5778 ,
2697 5729 2818 5786 οςιρζ

2213 5779 2321 5856 (15)
2355 5784 2429 5842 Id.
2466 5785 2638 5853 Epist.
2671 5784 2742 5837 ad
2768 5779 3087 5853 _Polycurp”
3121 5797 3239 5852 cap.
3271 5779 3324 5835 7.
