3852 6206
110 339 221 396 577

1180 334 1479 391 ANDBEE
1519 331 1893 390 GALLANDII
1927 330 2295 388 PROGSMIA.

3283 336 3390 392 578

111 477 182 515 eo
213 459 407 530 judice
440 460 582 517 satis
602 457 954 517 incommoda
987 459 1342 531 nimiumque
1383 459 1586 532 negotii
1625 458 1708 513 fa-
1735 463 1783 519 Α
1809 457 1960 513 dedit
1985 458 2053 512 ad
2081 456 2590 527 Pbiladelphenses,
2622 457 2689 512 ad
2725 457 3062 530 Smyrnaeos,
3101 458 3358 528 privatim

113 561 450 608 cesserent-z
499 553 591 607 hic
619 554 837 608 demum
887 553 1198 608 istiusmodi
1242 553 1706 622 objectamentum

111 645 309 700 tul-lere
332 654 579 715 praestat,
613 661 740 700 cum
772 643 1006 700 Vossius
1044 653 1101 699 et
1147 643 1452 700 Cotelerius
1485 643 1705 699 censori

111 750 310 793 nostro
347 739 494 794 haud
542 738 740 795 fecisse
793 740 931 795 satis
974 739 1284 794 videantur.
1332 737 1465 793 Rem
1515 736 1709 807 paucis

112 831 514 902 transigamus.
544 831 602 886 Si
626 833 800 888 sancti
827 831 1086 904 martyris
1125 830 1319 902 lgnatii
1351 831 1709 901 epistolarum

112 922 415 977 sinceritas
448 923 822 992 periclitetur,
847 924 994 994 quod
1030 923 1088 976 in
1135 923 1271 993 ipsis
1308 922 1517 992 aliquot
1544 936 1711 977 voces

111 1008 330 1066 Latinae
359 1022 688 1076 occurrant,
731 1013 798 1068 de
845 1013 1048 1069 divinis
1081 1029 1304 1084 quoque
1339 1012 1478 1069 Novi
1519 1011 1712 1068 Testa-

113 1101 291 1158 meuti
343 1101 541 1157 litteris
587 1103 996 1158 conclamatum
1029 1102 1280 1173 profecto
1331 1103 1456 1158 erit.
1506 1101 1566 1156 ln
1617 1101 1706 1158 his

110 1192 258 1244 enim
295 1192 553 1262 legimus,
586 1194 946 1262 mtovplaw
975 1193 1108 1265 (46),
1143 1193 1377 1264 κῆνσος
1411 1193 1543 1265 (47),
1567 1211 1710 1246 κου-

109 1281 346 1336 στωδία
380 1283 491 1354 (48)
512 1324 528 1349 ,
577 1283 932 1353 πραιτώριον
977 1285 1087 1356 (49)
1109 1325 1124 1350 ,
1176 1286 1536 1355 σιμικίνθιον

110 1375 448 1444 σουδάριον
477 1376 628 1448 (51),
673 1376 1104 1445 σπεκουλάτωρ
1145 1376 1287 1448 (52),
1325 1379 1526 1444 τίτλος
1573 1378 1708 1451 (55).

114 1463 172 1519 Si
199 1481 300 1532 eo,
339 1468 600 1537 inquam,
637 1469 860 1523 nomine
901 1476 1164 1538 tanquam
1219 1470 1561 1541 interpolata:
1611 1480 1712 1526 aut

111 1557 613 1629 pseudepigrapltaa
641 1559 754 1614 sint
801 1560 1066 1616 habendae
1106 1559 1404 1632 lgnatianat
1443 1562 1710 1631 epistolae,

113 1647 256 1702 Novi
289 1665 426 1720 ergo
458 1650 704 1708 Fcederis
746 1653 1005 1707 αὐθεντία
1030 1654 1288 1709 concidat
1323 1669 1547 1711 necesse
1585 1655 1710 1709 erit.

114 1738 257 1804 Quis
287 1750 480 1794 autem
512 1757 662 1797 sanae
686 1744 886 1799 mentis
912 1743 979 1798 de
1011 1743 1208 1798 litteris
1247 1743 1511 1800 divinitus
1537 1743 1713 1813 inspi-

1811 565 1918 620 que
1949 551 2019 604 ad
2067 549 2435 621 Polycarpum
2487 551 2684 604 horum
2729 552 3071 622 episcopum.
3127 550 3232 607 Sed
3279 569 3392 623 quo

1811 643 2033 697 demum
2076 657 2222 698 anno
2263 642 2368 698 ista
2405 644 2773 714 contigerint,
2806 659 2927 714 cap.
2978 653 3244 716 sequente
3289 661 3390 715 op--

1810 734 2105 804 portunius
2133 733 2580 805 disquirendum.

2428 894 2658 950 CAPUT
2698 894 2761 949 V.

1811 1007 1922 1081 De_
1942 1007 2495 1081 Ignatiani__martyrii
2542 1013 2690 1066 Actis
2730 1011 2963 1081 sinceris,
2995 1027 3028 1064 a
3077 1009 3395 1065 Theoderico

1883 1078 2168 1133 Ruinartio
2215 1079 2274 1135 V.
2303 1080 2364 1137 ϐ.
2393 1078 2638 1150 ’ρι’ἰηιιιηι
2684 1083 2862 1136 editis.
2920 1080 3122 1134 Eorum
3178 1091 3394 1150 uterque

1883 1159 2028 1204 vetus
2061 1152 2316 1222 interpres
2354 1151 2569 1206 additus
2595 1167 2613 1205 :
2644 1153 2921 1224 integritas
2948 1153 3135 1222 paucis
3167 1161 3391 1206 asserta.

1887 1260 1946 1317 S.
1981 1262 2172 1334 lgnatii
2200 1265 2446 1334 epistolis
2497 1266 2751 1336 genuinis
2792 1267 2930 1323 Acta
2962 1265 3214 1336 Martyrii
3242 1267 3395 1337 ejus-

1814 1355 1938 1412 dem
1969 1358 2184 1412 sincera
2218 1359 2590 1428 subjecimus,
2633 1360 3000 1418 Oxoniensem
3037 1362 3233 1418 Smithi
3275 1364 3395 1419 edi-

1817 1449 2018 1504 tionem
2045 1451 2240 1514 secuti,
2267 1461 2326 1505 ut
2347 1452 2601 1521 superius
2633 1454 2937 1509 innuimus.
2967 1455 3158 1511 Graeco
3199 1457 3396 1522 textui,

1815 1556 1846 1596 e
1877 1542 2066 1597 codice
2105 1542 2425 1598 Colbertino
2457 1559 2485 1597 a
2517 1543 2584 1600 V.
2615 1545 2682 1600 C.
2729 1544 3068 1602 Theoderico
3110 1547 3397 1605 Rninartio

1816 1635 2054 1703 primum
2094 1636 2370 1706 evulgato,
2418 1637 2692 1707 duplicem
2747 1640 3007 1710 utrinque
3047 1642 3396 1711 appinximus

1816 1724 2066 1780 Latinam
2091 1729 2402 1783 versionem
2430 1747 2445 1796 ;
2483 1730 2711 1785 alteram
2747 1733 2965 1802 quidem
2994 1735 3192 1789 veteris
3227 1734 3397 1790 inter-

112 1829 272 1893 ratis,
301 1831 359 1884 id
389 1831 592 1886 nedum
624 1833 829 1896 dicere,
858 1833 956 1888 sed
985 1848 1056 1889 ne
1081 1834 1326 1905 cogitare
1358 1835 1578 1904 quidem
1603 1850 1707 1890 au-

1820 1821 2002 1890 prelis,
2031 1837 2060 1876 e
2092 1837 2197 1876 ms.
2237 1821 2459 1892 Cajensi
2507 1823 2578 1877 ab
2631 1823 2860 1879 Usserio
2897 1825 3225 1896 jampridem
3275 1830 3394 1885 edi-

109 1921 285 1976 deat?
307 1923 392 1977 An
426 1939 555 1978 vero
579 1924 848 1979 voeabula
876 1925 1002 1989 ista,
1034 1925 1418 1994 κεπουρίων,
1451 1925 1706 1995 κῆν-σος,

112 2018 464 2072 κουστωδία
482 2059 496 2082 ,
529 2029 660 2085 etc.,
689 2021 901 2076 castius
929 2019 1235 2091 puriusque
1259 2019 1446 2076 Graece
1481 2029 1707 2086 sonant,

112 2125 283 2177 quam
330 2110 778 2181 ἐξεμπλιὶριον,
835 2112 1164 2181 δεσέρτωρ,
1219 2111 1556 2168 δεπόσιταΡ
1603 2123 1708 2170 etc.

111 2202 272 2268 Quod
302 2203 354 2258 si
381 2204 652 2273 apostolis
681 2205 1139 2275 etevangelistis,
1180 2203 1437 2260 Matthaao
1472 2206 1629 2272 (aut,
1661 2206 1710 2262 si

110 2293 316 2360 mavis,
354 2293 474 2363 ejus
507 2294 838 2364 interpreti),
872 2294 1078 2362 Marco,
1111 2293 1294 2362 Lucae,
1315 2293 1532 2362 Joanni,
1565 2295 1710 2350 Pau-

109 2386 161 2440 lo
209 2385 408 2442 Graec
432 2387 843 2454 scribentibus,
898 2403 1065 2443 voces
1115 2385 1396 2443 Romanas
1441 2403 1710 2458 usurpare

108 2477 416 2547 aliquando
445 2476 634 2541 licuit,
671 2477 865 2548 quidni
890 2486 945 2533 et
965 2477 1176 2549 lgnatio
1202 2478 1580 2548 apostolorum
1623 2481 1709 2534 di-

109 2567 372 2638 scipulo?
416 2567 521 2622 Sed
560 2583 740 2638 neque
782 2568 919 2623 vitio
946 2569 1168 2624 demum
1198 2570 1460 2624 vertenda
1506 2569 1710 2625 divinis

108 2658 470 2722 auctoribus,
505 2659 754 2729 adeoque
781 2659 980 2729 potiori
1006 2659 1134 2728 jure
1161 2673 1339 2730 neque
1369 2669 1562 2718 sancto
1587 2662 1710 2732 epi-

109 2763 283 2819 scopo
317 2749 687 2816 Antiocheno,
722 2751 1040 2821 hujusmodi
1076 2750 1354 2806 scribendi
1404 2753 1545 2808 ratio
1577 2772 1591 2808 :
1628 2754 1711 2810 sic

106 2841 257 2894 enim
299 2839 511 2896 ferebat
542 2843 797 2909 occasio;
829 2854 962 2900 tunc
1010 2846 1278 2915 temporis
1306 2844 1571 2901 nimirum
1607 2861 1706 2915 per

107 2933 434 2987 universam
470 2931 584 2987 fere
613 2932 902 2998 Graeciam,
929 2933 1147 3006 Syriam
1169 2975 1184 2999 ,
1229 2933 1549 3007 Egyptum,
1575 2945 1708 3000 etc.,

111 3021 377 3079 Romano
408 3025 645 3095 imperio
672 3026 830 3097 longe
862 3026 1080 3096 lateque
1111 3037 1433 3099 propagato,
1470 3035 1532 3082 ut
1565 3026 1711 3097 opti-

111 3131 204 3170 me
237 3117 426 3186 arguit
452 3118 523 3172 cl.
559 3116 917 3174 Blackwallus
947 3119 1084 3190 (54).
1130 3117 1320 3190 Neque
1366 3120 1528 3175 aliter
1574 3133 1708 3176 sane

1813 1917 1922 1964 tam
1944 1929 1960 1977 ;
1986 1911 2212 1966 alteram
2245 1927 2374 1967 vero
2398 1913 2468 1967 ab
2489 1913 2679 1969 eodem
2705 1913 2992 1972 Ruinartio
3031 1918 3392 1976 adornatam:

1811 2018 1977 2073 quam
2008 2004 2155 2058 enim
2190 2003 2440 2061 Clericus
2460 2005 2672 2072 refecit,
2721 2007 2945 2078 insuper
2992 2009 3288 2066 habuimus
3329 2028 3394 2068 ea

1811 2094 1879 2148 de
1907 2110 2074 2150 causa
2102 2095 2261 2166 cujus
2281 2098 2447 2166 paulo
2480 2108 2606 2153 ante
2631 2102 3005 2158 meminimus.
3042 2104 3219 2159 Aliam
3250 2124 3396 2178 quo-

1811 2201 1920 2256 que
1972 2188 2266 2256 separatim
2308 2189 2612 2259 adjecimus
2657 2193 2940 2263 antiquam
2982 2197 3316 2266 versionem,
3365 2218 3398 2256 e

1811 2280 2003 2334 codice
2047 2279 2378 2336 Cottoniano
2425 2298 2456 2336 a
2500 2283 2721 2340 laudato
2761 2285 2986 2343 Usserio
3019 2290 3392 2362 descriptam;

1812 2372 1960 2441 quod
1995 2373 2115 2442 ejus
2139 2381 2337 2430 auctor
2362 2390 2551 2430 verum
2587 2377 2852 2435 Actorum
2882 2380 3198 2438 Graecorum
3219 2400 3400 2441 exem-

1811 2464 1932 2532 plar
1964 2479 2074 2532 prae
2098 2465 2274 2520 oculis
2302 2465 2564 2524 habuisse
2593 2480 2876 2540 noscatur,
2913 2473 3036 2529 licet
3067 2477 3400 2548 quandoqu

1809 2562 1992 2609 textus
2029 2563 2128 2610 aut
2158 2558 2487 2614 sententiam
2523 2569 2620 2615 aut
2659 2563 2824 2618 verba
2865 2566 3186 2636 neutiquam
3230 2568 3400 2625 fuerit

1811 2657 2122 2705 assecutus.
2166 2648 2247 2704 Eo
2295 2661 2479 2706 autem
2527 2653 2763 2709 consilio
2807 2665 3106 2728 utrumque
3157 2670 3396 2716 veterem

1811 2736 2164 2808 interpretem
2197 2740 2588 2810 proferendum
2620 2745 3082 2816 existimavimus,
3110 2766 3220 2820 quo
3243 2751 3399 2806 Grae-

1810 2829 1891 2885 cis
1923 2829 2018 2885 lux
2049 2829 2228 2901 major
2249 2832 2565 2898 accederet,
2605 2835 2784 2890 sicubi
2837 2837 2984 2894 haud
3021 2840 3158 2896 satis
3209 2849 3400 2910 aperta

1810 2923 1930 2978 sive
1963 2923 2142 2979 minus
2171 2925 2459 2980 emendata
2490 2935 2803 2983 occurrant.

1884 3013 1961 3070 De
2008 3015 2206 3070 horum
2248 3027 2432 3072 autem
2474 3019 2739 3074 Actorum
2784 3020 3044 3094 αὐθεντίᾳ
3103 3037 3267 3078 nemo
3313 3032 3400 3080 est

1814 3106 1910 3176 qui
1945 3106 2069 3176 jure
2098 3109 2184 3164 vel
2213 3109 2505 3165 minimum
2537 3111 2800 3181 ambigat.
2837 3113 3142 3182 Siquidem,
3174 3123 3234 3168 ut
3269 3129 3396 3169 cum

109 3207 367 3276 antiquis
397 3205 622 3262 Grzccizc
649 3207 1012 3278 scriptoribus
1042 3225 1147 3266 usu
1183 3211 1354 3276 venit,
1408 3210 1708 3278 Herodoto,

1820 3199 2033 3254 Smitlio
2063 3202 2259 3272 loquar
2284 3203 2422 3274 (56),
2459 3221 2481 3257 ι
2518 3218 2548 3257 a
2578 3203 2946 3260 familiaribus
2981 3204 3039 3259 S.
3071 3206 3262 3275 lgnatii
3303 3207 3397 3276 qui

108 3299 472 3370 Thucydidi,
524 3298 910 3370 Xenophonti;
973 3301 1118 3372 apud
1179 3318 1321 3373 quos
1379 3303 1708 3372 ἀκινάκης,

105 3393 300 3460 ἄσχυ,
332 3389 538 3460 βᾶρις,
572 3392 814 3458 χανδὸς,
847 3392 1129 3461 χάραν-ος,
1156 3392 1370 3460 κάσας,
1398 3395 1712 3465 παρασάγ-

107 3503 228 3555 της
257 3485 516 3554 aliasque
545 3499 709 3540 voces
741 3484 1084 3556 peregrinas,
1118 3484 1392 3548 Persicas,
1423 3485 1710 3559 Egyptia-

108 3593 238 3641 cas,
275 3576 461 3646 legere
493 3583 618 3630 est:
656 3583 946 3646 propterea
981 3578 1194 3633 scilicet
1231 3579 1378 3648 quod
1421 3578 1512 3633 illa
1554 3589 1712 3635 aetate

109 3685 222 3738 qua
256 3667 533 3722 ﬂorebant
579 3667 616 3722 ii
657 3666 884 3723 Graecia:
917 3669 1217 3738 scriptores
1247 3670 1563 3736 cultissimi,
1588 3670 1714 3726 Per-

110 3777 330 3823 sarum,
358 3759 747 3832 Egyptiorum
778 3760 1124 3831 aliarumque
1152 3759 1395 3816 Orientis
1423 3765 1710 3817 nationum

115 3853 282 3916 bella,
309 3853 669 3914 commercia,
699 3853 918 3919 itinera,
945 3853 1132 3922 plures
1166 3853 1439 3924 ejusmodi
1468 3854 1712 3910 exotieas

112 3962 285 4000 voces
317 3945 372 3999 in
402 3944 651 4000 Grzecam
688 3946 931 4014 linguam
977 3945 1315 4000 invexerant.
1361 3947 1540 4016 Atque
1583 3946 1713 4002 hinc

113 4053 253 4093 sane
279 4037 525 4108 quisque
551 4037 808 4108 intelligit
829 4052 998 4108 quam
1030 4038 1308 4092 immerito
1355 4037 1461 4093 ista
1493 4036 1714 4108 objece-

113 4132 187 4184 rit
224 4131 315 4184 vir
348 4130 440 4184 ille
461 4131 709 4186 criticus.

183 4223 259 4277 At
305 4222 416 4277 alio
455 4221 821 4277 convertenda
863 4230 948 4276 est
984 4221 1162 4277 oratio
1197 4239 1211 4276 :
1256 4221 1521 4290 temporis
1561 4219 1711 4276 enim

113 4315 468 4368 notationem
500 4329 612 4383 quo
645 4313 891 4382 epistolae
919 4329 992 4367 vn
1032 4315 1101 4368 ab
1142 4313 1351 4384 lgnatio
1397 4314 1714 4384 perscripta;

116 4404 400 4470 feruntur,
455 4413 643 4458 nostra
690 4403 920 4458 interest
957 4403 1203 4459 definire.
1234 4404 1466 4458 Constat
1507 4411 1709 4467 autem,

117 4495 368 4553 Eusebio
395 4503 532 4550 teste
562 4494 702 4567 (55),
743 4505 994 4551 sanctum
1028 4505 1324 4567 martyrem
1355 4509 1422 4549 eo
1453 4495 1507 4548 in
1554 4494 1713 4549 itine-

1813 3296 2108 3353 Antiochia
2157 3297 2390 3353 Romam
2438 3313 2614 3369 usque
2650 3299 2802 3354 illum
2839 3309 2967 3354 sunt
3011 3301 3278 3365 comitati,
3316 3311 3398 3354 at-

1814 3406 1922 3462 que
1971 3391 2122 3446 illius
2165 3391 2361 3446 ultimo
2405 3400 2462 3446 et
2499 3391 2741 3446 maxime
2767 3391 3008 3462 glorioso
3038 3393 3199 3462 agoni
3228 3394 3400 3447 inter-

1814 3483 1989 3550 fuere,
2021 3484 2295 3554 descripta
2331 3483 2522 3549 fuisse,
2552 3485 2730 3539 multa
2768 3484 2822 3538 in
2857 3485 2992 3554 ipsis
3029 3486 3182 3541 Actis
3223 3485 3276 3540 id
3321 3496 3401 3540 te-

1814 3575 2177 3632 statissimum
2226 3576 2483 3631 reddunt.
2528 3573 2586 3629 In
2638 3575 2724 3630 his
2773 3576 2920 3630 enim
2969 3576 3049 3631 sic
3097 3577 3401 3647 loquuntur

1813 3669 1908 3740 qui
1931 3684 1995 3724 ea
2023 3668 2220 3724 litteris
2247 3667 2522 3723 tradidere
2565 3668 2678 3739 (57)
2707 3686 2722 3722 :
2765 3668 2963 3737 Ἡμεῖς
2987 3668 3106 3738 μὲν
3137 3670 3400 3740 ἄκοντες

1812 3761 2177 3831 ἀπηγόμεθα,
2211 3759 2532 3826 στένοντες
2570 3757 2670 3813 ἐπὶ
2701 3757 2781 3825 τῷ
2810 3760 2913 3830 ἀφ’
2943 3761 3113 3830 ἡμῶν
3137 3763 3403 3833 μέλλον.-

1813 3871 1868 3906 τι
1913 3851 2190 3922 χωρισμῷ
2238 3850 2344 3905 τοῦ
2394 3850 2629 3905 δικαίου
2674 3851 2965 3921 γίνεσθαι.
3015 3851 3132 3908 Nos
3187 3871 3256 3924 qu
3279 3855 3400 3910 dem

1811 3945 1968 3998 inviti
2015 3943 2444 4009 abducebamur,
2476 3952 2735 4012 gementes
2772 3945 2836 3998 ob
2878 3947 3263 4016 separatione»:
3296 3950 3398 4005 viri

1803 4033 1944 4104 justi
1977 4051 2011 4086 a
2036 4035 2185 4088 nobis
2214 4050 2337 4088 mox
2365 4033 2626 4104 futuram.
2670 4034 2736 4090 Et
2777 4038 3060 4094 nonnullis
3095 4039 3399 4111 interjectis

1813 4125 1916 4183 sub
1945 4125 2106 4181 finem
2133 4125 2250 4197 (58)
2280 4145 2294 4181 :
2333 4128 2566 4181 Τούτων⁹
2593 4129 2884 4184 αὐτόπται
2912 4132 3242 4201 γενόμενοι.
3284 4133 3400 4188 Ho-

1811 4234 1931 4271 rum
1958 4234 2051 4272 nos
2089 4217 2193 4287 ipsi
2215 4228 2536 4288 spectatores
2590 4219 2743 4288 facti.
2790 4219 2936 4289 Haec,
2969 4223 3194 4294 inquam
3220 4268 3236 4293 ,
3264 4228 3400 4284 alia-

1813 4323 1920 4380 que
1945 4318 2100 4365 extra
2134 4325 2300 4366 omne
2323 4311 2551 4366 dubium
2578 4321 2810 4381 ponunt,
2843 4329 2873 4368 a
2907 4313 2964 4369 S.
2997 4315 3188 4386 lgnatii
3221 4322 3398 4375 comi-

1814 4400 1962 4456 tibus
1990 4399 2126 4456 Acta
2155 4400 2471 4470 hujusmodi
2509 4400 2682 4458 fuisse
2711 4405 3013 4474 perscripta
3043 4423 3057 4460 :
3089 4417 3143 4462 et
3172 4409 3395 4477 quidem

1814 4507 1925 4546 non
1959 4493 2118 4563 longe
2145 4501 2272 4562 post
2303 4493 2477 4562 ipsius
2500 4495 3035 4550 consummationem
3063 4537 3079 4562 ,
3125 4507 3179 4552 et
3210 4501 3397 4568 proxi-

117 4603 179 4642 re
211 4587 342 4640 illas
377 4560 670 4652 exarasse,
686 4601 798 4657 quo
819 4586 980 4656 jussu
1006 4560 1232 4656 Trajani
1257 4585 1489 4653 Augusti
1515 4585 1708 4638 Antio-
1739 4560 1790 4620 D
1815 4600 1925 4651 mo,
1977 4595 2036 4640 ut
2058 4560 2544 4641 iverisimillimum
2583 4588 2818 4652 videtur,
2873 4605 3018 4644 anno
3042 4560 3073 4656 ;r
3112 4560 3245 4648 dum
3303 4609 3394 4650 res

119 4680 246 4733 chia
307 4677 544 4732 Romam
593 4677 997 4742 deducebatur,
1049 4676 1181 4732 feris
1229 4677 1593 4747 objiciendus.
1645 4674 1712 4730 Et

1815 4686 1982 4745 gestae
2010 4693 2134 4732 eum
2162 4679 2330 4734 totius
2356 4679 2570 4735 itineris
2592 4682 2826 4744 ratione,
2860 4681 2914 4736 in
2945 4684 3151 4739 recenti
3179 4685 3394 4744 fidelius

119 4779 366 4840 quatuor
389 4769 635 4838 quidem,
668 4785 795 4824 cum
826 4767 1121 4840 Smyrnam
1160 4768 1524 4838 pervenisset,
1564 4767 1716 4822 misit
1815 4770 2134 4826 inhaeserint
2156 4771 2443 4826 memoria.
2466 4771 2594 4828 lllos
2617 4783 2797 4827 autem
2831 4773 3000 4830 fuisse
3028 4774 3308 4833 Philonem
3340 4793 3395 4836 et

119 4878 187 4916 ex
247 4862 362 4916 ista
409 4861 544 4916 urbe
594 4862 663 4916 ad
709 4860 999 4931 Ephesios,
1061 4861 1129 4916 ad
1185 4859 1594 4930 Magnesianos,
1641 4859 1712 4914 ad

123 4952 444 5008 Tullianos
471 4962 637 5024 atque
667 4953 735 5007 ad
779 4952 1099 5009 Romanos:
1141 4952 1370 5007 ulterius
1410 4966 1541 5006 vero
1583 4966 1714 5020 pro-

125 5061 375 5116 gressus,
405 5046 538 5100 dum
565 5045 780 5101 Troade
806 5045 1155 5112 consisteret,
1183 5045 1308 5100 inde
1336 5053 1446 5100 tres
1472 5043 1713 5115 reliquas

197 5161 318 5229 (46)
354 5159 523 5217 Marc.
561 5177 653 5223 xv,
675 5161 767 5224 39,
792 5161 897 5229 7M,
925 5161 1017 5215 45.

197 5228 317 5299 (47)
349 5231 538 5287 Matth.
566 5247 700 5295 xvn,
734 5228 835 5296 24;
866 5247 1002 5295 χχιι,
1030 5230 1116 5293 17,
1150 5230 1236 5284 19.

197 5302 319 5370 (48)
355 5301 545 5357 Matth.
581 5303 973 5367 xxvu,65,6ti;
1001 5317 1192 5365 xxviii,
1228 5301 1312 5354 11.

196 5368 316 5442 (49)
353 5371 544 5426 Matth.
575 5389 744 5435 xxvii,
778 5373 879 5438 27;
911 5371 1077 5426 Marc.
1113 5388 1200 5435 xv,
1229 5372 1324 5436 16;
1358 5368 1519 5425 Joan.
1548 5385 1708 5438 ινιιι,

127 5440 218 5508 28,
247 5443 353 5512 55;
388 5459 500 5506 XIX,
535 5443 599 5508 9;
633 5441 754 5497 Act.
782 5459 939 5510 mn,
973 5443 1073 5509 35;
1105 5442 1334 5512 Philipp.
1369 5457 1408 5509 ι,
1444 5443 1530 5495 13.

198 5511 317 5580 (50)
344 5514 463 5568 Act.
497 5529 610 5574 xu,
644 5513 731 5566 12.

162 5582 318 5688 θ(51)
351 5582 486 5638 Luc.
517 5599 632 5650 xu,
655 5584 761 5651 9.0;
791 5580 951 5639 Joan.
993 5597 1071 5651 ιι,
1096 5581 1196 5650 44;
1229 5597 1322 5649 xx,
1352 5581 1383 5634 7
1409 5599 1423 5650 ;
1449 5581 1568 5638 Act.
1595 5597 1708 5649 XIX,

166 5689 321 5790 ’ἕδρη
350 5721 522 5778 Marc.
553 5737 629 5787 Vl,
655 5722 749 5778 27.

203 5795 320 5866 (55)
347 5793 484 5849 Joan
539 5811 653 5861 ns,
685 5794 768 5848 19.

132 5651 154 5704 1

1815 4859 2249 4931 AgathOpodem,
2280 4876 2517 4932 quorum
2549 4863 2800 4918 meminit
2831 4865 3215 4923 sanctissimus
3240 4885 3392 4926 man

1817 4960 1904 5023 tyr
1933 4951 1988 5006 in
2012 4951 2272 5022 Epistolis
2299 4952 2367 5006 ad
2416 4950 2727 5023 Smyrnazos
2759 4953 2871 5024 (59)
2905 4964 2959 5008 et
3003 4955 3070 5010 ad
3116 4955 3392 5012 Philadel-

1817 5043 2054 5114 phcnses
2081 5043 2216 5115 (60),
2245 5045 2391 5099 hunc
2423 5043 2797 5108 Antiochense,
2828 5045 2982 5100 illum
3005 5062 3138 5102 vero
3165 5047 3393 5105 Tarsen-

1888 5160 2001 5229 (5-1)
2035 5159 2345 5235 Blackwall.
2377 5160 2598 5235 fductor.
2632 5177 2774 5235 διιεῖ.
2809 5160 3184 5235 class.defens.
3207 5173 3336 5220 tom.
3364 5167 3380 5220 Ι

1885 5241 2099 5301 part._1,
2137 5246 2256 5300 cap.
2279 5231 2342 5301 _l_,
2375 5232 2402 5301 ς
2443 5231 2496 5294 5,
2537 5246 2590 5300 p.
2621 5230 2710 5301 48.

1891 5299 2004 5372 (55)
2035 5299 2234 5372 Euseb.
2267 5299 2410 5372 Hist.
2444 5299 2724 5372 ecci.,lib.
2759 5315 2842 5359 ιιι.
2869 5315 2988 5370 cap.
3013 5300 3105 5372 56.

1813 5369 2001 5498 42(56)
2027 5370 2228 5426 Smitb.
2260 5369 2470 5440 praefat.
2502 5371 2556 5423 in
2588 5371 2708 5424 Act.
2742 5369 2968 5440 martyr.
2999 5369 3058 5426 S.
3083 5369 3299 5441 Ignat.,
3332 5387 3388 5444 p.

1888 5485 2002 5579 (57)
2029 5509 2150 5579 Act.
2186 5518 2408 5578 martyr.
2441 5507 2648 5579 Ignat.,
2678 5523 2799 5578 cap.
2825 5508 2878 5564 5.

1894 5578 2008 5651 (58)
2041 5578 2198 5651 lbid.,
2231 5595 2351 5651 cap.
2386 5579 2436 5633 7.

1893 5647 2006 5722 (59)
2039 5650 2212 5722 lgnat.
2245 5647 2978 5722 Epist._a_d_Smyrn.,_capp.
3008 5648 3076 5706 10
3097 5658 3153 5708 et
3180 5651 3269 5708 15.

1894 5719 2007 5792 (60)
2040 5719 2118 5776 Id.
2144 5721 2214 5775 ad
2245 5719 2600 5789 I’ltiladelph”
2634 5737 2754 5791 cap.
2789 5720 2874 5774 11.
