3852 6206
474 336 578 390 570

1540 333 1599 387 S.
1639 328 1984 386 IGNATIUS.
2021 356 2091 367 —
2130 324 2659 382 PROLECOMENA.

3624 330 3728 386 580

473 453 550 507 sis
591 451 848 509 Ecclesia:
897 453 1228 522 diaconum,
1275 454 1369 508 vix
1402 468 1433 508 a
1480 467 1758 524 quoquam
1812 449 2050 504 dubitari
2081 451 2126 507 Α
2157 448 2337 502 tentia:
2382 449 2436 502 in
2489 464 2634 504 anno
2680 448 2991 504 deﬁniendo
3035 465 3147 521 quo
3198 450 3470 522 gloriosus
3522 462 3730 522 martyr

473 554 567 598 aut
590 555 766 614 potest
801 555 896 600 aut
929 547 1109 601 debet.
1144 565 1162 598 ›
1199 545 1472 600 Hactenus
1505 545 1589 598 vir
1635 542 1917 607 eruditus;
1955 539 2052 610 qni

471 648 526 692 et
579 643 842 698 adversus
888 642 1110 708 Riveti,
1171 641 1433 696 Blondelli
1495 640 1839 709 aliorumque
1893 637 2054 693 cavil-

473 731 742 798 lationes,
798 734 1057 804 pleraque
1109 733 1294 789 subdit
1346 733 1489 788 lectu
1534 733 1698 804 digna
1748 732 1816 787 de
1858 731 2054 785 itinere

476 827 731 882 instituto
790 839 952 898 atque
1005 830 1063 884 in
1126 830 1317 886 iisdem
1376 829 1526 884 Actis
1580 829 1873 884 recensita.
1921 827 2054 893 Qui-

474 919 576 972 bus
607 928 786 972 tamen
840 935 1012 973 unum
1064 920 1261 974 addere
1317 919 1508 983 liceat,
1573 917 1787 975 Philoni
1847 919 2054 974 scilicet

473 1012 529 1057 et
565 1004 904 1074 Agathopodi
947 1005 1351 1076 adjungendum
1391 1007 1586 1061 saltem
1631 1007 1952 1061 nominatim
1997 1016 2052 1062 et

471 1094 728 1160 Crocum,
757 1097 851 1165 qui
875 1109 1125 1152 sanctum
1155 1108 1448 1170 martyrem
1483 1097 1716 1153 Romam
1744 1115 1919 1169 usque
1953 1115 2046 1155 as-

471 1195 712 1242 sectatus
755 1187 925 1242 fuisse
965 1189 1306 1258 perhibetur.
1356 1189 1487 1260 Ejus
1516 1191 1663 1245 enim
1712 1191 1962 1246 meminit
1993 1191 2050 1246 in

485 1278 714 1348 epistola
750 1279 817 1333 ad
865 1278 1145 1336 Romanos
1199 1281 1288 1336 his
1324 1282 1504 1337 verbis
1555 1282 1711 1353 (61):
1762 1282 1964 1354 Γράφω
1991 1282 2050 1336 δὲ

472 1371 598 1440 ὑμῖν
622 1370 794 1424 ταῦτα
822 1372 929 1426 ἀπὸ
959 1372 1230 1444 Σμύρνης.
1261 1374 1416 1426 Ἔστι
1443 1374 1500 1427 δὲ
1528 1375 1622 1428 καὶ
1653 1375 1768 1446 ἅμα
1797 1375 1919 1446 ἐμοὶ
1955 1376 2052 1430 σὺν

470 1462 646 1525 ἄλλοις
673 1462 886 1527 πολλοῖς
911 1464 1123 1536 Κρόκος
1148 1463 1210 1517 τδ
1239 1463 1473 1536 ποθητὸν
1509 1482 1600 1535 μοι
1633 1463 1823 1536 ὄνομα.
1876 1465 2048 1518 Porro

471 1557 581 1610 haec
612 1556 784 1610 scribo
810 1557 955 1610 vobis
978 1573 1004 1610 e
1036 1555 1335 1626 Smyrna...
1365 1556 1462 1610 Est
1493 1567 1670 1611 autem
1695 1574 1896 1611 mecum
1926 1574 2046 1611 cum

472 1646 596 1700 aliis
644 1646 828 1700 multis
871 1655 921 1700 et
953 1645 1174 1714 Crocus,
1223 1646 1584 1701 desideratum
1631 1647 1761 1700 mihi
1817 1660 2049 1700 nomen:

472 1749 534 1792 ut
566 1740 793 1808 proinde
833 1740 1056 1810 quinam
1097 1755 1194 1794 seu
1221 1749 1484 1809 quotnam
1517 1740 1632 1794 haec
1671 1739 1806 1794 Acta
1835 1739 2044 1794 descri-

2155 536 2395 608 lgnatius
2423 540 2698 594 occubuit.
2738 540 2845 596 llas
2890 541 3036 596 inter
3075 542 3198 595 dua:
3248 541 3576 597 celebriores
3618 543 3730 597 cir-

2153 629 2534 684 cumferuntur
2563 647 2576 682 :
2611 647 2845 701 quarum
2876 633 3045 688 altera
3075 635 3395 701 martyrium
3421 633 3554 688 illud
3580 637 3729 687 anno

2150 720 2356 776 Christi
2385 722 2504 786 116,
2531 723 2701 778 altera
2729 737 2874 777 anno
2905 723 3007 777 107
3039 724 3352 794 illigandum
3397 727 3612 780 statuit.
3666 725 3731 778 Et

2149 815 2387 885 priorem
2410 815 2630 884 quidem
2671 815 3002 872 Pearsonius
3046 817 3376 887 excogitavit
3417 833 3710 887 propugna

2153 909 2337 978 vitque
2383 907 2438 961 in
2481 907 2865 962 dissertatione
2907 909 3198 979 posthuma
3237 909 3301 962 de
3342 925 3480 962 anno
3519 925 3626 980 quo
3671 908 3730 962 S.

2155 1001 2400 1073 Ignatius
2441 1017 2474 1054 a
2519 999 2754 1070 Trojano
2777 1000 3072 1055 Antiochia:
3106 1001 3176 1054 ad
3226 1001 3418 1055 bestias
3445 1012 3563 1056 erat
3607 1019 3735 1055 con-

2151 1093 2451 1156 demnatus,
2483 1108 2514 1147 a
2549 1092 2758 1147 Tboma
2798 1093 3012 1148 Smitho
3054 1093 3110 1147 in
3161 1109 3320 1148 suam
3355 1092 3732 1150 Oxoniensem

2153 1187 2446 1242 editionem
2469 1186 2804 1258 lgnatianam
2834 1187 3069 1256 primum
3117 1188 3442 1256 conjectam.
3490 1187 3733 1243 Pearso-

2153 1280 2249 1335 nio
2289 1295 2418 1335 mox
2459 1281 2691 1335 accessit
2737 1279 3060 1337 Guillelmus
3104 1280 3344 1352 Loydius
3387 1283 3442 1336 in
3491 1282 3737 1337 diatriba

2152 1373 2396 1444 ejusdem
2427 1373 2758 1441 argumenti,
2789 1389 2956 1443 quam
2995 1373 3166 1430 edidit
3186 1384 3349 1444 atque
3388 1376 3700 1444 comproba
3722 1405 3736 1418 -

2153 1467 2231 1522 vit
2257 1465 2532 1520 Antonius
2557 1463 2759 1536 Pagius
2789 1467 2902 1538 (67)
2933 1486 2945 1521 :
2980 1481 3187 1536 eosque
3211 1469 3381 1522 secuti
3417 1478 3547 1524 sunt
3574 1469 3736 1522 dein-

2152 1571 2282 1625 ceps
2307 1553 2564 1620 Grabius,
2595 1552 2842 1611 Smithus
2879 1564 2933 1611 et
2962 1555 3292 1626 Lequienius
3320 1558 3455 1623 (68).
3491 1559 3737 1614 lnhzeret

2155 1655 2335 1700 autem
2367 1646 2482 1701 haec
2509 1648 2778 1701 sententia
2807 1646 3034 1702 Joannis
3062 1647 3268 1704 Malalze
3299 1651 3353 1703 in
3397 1651 3594 1720 primis
3636 1667 3739 1706 au-

2153 1737 2411 1803 ctoritati,
2461 1739 2757 1793 asserentis
2805 1738 2918 1809 (69)
2961 1757 3065 1810 quo
3118 1750 3347 1809 tempore
3396 1751 3737 1796 terremoms

471 1803 700 1900 pserint,
731 1803 956 1901 prorsus
983 1848 1082 1887 nos
1108 1803 1290 1887 lateat.
1331 1831 1717 1887 Verumtamen
1745 1849 1936 1888 eorum
1963 1832 2046 1886 in-
2080 1803 2123 1861 Β
2150 1826 2447 1880 Antiochia?
2505 1827 2722 1890 accidit.
2769 1829 3082 1896 imperatore
3139 1829 3254 1882 ίιίὶο
3304 1831 3477 1884 adhuc
3519 1844 3733 1901 agente.

473 1926 711 1994 tegritati
749 1927 974 1981 minime
1001 1927 1245 1981 omnium
1276 1926 1328 1981 id
1362 1927 1578 1983 allicere
1615 1928 1773 1998 plane
1807 1935 2043 1994 constat,

475 2033 601 2070 cum
641 2028 694 2072 et
728 2018 833 2072 alia
867 2019 1025 2088 plura
1057 2028 1358 2090 martyrum
1390 2021 1523 2075 Acta
1561 2020 1772 2076 sincera
1797 2021 1920 2090 quis
1951 2021 2047 2075 lit-

475 2110 609 2163 teris
650 2111 986 2180 consignarit
1011 2152 1024 2176 ,
1060 2111 1381 2181 plerumque
1409 2113 1746 2182 ignoremus.
1787 2110 2047 2167 Nonnulli

475 2201 693 2270 quidem
722 2201 915 2255 horum
940 2203 1202 2257 Actorum
1238 2205 1522 2258 veritatem
1565 2219 1879 2274 oppugnare
1921 2213 2049 2259 sunt

476 2295 743 2364 aggressi,
777 2311 916 2365 quos
950 2297 1089 2352 inter
1111 2299 1318 2368 primas
1344 2297 1487 2354 ferre
1515 2301 1850 2370 comperitur
1877 2299 2049 2355 Oudi-

477 2401 580 2439 nus
607 2400 619 2436 :
661 2385 781 2454 ejus
811 2387 955 2440 enim
1000 2388 1333 2442 conﬁdentia
1362 2405 1426 2442 eo
1451 2405 1624 2458 usque
1654 2392 1942 2458 processit,
1987 2399 2050 2445 ut

477 2475 535 2532 S.
568 2476 830 2546 lgnatium
866 2479 1168 2534 Antiochia:
1196 2479 1250 2533 in
1294 2497 1425 2550 pace
1467 2481 1771 2537 decessisse
1797 2483 2048 2553 conjece-

475 2569 548 2623 rit
591 2568 736 2639 (6'2);
788 2570 1054 2641 Scaligeri
1101 2570 1240 2626 forte
1281 2572 1557 2628 dubietate
1603 2582 1905 2642 permotus,
1955 2576 2049 2646 qui

477 2660 606 2714 olim
632 2661 844 2715 edoceri
881 2662 1099 2730 petebat
1146 2679 1246 2718 cur
1287 2663 1508 2718 demum
1541 2662 1782 2732 lgnatius
1815 2679 1846 2720 e
1891 2665 2046 2738 Syria

476 2753 643 2807 fuerit
673 2753 902 2808 Romam
940 2754 1208 2810 deductus
1251 2755 1384 2826 (65).
1435 2755 1640 2810 Verum
1674 2755 1874 2812 Oudini
1917 2774 2048 2813 sen-

475 2847 726 2912 tentiam,
752 2860 915 2914 quam
942 2845 1084 2899 haud
1115 2845 1190 2900 ita
1212 2847 1421 2916 pridem
1447 2845 1802 2902 Heumannus
1827 2864 2048 2919 quoque

478 2938 804 2992 instauravit
830 2936 964 3007 (64),
992 2935 1239 2994 funditus
1267 2939 1462 2994 evertit
1487 2939 1571 2993 vir
1596 2938 1793 2995 doctus
1821 2939 1932 3011 (65)
1955 2957 2050 2997 su-

477 3031 664 3100 perius
696 3029 858 3085 nobis
881 3029 1156 3084 laudatus.

1086 3201 1316 3259 CAPUT
1358 3203 1448 3260 Vl.

482 3341 555 3396 De
575 3348 805 3415 tempore
828 3356 931 3410 quo
961 3351 1174 3415 sanctus
1203 3354 1409 3415 martyr
1451 3362 1640 3411 passus
1686 3346 2048 3415 existimatur,

551 3411 670 3486 dna:
691 3410 938 3486 feruntur
962 3410 1266 3486 celebriores
1292 3410 1562 3486 sententia:
1590 3433 1607 3470 :
1638 3433 1861 3486 quarum
1880 3410 2053 3472 altera

550 3479 781 3547 ejusdem
817 3483 1137 3549 martyrium
1171 3499 1308 3538 anno
1355 3485 1477 3547 116,
1527 3479 1696 3540 altera
1745 3487 1846 3539 107
1877 3490 2052 3541 consi-

549 3562 697 3623 gnat.
736 3549 1010 3623 Posterior
1031 3554 1220 3623 priori
1246 3555 1575 3623 prwferenda
1607 3559 1852 3610 videtur:
1890 3559 2053 3612 adco-

548 3636 654 3697 que.
673 3621 784 3692 ipso
812 3637 948 3697 anno
986 3622 1087 3674 107
1112 3621 1385 3697 currente,
1415 3628 1626 3694 scripta:
1655 3628 1921 3680 ducuntur
1948 3631 2054 3697 epi-

550 3689 703 3742 stolc
733 3689 1076 3766 lynati‘anc;
1110 3693 1243 3747 Acta
1272 3711 1388 3747 vero
1429 3689 1696 3766 martyrii,
1729 3714 1868 3751 anno
1913 3689 2054 3752 inse-

551 3768 738 3827 qncnte
769 3760 871 3813 108
901 3760 1091 3816 litteris
1120 3767 1371 3818 mandata
1398 3760 1691 3822 censentur.

551 3910 818 3966 Carterum
847 3913 940 3968 alii
974 3915 1315 3972 cordatiores
1344 3920 1521 3975 critici
1546 3936 1681 3990 pura
1712 3930 1766 3977 et
1793 3937 2052 3993 germana

484 4001 674 4056 eadem
706 4002 839 4058 Acta
867 4020 991 4060 esse
1023 4016 1289 4073 statuunt,
1328 4027 1506 4080 neque
1540 4013 1666 4082 jure
1709 4029 1740 4068 a
1772 4031 2051 4085 quoquam

485 4093 850 4150 sollicitanda.
893 4094 958 4152 Et
999 4096 1077 4152 illi
1106 4098 1328 4169 quidem
1363 4103 1698 4172 paucissima
1740 4116 1951 4163 tantum
1996 4111 2050 4163 in

484 4188 553 4242 iis
579 4188 714 4241 vitio
744 4189 1094 4244 librariorum
1131 4204 1389 4264 corrupta
1421 4195 1591 4252 fuisse
1621 4200 1952 4269 conjeclant,
1987 4219 2051 4258 ea

482 4280 786 4349 praesertim
819 4297 942 4350 qua:
976 4282 1042 4336 ad
1075 4298 1248 4339 annos
1283 4286 1494 4356 imperii
1521 4287 1741 4360 Trajani
1763 4301 1818 4346 et
1842 4308 2049 4349 consu-

483 4371 598 4424 lum
652 4372 986 4426 notationem
1039 4384 1336 4442 spectant:
1383 4378 1437 4431 hi
1501 4395 1672 4447 vero,
1734 4381 1860 4437 licet
1905 4384 2049 4440 haud

2151 1923 2412 1989 martyrio
2441 1935 2754 1976 coronatum
2783 1940 2894 1978 esse
2919 1923 2978 1979 S.
3011 1923 3285 1995 Ignatium
3307 1928 3609 1996 episcopum
3633 1931 3738 1982 An-

2151 2011 2467 2065 tiochenam.
2542 2012 2921 2084 Ἐμαρτύρησε
2989 2014 3044 2068 δὲ
3102 2016 3195 2068 ἐπὶ
3249 2015 3412 2069 αὑτοῦ
3476 2019 3504 2070 ὁ
3577 2021 3738 2085 ἅγιος

2163 2104 2417 2171 Ἰγνάτιος
2440 2144 2454 2167 ,
2525 2108 2554 2158 ὁ
2617 2106 2912 2169 ἐπίσκοπος
2972 2107 3071 2178 τῆς
3119 2108 3324 2171 πόλεως
3378 2108 3734 2181 Ἀντιοχείας.

2151 2191 2312 2250 Istius
2344 2211 2472 2250 vero
2503 2204 2842 2252 terrzemotus
2871 2197 3219 2254 characteres
3239 2199 3556 2268 hujusmodi
3600 2217 3737 2272 pro-

2153 2282 2258 2337 fert
2292 2285 2454 2353 paulo
2483 2293 2608 2339 ante
2630 2285 2771 2340 idem
2793 2297 2985 2340 auctor
3011 2305 3024 2341 :
3058 2287 3182 2341 Ἑπὶ
3209 2289 3308 2360 τῆς
3338 2289 3617 2360 βασιλείας
3638 2292 3734 2345 τοῦ

2153 2372 2429 2428 θειοτάτου
2461 2375 2753 2446 Τραϊανοῦ,
2785 2375 2984 2429 ἔπαθεν
3025 2375 3321 2449 Ἀντιόχεια
3364 2381 3396 2450 ή
3425 2382 3660 2452 μεγάλη,
3699 2384 3734 2452 ἡ

2151 2464 2289 2534 πρὸς
2313 2465 2551 2536 Δάφνην,
2593 2465 2654 2518 τὸ
2703 2466 2886 2539 τρίτον
2929 2467 3101 2538 αὐτῆς
3131 2468 3322 2533 πάθος,
3371 2474 3499 2542 μηνὶ
3536 2474 3734 2526 Ἀπελ-

2150 2555 2285 2626 λαίῳ
2305 2555 2384 2626 τῷ
2408 2558 2502 2610 καὶ
2519 2558 2862 2630 Δεκεμϐρίῳ,
2890 2564 2934 2615 ll
2954 2563 3084 2632 (leg.
3120 2564 3212 2616 ΚΓ
3212 2565 3246 2635 ’)
3283 2567 3487 2637 ἡμέρᾳ,
3512 2568 3604 2634 A.,
3640 2586 3738 2639 με-

2149 2646 2217 2700 τὰ
2246 2645 2599 2717 ἀλεκτρυόνα,
2631 2647 2784 2712 ἔτους
2806 2651 3233 2724 χρηματίζοντος
3262 2656 3399 2708 ΡΞΔν
3424 2658 3567 2710 κατὰ
3610 2661 3739 2722 τοὺς

2164 2738 2470 2810 Ἀντιοχεῖς.
2533 2742 2877 2798 Divinissimo
2929 2745 3160 2816 Trojano
3230 2749 3555 2818 imperante,
3623 2761 3730 2806 ter-

2151 2828 2282 2882 tiam
2314 2846 2467 2883 suam
2499 2831 2862 2888 calamitatem
2906 2853 3065 2905 passa
3105 2848 3184 2892 est
3213 2855 3405 2909 magna
3451 2843 3739 2896 Antiochia

2151 2918 2219 2971 ad
2251 2918 2502 2988 Daphnen
2539 2923 2664 2988 sita,
2699 2940 2871 2978 mense
2901 2926 3134 2995 Apelleo
3163 2945 3253 2982 seu
3295 2929 3569 2984 Decembri
3592 2974 3607 2997 ,
3651 2933 3737 2985 die

2153 3009 2397 3064 vicesima
2429 3013 2605 3077 tertia,
2636 3014 2771 3083 feria
2814 3017 3008 3085 prima,
3055 3029 3175 3086 post
3204 3020 3556 3090 gallicinium,
3595 3040 3734 3077 anno

2153 3114 2276 3152 certe
2306 3101 2643 3158 Antiochena:
2666 3120 2855 3172 cutv,
2922 3108 3018 3176 qui
3056 3124 3234 3164 an-nus
3265 3111 3430 3180 coepit
3464 3128 3496 3166 a
3528 3112 3730 3169 Kalen-

2152 3188 2239 3243 dis
2268 3189 2682 3261 Septembribus
2711 3195 2840 3249 anni
2871 3210 2993 3250 serae
3025 3198 3264 3268 vulgaris
3293 3216 3416 3255 cxv.

2223 3279 2318 3336 llle
2369 3283 2536 3353 igitur
2565 3293 2906 3342 terraamotus
2943 3289 3046 3344 sub
3092 3290 3254 3346 linem
3302 3293 3548 3363 ejusdem
3605 3296 3734 3350 anni

2155 3373 2260 3427 115
2291 3375 2554 3445 contigit,
2599 3375 2689 3432 die
2735 3379 2945 3435 scilicet
2993 3381 3377 3453 subsequentis
3416 3385 3736 3442 Decembris

2155 3464 2415 3534 vigesima
2433 3463 2612 3534 tertia,
2631 3468 2686 3523 in
2710 3468 2902 3524 feriam
2926 3471 3158 3542 primam
3182 3473 3500 3542 incidente;
3540 3475 3738 3548 Traja-

2153 3571 2398 3627 nuntque
2426 3559 2627 3614 ibidem
2660 3560 3017 3629 hiemantem,
3043 3571 3182 3620 teste
3208 3563 3378 3620 Dione
3407 3565 3546 3638 (70),
3598 3584 3739 3638 pene

2153 3653 2448 3719 Oppressit.
2491 3652 2628 3710 Cum
2658 3666 2839 3710 autem
2870 3657 3174 3713 idololatris
3201 3663 3255 3713 in
3291 3675 3440 3714 more
3488 3662 3734 3730 positum

2153 3751 2298 3798 esset
2328 3743 2382 3797 in
2405 3743 2844 3802 Christianarum
2866 3749 3137 3804 excidium
3161 3751 3463 3807 calumnias
3495 3763 3736 3819 struere,

2155 3834 2374 3903 illisque
2406 3837 2644 3893 maxime
2673 3840 2918 3894 omnium
2951 3841 3199 3911 publicas
3226 3845 3567 3900 calamitates
3608 3863 3738 3916 pas-

2154 3927 2257 3980 sim
2293 3928 2584 3994 ascribere,
2618 3930 2744 3984 inde
2766 3933 3031 4003 colligunt
3073 3936 3238 3990 modo
3285 3937 3489 3991 laudati
3531 3941 3738 4003 critici,

2155 4035 2301 4073 anno
2328 4019 2427 4074 116
2456 4021 2699 4090 ineunte,
2739 4023 3036 4095 Trajanum
3070 4030 3322 4097 proximo
3352 4044 3480 4085 vere
3508 4031 3562 4084 in
3602 4031 3740 4087 Par-

2153 4113 2280 4169 thos
2325 4115 2625 4170 exercitum
2677 4116 3010 4186 ducturum,
3070 4121 3126 4175 in
3169 4121 3438 4191 judicium
3501 4138 3740 4179 vocasse

2153 4203 2442 4275 lgnatium,
2473 4207 2740 4264 illustrem
2771 4210 3211 4267 Christianorum
3243 4214 3298 4267 in
3346 4213 3504 4284 Syria
3544 4215 3741 4271 docto-

2155 4311 2292 4362 rem,
2331 4297 2591 4367 illumque
2635 4299 2812 4369 palam
2854 4300 3135 4357 Christum
3183 4303 3530 4358 conﬁtentem
3561 4321 3741 4375 seque

2156 4385 2223 4440 de
2249 4388 2633 4456 superstitione
2656 4390 3057 4461 objurgantem,
3089 4393 3157 4448 ad
3181 4394 3382 4451 bestias
3410 4396 3740 4454 damnatum

484 4460 993 4516 emendatissimum
1013 4472 1287 4518 vetustum
1312 4465 1416 4522 hoc
1434 4482 1848 4525 monumentum
1881 4487 2050 4542 agno-
2082 4494 2128 4550 ο
2155 4476 2383 4533 Romam
2405 4479 2531 4536 duci
2551 4483 2783 4552 jussisse
2800 4460 2954 4555 :iquo
2976 4486 3196 4542 demum
3217 4504 3341 4544 cum
3365 4497 3487 4558 post
3509 4490 3741 4562 longum

485 4559 664 4616 scant,
695 4552 762 4606 ad
791 4562 1004 4633 tempus
1035 4561 1215 4609 tamen
1244 4556 1298 4610 in
1337 4572 1403 4612 eo
1434 4558 1704 4630 signatum
1738 4564 1887 4632 quod
1920 4567 2049 4620 atti-

485 4651 598 4708 net,
634 4644 903 4714 integrum
934 4660 1055 4700 esse
1103 4661 1168 4701 ac
1197 4649 1492 4716 genuinum
1537 4652 1858 4710 decernunt.
1901 4654 2050 4714 Unus

484 4729 718 4786 Grabius
752 4735 963 4802 potiora
989 4734 1186 4790 horum
1224 4737 1487 4793 Actorum
1518 4743 1696 4811 capita
1732 4745 1882 4800 velut
1929 4748 2049 4802 sin-

485 4839 610 4878 cera
661 4824 929 4896 recipiens
981 4827 1130 4898 (66),
1177 4839 1509 4900 postremam
1564 4845 1776 4904 partem
1821 4841 2050 4896 omnino

485 4917 729 4986 spuriam
757 4925 812 4972 et
848 4917 917 4973 ab
949 4917 1341 4990 interpolatore
1361 4923 1600 4993 quodam
1624 4936 1876 4994 assutam
1905 4933 2054 4987 arbi-

485 5016 679 5063 tratur.

559 5098 694 5156 Hinc
724 5103 908 5171 itaque
935 5110 1069 5159 orta:
1098 5104 1262 5159 variae
1292 5105 1536 5163 virorum
1559 5111 2052 5171 eruditorumsen-

693 5256 864 5333 lgnat.
897 5261 973 5333 ad
1001 5259 1178 5330 Rom.,
1202 5277 1324 5333 cap.
1357 5263 1444 5319 10.

553 5328 889 5452 (ῗξέουόίη.
933 5328 1224 5388 Comment.
1269 5328 1333 5387 ile
1369 5335 1618 5406 scriptor.
1670 5339 1878 5407 eccles.,
1923 5352 1961 5396 t.
1997 5342 2038 5410 l,

479 5414 534 5468 p.
571 5414 692 5452 mo.

553 5470 664 5538 (6'5)
692 5467 889 5538 Scalig.
923 5472 1207 5545 Animadv,
1243 5473 1298 5527 in
1342 5473 1533 5530 Euseb.
1561 5476 1781 5545 Chrom,
1815 5480 1883 5534 ad
1907 5497 2042 5536 ann.

480 5554 750 5610 IICXXIll,
781 5555 902 5610 pag.
929 5540 1054 5610 207,

480 5691 516 5747 ν
553 5609 670 5731 ἵ)
695 5607 998 5666 Heumann.
1021 5609 1292 5681 Conspect.
1326 5614 1455 5684 reip.
1486 5614 1675 5683 litter.,
1701 5634 1750 5674 c.
1777 5619 1829 5686 7,
1859 5618 1886 5691 §
1913 5637 2040 5689 ην,

551 5746 666 5818 (65)
695 5746 961 5807 Mamach.
993 5751 1235 5824 Ortgtnn.
1275 5763 1322 5809 et
1358 5755 1557 5826 antiqq.
1601 5755 1834 5828 Christ.,
1881 5768 1918 5815 t.
1949 5759 2038 5832 IV,

2156 4569 2257 4624 iter
2289 4573 2648 4641 pervenisset,
2679 4577 2871 4631 eodem
2900 4593 3045 4632 anno
3074 4579 3174 4633 116
3206 4580 3509 4646 desinente,
3546 4582 3646 4640 die
3671 4583 3742 4637 20

2158 4657 2495 4728 Decembris,
2527 4664 2720 4734 utejus
2736 4667 2872 4722 Acta
2902 4678 3169 4725 testantur
3196 4672 3332 4742 (71),
3359 4675 3630 4744 martyrio
3658 4683 3742 4730 est

2157 4764 2472 4810 coronatus.
2503 4754 2715 4821 Quibus
2753 4760 2968 4828 positis,
3007 4763 3223 4833 scriptis
3263 4774 3396 4820 sunt
3437 4781 3569 4836 ergo
3622 4769 3740 4838 epi-

2156 4843 2310 4897 stolae
2341 4843 2652 4914 lgnatianae,
2687 4848 2755 4902 ad
2803 4860 3039 4906 mentem
3069 4853 3455 4922 praedictorum
3489 4861 3742 4914 erudito-

2155 4950 2300 5000 rum,
2337 4937 2526 4992 eodem
2561 4954 2704 4994 anno
2732 4956 2854 4996 tera:
2881 4944 3118 5013 vulgaris
3148 4946 3272 5013 116,
3304 4947 3550 5018 Actaque
3587 4965 3741 5005 mar-

2155 5031 2282 5101 tyrii
2313 5047 2456 5086 anno
2481 5032 2799 5102 insequente
2827 5037 2929 5089 117
2959 5038 3153 5094 litteris
3177 5041 3518 5112 consignata.

2227 5119 2510 5176 Posterior
2537 5138 2668 5180 vero
2704 5127 2996 5196 sententia,
3041 5144 3204 5199 quam
3235 5145 3347 5201 pra:
3381 5134 3601 5192 caeteris
3644 5150 3737 5191 as-

2162 5291 2216 5346 p.
2245 5291 2505 5335 sur-aus.

2357 5347 2522 5431 (amb.
2557 5349 2803 5431 spicileg.
2839 5353 2939 5431 ξε.
2967 5355 3108 5431 ΡΡ..
3128 5367 3275 5431 tom.
3305 5360 3370 5428 Il,
3405 5377 3460 5431 p.
3495 5362 3592 5420 22.

2373 5416 2870 5502 fagi._c'ritilc.;ad
2892 5441 3022 5502 ann.
3055 5416 3178 5494 107,
3214 5430 3323 5502 διν

2225 5487 2339 5566 (es)
2374 5487 2642 5566 sequaci).
2673 5487 2770 5546 ον.
2807 5493 3034 5563 (Σὴθ-ἰείη
3072 5487 3309 5566 ιοιιὶῖιι,
3345 5487 3452 5557 col“.
3488 5502 3615 5558 τοι.

2373 5557 2550 5643 nam.
2579 5560 2869 5643 Chronogr.
2890 5566 2987 5622 lib.
3020 5557 3101 5638 si,
3119 5571 3222 5626 sub
3251 5557 3396 5639 iniu,
3418 5587 3473 5643 p.
3497 5589 3575 5630 nt.
3608 5557 3726 5632 117.

2247 5629 2334 5702 70)
2375 5628 2495 5702 Dio,
2531 5647 2651 5702 pag.
2693 5628 2813 5686 782'.

2223 5697 2335 5774 (71)
2372 5699 2494 5756 Act.
2528 5697 2750 5772 martyr.
2787 5702 2966 5776 lgnat.
