3852 6206
117 325 223 380 581

1249 332 1551 391 ᾹΝΒΒΕΕ
1599 332 1966 390 GALLANDII
2002 332 2366 392 PROG'ZMIA.

3280 334 3385 389 582

118 463 352 505 seruere
395 449 499 504 viri
554 449 898 519 doctissimi,
959 451 1215 508 Usserius
1240 495 1255 520 ,
1322 453 1706 510 Tillemoutius
1737 462 1779 515 Α
1811 456 2003 508 durum
2049 455 2291 510 Historia
2330 457 2444 526 (80)
2487 454 2796 511 Parthicam
2826 455 3047 527 Trajani
3083 457 3383 526 expeditio-

119 548 293 608 atque
345 555 520 610 nuper
572 541 890 609 Corsinius,
937 559 1083 599 anno
1127 544 1334 601 Christi
1386 545 1524 612 107,
1567 545 1704 602 Tra-

69 655 76 662 -
116 630 239 698 jani
293 647 350 696 x,
405 631 464 685 S.
510 631 702 702 lguatii
747 636 1070 705 martyrium
1121 637 1320 707 illigat,
1367 638 1706 709 sincerisque

120 723 280 779 Actis
327 721 628 791 lgnatianis
658 726 816 781 inniti
864 729 1210 796 potissimum
1247 733 1602 801 comperitur.
1647 731 1706 786 ln

121 812 214 867 his
262 813 414 868 enim
470 813 704 884 legimus
732 817 879 886 (72),
933 817 1228 889 Trajanum
1277 821 1526 878 confecto
1565 822 1707 878 bello

121 902 354 966 Dacico,
378 906 588 975 imperii
617 909 698 961 sui
723 925 863 962 anno
904 928 990 976 rx,
1034 911 1240 984 ἐννάτῳ
1269 911 1378 966 ἔτει
1394 914 1494 984 τῆς
1537 914 1704 968 αὑτοῦ

122 994 445 1063 βασιλείας,
494 998 807 1066 festinanter
846 1002 1110 1056 Armeniis
1149 1013 1199 1057 et
1243 1003 1466 1059 Parthis
1511 1006 1705 1060 bellum

119 1085 434 1156 illaturum,
468 1091 836 1156 σπουδάζοντα
857 1094 951 1146 ἐπὶ
989 1095 1275 1166 Ἀρμενίαν
1304 1098 1400 1151 καὶ
1428 1099 1702 1170 Πάρθους,

119 1179 226 1232 iter
254 1180 525 1237 orientale
550 1183 872 1252 suscepisse,
910 1186 1015 1240 sub
1058 1187 1220 1242 ﬁnem
1259 1189 1466 1245 scilicet
1505 1205 1704 1260 praece-

116 1270 304 1328 dentis
335 1274 464 1328 anni
497 1274 636 1339 106;
675 1275 942 1344 siquidem
971 1291 1096 1332 cum
1129 1277 1419 1348 Trajanus,
1458 1288 1596 1336 teste
1621 1282 1705 1336 vel

117 1363 243 1430 ipso
271 1363 488 1420 Joanne
514 1364 708 1421 Malala
741 1367 854 1438 (75)
876 1409 891 1434 ,
933 1383 1120 1424 mense
1142 1368 1556 1442 Hyperberetazo
1591 1376 1706 1428 sive

116 1456 349 1513 Octobri
409 1457 584 1514 Roma
628 1459 906 1531 digressus
966 1471 1152 1529 esset,
1207 1463 1458 1533 proximo
1521 1474 1703 1520 autem

116 1569 313 1609 mense
344 1554 582 1624 Apelleo
618 1555 732 1610 sive
759 1555 1042 1612 Decembri
1083 1555 1387 1612 Seleuciam
1425 1558 1704 1626 pervenis-

115 1654 223 1709 set,
255 1645 610 1700 Antiochiam
639 1646 858 1702 demum
885 1646 1057 1719 Syria:
1107 1648 1389 1718 ingressus
1433 1661 1518 1704 est
1575 1649 1704 1720 μην).

115 1734 427 1805 Δὺδυναίῳ,
459 1735 537 1806 τῷ
558 1737 653 1790 καὶ
689 1737 1027 1809 Ἰαννουαρίῳ
1049 1778 1064 1802 ,
1115 1737 1316 1812 ἑϐδόμῃ
1367 1739 1570 1810 ἡμέρᾳ,
1615 1747 1698 1805 ε’.,

1808 563 1934 601 nem
1963 563 2107 604 anno
2154 550 2330 603 solum
2388 547 2453 601 U.
2512 548 2574 603 C.
2627 549 2733 603 865
2778 558 3089 619 susceptam
3139 549 3380 618 putavit;

1806 641 2266 709 quemadmodum
2295 656 2426 696 sane
2453 641 2694 712 Loydius
2723 642 2872 711 (81),
2906 641 3194 696 Fabrettus
3229 640 3343 708 (82)
3363 681 3380 705 ,

1805 731 2058 790 Norisius
2103 734 2216 803 (85)
2239 773 2254 798 ,
2284 733 2484 805 Pagius
2521 734 2634 803 (84)
2655 777 2669 800 ,
2700 733 3001 804 Basnagius
3037 734 3151 804 (85)
3181 732 3383 801 aliique

1805 824 2023 896 plurimi
2054 823 2366 879 Parthicum
2414 825 2519 880 hoc
2563 825 2665 878 iter
2708 834 2830 894 post
2871 835 3078 878 sextum
3123 823 3381 880 consula~

1805 924 1943 982 tum,
1975 930 2119 970 anno
2153 913 2221 970 υ.
2249 914 2311 970 C.
2351 915 2476 980 865,
2509 931 2538 970 a
2573 915 2806 986 Trajano
2843 916 3027 971 Romae
3067 926 3379 987 susceptum

1805 1007 2097 1078 contigisse
2123 1005 2480 1062 contendunt.
2528 1005 2911 1061 Tillemoutius
2935 1023 3066 1062 vero
3091 1007 3237 1078 (86),
3269 1024 3383 1077 quo

1805 1107 1949 1152 certe
1969 1112 2129 1151 nemo
2155 1097 2408 1152 subtilius
2439 1105 2602 1168 atque
2643 1102 2952 1154 accuratius
2994 1100 3136 1154 hanc
3168 1108 3382 1169 tempo-

1803 1202 1925 1240 rum
1951 1201 2243 1256 rerumque
2269 1195 2544 1257 gestarum
2580 1189 2776 1245 seriem
2802 1191 3122 1259 exploravit,
3158 1189 3378 1245 Baronii

1805 1292 1870 1332 ac
1898 1276 2104 1332 Petavii
2131 1279 2374 1350 vestigiis
2407 1280 2689 1348 insistens,
2719 1280 3026 1336 Parthicam
3072 1283 3215 1338 hanc
3242 1282 3380 1338 Tra-

1799 1367 1918 1436 jani
1951 1367 2183 1424 Caesaris
2210 1370 2610 1439 expeditionem
2639 1380 2872 1425 exeunte
2908 1387 3054 1425 anno
3080 1371 3146 1426 U.
3178 1371 3240 1428 C.
3273 1374 3380 1426 850

1807 1460 2100 1530 contigisse
2127 1461 2482 1516 demonstrat.
2530 1459 2597 1516 Ut
2636 1471 2816 1516 autem
2843 1464 3028 1517 omnia
3053 1479 3175 1532 qua:
3205 1479 3235 1518 a
3264 1462 3377 1518 No-

1803 1551 1936 1605 risio
1962 1553 2284 1624 exterisque
2326 1556 2608 1624 proposita
2653 1555 2888 1619 fuerant,
2927 1565 3181 1610 accurate
3208 1557 3380 1626 expli-

1804 1641 1916 1694 cari
1961 1642 2236 1712 simulque
2269 1645 2520 1713 Componi
2558 1645 2791 1714 possint,
2833 1645 3214 1701 Tillemoutius
3261 1648 3380 1718 ipse

1804 1732 2114 1786 observavit
2163 1734 2310 1803 quod
2346 1733 2544 1802 duplex
2571 1733 2794 1804 Trajani
2845 1737 2899 1789 in
2948 1736 3222 1790 Orientem
3276 1739 3380 1792 iter

117 1824 242 1895 ὥρᾳ
268 1803 586 1898 ἡμε-ρινῇ-δν,
626 1846 645 1878 ι
684 1842 871 1883 mense
914 1803 1194 1900 Audynzeo
1241 1803 1357 1885 sive
1389 1803 1698 1897 ianuario,
1733 1803 1775 1857 Β
1804 1824 2064 1893 distingui
2091 1825 2248 1879 debet
2278 1843 2290 1878 :
2327 1835 2386 1879 ut
2425 1827 2479 1878 in
2511 1803 2688 1894 primo
2730 1828 2948 1895 quidem
2981 1827 3248 1898 Trajanus
3277 1830 3380 1882 Ar-

118 1917 210 1972 die
234 1920 490 1988 septima,
538 1919 674 1976 feria
703 1923 912 1991 quinta,
957 1923 1093 1977 hora
1121 1933 1312 1993 quarta
1347 1924 1636 1980 matutina.
1676 1945 1694 1977 ι

116 2006 198 2062 Et
245 2025 362 2079 quo
403 2009 554 2066 feria:
585 2013 823 2082 'qaintaa,
884 2029 1009 2069 cum
1051 2015 1276 2083 septima
1323 2016 1410 2072 die
1456 2016 1701 2072 Januarii

115 2114 267 2155 anno
307 2117 434 2156 serie
459 2101 783 2159 Christiana
811 2104 913 2159 107
939 2107 1341 2175 concurrentis,
1386 2108 1700 2166 charactere

109 2191 328 2261 colligit
379 2190 640 2248 Usserius
675 2194 810 2263 (74),
866 2194 971 2249 hoc
1020 2195 1139 2264 ipso
1188 2211 1334 2250 anno
1382 2196 1626 2263 ineunte,
1669 2212 1700 2250 a

111 2279 364 2350 Trajano
391 2283 698 2340 Antiochiae
733 2286 800 2340 ad
841 2287 1240 2356 expeditionem
1286 2285 1596 2342 Parthicam
1641 2304 1700 2343 se

110 2387 510 2445 eomparante,
559 2377 876 2434 damnatum
917 2379 1088 2436 fuisse
1141 2381 1200 2435 S.
1247 2379 1550 2450 lgnatium;
1605 2382 1700 2451 qui

111 2469 351 2535 proinde
397 2484 543 2524 anno
585 2471 776 2526 eodem
819 2472 1064 2540 labente,
1116 2473 1330 2544 imperii
1372 2473 1592 2544 Trajani
1641 2491 1698 2541 ι,

112 2560 202 2613 die
234 2558 558 2617 Decembris
579 2563 672 2628 20,
715 2566 1036 2636 martyrium
1081 2565 1282 2621 subiit:
1329 2567 1573 2636 adeoque
1607 2566 1700 2620 illo

113 2652 236 2722 ipso
267 2668 421 2709 anno
477 2654 579 2707 107
620 2666 876 2712 currente
918 2661 1234 2729 perscripta:
1282 2660 1352 2714 ab
1389 2674 1454 2714 eo
1496 2658 1701 2714 fuerint

115 2745 392 2813 epistolae,
436 2755 602 2816 atque
652 2749 966 2820 insequente
1013 2751 1116 2806 108
1166 2753 1410 2822 ejusdem
1452 2753 1700 2824 martyrii

115 2835 254 2888 Acta
294 2837 570 2905 evulgata.
625 2838 783 2911 Apud
819 2841 1068 2897 Malalam
1117 2846 1336 2914 quidem
1363 2888 1378 2914 ,
1423 2848 1537 2904 sive
1580 2849 1699 2919 ejus

117 2925 340 2981 inscitia
386 2927 504 2984 sive
525 2929 874 2987 librariorum
904 2935 1219 3002 oscitantia,
1266 2937 1322 2992 in
1365 2941 1699 2995 notationem

115 3029 430 3089 temporum
460 3039 584 3079 cum
616 3025 830 3096 imperii
857 3027 1078 3099 Trajani
1109 3039 1223 3084 tum
1254 3031 1522 3100 Ignatiani
1555 3047 1700 3088 mar-

114 3113 243 3180 tyrii
287 3115 490 3169 menda
551 3119 813 3174 nonnulla
856 3120 1146 3191 irrepsisse
1207 3132 1548 3180 noscuntur:
1594 3127 1697 3182 levi

115 3215 302 3258 tamen
352 3207 573 3276 negotio
620 3223 689 3263 ex
735 3209 802 3264 iis
835 3212 1206 3279 emendanda,
1252 3229 1374 3284 quae
1420 3214 1698 3284 Usserius,

114 3292 480 3350 Chilmeadus
510 3296 626 3366 (75)
683 3299 888 3369 aliique
924 3312 1288 3357 monuerunt:
1331 3305 1446 3359 sive
1482 3315 1542 3360 ut
1579 3307 1699 3362 lau-

115 3383 283 3438 datus
312 3385 768 3458 chronographus
787 3391 889 3446 sibi
911 3401 1144 3456 constet,
1181 3393 1295 3449 sive
1322 3403 1379 3447 ut
1404 3395 1524 3464 ejus
1555 3397 1700 3453 dicta

115 3477 500 3532 monumentis
527 3479 941 3547 vetustioribus,
975 3482 1028 3535 in
1054 3484 1248 3552 primis
1277 3499 1408 3540 vero
1428 3485 1700 3543 Chronico

116 3563 460 3633 Eusebiano,
497 3567 645 3622 haud
671 3571 1030 3639 repugnantia
1058 3575 1486 3643 comperiantur.

188 3658 470 3713 (laterum
501 3675 612 3730 quo
643 3661 904 3718 hactenus
936 3673 1188 3719 enarrata
1223 3667 1452 3736 reliquis
1477 3667 1699 3740 Trajani

118 3754 288 3823 gestis
315 3755 374 3808 in
406 3752 629 3810 Oriente
654 3757 806 3827 paria
831 3759 1216 3828 respondeant,
1243 3761 1511 3830 duplicem
1539 3765 1608 3819 ab
1635 3780 1702 3820 eo

117 3847 440 3902 Parthicam
489 3850 889 3919 expeditionem
940 3862 1253 3921 susceptam
1315 3853 1702 3912 Tillemoutius

114 3938 241 4008 jure
270 3938 579 4008 conjecisse
608 3939 820 3996 videtur
849 3942 995 4012 (76);
1029 3944 1189 4013 cujus
1223 3946 1449 4014 proinde
1480 3957 1700 4002 senten-

121 4029 256 4083 tiam
284 4043 465 4098 nuper
490 4027 663 4085 fuisse
689 4032 970 4102 amplexus
997 4042 1161 4102 atque
1181 4035 1535 4092 conﬁrmasse
1560 4037 1701 4091 vali~

119 4119 249 4174 dius
278 4119 634 4189 perhibetur,
678 4123 764 4176 vir
808 4124 1156 4192 politioribus
1195 4127 1390 4182 litteris
1437 4138 1702 4196 praestans

121 4212 416 4267 Eduardus
435 4211 722 4269 Corsinius
750 4215 885 4285 (77).
936 4215 996 4270 In
1033 4233 1155 4272 eam
1186 4219 1402 4289 quidem
1433 4220 1704 4277 Disserta-

123 4306 334 4358 tionem
364 4304 744 4360 Corsinianam
775 4306 951 4361 Dubia
981 4311 1252 4379 proposita
1284 4327 1380 4379 per
1413 4311 1700 4368 Erasmum

121 4395 502 4451 Froelichium
532 4397 881 4468 elegantioris
927 4401 1190 4458 doctrinae
1232 4405 1700 4461 consultissimum

1804 1914 2040 1967 meniam
2080 1929 2143 1970 ac
2185 1913 2634 1984 Mesopotamiam
2677 1917 2734 1970 in
2780 1915 3040 1972 Romana:
3087 1921 3379 1988 provincias

1803 2004 2035 2059 formam
2057 2006 2323 2076 redegerit
2353 2007 2695 2078 Parthiaaque
2726 2024 2953 2078 regnum
2986 2009 3223 2066 Chosroi
3252 2013 3378 2066 reli-

1802 2097 2017 2166 querit:
2080 2098 2136 2150 in
2188 2099 2432 2152 secundo
2483 2114 2612 2153 vero
2659 2099 2878 2154 Parthis
2934 2101 3098 2170 ipsis,
3148 2103 3377 2172 expulso

1803 2189 2070 2258 Chosroe,
2106 2205 2288 2260 regem
2322 2191 2489 2244 alium
2513 2193 2867 2248 concesserit.
2889 2211 2908 2246 ι

1873 2280 1949 2335 Ac
1975 2292 2122 2337 certe
2151 2283 2368 2353 quidem
2401 2282 2696 2354 Trajanum
2739 2286 2996 2341 Armenia
3022 2287 3134 2358 jam
3167 2287 3374 2358 pridem

1801 2381 2014 2441 recepta
2040 2371 2268 2426 Romam
2300 2373 2546 2440 rediisse,
2581 2375 2887 2446 iterumque
2908 2376 3081 2431 Roma
3107 2378 3162 2431 in
3185 2375 3378 2432 Orien-

1803 2471 1910 2517 tem
1937 2462 2238 2533 profectum
2263 2479 2404 2529 esse,
2432 2480 2500 2518 ex
2522 2467 2760 2522 nummis
2783 2467 2948 2521 etiam
2972 2469 3186 2522 ostendi
3219 2481 3378 2537 posse

1801 2556 2146 2624 putaverim,
2209 2558 2257 2612 si
2309 2574 2433 2612 cum
2484 2557 2672 2614 Dionis
2709 2557 2954 2612 Historia
3004 2559 3373 2614 conferantur.

1805 2646 2088 2717 Siquidem
2117 2649 2353 2719 scriptor
2399 2649 2488 2704 ille
2535 2666 2661 2705 cum
2693 2650 2942 2716 dixisset,
2988 2651 3302 2705 Armeniam
3345 2667 3376 2704 a

1803 2738 2040 2810 Trajano
2073 2740 2288 2796 Caesare
2325 2742 2445 2798 sine
2471 2743 2658 2812 prazlio
2697 2753 2969 2813 receptam
3017 2741 3377 2813 Romanoque

1800 2832 2002 2901 populo
2028 2832 2289 2886 tributam
2321 2849 2464 2901 esse,
2494 2850 2623 2888 mox
2651 2834 2869 2889 subdit:
2908 2833 3204 2900 Ἀπήντων
3217 2833 3378 2900 αὐτῷ

1799 2926 1853 2977 οὶ
1887 2923 2030 2992 τῇδε
2055 2922 2373 2992 σατράπαι,
2409 2926 2505 2978 καὶ
2537 2926 2818 2991 βασιλεῖς
2843 2926 2995 2994 μετὰ
3021 2925 3225 2993 δώρων
3249 2965 3264 2979 .
3291 2965 3304 2978 .
3322 2965 3338 2980 .
3359 2965 3375 2980 .

1798 3016 2265 3083 Παρθαμασίρην
2296 3014 2402 3069 τὸν
2435 3017 2750 3086 Ἀρμενίων·
2768 3016 3187 3086 ἐτιμωρήσατο.
3222 3019 3376 3072 Ἐπεὶ

1799 3103 1868 3158 δὲ
1899 3103 2106 3160 πᾶσαν
2137 3105 2250 3176 τὴν
2286 3107 2592 3177 Ἀρμενίων
2639 3108 2836 3178 χώραν
2880 3105 3033 3178 εἷλε,
3082 3112 3178 3164 καὶ
3228 3115 3377 3166 πολ-

1800 3199 1949 3264 λοὺς
1981 3197 2099 3252 τῶν
2153 3199 2465 3264 ,βασιλέων
2508 3200 2649 3267 τοὺς
2696 3201 2808 3267 μὲν
2844 3203 3266 3268 ὑποπεσόντας
3308 3203 3379 3254 ἐν

1801 3289 1923 3354 τοῖς
1954 3291 2155 3359 φίλοις
2185 3291 2314 3361 ἥγε,
2350 3291 2492 3357 τοὺς
2523 3292 2591 3346 δέ
2625 3311 2790 3360 τινας
2822 3296 2919 3348 καὶ
2965 3295 3378 3360 ἀποθανόντας

1804 3380 2122 3453 (legendum
2153 3392 2284 3452 puto
2313 3383 2600 3451 ἀπόντας,
2638 3395 2697 3440 ut
2721 3387 2772 3440 hi
2796 3389 3056 3456 postremi
3085 3387 3250 3442 veluti
3281 3385 3377 3439 ab-

1801 3485 1970 3528 sentes
2008 3491 2039 3529 a
2078 3475 2354 3545 prioribus
2382 3477 2476 3546 qui
2513 3476 2750 3546 Trajano
2783 3489 3140 3543 occurrerant,
3182 3479 3380 3534 distin-

1801 3568 2058 3637 guantur)
2085 3568 2300 3635 ἀμαχεὶ
2324 3568 2658 3640 ἐχειροῦτοο
2697 3570 2836 3624 τάτε
2867 3571 3026 3625 ἅλλα
3057 3572 3377 3640 ἐψηφίζετο

1801 3656 1962 3722 αὐτῷ
2023 3657 2224 3709 πολλὰ
2256 3659 2295 3726 ἡ
2329 3659 2532 3726 ,ϐούλη
2563 3698 2578 3724 ,
2644 3659 2742 3712 καὶ
2780 3660 3067 3730 Ὄπτιμον
3107 3661 3212 3714 εἴτ’
3264 3657 3380 3716 οὖν

1806 3748 2107 3818 ΙἈριστον,
2139 3748 2544 3817 ἐπωνόμασεν.
2565 3748 2809 3820 δαιναρω
2833 3752 2922 3820 qui
2943 3752 3205 3821 regionem
3238 3762 3378 3806 tene-

1803 3839 1948 3903 bant,
1975 3854 2217 3908 regesque
2250 3855 2370 3892 cum
2398 3840 2698 3893 muneribus
2731 3841 2781 3893 ei
2818 3849 3177 3898 occurrerunt.
3211 3883 3226 3897 .
3262 3884 3275 3896 .
3305 3881 3323 3898 .
3359 3885 3373 3898 .

1801 3925 2257 3982 Parthamasirem
2289 3931 2656 3983 Armeniorum
2705 3947 2874 4001 regem
2913 3933 3150 4001 punivit;
3196 3944 3379 4004 capta-

1800 4033 1898 4088 que
1925 4019 2169 4072 universa
2201 4017 2467 4073 Armenia:
2500 4021 2726 4090 regione,
2758 4038 2900 4090 reges
2930 4024 3019 4092 qui
3056 4023 3378 4078 deditionem

1802 4112 2074 4181 fecerant,
2134 4111 2191 4164 in
2239 4112 2531 4166 amicorum
2579 4129 2799 4167 numero
2849 4115 3074 4182 habuit;
3122 4118 3378 4186 quosdam

1801 4218 1918 4255 vero
1946 4203 2108 4256 etiam
2149 4201 2386 4256 absentes
2430 4203 2624 4273 absque
2666 4221 2841 4275 pugna
2869 4208 3041 4274 cepit:
3085 4209 3234 4277 eique
3268 4217 3379 4260 tum

1803 4295 1913 4348 alia
1949 4297 2106 4364 plura
2135 4295 2361 4348 decrevit
2403 4306 2640 4363 senatus,
2691 4306 2800 4350 tum
2842 4299 3134 4367 prwsertim
3177 4299 3378 4369 Optimi

1802 4398 2202 4457 cognomentum
2230 4388 2504 4442 concessit.
2560 4389 2748 4457 Itaque
2779 4403 2847 4442 ex
2881 4388 3052 4444 Dione
3081 4399 3135 4443 et
3165 4389 3378 4444 Zonara

122 4489 389 4543 novimus
417 4489 563 4559 (78):
611 4506 732 4559 quae
777 4499 958 4548 tamen
1002 4494 1255 4551 laudatus
1291 4497 1376 4550 vir
1417 4497 1611 4553 doctus
1646 4498 1700 4552 in

1809 4495 2042 4550 quoque,
2087 4479 2284 4549 Optimi
2315 4495 2513 4536 nomen
2556 4489 2686 4535 tunc
2729 4481 2967 4550 primum
2999 4479 3234 4551 Trajauo
3261 4481 3379 4536 Ca:-

124 4581 300 4634 altera
336 4579 725 4638 Dissertatioue
762 4583 867 4638 sibi
906 4585 1162 4642 diluenda
1197 4589 1433 4657 sumpsit
1459 4587 1595 4658 (79).
1633 4588 1704 4644 At

125 4673 378 4729 virorum
405 4672 720 4727 eriticorum
749 4676 1035 4730 arbitratui
1061 4677 1128 4731 de
1157 4678 1258 4733 hac
1286 4678 1496 4734 erudita
1525 4679 1706 4734 disce-

124 4761 377 4830 ptatione
409 4759 618 4828 judicio
662 4763 874 4828 relicto,
920 4764 1134 4819 interim
1170 4781 1302 4820 vero
1337 4767 1405 4821 ad
1449 4782 1564 4822 rem
1607 4782 1708 4822 no-

128 4860 303 4904 stram
336 4851 482 4919 quod
504 4852 716 4918 attinet,
751 4851 1042 4921 ipsummet
1069 4853 1379 4908 Corsinium
1399 4854 1598 4924 juverit
1627 4855 1711 4910 sic

132 4942 452 5012 loquentem
485 4943 708 4998 audire:
754 4964 770 4996 ι
801 4942 1147 5010 Vaillantius,
1179 4947 1375 5016 inquit,
1407 4947 1462 5000 in
1492 4946 1711 4999 Arsaci-

355 5084 472 5156 ᾼρι,
497 5095 723 5156 martyr.
759 5083 966 5156 Ignat.,
996 5101 1115 5155 cap.
1143 5087 1200 5140 2.

226 5153 324 5237 75)
365 5153 545 5208 Malal.
571 5153 861 5225 Chronogr.
885 5157 978 5211 lib.
1002 5153 1080 5224 χι,
1109 5157 1211 5212 sub
1229 5155 1371 5223 init.,
1396 5171 1552 5228 pagg.
1583 5157 1705 5225 115,

134 5222 325 5366 Ηῗέρ)
367 5291 553 5366 Usser.
590 5303 704 5366 not.
735 5294 788 5362 6,
823 5299 879 5349 in
906 5305 1126 5366 martyr.
1155 5295 1213 5351 S.
1241 5294 1422 5366 Ignat.

207 5362 669 5450 ('75:)-Chilmead.
706 5367 774 5419 ad
807 5367 996 5421 Malal.
1041 5362 1136 5422 Hb.
1186 5362 1445 5424 lenott.
1476 5367 1567 5434 25,
1596 5366 1666 5423 29
1687 5407 1704 5434 ,

136 5447 582 5576 Ρθῗᾶᾦθίιτίιιρω.
611 5503 734 5558 Hist
761 5507 848 5560 des
882 5505 1090 5576 Emper.
1125 5515 1249 5560 tom.
1305 5506 1368 5573 11,
1414 5516 1530 5562 not.
1569 5522 1702 5570 xv",

136 5588 231 5646 sur
271 5571 494 5643 Trajan.
527 5592 682 5646 pagg.
709 5571 1072 5632 505-509.’-
1103 5575 1179 5631 ld.
1205 5571 1362 5630 Mem.
1389 5579 1540 5644 eccl.,
1571 5586 1703 5632 tom.

137 5640 203 5707 ll,
237 5640 396 5713 pagg.
431 5640 554 5710 195,
581 5640 705 5710 579,
739 5649 862 5701 583.

209 5715 351 5789 (77)-
368 5715 845 5789 ροτδὶῃαρξξεετι.
879 5717 943 5773 de
970 5716 1188 5774 .ilinnis.
1242 5733 1467 5787 numm.,
1516 5733 1637 5789 pag.
1676 5717 1708 5773 6

139 5797 274 5857 seqq
331 5783 554 5841 Liburni
586 5786 744 5847 1754.

1807 4579 1917 4633 sari
1948 4576 2134 4632 Roma:
2155 4591 2479 4632 concessum
2524 4575 2648 4642 fuit,
2693 4592 2816 4632 cum
2851 4578 2898 4631 is
2929 4577 3240 4632 Armeniam
3283 4592 3380 4631 ex-

1808 4670 1965 4740 pulso
2012 4669 2480 4724 Parthamasiride
2532 4668 2855 4736 caeterisque
2903 4667 3105 4735 regulis
3152 4668 3378 4722 orllnino

1809 4761 2041 4817 sublatis
2069 4769 2428 4831 occupasset:
2481 4760 2710 4830 ideoque
2750 4775 2874 4814 cum
2907 4760 2962 4814 in
2988 4762 3228 4814 nummis
3260 4761 3381 4829 plu-

1809 4854 1962 4908 ribus
1989 4851 2176 4906 Roma:
2211 4850 2486 4922 percussis
2520 4849 2718 4917 Optimi
2759 4864 2958 4904 nomen
2994 4848 3230 4918 Trajauo
3275 4851 3381 4905 tri-

1811 4945 2005 4999 butum
2055 4951 2350 5008 occurrat,
2405 4943 2462 4996 in
2509 4942 2710 5012 quibus
2751 4941 2867 5012 ipse
2914 4940 3110 4995 Consul
3141 4958 3170 4995 v
3221 4958 3384 4998 voca-

1882 5085 1995 5156 (78)
2024 5085 2292 5141 Froelich.
2324 5084 2464 5141 Dub.
2495 5085 2558 5139 de
2594 5085 2836 5152 Minnis.,
2870 5095 2974 5140 etc.
3016 5085 3230 5140 Viennae
3266 5085 3381 5139 Au-

1810 5165 1910 5213 str.
1948 5157 2104 5211 1754.

1881 5228 1994 5298 (70)
2033 5225 2250 5298 gorsin.
2270 5225 2496 5280 Dissert.
2520 5227 2572 5298 in
2595 5243 2698 5298 qua
2715 5225 2850 5278 Dub.
2863 5233 3000 5298 tete.
3019 5223 3202 5280 Roma:
3220 5224 3379 5278 1757.

1881 5295 1995 5366 (80)
2037 5295 2296 5366 _Vai||ant.
2331 5296 2576 5366 Arsacid.
2605 5295 2756 5363 hist.,
2787 5311 2842 5365 p.
2867 5295 2991 5349 505.

1881 5364 1994 5436 (81)
2030 5364 2205 5436 Loyd.
2232 5365 2435 5436 DeiEp.
2465 5365 2644 5436 lgnat.

1881 5432 1992 5507 (82)
2028 5432 2512 5507 EabrettLDe'col.
2535 5434 2776 5507 Trajan.,
2797 5432 3000 5507 p.290.

1881 5503 1993 5573 (85)
2032 5504 2213 5560 Noris.
2248 5505 2422 5574 Epist.
2459 5503 2702 5570 Consul.,
2735 5521 2785 5572 p.
2821 5504 2906 5559 72.

1886 5576 1998 5646 (81)
2039 5574 2166 5646 Pag.
2196 5576 2263 5630 ad
2293 5593 2420 5629 ann.
2445 5574 2574 5646 Chr.
2612 5575 2731 5646 105,
2758 5574 2784 5644 §
2814 5590 2852 5628 ll
2884 5589 3000 5645 seq.

1889 5644 2003 5716 (85)
2043 5645 2273 5716 Dasnag.
2301 5644 2495 5716 Annal:
2523 5644 2649 5698 eccl.
2671 5685 2684 5706 ,
2718 5650 2785 5716 δέ
2811 5661 2940 5697 ann.
2972 5644 3096 5700 112.

1887 5713 2000 5784 (86)
2042 5713 2256 5771 Τίιιρηί.
2289 5715 2430 5769 IIist.
2461 5713 2633 5786 Impp.
2663 5715 2717 5770 in
2744 5713 2998 5786 Trajau.,
3035 5722 3140 5769 art.
3185 5729 3378 5781 xxvnt,

1817 5795 1870 5842 et
1897 5796 2006 5842 not.
2044 5801 2174 5853 xvn,
2205 5801 2257 5857 p.
2294 5787 2416 5842 500.
