3772 6226
501 280 607 338 583

1582 287 1643 340 8.
1679 285 2036 344 lﬂNATlUS.
2075 319 2146 330 —
2172 285 2705 344 PROLEGOMENA.

3586 100 3715 358 δεδι

511 411 602 456 ιιιι·
630 402 784 473 (87);
833 402 1070 460 dubitari
1105 416 1257 461 certe
1291 405 1380 460 vix
1415 406 1614 475 poterit
1641 408 1776 478 quin
1809 407 2082 479 Trajanus
2111 411 2156 467 A
2182 409 2348 464 etiam
2395 409 2709 478 Graecisque
2753 410 3030 475 nummis,
3070 426 3214 480 quos
3255 427 3320 468 eo
3356 390 3568 474 libentius
3597 420 3649 476 hic

501 495 816 549 Armeniam
842 496 1139 566 subegerit,
1179 506 1344 565 atque
1372 496 1573 566 Optimi
1602 513 1802 554 nomen
1826 500 2080 555 obtinue—

503 584 575 637 rit
601 594 728 639 ante
756 600 958 640 annum
991 583 1059 639 U.
1087 584 1151 640 C.
1189 584 1316 650 865,
1351 600 1461 655 quo
1493 595 1702 639 sextum
1733 585 2076 641 consulatum

502 672 691 730 Romae
764 674 1026 745 suscepit.
1093 673 1170 730 lta
1226 689 1486 744 quoque,
1536 689 1660 730 cum
1717 674 1774 728 in
1837 675 2080 729 nummis

501 765 625 820 aliis
656 763 769 834 (88)
806 763 1008 834 Optimi
1035 766 1228 820 titulus
1260 766 1602 833 observetur,
1631 765 1906 838 simulque
1940 764 2080 819 Pro-

502 856 658 925 fcrtio
710 855 940 926 Augusti
990 865 1352 923 memoretur;
1403 855 1564 912 facile
1614 857 1812 912 exinde
1855 867 2080 927 apparet

501 945 839 1016 Trajanum,
879 949 1044 1003 etiam
1094 956 1222 1018 post
1271 949 1513 1004 subactas
1559 951 1832 1006 Armeniae
1863 959 2079 1021 tempus

501 1048 666 1108 atque
692 1038 894 1108 Optimi
920 1055 1115 1094 nomen
1143 1039 1243 1109 ipsi
1272 1040 1557 1105 tributum,
1583 1041 1879 1111 aliquando
1905 1041 2079 1097 Roma

503 1133 859 1188 discessisse:
879 1133 1026 1203 quod
1051 1133 1168 1188 ﬁeri
1189 1142 1334 1188 certe
1355 1134 1440 1189 vel
1459 1135 1716 1204 explicari
1737 1151 1844 1189 non
1873 1145 2078 1205 posset,

501 1223 549 1277 si
577 1223 744 1278 semel
768 1231 1150 1278 tantummodo
1175 1223 1439 1279 adversus
1453 1225 1741 1282 Armenios
1765 1241 1829 1281 ac
1848 1225 2080 1281 Parthos

499 1330 645 1370 anno
671 1313 736 1370 U.
760 1315 824 1370 C.
855 1316 960 1371 865
990 1315 1160 1370 Roma
1189 1315 1463 1385 profectus
1496 1317 1551 1370 in
1575 1316 1796 1373 Oriente
1828 1319 2074 1373 obiisset.

534 1407 698 1462 (llaec
737 1407 852 1478 ipsa
883 1423 1102 1478 quoque
1141 1405 1360 1474 Traiani
1386 1408 1663 1478 expeditio
1701 1417 1828 1465 ante
1873 1425 2080 1464 annum

500 1499 566 1555 U.
592 1501 659 1560 C.
681 1501 784 1556 865
805 1510 1080 1573 suscepta,
1106 1501 1478 1571 pulcherrimo
1497 1502 1835 1558 Antiochcno
1854 1517 2082 1558 nummo

499 1592 815 1647 conlirmari
851 1592 1052 1662 poterit
1101 1592 1245 1662 (89),
1291 1593 1343 1646 in
1377 1607 1490 1661 quo
1525 1593 1811 1662 perspicue
1846 1593 2078 1664 legitur:

498 1683 807 1735 ΔΠΜΑΡΧ.
868 1683 972 1736 ΕΞ.
1029 1683 1237 1736 ΥΠΑΤ.
1283 1684 1344 1737 Ε.
1394 1681 1716 1738 Tribunicic
1762 1683 2078 1752 potestatis,

2179 501 2382 572 protuli
2415 512 2475 556 ut
2503 503 2710 556 vexatis
2753 503 2891 557 adeo
2921 501 3111 573 lgnatii
3151 507 3396 576 martyris
3425 505 3546 564 Actis
3574 513 3650 568 hinc
3711 501 3731 576 I‘

2179 595 2343 648 etiam
2368 593 2625 662 splendor
2653 608 2718 648 ac
2739 593 3049 664 praesidium
3075 594 3372 658 accederet,
3397 600 3568 652 ostendi
3584 602 3651 669 jam

2180 684 2386 754 poterit
2411 684 2557 754 quod
2596 684 2796 754 duplex
2828 683 3052 755 Trajani
3088 686 3144 740 in
3176 683 3439 741 Orientem
3467 690 3653 757 proiectio

2180 774 2406 842 agnosci
2451 775 2655 830 debet:
2692 783 2750 828 ut
2791 775 2846 829 in
2886 776 3062 846 prima
3104 776 3325 846 quidem
3365 777 3558 834 Chosrui
3587 784 3654 850 pla-

2180 875 2339 920 catus
2373 866 2592 921 obsides
2619 867 2798 924 solum
2840 868 2910 922 ab
2931 868 3024 922 illo
3057 868 3346 938 receperit,
3367 869 3557 939 solaque
3574 873 3657 928 urbe

2181 953 2355 1012 Nisibi
2381 956 2679 1028 Batnisque
2713 962 2887 1028 ceptis
2918 959 3167 1014 Parthici
3199 975 3389 1016 nomen
3415 961 3657 1031 obtinuerit;

2181 1045 2238 1099 in
2265 1046 2438 1100 altera
2473 1062 2623 1112 vero,
2653 1063 2780 1102 cum
2825 1047 3101 1103 Chosroes
3152 1059 3248 1104 aut
3292 1064 3323 1103 a
3362 1048 3546 1106 Parthis
3577 1053 3660 1121 ipsis

2180 1137 2445 1206 expulsus
2477 1135 2646 1203 foret,
2681 1146 2776 1193 aut
2811 1139 2972 1194 ﬁdem
3009 1137 3253 1210 Trajano
3279 1140 3558 1197 obstrictam
3585 1144 3659 1197 vio-

2181 1228 2380 1296 lasset,
2415 1226 2639 1284 Parthis
2689 1230 2825 1300 ipsis
2868 1245 3072 1286 novum
3103 1247 3290 1302 regem
3334 1233 3660 1288 constituerit.

2181 1319 2459 1377 Hactenus
2494 1321 2579 1376 vir
2612 1321 2702 1378 ille
2735 1321 3114 1380 doctissimus.
3139 1322 3326 1394 Neque
3348 1325 3538 1382 omittas
3559 1327 3663 1381 velim

2181 1431 2304 1487 qua:
2332 1414 2722 1471 Pearsonianae
2765 1417 3047 1472 sententiae
3075 1417 3324 1487 patronis
3352 1417 3483 1473 haud
3513 1419 3569 1473 ita
3595 1420 3666 1488 pri-

2181 1507 2305 1562 dem
2363 1507 2624 1577 opposuit
2662 1506 2978 1563 Baraterius
3021 1507 3164 1579 (92).
3217 1507 3276 1564 Si
3321 1510 3456 1564 enim
3495 1524 3548 1564 ea
3585 1525 3665 1564 cum

2182 1597 2513 1656 Tillemontii
2536 1609 2590 1657 et
2617 1599 2858 1656 Corsinii
2890 1601 3110 1672 placitis
3133 1613 3525 1672 componantur,
3549 1617 3613 1658 res
3628 1618 3669 1658 eo

2183 1693 2402 1748 tandem
2427 1693 2716 1750 deducitur
2739 1703 2799 1749 ut
2819 1695 3044 1750 omnino
3068 1695 3318 1751 confecta
3340 1711 3450 1752 esse
3467 1695 3668 1760 videatur;

499 1773 699 1828 Consul
725 1790 778 1828 v.
810 1771 1024 1828 Etenim
1063 1773 1108 1828 si
1145 1789 1406 1832 nummus
1458 1774 1550 1830 ille
1598 1782 1714 1828 tum
1768 1788 1938 1828 cusus
1979 1772 2082 1827 fuit
2111 1759 2155 1814 Β
2185 1799 2251 1840 ac
2300 1784 2531 1856 proinde
2574 1802 2739 1842 nemo
2781 1787 2836 1841 in
2885 1795 3173 1857 posterum
3217 1786 3284 1842 de
3315 1785 3671 1857 Αειοτυιηιειη.

497 1881 624 1919 cum
650 1865 888 1934 primum
913 1863 1189 1935 Traianus
1220 1865 1570 1921 Antiochiam
1619 1865 1859 1931 advenit,
1898 1873 1960 1919 ut
2009 1864 2080 1920 cl.

498 1957 677 2010 editor
699 1956 1078 2019 existimavit,
1125 1957 1479 2027 perspicuum
1540 1958 1631 2012 fiet
1677 1957 1975 2028 Traianum
2026 1957 2084 2012 in

496 2045 776 2103 Orientem
823 2057 950 2102 ante
995 2049 1342 2103 consulatum
1389 2059 1616 2115 sextum,
1667 2049 1913 2119 adeoque
1958 2057 2086 2102 ante

500 2153 705 2194 annum
735 2136 801 2193 υ.
831 2139 896 2194 C.
929 2137 1036 2194 865
1065 2141 1433 2196 concessisse:
1461 2141 1924 2210 quemadmodum
1953 2154 2085 2196 sane

500 2231 809 2302 perspicuis
861 2239 1169 2300 temporum
1226 2232 1641 2287 characteri’bus
1683 2232 1950 2288 adventus
1995 2233 2085 2289 ille

499 2323 852 2378 Antiochiam
892 2323 948 2378 in
989 2322 1196 2379 Malalae
1236 2324 1481 2380 Historia
1525 2323 1644 2396 (90)
1679 2340 1826 2380 anno
1880 2323 1946 2381 U.
2015 2325 2080 2383 C.

500 2415 606 2470 860
649 2414 941 2480 tribuitur;
990 2423 1155 2485 atque
1199 2415 1256 2468 in
1297 2415 1452 2470 Actis
1490 2414 1547 2469 S.
1593 2415 1790 2485 Ignatii
1826 2418 2084 2487 martyris

500 2505 789 2576 perspicue
811 2506 1125 2576 diserthue
1159 2505 1380 2572 legitur,
1411 2507 1557 2576 quod
1582 2515 1790 2578 martyr
1818 2507 1910 2562 ille
1945 2525 2083 2562 nono

500 2597 724 2668 Trajani
761 2597 1082 2666 imperantis
1108 2613 1274 2664 anno,
1304 2597 1448 2652 Sura
1495 2606 1546 2651 et
1578 2597 1860 2652 Senecione
1887 2615 2082 2653 consu-

500 2689 662 2754 libus,
710 2687 813 2743 hoc
835 2696 918 2744 est
960 2703 1106 2744 anno
1144 2687 1271 2752 860,
1312 2689 1534 2744 ineunte
1567 2687 1831 2745 Januario
1872 2703 2081 2757 mense,

501 2777 739 2849 Trajano
779 2781 1085 2836 Antiochia:
1131 2779 1370 2853 degenti,
1405 2788 1572 2851 atque
1605 2781 1660 2835 in
1688 2779 1980 2836 Armenios
2029 2791 2085 2837 et

501 2868 734 2926 Parthos
761 2872 996 2926 moventi
1030 2871 1246 2927 oblatus
1272 2870 1396 2928 fuit.
1429 2872 1671 2943 Denique
1691 2873 1926 2928 eximius
1947 2874 2084 2930 alter

501 2960 727 3031 Trajani
780 2977 1040 3017 nummus
1089 2964 1318 3018 habetur
1349 2963 1461 3035 (91)
1506 2965 1562 3018 in
1606 2980 1718 3035 quo
1761 2965 1946 3020 Caesar
1967 2966 2085 3036 ipse

2188 1876 2322 1930 tiani
2351 1877 2597 1949 martyrii
2626 1878 2941 1934 sinceritate
2964 1877 3092 1948 jure
3125 1878 3375 1933 dubitare
3402 1877 3564 1949 possit.

2255 1965 2378 2022 Jam
2404 1982 2534 2023 vero
2565 1969 2634 2024 ad
2667 1983 2790 2024 eam
2833 1967 3217 2024 dilIicultatem
3254 1967 3560 2023 enodandam
3590 1981 3672 2036 qua

2185 2061 2296 2130 peti
2326 2061 2465 2116 solet
2491 2076 2559 2115 ex
2579 2059 2774 2115 iisdem
2797 2060 2970 2123 Actis,
3001 2061 3098 2116 ub’i
3135 2059 3196 2115 S.
3216 2059 3398 2131 lgnatii
3429 2059 3670 2130 martyrium

2185 2151 2542 2221 consignatur
2571 2150 2954 2205 ὑπατευόντων
2981 2150 3138 2224 παρὰ
3180 2149 3453 2220 Ῥωμαίοις
3476 2148 3589 2220 Σύρα
3611 2148 3673 2200 καὶ

2185 2243 2436 2298 Σενεκίω)
2467 2243 2530 2298 τὸ
2557 2243 2840 2317 δεύτερον,
2872 2241 3023 2299 Cass.
3066 2243 3212 2314 apud
3253 2241 3491 2296 Romanos
3520 2239 3622 2295 Sura
3641 2249 3672 2291 et

2187 2337 2469 2394 Senecione
2499 2352 2564 2401 ιι,
2595 2352 2720 2392 cum
2752 2352 2819 2391 ex
2850 2335 3030 2392 Fastis
3052 2345 3272 2392 constet
3298 2335 3424 2405 (95),
3447 2348 3562 2388 anno
3587 2348 3670 2386 era
3730 2323 3731 2342 ξ

2185 2428 2515 2485 Christiana:
2551 2427 2677 2492 107.
2716 2427 3071 2484 Senecionem
3111 2437 3259 2497 1v,et
3293 2425 3472 2481 Suram
3495 2439 3560 2487 ιιι,
3581 2439 3671 2477 cun-
3730 2491 3731 2500 χ

2184 2523 2334 2578 sules
2369 2521 2740 2592 processisse;
2789 2519 2947 2589 plura
2988 2528 3188 2590 praeter
3233 2515 3490 2573 Usseriuin
3523 2510 3668 2584 prolert
3730 2519 3731 2596 ξ

2186 2613 2640 2670 accuratissimus
2692 2612 3077 2668 Tillemontius
3126 2612 3260 2683 (94).
3312 2607 3497 2676 Quibus
3531 2603 3670 2659 addere
3730 2671 3731 2674 η

2184 2714 2410 2778 prazstat
2432 2722 2556 2778 qua:
2583 2705 2639 2760 in
2685 2715 2924 2761 veterem
2954 2705 3277 2760 eorumdem
3302 2704 3525 2756 Actorum
3551 2697 3668 2751 inter-
3730 2703 3731 2706 ‘

2186 2808 2395 2870 pretem
2461 2797 2674 2853 erudite
2735 2796 3048 2852 observavit
3109 2794 3310 2867 praesul
3384 2788 3668 2861 amplissimus

2185 2891 2512 2948 Franciscus
2543 2889 2897 2945 Blancbinius
2929 2889 3068 2960 (95).
3100 2889 3305 2944 Verum
3336 2886 3386 2940 in
3419 2883 3492 2938 his
3521 2877 3668 2934 diutius

2186 2983 2494 3048 immorari,
2524 2981 2759 3037 instituti
2792 2980 2965 3036 nostri
2997 2980 3141 3035 ratio
3176 2993 3284 3032 non
3309 2977 3506 3048 patitur.

499 3058 724 3114 APICT.
945 3061 985 3114 Γ
987 3061 1154 3115 ΕΡΜ.
1192 3062 1350 3116 ΔΑΚ.
1404 3062 1609 3116 ΠΑΡΘ.
1661 3061 1926 3133 Optimus,
1971 3066 2077 3118 Au-

2255 3074 2356 3129 Hic
2401 3083 2614 3130 tantum
2669 3073 2928 3129 lectorem
2978 3071 3255 3125 monitum
3316 3067 3566 3126 volumus,
3599 3074 3666 3114 nus

501 3165 710 3225 gustus,
748 3153 1117 3220 Germanicus,
1143 3152 1388 3220 Daccius,
1424 3153 1712 3209 Parthicus
1754 3157 2080 3227 appellatur,

502 3246 778 3316 simulque
823 3247 1056 3314 decimus
1094 3245 1307 3316 imperii
1345 3247 1518 3316 ipsius
1565 3262 1744 3303 annus
1787 3263 2083 3319 expressus

501 3338 865 3408 conspicitur.
900 3337 1042 3409 Ergo
1065 3353 1211 3392 anno
1239 3335 1305 3392 U.
1333 3337 1394 3393 C.
1420 3338 1544 3404 861,
1569 3339 1625 3394 in
1654 3353 1817 3409 quem
1847 3341 2082 3397 decimus

503 3430 718 3500 imperii
739 3445 919 3485 annus
944 3431 1203 3495 incurrit,
1232 3429 1636 3501 Trajanusjam
1664 3431 1886 3501 Optimi,
1918 3445 2082 3506 atque

501 3536 534 3576 a
558 3522 826 3577 militibus
859 3523 1052 3579 saltem
1075 3521 1320 3576 Parthici
1343 3537 1542 3578 nomen
1567 3535 1852 3594 acceperat
1877 3545 1892 3581 :
1925 3527 2080 3582 ideo-

503 3628 613 3682 que
645 3611 966 3669 Parthicum
1019 3614 1122 3668 iter
1158 3614 1229 3669 ab
1266 3614 1361 3670 illo
1405 3625 1721 3685 susceptum
1755 3617 1827 3672 ad
1873 3633 2079 3675 annum

510 3705 573 3759 U.
599 3703 662 3759 C.
691 3705 798 3760 859
820 3699 1011 3759 rel‘erri
1045 3707 1226 3763 debet.

582 3812 604 3846 ‹
641 3793 827 3866 Itaque
868 3811 976 3850 non
1011 3814 1079 3853 ex
1128 3799 1492 3870 scriptoribus
1531 3799 1708 3855 solum
1750 3815 1891 3872 quos
1919 3801 2084 3860 Tille-

503 3887 750 3942 montius
816 3891 1229 3948 accuratissime
1272 3893 1559 3959 exhibuit,
1618 3893 1716 3949 sed
1756 3909 1824 3949 cx
1873 3893 2082 3951 Latinis

575 4047 691 4126 (Si?)
727 4048 984 4126 Yaillant.
1023 4060 1160 4126 tom.
1192 4053 1256 4118 ll,
1283 4069 1407 4126 pag.
1438 4055 1560 4110 121.

580 4120 692 4196 (88)
735 4120 869 4196 llud.
895 4134 948 4196 et
974 4125 1178 4196 tom:_l,
1212 4120 1484 4196 paggfd'l,
1517 4125 1608 4180 49.

572 4187 740 4244 Gesn.
772 4190 901 4246 Tab.
926 4191 967 4256 1,
998 4210 1052 4247 n.
1083 4194 1176 4250 78.

573 4260 689 4336 ($9)
729 4261 1019 4336 “Varillam.
1045 4273 1177 4318 tom.
1211 4263 1274 4329 ll,
1306 4279 1426 4336 pag.
1467 4263 1590 4319 127.

573 4329 688 4401 (90)
729 4331 908 4388 Malal.
927 4334 1128 4389 Histor.
1153 4336 1246 4390 lib.
1285 4329 1356 4400 ιιί,
1377 4329 1508 4390 init.

573 4401 688 4469 (9|)
727 4403 953 4459 Gesner.
989 4404 1117 4460 Tab.
1143 4422 1282 4460 Lxxx
1333 4422 1382 4460 ιι.
1426 4407 1511 4460 il.

573 4472 689 4541 (92)
730 4472 912 4530 Barat.
970 4475 1201 4548 Disquis.
1236 4473 1418 4530 chron.
1479 4475 1545 4530 de
1591 4493 1816 4531 success.
1868 4480 2068 4550 antiqq.

2185 3165 2407 3236 quidem
2441 3165 2726 3220 sententiae
2755 3178 2786 3217 a
2818 3161 3126 3217 Pearsonio
3153 3161 3376 3230 aliisque
3400 3162 3668 3228 propugnans

2186 3256 2427 3326 primum
2463 3254 2794 3321 adhaesisse,
2841 3269 2984 3309 anno
3015 3253 3124 3307 116
3165 3251 3410 3323 epistolas
3443 3247 3671 3320 lgnatianas

2185 3347 2477 3418 illigantes,
2503 3347 2636 3402 dum
2675 3349 2799 3404 illas
2840 3347 2989 3418 typis
3021 3343 3365 3401 excudendas
3390 3342 3669 3399 curabamus;

2191 3439 2287 3495 sed
2325 3453 2385 3493 re
2434 3439 2690 3508 deinceps
2737 3438 3000 3494 attentius
3029 3439 3312 3507 inspecta,
3354 3447 3483 3489 nunc
3514 3430 3671 3484 demum

2189 3531 2417 3586 alteram
2456 3530 2791 3600 sequendam
2817 3529 3102 3594 ducimus,
3141 3527 3546 3600 quandoquidem
3582 3523 3670 3572 vali-

2187 3619 2440 3674 dioribus
2469 3621 2806 3691 argumentis
2835 3620 3162 3677 conﬁrmata
3182 3635 3302 3675 esse
3324 3618 3468 3672 nobis
3487 3611 3672 3668 videtur

2188 3719 2252 3765 ut
2297 3711 2528 3780 proinde
2575 3726 2722 3767 anno
2769 3721 3025 3768 currente
3050 3709 3158 3764 107
3182 3710 3391 3765 easdem
3416 3704 3623 3778 epistolas
3656 3713 3675 3750 ι

2190 3801 2252 3857 S.
2285 3801 2495 3872 lgnatio
2526 3805 2858 3873 perscriptas
2877 3845 2893 3871 ,
2919 3803 3154 3872 ejusque
3184 3802 3317 3858 Acta
3342 3795 3554 3869 martyrii
3575 3805 3676 3848 anno

2188 3898 2510 3968 insequente
2533 3897 2636 3952 108
2661 3897 2856 3952 litteris
2885 3895 3150 3950 mandata
3179 3893 3548 3950 existimemus.

2191 4058 2465 4130 Episcopp.
2498 4060 2728 4122 Romm.,
2761 4074 2880 4130 cap.
2911 4056 2965 4127 7,
3000 4057 3027 4131 ς
3060 4059 3117 4124 4,
3143 4074 3266 4131 pag.
3291 4057 3516 4131 διξείιιι·

2253 4127 2386 4201 (95)
2405 4127 2670 4201 Almelov.
2700 4127 2856 4185 Fasti
2886 4127 3056 4201 cassi,
3091 4127 3298 4201 p.152,
3327 4127 3432 4201 alii.

2249 4196 2363 4271 (94)
2405 4200 2620 4255 Tillem.
2657 4202 2801 4257 Hist.
2827 4201 2916 4255 des
2945 4196 3188 4269 Empér.,
3211 4211 3336 4254 tom.
3360 4196 3420 4262 ll,
3441 4197 3674 4250 notum,

2180 4271 2922 4398 "inliaiitﬁ’é’iﬁnsil’sm.
2942 4341 3013 4396 ad
3035 4342 3224 4398 Anast.
3243 4337 3378 4398 Biin

2183 4321 2922 4487 ,Ilgbli’lsisliiiﬁéférat.
2942 4341 3013 4396 ad
3035 4342 3224 4398 Anast.
3243 4334 3500 4402 Biblioth.,
3517 4339 3624 4385 tum.
3645 4321 3673 4389 ι,
