3852 6206
466 309 565 366 68⁸1

1535 313 1591 370 S.
1627 313 1972 372 lCNATlUS.
2017 347 2080 358 —-—
2124 315 2658 373 PROLEGllMENA.

3618 320 3721 374 588

468 436 534 484 iis
572 430 819 485 notitiam
881 429 1194 487 testimonio
1251 448 1352 488 suo
1419 436 1774 490 confirmatas
1823 438 2040 507 scriptis
2068 447 2114 504 Α
2143 439 2454 509 praesidium
2489 454 2831 508 quaeramus,
2863 439 3118 509 episcopo
3166 438 3278 510 (l6)
3325 443 3719 494 adnzerenaum

465 521 729 575 mandare
766 523 1139 578 necessarium
1161 523 1332 578 duxit.
1374 543 1391 574 ι
1430 524 1557 580 Sole
1596 527 1896 581 meridiano
1921 529 2035 581 cla-

462 615 579 669 rius
605 622 710 679 est,
733 613 800 668 de
822 615 1113 669 traditione
1159 631 1270 669 non
1314 618 1513 686 scripta
1541 617 1708 672 verba
1741 617 1877 684 ﬁeri,
1910 635 2032 673 cum

464 706 732 761 Eusebius
763 706 940 761 tradat
965 705 1022 760 S.
1051 707 1448 762 Antiochenum
1477 709 1792 779 episcopum
1818 710 2036 780 scriptis

463 798 724 854 mandare
752 799 1120 853 necessarium
1153 799 1394 864 duxisse,
1416 801 1662 856 uttutius
1696 800 1760 855 ad
1788 812 2035 870 posteros

462 891 838 962 pervenirent,
862 892 1004 961 quod
1037 907 1168 947 sane
1199 893 1305 948 dici
1340 893 1528 962 nequit
1559 893 1626 948 de
1663 893 1911 949 doctrina
1942 895 2032 950 lit-

461 983 592 1038 teris
621 983 959 1052 consignata.

461 1092 491 1165 δ
532 1092 594 1148 ll.
639 1092 713 1148 De
739 1093 995 1159 Ecclesia,
1037 1095 1151 1162 ejus
1184 1096 1465 1160 ministris,
1491 1097 1790 1163 schismate,
1823 1098 2030 1165 Interest,

687 1165 947 1218 hcerelicis
986 1165 1280 1235 fugiendis,
1311 1183 1592 1237 eorumque
1629 1170 1788 1220 notis.

529 1279 666 1335 Vera
690 1280 954 1342 Ecclesia,
985 1281 1138 1351 juxta
1173 1279 1233 1335 S.
1258 1279 1547 1350 lgnatium,
1585 1284 1729 1338 notis
1771 1284 1921 1340 hisce
1951 1285 2034 1338 in-

457 1373 694 1428 ternosci
721 1382 926 1444 potest,
951 1373 1096 1444 quod
1130 1388 1236 1426 una
1273 1373 1343 1427 sit
1383 1373 1482 1443 (8),
1517 1375 1787 1430 catholica
1817 1378 1915 1446 (9),
1951 1377 2034 1430 in-

453 1467 825 1537 corruptibilis
846 1470 980 1538 (l0),
1003 1478 1165 1537 atque
1187 1468 1262 1522 ita
1284 1469 1572 1524 distributa
1602 1470 2030 1541 (ll)utepiscopi

452 1560 786 1632 presbyteris
803 1559 1038 1629 majores
1053 1559 1182 1625 sint;
1199 1560 1252 1614 hi
1267 1576 1398 1616 vero
1420 1561 1684 1620 diaconis.
1701 1562 1817 1616 sine
1834 1562 2032 1632 quibus

453 1657 566 1726 (12)
587 1654 884 1726 perdurare
907 1669 1016 1709 non
1036 1663 1235 1723 potest.
1257 1655 1418 1710 Docet
1435 1667 1690 1726 praeterea
1711 1655 1824 1725 (1⁸5)
1840 1671 2025 1726 quern-

463 1748 757 1804 admodum
795 1745 888 1801 ubi
925 1744 1179 1801 Christus
1231 1756 1349 1811 est,
1384 1747 1456 1801 ibi
1503 1763 1722 1818 quoque
1762 1748 2029 1802 catholica

2141 543 2226 588 est
2261 533 2375 602 (17)
2413 547 2648 603 eumque
2684 541 2742 586 ut
2776 531 2935 587 Jesus
2978 533 3232 588 Christus
3288 534 3503 588 Patrem
3557 548 3721 586 suum

2141 626 2296 696 sequi
2345 634 2575 695 oportet.
2603 623 3071 690 Quemadmodum
3101 625 3245 677 cnim
3275 621 3438 678 Iesus
3464 621 3725 677 Christus

2139 717 2234 786 qui
2283 716 2663 785 inseparabilis
2719 725 2902 770 nostra
2933 717 3040 770 vita
3081 725 3200 781 est,
3247 713 3426 770 Patris
3459 715 3724 769 mandato

2139 809 2239 863 toti
2286 807 2538 863 Ecclesiae
2597 809 2918 878 praepositus
2970 817 3054 864 est
3097 807 3231 877 (18),
3279 809 3354 862 ita
3397 816 3452 862 et
3473 807 3724 876 episcopi

2137 898 2265 955 Jesu
2294 899 2500 956 Christi
2530 901 2690 970 jussu
2739 902 2913 955 eidem
2961 899 3201 970 praefecti
3240 909 3367 955 sunt
3395 913 3491 969 per
3533 899 3724 953 varias

2139 994 2289 1049 orbis
2323 995 2530 1064 plagas,
2573 1004 2631 1047 ut
2661 995 2781 1065 ejus
2807 996 2984 1050 locum
3013 994 3328 1058 obtineant,
3355 1003 3408 1048 et
3434 993 3721 1064 religionis

2138 1086 2372 1156 negotiis
2400 1084 2646 1155 praesint.

2211 1179 2456 1250 Ipsorum
2500 1177 2716 1232 interim
2758 1179 2999 1234 muneris
3047 1189 3132 1234 est
3176 1180 3287 1249 (l9)
3334 1177 3462 1234 Jesu
3507 1177 3721 1234 Christi

2135 1273 2437 1328 doctrinam
2465 1283 2627 1343 atque
2656 1287 2821 1342 opera
2854 1272 2908 1325 in
2942 1271 3138 1340 seipsis
3160 1271 3438 1326 exhibere.
3480 1269 3720 1340 Episco~

2135 1366 2188 1435 pi
2217 1373 2301 1421 est
2329 1365 2565 1420 ﬁdelium
2589 1374 2915 1420 conventum
2947 1365 3144 1419 habere
3173 1364 3308 1434 (20),
3347 1363 3533 1434 illique
3576 1377 3722 1433 pra:-

2134 1474 2288 1524 esse;
2314 1459 2432 1513 sine
2487 1458 2606 1529 ipso
2631 1473 2807 1528 neque
2840 1457 3139 1526 baptizare,
3177 1473 3354 1528 neque
3386 1473 3596 1528 agapen
3634 1455 3722 1511 fa-

2133 1568 2277 1618 cere,
2319 1568 2494 1622 neque
2513 1554 2811 1623 quidquam
2850 1552 2998 1607 aliud
3047 1553 3196 1623 quod
3249 1553 3549 1608 Ecclesiam
3584 1568 3718 1624 spe-

2133 1655 2262 1712 ctat,
2282 1647 2499 1718 aggredi
2533 1645 2616 1702 fas
2639 1659 2742 1703 est.
2777 1647 2909 1717 Ejus
2942 1663 3160 1718 quoque
3196 1648 3530 1718 vigilantiam
3557 1649 3721 1704 decet

2135 1757 2264 1796 num
2292 1740 2476 1795 ﬁdeles
2505 1755 2696 1796 omnes
2724 1741 3083 1796 conventibus
3116 1740 3388 1805 intersint,
3417 1739 3719 1809 dispicere,

455 1838 692 1894 Ecclesia
751 1845 853 1902 est,
888 1837 959 1891 ita
990 1845 1045 1890 et
1087 1836 1159 1890 ibi
1189 1837 1426 1892 fidelium
1467 1847 1791 1892 conventum
1825 1838 2025 1892 baben-
2064 1830 2107 1884 Β
2138 1843 2300 1903 atque
2326 1835 2380 1888 in
2425 1833 2670 1904 singulos
2717 1832 3040 1887 nominatim
3095 1832 3390 1902 inquirere,
3433 1841 3539 1886 etc.
3585 1830 3719 1885 Sta-

449 1934 576 1986 dum
603 1947 746 1993 esse,
775 1929 864 1984 ubi
893 1931 1180 2000 episcopus
1207 1939 1309 1985 est.
1353 1929 1571 1986 Nullum
1601 1931 1771 1986 altare
1794 1929 1906 2003 (M)
1942 1947 2030 1984 ra-

448 2033 566 2080 tum
595 2024 779 2086 habet,
807 2023 912 2077 nisi
941 2023 993 2076 id
1024 2021 1167 2092 quod
1201 2037 1326 2077 cum
1354 2023 1447 2078 illo
1477 2038 1770 2078 commune
1792 2033 1902 2089 est;
1948 2032 2030 2078 est

448 2118 594 2173 enim
623 2115 755 2171 illud
781 2115 893 2185 (15)
920 2114 1144 2170 unitatis
1171 2115 1347 2171 locus.

518 2205 674 2273 Quod
723 2206 769 2261 si
819 2205 1082 2260 adversus
1135 2220 1353 2261 errores
1387 2219 1695 2276 pravasque
1745 2204 2028 2260 doctrinas

521 2367 619 2438 (8)7
644 2384 662 2416 ε
700 2364 776 2419 Ex
795 2380 907 2436 quo
933 2365 1111 2421 fructu
1147 2365 1389 2431 (Christo
1413 2384 1514 2438 pro
1541 2369 1701 2424 nobis
1728 2370 1944 2425 conﬁxo
1969 2370 2024 2423 in

447 2437 632 2510 carne)
658 2452 759 2510 nos
791 2452 983 2510 sumus
1014 2453 1110 2506 per
1142 2438 1389 2510 divinam
1418 2437 1652 2494 beatam
1709 2441 2023 2510 passionem

445 2508 586 2575 eius,
616 2517 674 2560 ut
697 2507 875 2578 elevet
896 2508 1112 2575 signum
1139 2508 1194 2562 in
1226 2509 1422 2562 saecula
1446 2525 1538 2578 per
1571 2507 2024 2566 resurrectionem
2072 2553 2077 2558 .

446 2583 651 2652 sanctis
679 2586 733 2631 et
764 2577 1011 2632 ﬁdelibus
1040 2579 1312 2652 suisLsive
1339 2579 1390 2652 in
1421 2577 1643 2644 Judteis,
1675 2581 1798 2652 sive
1819 2582 1871 2635 in
1892 2598 2025 2652 gen-

447 2649 594 2703 tibus
635 2647 687 2701 in
728 2663 839 2723 tino
877 2663 1106 2723 corpore
1157 2647 1412 2723 Ecciesige
1441 2665 1574 2704 sum.
1616 2671 1633 2702 ι
1665 2651 1743 2705 Ad
1777 2647 2022 2723 Smy'rn.,

446 2737 498 2775 c.
529 2735 654 2800 l.-.-
687 2737 706 2769 ι
748 2717 902 2801 Unus
933 2729 1014 2772 est
1043 2717 1203 2800 Jesus
1249 2719 1530 2801 Christus,
1560 2737 1694 2801 .quo
1727 2717 2038 2791 nihil'prazv

446 2789 688 2844 stantius
721 2798 824 2844 est.
860 2789 1064 2844 Omnes
1122 2790 1310 2858 itaque
1362 2790 1509 2845 velut
1559 2789 1615 2845 in
1662 2807 1834 2846 unum
1887 2789 2024 2846 tem-

443 2861 596 2930 plum
626 2859 719 2914 Dei
747 2859 1078 2930 concurrite,
1133 2861 1278 2913 velut
1327 2861 1391 2912 ad
1434 2877 1604 2915 unum
1651 2863 1844 2926 altare,
1878 2863 2025 2917 velut

444 2928 514 2985 ad
554 2946 724 3001 unum
775 2928 958 2985 Jesum
995 2929 1296 3001 Christum,
1328 2930 1419 2999 qui
1465 2934 1534 2986 ab
1564 2947 1674 2986 uno
1700 2931 1858 2987 Patre
1890 2949 2022 3001 pro-

444 3003 545 3067 dit,
575 3009 628 3054 et
678 3000 730 3053 in
768 3016 878 3054 uno
926 3000 1130 3063 existit,
1187 3001 1241 3053 in
1297 3016 1467 3054 unum
1527 3003 1839 3057 revertitur.
1880 3000 1902 3055 ἰ
1941 3004 2022 3057 Ad

2139 1923 2242 1978 tuti
2282 1923 2461 1978 adhuc
2504 1939 2601 1992 per
2641 1939 2706 1979 ea
2753 1932 2999 1992 tempora
3043 1922 3160 1978 dies
3196 1938 3301 1976 non
3327 1933 3484 1976 erant
3508 1923 3720 1992 quibus

2134 2022 2282 2069 esset
2311 2013 2780 2076 conveniendum;
2819 2028 3009 2068 verum
3050 2010 3113 2072 S.
3154 2011 3413 2082 lgnatius,
3452 2022 3511 2066 ut
3541 2029 3716 2081 quam

2137 2106 2436 2176 saepissime
2487 2106 2832 2172 habeantur,
2877 2105 3225 2160 commendat
3267 2105 3399 2175 (‘21).
3457 2103 3619 2170 Quod
3667 2108 3716 2159 si

2134 2197 2430 2268 quidquam
2471 2199 2735 2268 gravioris
2765 2197 3025 2253 momenti
3073 2195 3370 2262 accidebat,
3413 2196 3715 2250 concilium

2131 2367 2298 2421 unius
2345 2375 2510 2436 atque
2556 2366 2780 2419 alterius
2833 2365 3074 2435 precatio
3122 2374 3308 2436 tantas
3351 2364 3499 2436 vires
3525 2364 3713 2436 habet,

2128 2447 2352 2517 quanto.
2369 2433 2543 2517 magis
2565 2436 2712 2517 illan
2738 2433 2861 2506 quae
2891 2435 3132 2517 episcopi
3165 2446 3271 2498 est,
3317 2435 3578 2517 et.tot_ius
3601 2433 3711 2515 Ec-

2129 2505 2353 2564 clesia}?
2382 2505 2486 2572 Qui
2510 2507 2674 2576 igitur
2701 2505 3104 2561 in'convcntum
3139 2521 3246 2558 non
3277 2507 3445 2567 venit,
3475 2505 3710 2576 bicjani

2129 2577 2383 2646 superbia
2414 2575 2590 2632 elatus
2625 2586 2728 2641 est,
2763 2577 3327 2646 seipsumiseparavit
3369 2586 3533 2644 atque
3558 2575 3715 2644 judi-

2129 2645 2292 2702 cavit.
2331 2649 2602 2716 Scriptum
2636 2660 2719 2701 est
2745 2645 2936 2702 enim:
2997 2645 3244 2714 Superbis
3305 2645 3443 2699 Deus
3499 2649 3704 2700 resistit

2131 2717 2274 2787 (Jac.
2330 2735 2404 2780 iv,
2437 2717 2528 2787 6);
2561 2718 2879 2772 studeamus
2911 2717 3073 2786 igitur
3119 2717 3377 2787 episcopo
3411 2732 3518 2769 non
3556 2719 3704 2770 resi-

2131 2786 2297 2852 Stere,
2331 2798 2390 2842 ut
2420 2789 2593 2842 simus
2618 2787 2850 2856 subjecti
2885 2787 3014 2842 Deo.
3056 2805 3074 2836 ι
3113 2788 3193 2841 Ad
3226 2786 3451 2856 Ephes.,
3483 2802 3608 2856 cap.
3650 2788 3706 2842 5.

2203 2859 2316 2927 (16)
2365 2878 2382 2909 ι
2414 2859 2454 2911 Α
2484 2859 2684 2913 talibus
2733 2858 3026 2926 (haereticis
3067 2867 3123 2912 et
3166 2859 3578 2918 seductoribus)
3611 2873 3711 2912 vos

2129 2931 2430 2984 custodite:
2459 2929 2602 2998 quod
2641 2930 2749 2992 ﬁet,
2786 2929 2832 2984 si
2866 2928 3035 2982 inflati
3068 2944 3176 2982 non
3208 2927 3441 2992 fueritis,
3469 2939 3519 2981 et
3569 2928 3711 2981 indi-

2130 3001 2267 3054 vulsi
2321 2997 2684 3054 manseritisa
2715 2998 2826 3054 Deo
2864 2998 2993 3054 Jesu
3037 2998 3276 3068 Christo,
3315 3009 3370 3052 et
3419 2997 3705 3068 episcopo,

443 3071 779 3153 :Magnesvc:
811 3070 862 3152 ’7ἲ
901 3100 970 3112 -
994 3089 1012 3120 ‹
1046 3070 1234 3153 Ιιψίε,
1263 3086 1386 3153 quae
1416 3072 1764 3153 circumfero,
1790 3073 2023 3153 vinculis
2050 3095 2094 3153 ο
2127 3079 2181 3124 et
2206 3070 2500 3153 lpiaaceplt‘is
2539 3069 2931 3151 apostolorum.
2974 3089 2991 3120 ι
3027 3068 3104 3122 Ad
3131 3067 3398 3151 Tr.all..,.c.
3433 3068 3484 3153 7.

441 3140 607 3198 laudo
653 3140 951 3206 Ecclesias,
1007 3141 1208 3208 quibus
1251 3152 1382 3208 opto
1413 3143 1668 3196 unionem
1707 3145 2009 3198 secundum

442 3229 668 3269 carnem
702 3219 757 3265 et
789 3211 1038 3278 spiritum
1088 3209 1216 3265 Jcsu
1243 3209 1483 3282 Christi,
1531 3213 1879 3282 sempiternae
1922 3231 2022 3269 no-

443 3294 572 3408 lslt’rzr
603 3283 750 3347 vitae,
789 3282 933 3345 fidei,
965 3290 1037 3346 et,
1065 3283 1150 3336 cui
1178 3281 1311 3333 nihil
1338 3281 2013 3350 prtefertur,charitatis.p

506 3371 518 3408 I
563 3393 602 3408 ..
629 3369 680 3408 c.
706 3367 744 3404 t.
1431 3370 1437 3377 ·

469 3356 602 3410 bid..
629 3369 680 3409 c.
706 3367 744 3404 ι.
1431 3370 1437 3377 ·

516 3396 602 3492 fit),
631 3396 994 3477 i'ﬁbifuet'it
1025 3420 1277 3475 Christus
1299 3419 1480 3488 Jcsus,
1532 3423 1606 3477 ibi
1629 3423 1902 3479 catholica
1937 3435 2019 3480 est

448 3491 706 3552 Ecrlesia.
746 3512 763 3542 ι
801 3491 880 3545 Ad
905 3492 1149 3562 Sniyrii.,
1182 3506 1301 3558 cap.
1329 3492 1381 3545 8.
1420 3561 1424 3562 ν
1472 3507 1478 3518 ’

518 3565 630 3634 (13)
676 3582 694 3614 ι
729 3562 812 3618 Ob
841 3562 896 3634 iii
930 3561 1195 3634 Dominus
1219 3563 1280 3634 in
1311 3561 1487 3634 capite
1529 3577 1632 3618 suo
1676 3567 1883 3634 accepit
1914 3582 2016 3621 un-

446 3630 724 3759 guentum,
747 3630 1104 3756 uit7Ecclesiae
1150 3631 1320 3700 spiret
1347 3630 1837 3703 incorruptionem.
1875 3655 1893 3687 ι
1932 3637 2014 3690 Ad

493 3722 665 3759 oies..
696 3720 745 3758 c.
852 3743 865 3756 .

442 3711 665 3770 Ephes.,
696 3720 745 3758 (ς.
780 3711 802 3756 1
815 3711 865 3756 7.

514 3775 624 3844 (11)
652 3769 689 3825 ί(
720 3773 1000 3844 Quotquot
1051 3769 1189 3844 Dei,_
1219 3769 1470 3844 etjesu
1509 3771 1709 3844 Christi
1767 3785 1914 3842 sunt,
1957 3775 2014 3830 hi

441 3841 573 3915 sunt
607 3841 744 3899 cum
787 3843 1067 3915 episcopo.
1111 3860 1130 3892 ι
1165 3841 1244 3915 Aid
1283 3841 1648 3915 Philadclphi,
1691 3859 1817 3915 cap,
1855 3841 1908 3902 δέ
1943 3875 2015 3886 .-

445 3934 464 3967 ι
500 3913 622 3968 Filii
649 3911 834 3983 itaque
862 3911 998 3966 lucis
1029 3920 1082 3966 et
1107 3912 1374 3975 veritatis,
1401 3911 1571 3983 fugite
1593 3911 2008 3972 divisiones.....

439 3986 533 4039 ubi
560 3993 741 4039 autem
786 3992 974 4054 pastor
1006 3991 1108 4048 est,
1145 3983 1348 4054 eodem
1381 3992 1440 4038 ut
1462 3999 1596 4054 oves
1624 3987 1952 4054 sequamini.
1986 4007 2005 4040 ι

438 4055 598 4120 lbid..
630 4070 680 4109 c.
709 4052 879 4108 2.4—:
909 4053 1046 4107 Cum
1074 4052 1326 4123 episcopo
1351 4053 1578 4123 subjecti
1611 4052 1766 4122 estis,
1803 4065 1862 4110 ut
1883 4055 2010 4112 Jesn

437 4125 678 4187 Christo,
710 4123 964 4194 videmini
1014 4122 1305 4194 mihihnon
1358 4122 1658 4180 secundum
1712 4127 2007 4194 hominem,

439 4196 534 4250 sed
563 4195 860 4250 secundum
908 4191 1095 4248 Jesum
1130 4192 1411 4248 Christum
1453 4195 1727 4250 vivere....
1759 4191 2010 4252 necessaé

439 4266 581 4320 rium
625 4267 822 4335 itaque,
861 4271 964 4327 est.
1023 4263 1484 4333 quemadmodum
1542 4265 1741 4332 facitis,
1783 4276 1841 4321 ut
1891 4268 2009 4322 sine

437 4336 696 4405 episcopo
729 4334 1105 4406 ’nihilﬂagatis
1143 4335 1306 4406 ;Ased
1343 4344 1403 4406 et
1449 4337 1764 4406 presbytero
1805 4338 2008 4392 subditi

438 4402 581 4472 sitis,
615 4402 672 4460 ut
698 4402 1113 4477 apostolis'Jesu
1145 4402 1376 4477 Christi,
1404 4402 1755 4477 et‘diac'onos
1795 4417 2008 4477 oportet

437 4478 692 4531 omnibus
715 4473 945 4544 placere.
981 4493 999 4526 ι
1037 4475 1116 4528 Ad
1145 4473 1339 4540 Trall.,
1367 4490 1418 4529 c.
1456 4474 1511 4529 2.

510 4547 623 4615 (12)
669 4565 688 4597 ι
717 4546 909 4600 Cuncti
947 4554 1300 4616 revereantur
1329 4545 1662 4616 diaconos...
1710 4556 1763 4601 et
1796 4547 2009 4616 episco-

427 4614 634 4685 pum...
673 4626 734 4738 eltl
757 4617 1191 4738 preslgrteros....
1217 4615 1338 4670 sine
1371 4615 1456 4670 his
1497 4614 1738 4670 Ecclesia
1773 4614 1880 4671 non
1915 4635 2010 4674 vo-

434 4696 610 4738 catur.
648 4705 668 4738 »
737 4703 796 4738 )..
829 4702 877 4738 c.
939 4725 952 4738 .

434 4696 610 4742 catur.
648 4705 668 4739 ο
695 4687 796 4751 11).,
829 4702 877 4740 c.
901 4687 952 4739 ὅ.

499 4759 639 4882 ((15).
671 4776 690 4808 ι
725 4757 825 4811 Ubi
856 4756 1222 4824 comparucrit
1260 4755 1573 4836 episcopus,
1615 4755 1691 4836 ibi
1741 4758 2008 4840 et_m_ulti-

536 4843 569 4882 0
597 4835 702 4882 srt:
730 4826 1184 4882 quemadmodum
1213 4827 1301 4880 ubi
1333 4825 1780 4882 fuerttChristus.
1814 4829 1886 4882 ι1›ι
1909 4845 2004 4882 ca-

435 4825 569 4882 tudo
597 4828 702 4894 sit;
730 4826 1184 4896 quemadmodum
1213 4827 1301 4880 ubi
1333 4825 1780 4896 fueritChristus,
1814 4829 1886 4882 ibi
1909 4845 2004 4884 ca-

435 4898 635 4952 tholica
675 4895 759 4951 est
793 4895 1050 4950 Ecclesia.
1087 4915 1103 4945 ι
1149 4896 1228 4949 Ad
1265 4896 1507 4966 Smyrn.,
1540 4911 1589 4949 c.
1637 4895 1688 4951 8.

511 4969 624 5038 (14)
668 4986 686 5018 ι
716 4967 862 5038 Rata,
902 4966 1235 5038 eucharistia
1269 4967 1533 5019 habeatur
1583 4966 1693 5031 illa,
1748 4983 1868 5038 qua:
1899 4969 2003 5024 sub

435 5036 695 5110 epi'sctipo
733 5036 915 5110 fuerit,
946 5036 1030 5090 vel
1061 5037 1150 5090 cui
1181 5037 1675 5110 ipseconccsserit.
1710 5057 1727 5088 ι
1765 5036 1899 5092 Ibid.
1933 5070 2001 5078 —-

441 5105 599 5177 (Qui
625 5105 774 5162 intra
802 5107 973 5160 altare
1009 5117 1111 5172 est,
1144 5105 1382 5177 mundus
1416 5116 1497 5159 est
1523 5108 1647 5175 ;qui
1679 5123 1807 5161 vero
1847 5119 1998 5165 extra

434 5176 541 5247 est,
578 5179 815 5234 mundus
855 5192 959 5230 non
1004 5185 1116 5248 est:
1154 5176 1257 5229 hoc
1301 5177 1507 5248 estqui
1568 5177 1686 5231 sine
1719 5179 1996 5248 episc0po,

433 5263 488 5305 et
515 5245 871 5320 presbyterio,
908 5255 962 5300 et
991 5247 1237 5320 diaconis
1279 5245 1576 5320 QtiititLllafii
1622 5245 1765 5320 agit;
1808 5249 1856 5303 is
1886 5245 1995 5304 non

432 5315 781 5375 est—mundus
811 5320 864 5371 in
893 5317 1244 5371 c0nscientia.
1276 5335 1292 5365 ι
1329 5316 1408 5369 Ad
1433 5315 1625 5382 Trall.,
1646 5315 1695 5370 c'.
1733 5318 1782 5372 7.

507 5392 619 5460 (15)
657 5410 676 5442 ‹
707 5389 936 5458 Operam
979 5386 1116 5460 deiis
1150 5396 1208 5460 ut
1235 5401 1338 5460 una
1373 5387 1994 5460 eucharistiautamini;

435 5455 541 5514 una
577 5455 722 5515 enim
754 5455 844 5513 est
881 5472 1008 5511 caro
1043 5455 1257 5509 Domini
1293 5457 1464 5509 nostri
1509 5456 1638 5511 Jesu
1679 5457 1902 5521 Christi,
1943 5455 1998 5513 ct

437 5547 580 5585 unus
611 5530 750 5583 calix
781 5530 834 5581 in
868 5528 1130 5580 unitatem
1161 5527 1444 5594 sanguinis
1471 5527 1674 5596 ipsius;
1710 5544 1879 5581 unum
1917 5531 1996 5582 al-

440 5610 575 5662 ture,
609 5601 752 5653 sicut
781 5614 921 5652 unus
957 5598 1246 5666 episcopus
1277 5611 1400 5648 cum
1437 5599 1772 5667 presbyterio
1798 5609 1852 5652 ct
1875 5599 1996 5653 dia-

435 5671 610 5722 conis.
645 5686 663 5718 »
715 5670 792 5721 Ad
839 5665 1120 5733 Pluladel.,
1168 5683 1214 5720 c.
1245 5667 1296 5720 4.
1341 5665 1449 5716 -ᾰ
1479 5665 1644 5722 Nemo
1682 5677 1823 5722 erret
1849 5689 1860 5721 :
1891 5671 1995 5724 nisi

440 5739 562 5804 quis
607 5739 746 5792 intra
785 5737 954 5794 altare
1002 5738 1094 5806 sit,
1150 5739 1391 5807 privatur
1444 5753 1580 5807 pane
1613 5737 1726 5794 Dei.
1756 5739 1812 5793 Si
1848 5740 1993 5795 enim

2199 3137 2311 3210 (l7)
2356 3137 2625 3196 (Omnes
2681 3141 2998 3210 episcopum
3058 3139 3386 3210 sequimini,
3441 3147 3503 3194 ut
3541 3137 3709 3195 Jesus

2123 3209 2374 3266 Cliristus
2404 3210 2641 3265 Patrem.
2666 3229 2684 3263 ι
2718 3209 2799 3266 Ad
2831 3209 3078 3280 Stnyrn.,
3110 3225 3159 3263 c.
3187 3209 3240 3264 8.

2194 3281 2306 3352 (l8)
2347 3300 2366 3333 ι
2404 3280 2565 3336 Jesus
2593 3280 2846 3336 Christus
2897 3280 3283 3350 inseparabilis
3339 3289 3529 3335 nostra
3561 3281 3700 3345 vita,

2121 3350 2300 3406 Patris
2343 3361 2428 3406 est
2459 3353 2768 3415 sententia;
2796 3361 2855 3406 ut
2892 3360 2948 3406 et
2985 3352 3225 3420 episcopi
3256 3365 3349 3419 per
3392 3359 3555 3404 terra:
3588 3360 3704 3406 ter-

2123 3425 2301 3477 minos
2337 3421 2547 3476 detiniti
2579 3431 2631 3475 ct
2661 3420 2788 3476 Jesu
2821 3422 3030 3476 Christi
3061 3431 3191 3475 sunt
3219 3421 3516 3476 sententia.
3550 3440 3569 3471 ι
3618 3423 3702 3475 Ad

2120 3492 2340 3562 Ephes.,
2377 3510 2428 3545 c.
2456 3493 2511 3546 3.
2533 3523 2602 3531 -—
2620 3511 2637 3543 ι
2668 3492 3060 3562 Quemcunque
3082 3492 3246 3546 mittit
3272 3490 3698 3555 Paterfamilias,

2119 3563 2196 3633 ad
2218 3563 2625 3633 gubernandam
2667 3562 2929 3617 familiam
2949 3578 3130 3629 suam,
3165 3563 3310 3618 hunc
3341 3563 3415 3633 ita
3446 3563 3706 3633 accipere

2117 3631 2402 3696 debemus,
2456 3642 2516 3686 ut
2561 3634 2714 3687 illum
2746 3634 2948 3703 ipsum,
2986 3633 3082 3703 qui
3121 3633 3307 3688 mittit.
3338 3631 3697 3686 Manifcsuun

2118 3703 2283 3774 igitur
2328 3712 2412 3774 est
2449 3705 2595 3774 quod
2645 3703 2965 3774 episcopum
3015 3703 3304 3774 respicere
3332 3711 3614 3774 ‘oporteat,
3645 3713 3706 3757 ut

2116 3771 2295 3845 ipsum
2330 3771 2641 3845 Dominum.
2665 3771 2698 3826 ί
2722 3771 2880 3837 Ιὺίόῖ,
2913 3790 3032 3845 cap.
3070 3771 3248 3845 (ξζ-ι
3287 3771 3473 3845 Itaque
3509 3773 3705 3828 hortor

2119 3853 2174 3896 ut
2207 3843 2311 3900 hoc
2341 3843 2412 3897 sit
2433 3853 2674 3898 vestrum
2698 3843 3052 3908 studiumfin
3077 3843 3170 3898 Dei
3189 3844 3485 3898 concordia
3509 3846 3703 3898 omnia

2117 3914 2565 3986 agereepiscopo
2594 3914 2916 3984 praesidente
2943 3915 3037 3971 Dei
3069 3915 3258 3970 loco...
3275 3935 3294 3966 ι
3320 3913 3402 3968 Ad
3422 3912 3700 3986 Magnes,

2115 3997 2234 4038 can.
2267 3983 2320 4038 6.
2498 3983 2509 3984 ί
2596 3983 2608 3984 ί
3522 3983 3540 3986 ⁷
3700 4011 3706 4016 ·

2182 3999 2320 4127 (1.9)
2340 4051 2464 4127 Vid.
2495 4055 2711 4127 epistol.
2742 4053 2801 4108 S.
2825 4052 3018 4124 lguatii
3049 4056 3115 4110 ad
3144 4054 3534 4127 Polycarpum,
3568 4071 3698 4126 qua.-

2113 4125 2309 4195 partim
2343 4124 2486 4195 circa
2513 4125 2896 4195 episcoporum
2930 4142 3154 4182 munera
3183 4124 3454 4182 versatur.

2186 4193 2299 4274 (20)
2346 4214 2364 4245 ι
2398 4193 2559 4248 Nihil
2597 4193 2853 4274 sineﬂtua
2889 4197 3172 4274 voluntate
3195 4198 3287 4252 ﬁat
3311 4198 3591 4274 (episcopc
3615 4199 3630 4250 !
3654 4201 3691 4274 )_,

2113 4266 2360 4336 crebrius
2390 4275 2688 4336 conventus
2728 4266 2878 4331 ﬁant,
2911 4268 3232 4321 nominatim
3284 4266 3478 4321 omnes
3515 4269 3698 4336 inqui-

2113 4351 2201 4408 re._
2232 4353 2249 4408 ξ
2285 4334 2363 4390 Ad
2398 4334 2707 4408 Poiycarp.,
2743 4353 2791 4390 c.
2828 4337 2970 4389 4.-
2992 4362 3009 4388 ι
3057 4337 3188 4392 Sine
3233 4339 3494 4408 episcopo
3528 4334 3698 4392 nemo

2115 4405 2412 4477 quidquam
2475 4405 2640 4461 faciat
2694 4422 2905 4478 eorum,
2957 4425 3080 4477 qua:
3117 4411 3182 4462 ad
3227 4405 3532 4462 Ecclesium
3567 4423 3695 4478 spc-

2114 4483 2283 4532 ctant.
2316 4478 2450 4550 ilata
2479 4478 2813 4550 eucharistia
2851 4477 3112 4533 habeatur
3145 4479 3258 4543 illa,
3296 4495 3419 4548 quze
3453 4479 3560 4531 sub
3583 4477 3697 4550 epi-

2113 4559 2280 4618 scopo
2310 4547 2492 4611 fuerit,
2542 4549 2625 4601 vel
2663 4549 2749 4602 cui
2790 4549 2907 4617 ipse
2939 4551 3289 4604 concesserit.
3318 4547 3428 4605 Ubi
3463 4547 3697 4618 compa-

2111 4615 2284 4672 ruerit
2315 4618 2625 4688 cpiscopus,
2659 4618 2731 4671 ibi
2761 4615 2827 4672 et
2853 4620 3147 4674 multitudo
3175 4621 3340 4674 sit....
3378 4618 3500 4672 Non
3566 4615 3695 4674 licet

2109 4690 2228 4762 sine
2255 4691 2510 4758 episcopo
2542 4704 2718 4762 neque
2759 4689 3056 4762 baptizare,
3093 4705 3268 4762 neque
3297 4705 3507 4762 agapen
3547 4693 3694 4762 cele-

2107 4760 2299 4824 brare;
2332 4762 2425 4813 sed
2465 4759 2833 4828 quodcunque
2861 4760 2950 4814 ille
2980 4759 3314 4829 probaverit,
3340 4759 3452 4815 hoc
3481 4771 3537 4814 et
3577 4761 3692 4816 Deo

2104 4840 2188 4884 est
2224 4831 2643 4899 beneplacitum,
2674 4839 2745 4900 rut
2794 4839 2969 4900 tutum
3020 4844 3308 4900 ratumque
3361 4833 3454 4896 sit,
3505 4831 3690 4900 quod-

2105 4915 2322 4970 cunque
2367 4901 2564 4970 agitur.
2603 4919 2621 4951 ›
2657 4899 2738 4952 Ad
2779 4899 3028 4970 Smyrn..
3059 4917 3108 4957 c.
3138 4902 3193 4956 8.
3221 4899 3287 4940 L—
3315 4921 3333 4954 (
3369 4899 3542 4956 Decet
3573 4918 3687 4956 non

2106 4969 2267 5025 modo
2302 4969 2483 5024 vocari
2505 4969 2994 5041 Christianos,scd
3032 4974 3199 5026 etiam
3229 4987 3384 5039 esse;
3415 4973 3688 5041 quemad-

2104 5043 2325 5096 modum
2359 5040 2946 5112 nonnulliepiscoptim
2981 5042 3200 5112 quidem
3252 5040 3565 5109 nominant,
3589 5043 3684 5097 sed

2103 5111 2220 5164 sine
2251 5113 2367 5179 ipso
2389 5111 2572 5164 omnia
2602 5109 2827 5164 faciunt.
2864 5109 3024 5167 Tales
3063 5129 3194 5168 vero
3229 5129 3334 5168 non
3373 5116 3515 5167 bona
3546 5114 3685 5169 mihi

2101 5181 2446 5254 conscientia
2476 5181 2683 5249 praediti
2713 5196 2836 5236 esse
2866 5182 3143 5247 videntur,
3182 5185 3311 5254 quia
3363 5200 3474 5238 non
3519 5184 3687 5254 stabi-

2101 5251 2224 5304 liter
2247 5252 2546 5375 secuiidum
2578 5260 2908 5320 praeceptum
2943 5251 3367 5324 congregantur.
3403 5274 3422 5307 ι
3452 5257 3536 5310 Ad
3569 5253 3686 5308 Ma-

2101 5337 2273 5375 unes..
2301 5337 2349 5374 c.
2427 5359 2440 5374 .

2113 5337 2273 5384 ;ues.,
2301 5337 2349 5374 c.
2387 5337 2440 5375 4.

2099 5338 2349 5460 εηῗξ1’)οί
2387 5338 2600 5470 giepius
2639 5400 2940 5447 conventus
2983 5393 3190 5470 ﬁant._i
3232 5393 3313 5448 Ad
3356 5393 3683 5470 Polycarp.,

2098 5477 2282 5536 supra.
2302 5491 2371 5536 —.
2395 5480 2414 5512 ι
2448 5462 2578 5536 Date
2605 5477 2848 5536 Operam,
2887 5473 2945 5516 ut
2974 5466 3221 5536 crebrius
3242 5462 3682 5536 congregemiiii,

2099 5532 2164 5584 ad
2213 5531 2416 5600 gratias
2471 5531 2578 5587 Deo
2613 5533 2872 5601 agendas,
2911 5544 2964 5587 et
3012 5535 3078 5587 ad
3131 5551 3257 5591 eum
3309 5531 3677 5593 laudandum.

2097 5601 2326 5672 Quando
2357 5601 2502 5656 enim
2529 5604 2726 5672 sacpius
2759 5603 2812 5656 in
2834 5604 2974 5658 idem
3007 5605 3112 5658 loci
3159 5608 3489 5672 convenitis,
3533 5610 3678 5665 labe-

2098 5671 2370 5725 factantur
2417 5673 2560 5727 vires
2607 5673 2843 5738 Satanas,
2877 5683 2931 5728 et
2960 5677 3248 5730 concordia
3304 5671 3504 5732 vestrae
3561 5679 3680 5734 ﬁdei

2097 5742 2588 5810 solviturexitium,
2616 5745 2760 5813 quod
2780 5744 2866 5798 ille
2887 5745 3069 5800 infert.
3101 5766 3119 5797 υ
3143 5747 3221 5801 Ad
3247 5744 3476 5817 Ephes.,
3499 5765 3554 5805 c.
3597 5749 3677 5805 l5.
