3852 6206
121 338 229 407 ass

1296 339 1383 396 DE
1427 338 1776 396 DOCTRINA
1824 337 1882 393 S.
1917 335 2194 395 lGNATll.

3289 338 3391 393 590

120 474 236 544 (23)
254 475 322 529 ad
367 492 484 532 rem
520 477 885 534 deﬁnienda",
912 481 1210 551 cogebatur
1238 525 1250 546 ’
1299 484 1445 553 quod
1478 489 1597 536 erat
1640 480 1708 534 ab
1741 466 1783 522 Α
1814 458 2105 515 ministerii
2134 458 2426 530 participes
2451 467 2653 523 essent,
2682 472 2846 528 puras
2868 474 2961 514 eas
2989 473 3218 529 corpore
3239 477 3393 531 aeque

115 569 395 638 episcopis
449 570 680 641 singulis
721 574 774 627 in
820 572 1079 630 Ecclesiis
1120 576 1236 630 suis
1262 574 1704 630 convocandum.

118 657 338 715 Fideles
355 675 550 716 omnes
582 671 750 733 atque
780 665 886 735 ipsi
917 668 1221 739 presbyteri
1261 667 1376 737 (25)
1406 676 1460 722 et
1488 665 1707 721 diaconi

116 749 382 819 episcopo
432 753 637 809 subditi
700 766 877 821 erant,
919 758 1106 828 illique
1162 774 1356 830 parere
1413 758 1702 814 debebant.

116 839 436 913 Presbyteri
468 844 585 916 (9.4)
615 861 646 901 a
674 847 898 903 Christo
940 849 1177 905 instituti
1224 857 1354 906 sunt
1377 848 1443 904 ad
1481 854 1688 918 aposto-

114 931 301 991 lorum
331 936 617 1005 collegium
655 941 1180 1008 repraesentandum,
1220 941 1423 1012 quibus
1448 954 1559 994 non
1588 952 1707 992 mo-

115 1025 188 1079 do
213 1027 403 1085 ﬁdeles
427 1028 541 1097 (25)
570 1030 845 1099 quoslibet
882 1031 1067 1103 vulgo,
1092 1033 1185 1089 sed
1211 1042 1264 1088 et
1295 1033 1558 1087 diaconos
1590 1030 1704 1101 (26)

114 1117 398 1186 subjectos
432 1134 554 1173 esse
576 1129 807 1189 oportet.
850 1120 907 1175 In
946 1123 1179 1192 epistola
1227 1124 1293 1178 ad
1332 1123 1698 1194 Polycarpum

113 1206 271 1260 varia
309 1207 533 1280 insuper
580 1210 706 1265 boni
754 1212 996 1281 episcopi
1023 1213 1198 1268 ollicia
1223 1224 1487 1277 recenset,
1525 1229 1700 1283 eaque

115 1298 226 1373 sibi
270 1316 608 1372 magnopere
653 1305 1035 1359 commendata
1074 1304 1294 1370 habere,
1343 1302 1701 1376 Polycarpum

115 1402 260 1447 orat.
292 1391 373 1448 Ne
400 1394 591 1450 eadem
625 1394 712 1451 bis
741 1406 1007 1467 repetam,
1055 1396 1281 1453 consule
1321 1397 1570 1467 analysin
1603 1414 1702 1453 no-

113 1495 288 1539 stram
323 1486 572 1555 epistolae
593 1487 661 1544 ad
697 1486 1085 1560 Polycarpum.

180 1575 328 1643 Quid
363 1578 430 1632 de
454 1577 716 1637 Romana:
742 1579 1001 1636 Ecclesiae
1032 1578 1390 1649 praecellentia
1425 1579 1702 1635 censuerit

112 1669 172 1723 S.
211 1669 682 1741 lgnatius,'satis,
725 1673 781 1730 ni
824 1672 1009 1741 fallor,
1053 1673 1297 1728 indicant
1347 1680 1426 1726 tot
1475 1687 1539 1728 ac
1590 1682 1700 1727 tam

108 1767 392 1837 magnifici
418 1767 581 1832 tituli,
612 1783 751 1837 quos
777 1767 833 1822 in
862 1766 1136 1821 laudatam
1178 1762 1478 1819 Ecclesiam
1513 1765 1567 1819 in
1601 1778 1703 1820 sua
1740 1805 1781 1858 Β

108 1859 179 1913 ad
215 1858 498 1915 Romanos
530 1860 759 1929 epistola
785 1858 1033 1931 congerit
1057 1857 1195 1928 (27).
1231 1855 1383 1912 Hanc
1411 1857 1705 1927 praesidere

108 1955 284 2018 (haud
307 1954 476 2009 dubie
508 1954 764 2009 omnibus
797 1950 1142 2022 fidelibus)in
1160 1952 1264 2007 hoc
1292 1952 1484 2007 eodem
1516 1967 1704 2022 proie-

107 2048 224 2102 mio
270 2047 359 2102 his
406 2046 670 2111 aflirmat,
703 2044 850 2116 quod
885 2044 952 2100 de
1004 2045 1153 2100 nulla
1201 2044 1309 2099 alia
1356 2044 1596 2102 Ecclesia
1637 2041 1727 2100 ex'

109 2141 201 2207 iis,
235 2140 307 2194 ad
344 2153 483 2208 quas
517 2137 738 2203 scribit,
772 2136 981 2192 dixisse
1013 2135 1309 2205 reperitur.

178 2231 243 2284 In
270 2229 700 2285 salutationibus
733 2227 1005 2298 virginum
1040 2225 1291 2281 meminit
1325 2225 1439 2296 (28)
1473 2242 1595 2296 qua:
1621 2225 1702 2279 vi-

106 2325 234 2380 dua
308 2323 671 2378 vocabantur.
729 2318 901 2374 Erant
954 2317 1039 2373 hac
1090 2317 1445 2386 diaconissaa,
1501 2319 1703 2389 quibus

108 2433 334 2488 semper
376 2415 667 2470 viduarum
719 2427 918 2467 nomen
970 2409 1204 2465 inditum
1254 2409 1376 2476 fuit,
1406 2424 1501 2466 seu
1553 2410 1701 2481 quod

107 2513 444 2582 plerumque
492 2523 682 2564 revera
717 2506 894 2561 viduae
925 2516 1131 2571 essent,
1176 2520 1273 2562 seu
1307 2504 1454 2574 quod
1482 2521 1578 2562 eas
1623 2506 1723 2583 ita.

106 2602 427 2674 appellandi
455 2615 575 2656 mos
594 2600 708 2671 jam
733 2598 1083 2661 obtinuisset,
1104 2597 1270 2667 idque
1294 2596 1419 2653 inde
1446 2597 1701 2654 fortassis

107 2694 423 2765 profectum
457 2702 562 2759 est,
593 2690 741 2763 quod
776 2707 901 2747 cum
934 2691 1121 2761 aliquo
1148 2700 1307 2760 pacto
1338 2690 1699 2747 ecclesiastici

178 2811 300 2881 (22)
334 2829 353 2863 ι
372 2809 843 2878 Quemadmodum
871 2808 1138 2881 Ecclesia,
1163 2826 1285 2879 qua;
1306 2810 1609 2867 Antiochiae
1632 2811 1690 2866 in

109 2880 407 2947 Svria'cst,
436 2897 629 2947 pacem
665 2888 859 2947 nacta;
980 2880 1137 2936 decet
1173 2881 1226 2934 iu
1253 2882 1341 2946 eo,
1372 2881 1691 2938 beatissime

108 2948 454 3023 Polycarpei
487 2951 1015 3023 conciliumirogere
1055 2948 1173 3023 Deo;
1215 2950 1687 3023 decentissimum,

101 3033 158 3078 et
183 3020 418 3093 eligere,
456 3022 503 3076 si
533 3036 696 3091 quem
719 3020 1071 3093 vehementer
1101 3020 1361 3093 dilectum
1398 3022 1611 3093 habetis
1632 3038 1698 3078 ac

104 3091 437 3164 impigrum,
483 3093 578 3164 qui
626 3092 828 3164 poterit
879 3091 1099 3146 divinus
1150 3091 1415 3164 appellari
1465 3107 1690 3164 eursor,

106 3161 384 3232 illumque
403 3178 471 3217 eo
500 3161 713 3232 dignari
741 3162 968 3232 lienore,
988 3171 1046 3215 ut
1067 3161 1344 3231 profectus
1368 3162 1423 3216 in
1457 3161 1695 3232 Syriam,

141 3229 387 3304 lorilicet
408 3229 698 3304 impigram
737 3229 1084 3304 chagitatem‘
1101 3239 1339 3287 vestram
1370 3232 1438 3287 ad
1468 3229 1696 3304 gloriam

142 3251 386 3288 ιοηιιςει
409 3251 698 3303 uuptgram
737 3251 1067 3287 cnarttatem
1101 3251 1339 3287 veswam
1370 3251 1397 3286 3

105 3251 229 3359 ﬁci.
261 3323 283 3355 ι
310 3301 393 3357 Ad
429 3302 812 3373 Polycarp.,c.
846 3302 933 3355 7'7.
1186 3371 1197 3373 _
1265 3371 1275 3373 _
1327 3371 1336 3373 _
1394 3325 1397 3328 ⁴

177 3372 301 3443 (25)
364 3391 385 3425 ί
418 3371 629 3443 Omnes
666 3371 991 3443 episcopum
1046 3371 1378 3443 sequimini,
1421 3382 1491 3443 tit
1537 3371 1698 3430 Jesus

102 3440 372 3500 Christus
400 3442 644 3501 Patrem.
667 3462 686 3494 ι
707 3440 789 3499 Μ
824 3440 1067 3513 Sinyrn.,
1105 3440 1155 3497 (ἱ.
1186 3440 1240 3495 8.
1264 3461 1381 3513 -Ϋε
1416 3440 1579 3498 Decet
1600 3460 1698 3500 vos

106 3517 161 3569 in
196 3515 448 3584 episcopi
483 3514 808 3568 sententiam
834 3512 1369 3584 concurrere,quod
1394 3520 1448 3567 et
1483 3513 1693 3584 facitis;

104 3582 245 3640 nam
260 3582 629 3639 memorabile
650 3593 888 3639 vestrum
906 3582 1302 3652 presbyterium
1319 3583 1543 3652 dignum
1562 3582 1694 3649 Deo,

105 3657 185 3711 ita
234 3663 560 3723 coaptatum
604 3663 689 3709 est
730 3653 1012 3723 episcopo,
1044 3663 1101 3706 ut
1145 3652 1363 3723 chordae
1393 3653 1635 3723 citharae.
1671 3673 1690 3706 ι

105 3727 190 3796 Ad
223 3721 455 3796 Ephes,
488 3740 538 3779 c.
574 3724 747 3796 4.--ίι
767 3721 941 3796 Decet
961 3738 1089 3796 _vos_
1109 3721 1409 3777 secundum
1439 3722 1695 3796 virtutem

106 3794 207 3851 Dei
237 3792 424 3851 Patris
453 3809 672 3851 omnem
709 3794 973 3863 impertiri
1006 3792 1265 3863 episcopo
1299 3795 1692 3861 reverentiam;

104 3865 577 3936 quemadmodum
634 3864 762 3936 novi
790 3861 1056 3919 'sauctos
1083 3861 1262 3936 facere
1304 3863 1658 3936 presbyteros
1677 3905 1693 3930 ,

106 3933 221 3990 non
258 3936 623 4004 respicientes
652 3934 720 3989 ad
754 3943 1103 4004 apparentem
1130 3933 1436 4004 iuvenilem,
1470 3933 1696 3988 Ordina—

109 4002 479 4069 tioneuh'sed
504 4015 566 4059 ut
631 4002 883 4060 i-udentes
909 4005 965 4058 in
1002 4002 1116 4058 Deo
1144 4002 1399 4058 cedentes
1427 4003 1554 4073 ipsi,
1585 4020 1694 4058 non

109 4077 216 4129 insi
263 4088 477 4129 autem.
513 4021 624 4129 set?
656 4073 803 4129 Patri
849 4073 976 4129 Jesu
1026 4072 1231 4128 Christi
1283 4075 1531 4128 omnium
1580 4075 1694 4129 eoi-

107 4077 216 4146 ipsi
263 4088 495 4146 autem,_
511 4072 608 4146 sed
656 4073 803 4129 Patri
849 4072 1231 4146 Jesu_Christi
1283 4072 1531 4146 omnium
1580 4075 1696 4143 epi-

107 4143 303 4216 scopo.
331 4166 351 4196 ι
372 4146 455 4199 Ad
478 4144 748 4214 Magnes,
762 4161 812 4199 c.
831 4145 885 4199 5.
901 4174 972 4186 -
988 4143 1154 4216 Decet
1175 4143 1418 4216 singulos
1451 4151 1691 4216 vestrum

106 4226 162 4287 et
212 4213 491 4287 praecipue
548 4218 913 4287 preishytet'os
939 4214 1243 4287 refocillare
1276 4213 1602 4287 episcopum
1628 4214 1693 4287 in

106 4284 598 4409 eon'ﬁrem'ﬁgtrts
623 4284 752 4341 Jes'u
786 4284 1016 4351 Christi,
1048 4291 1103 4338 et
1134 4285 1530 4352 apostolorum.
1553 4303 1572 4336 ι
1610 4284 1695 4339 Ad

157 4373 216 4409 ra
267 4399 309 4409 ..
340 4373 392 4409 c.
503 4398 518 4409 .

106 4355 309 4420 'l'rall.,
340 4373 392 4412 c.
427 4357 518 4411 12.

1811 560 1976 622 atque
2008 552 2191 606 animo
2219 566 2340 606 esse
2368 558 2665 620 oporteret.

1859 649 1941 717 'S.
1977 662 2219 733 lgnatius
2249 672 2512 733 quantum
2565 677 2594 715 a
2638 662 2935 718 schismate
2968 672 3021 718 et
3054 664 3248 719 haeresi
3295 664 3390 718 ab-

1812 756 2080 821 horreret,
2114 755 2357 825 apertius
2388 754 2662 825 explicare
2708 770 2816 811 non
2861 765 3093 826 poterat,
3121 771 3287 825 quam
3322 757 3391 811 ab

1810 847 1906 901 illo
1939 847 2060 903 istis
2087 847 2270 902 verbis
2297 847 2600 917 praestitum
2623 858 2708 903 est
2731 849 2865 918 (29).
2905 847 2961 903 Si
2996 851 3123 919 quis
3148 850 3389 906 schisma

1809 937 2102 994 facientem
2132 945 2392 1002 sectatur,
2422 939 2575 1009 regni
2606 938 2700 993 Dei
2730 940 3099 995 lmreditatem
3126 955 3232 995 non
3265 955 3393 995 con-

1808 1029 2096 1099 sequitur;
2129 1027 2176 1083 si
2211 1027 2338 1098 quis
2368 1028 2424 1081 in
2458 1029 2636 1084 aliena
2683 1032 2952 1086 sententia
2997 1031 3262 1098 ambulat,
3287 1032 3392 1087 iste

1808 1121 2051 1191 passioni
2082 1136 2191 1175 non
2213 1122 2507 1177 consentit.
2544 1121 2667 1177 Alio
2697 1123 2821 1178 loco
2848 1123 3101 1180 haeresim
3130 1124 3244 1195 (50)
3273 1140 3392 1181 ma-

1809 1214 1974 1269 ximis
2000 1213 2329 1269 criminibus
2363 1213 2595 1278 confert,
2621 1216 2806 1285 aitque
2837 1230 2984 1281 eum,
3010 1216 3102 1286 qui
3132 1215 3391 1273 Ecclesia:

1810 1305 1970 1361 fidem
2019 1305 2343 1374 corrumpit,
2378 1304 2524 1358 velut
2570 1320 2694 1359 eum
2725 1308 2819 1376 qui
2864 1315 3181 1364 novatorcm
3214 1310 3385 1373 audit,

1807 1397 2027 1454 aeternis
2060 1396 2278 1465 ignibus
2320 1411 2444 1452 esse
2489 1398 2941 1454 excruciandum.
2986 1399 3044 1454 In
3092 1416 3156 1455 ea
3207 1409 3385 1456 tamen

1806 1488 2065 1560 opinione
2086 1505 2194 1544 non
2218 1497 2357 1554 erat,
2374 1489 2688 1545 schismatis
2710 1500 2764 1545 et
2782 1492 3007 1548 haeresis
3032 1501 3252 1564 peccata
3271 1495 3386 1565 (51»

1807 1585 2011 1640 remitti
2037 1599 2146 1639 non
2190 1598 2374 1653 posse,
2407 1582 2717 1655 fateturque
2750 1585 2804 1639 in
2840 1586 3181 1654 universum,
3213 1587 3386 1643 Deum

1809 1676 1922 1747 (52)
1956 1676 2025 1731 iis
2055 1674 2315 1731 omnibus
2361 1689 2622 1743 parcere,
2654 1677 2749 1746 qui
2775 1691 2871 1746 per
2902 1678 3173 1734 sinceram
3205 1682 3386 1749 poeni-

1806 1768 2032 1824 tentiam
2083 1768 2429 1837 resipiscant,
2462 1776 2626 1838 atque
2666 1769 2730 1823 ad
2769 1768 3029 1825 Ecclesiae
3057 1780 3112 1827 et
3141 1774 3386 1843 episc0pi

1807 1859 2257 1914 communionem
2288 1858 2534 1912 redeant.

1877 1953 1969 2007 Ait
2017 1961 2274 2022 praeterea
2321 1952 2437 2022 (55)
2479 1950 2536 2006 S.
2589 1950 2829 2022 lgnatius
2874 1950 3063 2009 Jesum
3106 1955 3382 2013 Christum

1805 2045 2104 2115 prophetas
2135 2060 2166 2098 a
2201 2044 2436 2099 mortuis
2485 2042 2803 2109 suscitasse,
2829 2043 2975 2113 quod
3005 2059 3132 2099 eum
3180 2045 3235 2099 in
3266 2048 3382 2116 spi-

1804 2138 1912 2192 ritu
1943 2144 2374 2207 exspectassent,
2421 2144 2587 2205 atque
2623 2135 2773 2190 velut
2803 2139 3086 2193 doctorem
3128 2147 3184 2192 et
3215 2141 3387 2210 magi-

1804 2238 1978 2284 strum
2010 2243 2170 2283 suum
2206 2227 2559 2293 habuissent;
2588 2227 2841 2282 eumdem
2862 2228 3089 2296 januam
3114 2244 3258 2297 esse,
3288 2248 3385 2302 per

1804 2335 1969 2390 quam
1995 2318 2109 2391 ('54)
2138 2320 2247 2374 itur
2277 2318 2347 2374 ad
2373 2315 2613 2385 Patrem,
2649 2328 2703 2374 et
2734 2334 2829 2388 per
2861 2336 3026 2390 quam
3058 2323 3408 2392 patriarchas.

1804 2421 1859 2467 et
1889 2412 2168 2482 prophetae
2208 2412 2531 2477 subierunt,
2565 2421 2618 2467 et
2659 2427 2829 2466 unum
2863 2428 3064 2483 corpus
3097 2430 3193 2484 per
3233 2417 3384 2485 ejus-

1805 2505 1931 2560 dem
1954 2503 2076 2559 lidei
2100 2503 2362 2559 unitatem
2381 2511 2798 2573 componerent.
2822 2501 3005 2574 Ipsum
3029 2520 3249 2577 quoque
3267 2509 3381 2579 (55)

1803 2594 2034 2659 efﬁcere,
2063 2602 2124 2649 ut
2157 2594 2406 2650 homines
2437 2594 2679 2664 peccatis
2707 2596 2932 2652 obnoxii
2969 2608 3382 2656 convertantur.

1808 2689 2032 2745 Videtur
2063 2704 2282 2760 quoque
2312 2688 2369 2744 S.
2407 2698 2615 2761 martyr
2657 2690 3026 2757 existimasse,
3062 2704 3382 2751 sanctorum

1795 2810 1959 2887 digna
1990 2808 2207 2887 decore,
2247 2809 2440 2880 digna,
2475 2825 2598 2887 quae
2631 2809 2788 2866 beata
2829 2812 3178 2887 pradicetur,
3213 2817 3380 2887 digna

1794 2880 1987 2954 laude,
2018 2880 2216 2951 digna,
2258 2896 2381 2954 quae
2426 2882 2538 2954 veti
2570 2880 2958 2954 composﬁat,
3002 2883 3162 2953 digne
3209 2880 3380 2954 casta,

1795 2950 2059 3006 charitate
2084 2949 2424 3018 praecellens,
2452 2950 2659 3006 Christi
2692 2949 2748 3006 et
2776 2949 2952 3008 Patris
2985 2949 3208 3009 nomine
3240 2949 3378 3012 insi;

1842 3022 1984 3090 uita;
2031 3036 2196 3090 quam
2226 3029 2282 3076 et
2313 3022 2613 3090 amplector
2652 3021 2706 3075 in
2732 3022 2972 3090 nomine
3012 3021 3142 3080 Jesu
3173 3026 3380 3084 Christi

1850 3064 1952 3145 iis?
1962 3064 2206 3145 eam:
2227 3064 2602 3161 ἴίἶίἱὶἶνέῥῖὲῖἱ
2629 3064 2706 3145 aii
2728 3064 2960 3147 ιὶὶίἰὶἱξὲἰῖ

1874 3160 1989 3231 (28)
2034 3180 2054 3213 ι
2085 3160 2388 3216 Saluto.....
2438 3160 2675 3232 virgines
2720 3168 2939 3218 Vocatas
2995 3162 3251 3222 viduas.»
3296 3168 3377 3223 Ad

1803 3235 2043 3299 Smyrn.,
2074 3252 2123 3291 c.
2153 3233 2238 3286 i3.

1875 3300 1987 3379 (‘29)
2026 3305 2116 3379 Att
2138 3300 2499 3379 Philadelph.,
2537 3316 2586 3356 c.
2622 3302 2676 3356 5.

1869 3371 1982 3448 (50)
2025 3396 2043 3428 ι
2074 3374 2151 3429 Ne
2183 3373 2396 3448 erretis,
2430 3371 2626 3448 fratres
2661 3373 2788 3448 mei,
2820 3371 3146 3448 feminarum
3185 3392 3379 3434 corru-

1797 3442 1983 3517 ptores
2012 3457 2239 3517 regnum
2275 3442 2367 3495 Dei
2401 3456 2509 3517 non
2552 3443 2974 3517 haereditabunt.
3009 3444 3065 3499 Si
3108 3454 3292 3502 autem
3340 3450 3377 3504 ii

1797 3513 1892 3587 qui
1925 3513 2227 3572 secundum
2253 3526 2474 3587 carnem
2498 3513 2613 3587 haec
2632 3516 2847 3587 operati
2878 3523 3028 3587 sunt,
3047 3526 3224 3571 morte
3247 3530 3379 3574 sunt

1794 3581 2005 3652 affecti;
2039 3592 2244 3656 quanto
2274 3581 2472 3652 magis,
2504 3583 2549 3636 si
2582 3581 2709 3656 quis
2752 3583 3037 3656 fidemADei
3068 3601 3234 3654 prava
3273 3588 3377 3645 do-

1798 3651 2356 3721 etrinarcorrumpat,
2376 3651 2488 3720 pro
2536 3668 2643 3721 qua
2682 3651 2841 3707 Jesus
2888 3651 3145 3710 Christ—us
3196 3660 3377 3713 cruci-

1798 3728 1939 3782 fixus
1966 3726 2082 3781 est?
2112 3725 2238 3778 talis
2259 3722 2578 3794 inquinatus
2606 3721 2784 3778 factus
2813 3725 2869 3777 in
2900 3725 3078 3794 ignem
3109 3726 3376 3783 inexstin—

1836 3796 2057 3919 uilbilem
2112 3795 2244 3918 iegt;
2278 3792 2532 3847 similiter
2578 3801 2633 3847 et
2678 3796 2772 3862 qui
2819 3792 2972 3849 audit
3006 3797 3209 3865 ipsum.
3240 3817 3258 3849 ι
3294 3800 3376 3855 Ad

1836 3883 1876 3919 .n
1901 3882 2022 3919 res.
2047 3882 2097 3919 c.
2206 3903 2220 3916 .

1821 3882 2022 3921 mnes.
2047 3882 2097 3921 C.
2133 3882 2220 3918 ‘10.

1883 3883 1913 3919 ιι
1984 3905 1997 3919 .
2084 3905 2097 3918 .
2133 3883 2220 3918 ιο.

1844 3883 1980 4006 p658)
2007 3883 2383 4006 ’rcPraainuuio
2412 3946 2508 3987 vos
2532 3943 2730 4006 contra
2755 3931 2900 3987 feras
2930 3935 3226 3991 humanam
3263 3938 3312 3994 f0
3325 3957 3378 3992 r-

1798 4003 1970 4079 mam'
2021 4003 2430 4079 praeseferentes
2469 4003 2789 4079 _(qureticos
2869 4009 3179 4079 insectatur,
3245 4026 3376 4079 quos

1802 4072 2185 4130 Phanta‘sticos
2214 4072 2510 4146 vocabant),
2535 4088 2674 4146 quos
2692 4088 2810 4146 non
2828 4076 3002 4130 solum
3032 4072 3375 4146 oportet'vos

1794 4162 1910 4229 rion
1942 4148 2216 4229 recipere,
2245 4144 2371 4207 sed,
2412 4144 2457 4200 si
2500 4144 2758 4226 possibile
2805 4154 2909 4211 est,
2945 4144 3123 4229 neque
3155 4149 3374 4229 obviam

1797 4216 1914 4271 fieri
1930 4216 2024 4287 eis
2043 4214 2074 4287 ςί
2097 4216 2273 4271 solum
2310 4229 2441 4269 vero
2470 4214 2740 4287 proiipsis
2781 4229 2962 4287 orare,
2998 4214 3050 4272 si
3094 4223 3376 4287 quomodo

1833 4286 2172 4341 oenitentiam
2219 4290 2404 4354 agant,
2445 4286 2593 4354 quod
2647 4285 2941 4340 admodum
2996 4285 3215 4343 didicile
3262 4300 3369 4345 est.

1848 4359 1973 4426 ujus
2002 4365 2184 4410 autem
2211 4362 2534 4426 potestatem
2575 4356 2737 4426 habet
2757 4354 2922 4426 Jesus
2956 4357 3213 4412 Christus
3246 4376 3370 4414 vera

181 4428 303 4499 (24)
351 4447 369 4479 ε
402 4426 646 4498 lgnatius
676 4423 997 4499 Ecclesiae...
1029 4440 1152 4499 qua:
1183 4432 1269 4499 est
1302 4421 1694 4499 Philadelphia
1727 4492 1759 4499 ᾗ
1795 4421 2133 4499 nostravita.
2157 4445 2176 4477 ι
2208 4421 2290 4499 Ad
2328 4423 2656 4499 Smyrn.‘,_c.
2684 4425 2797 4499 4.}
2830 4424 2931 4499 Ubi
2954 4427 3153 4499 divisio
3181 4440 3285 4497 est,
3319 4441 3373 4485 et

106 4498 164 4551 in
194 4492 401 4569 Asia...
429 4492 605 4567 quam
638 4496 817 4569 saluto
853 4496 907 4549 iu
940 4492 1207 4569 sanguine
1242 4492 1369 4549 Jesu
1415 4492 1687 4569 Christi...
1726 4492 1897 4569 Dira,
1930 4497 2004 4569 ibi
2034 4496 2178 4550 Deus
2210 4492 2442 4569 minime
2468 4495 2697 4569 habitat.
2734 4493 3204 4569 Omnibusrigitur
3252 4492 3371 4569 pin-

104 4568 357 4623 maxime
386 4569 435 4624 si
458 4564 640 4623 'uuum
675 4567 786 4621 sint
818 4581 943 4621 cum
967 4564 1325 4636 episc0po,et
1346 4564 1589 4632 quicum
1619 4580 1686 4619 eo

105 4648 258 4718 sunt,
284 4637 706 4724 presbyter-isset
735 4636 983 4690 diaconis
1011 4635 1309 4724 designatis
1336 4648 1433 4715 per
1465 4642 1688 4724 senten-

106 4709 240 4762 tiam
276 4705 410 4765 Iesu
440 4705 667 4772 Christi,
698 4722 839 4775 quos
868 4706 1167 4761 secundum
1200 4705 1476 4775 propriam
1495 4705 1687 4758 volun-

106 4788 279 4833 tatem
329 4795 489 4834 suam
542 4773 778 4831 lirmavit
825 4777 880 4830 in
935 4773 1232 4831 stabilitate
1283 4773 1684 4844 perkSpiritum

106 4865 341 4905 suum.)
393 4850 515 4903 luit.
562 4848 719 4916 epist.
764 4847 832 4901 ad
878 4845 1213 4916 Philadelph.
1248 4842 1317 4883 -ῖ-
1347 4842 1591 4916 cliorth
1631 4846 1686 4899 in

108 4916 206 4972 Dei
256 4920 557 4976 concordia
598 4914 790 4972 omnia
849 4932 1011 4986 agere
1057 4914 1317 4986 episcopo
1361 4914 1688 4986 praesidente

107 4988 395 5074 Deiloco,
428 4998 483 5044 et
535 4987 862 5074 presbyteris
894 4985 1015 5043 loco
1053 4985 1277 5043 sou-atus
1323 4985 1628 5054 apostolici.
1661 5006 1679 5037 ι

104 5059 188 5113 Ad
223 5061 494 5130 Magnes,
525 5073 646 5128 cap.
674 5059 735 5130 κϐ.

183 5124 377 5204 (25)’‹
403 5124 782 5204 Necessarium
826 5135 930 5204 est,
976 5127 1202 5204 uthsiue
1234 5124 1504 5204 _episcopo
1534 5124 1687 5204 nihil

104 5195 309 5280 agatis,
338 5202 435 5256 sed
463 5209 516 5254 et
550 5198 894 5280 presbyterio
924 5197 1128 5251 subditi
1159 5196 1347 5280 suist.
1384 5195 1566 5280 questi
1604 5210 1683 5280 ee-

105 5263 404 5397 vereaéitutr
418 5263 785 5395 presbyteros,
806 5277 865 5322 ut
882 5281 1204 5323 consessum
1224 5265 1337 5322 Dei.
1350 5282 1369 5315 ι
1397 5263 1479 5319 Ad
1494 5263 1683 5331 Trall.,

105 5364 227 5397 ωε).
330 5358 363 5397 c
458 5378 474 5394 ο

103 5364 227 5403 can.
261 5343 302 5397 2
330 5352 384 5397 et
418 5343 474 5395 '5.

324 5364 588 5467 lurinam
621 5408 773 5486 fruar
798 5406 1023 5486 setione
1038 5406 1289 5473 diacono,
1308 5406 1409 5486 qui
1435 5405 1685 5486 subditus

102 5476 496 5556 est‘ep'iscopo,
530 5480 805 5556 ut_g_ratiae
842 5479 959 5545 Dei,
1011 5486 1066 5532 et
1110 5476 1450 5556 presbyterio
1484 5485 1545 5531 ut
1582 5476 1687 5546 legi

104 5549 497 5613 Iesu-Christi.
521 5570 549 5609 ι,
577 5549 658 5605 Ad
690 5549 954 5619 Magnes,
988 5564 1107 5618 cap.
1143 5549 1195 5602 1.

173 5627 292 5697 (27)
341 5642 361 5674 ι
391 5623 700 5697 lguatius...
738 5618 991 5697 Ecclesia
1023 5621 1235 5697 dilecta:
1281 5626 1337 5673 et
1366 5618 1686 5697 illumiuata:

105 5698 156 5751 iu
180 5688 476 5751 'vol'uuta'te
501 5694 642 5762 ejus,
673 5693 766 5760 qui
804 5691 1159 5762 vultﬂomnia,
1182 5697 1333 5751 etc.,.
1368 5705 1492 5762 qua;
1520 5688 1685 5762 etiam

106 5767 366 5837 prtcsidcl
393 5767 448 5819 in
485 5757 604 5819 lo'co
641 5757 877 5833 regionis
916 5760 1317 5827 Romanorum,
1349 5761 1513 5829 digna
1549 5757 1677 5825 Deo,

1791 4567 2093 4635 nitentibus
2124 4564 2350 4619 remittit
2389 4563 2552 4630 Deus,
2584 4567 2629 4620 si
2659 4566 2984 4635 resipiscaut
3014 4563 3083 4622 inv
3102 4563 3368 4625 unita-tem

1792 4634 1972 4761 D:ei,8
1995 4646 2051 4690 et
2109 4635 2349 4705 episcopi
2413 4634 2810 4691 consessum.)
2871 4636 2954 4691 Ad
3001 4635 3369 4710 Philadelph.,

1792 4721 1821 4760 c
1859 4721 1912 4761 ι).
1979 4747 1992 4760 .

1791 4720 1912 4761 can.
1938 4720 1992 4761 ὅ.

1859 4721 1992 4846 ἵέὲ).
2023 4795 2042 4827 ι
2078 4773 2145 4828 Et
2161 4790 2212 4831 c.
2244 4775 2317 4829 5:
2360 4771 2642 4846 Quotquot
2685 4775 3007 4846 pcenitentia
3044 4778 3192 4832 ducti
3226 4781 3370 4837 redi-
3406 4813 3413 4819 -

1795 4844 1963 4901 erunt
1988 4846 2055 4900 ad
2070 4846 2349 4917 unitatem
2371 4844 2646 4917 Ecclesiae,
2670 4852 2724 4899 et
2749 4846 2836 4900 isti
2866 4844 2961 4901 Dei
2986 4860 3176 4917 erunt;
3203 4860 3262 4905 ut
3283 4866 3370 4907 so-

1790 4918 2027 4972 cundum
2064 4913 2252 4970 Iesum
2281 4914 2558 4969 Christum
2590 4915 2795 4969 vivant.
2820 4935 2839 4968 ι
3164 4913 3187 4963 ⁷.

1862 4987 1976 5058 (55)
2005 5003 2022 5058 ᾳ
2052 4984 2185 5055 Ejus
2206 4984 2412 5058 Christi
2436 4985 2714 5054 prophetae
2735 4986 2988 5056 discipuli
3013 5003 3136 5043 cum
3160 5001 3365 5058 essent,

1790 5057 1983 5129 spiritu
2011 5057 2189 5125 ipsum
2206 5056 2280 5129 aeut
2308 5055 2588 5129 doctorem
2626 5055 3044 5129 exspectabant;
3069 5069 3123 5113 et
3149 5055 3369 5129 propter

1789 5124 1895 5180 hoc
1922 5127 1991 5189 is,
2019 5141 2181 5194 quem
2201 5126 2348 5195 juste
2375 5124 2846 5195 praestolabantur,
2872 5124 3167 5183 adveniens
3192 5124 3368 5186 susci-

1792 5197 2103 5268 tavitipsos
2139 5194 2213 5249 ex
2238 5196 2488 5268 mortuis.
2512 5214 2542 5268 ξ
2576 5195 2657 5268 Ad
2688 5194 2957 5266 Magnes,
2989 5213 3108 5268 cap.
3133 5198 3184 5252 9.

1864 5263 1988 5339 (54):
2014 5285 2032 5315 ι
2065 5264 2182 5339 Ipse
2210 5276 2297 5320 est
2316 5264 2484 5339 ja_uua
2512 5263 2712 5339 Patris,
2742 5263 2837 5339 per
2860 5282 3025 5336 quam
3053 5263 3367 5339 ingredi“..-

1789 5333 1879 5390 tur
1927 5333 2224 5408 Abraham,
2271 5333 2329 5408 et
2359 5333 2531 5408 Isaae,
2560 5343 2626 5408 et
2662 5333 2853 5400 Jacob,
2879 5333 2949 5391 'et
2983 5333 3280 5408 prophetae,
3310 5350 3367 5394 et

1788 5407 2044 5476 apostoli,
2079 5413 2243 5476 atque
2268 5404 2553 5476 Ecclesia.
2591 5402 2788 5460 Omnia
2832 5408 2946 5462 haec
2979 5402 3047 5461 ad
3086 5402 3363 5464 'unitatem

1788 5473 1906 5532 Dei.
1934 5497 1951 5528 ι
1985 5476 2066 5530 Ad
2089 5473 2453 5544 Pliiladelph.,
2480 5489 2600 5543 cap.
2630 5476 2684 5529 9.

1860 5547 1976 5617 (55)
2014 5564 2033 5596 ι
2060 5544 2224 5600 Orate
2245 5546 2369 5617 (pro
2399 5544 3072 5617 hmi-eticis)si_quomodo
3100 5548 3368 5616 pteniten-

1789 5612 1919 5670 tiam
1952 5612 2138 5685 agant,
2172 5612 2317 5685 quod
2355 5612 2650 5686 admodum
2672 5612 2897 5669 'dill'icile
2929 5628 3032 5683 est,
3067 5612 3231 5686 hujus
3263 5635 3363 5672 au-

1788 5697 1895 5740 tem
1939 5683 2257 5754 potestatem
2314 5685 2475 5738 habet
2520 5683 2680 5741 Jesus
2723 5686 2977 5742 Christus
3010 5683 3155 5742 vcra'
3174 5699 3365 5745 nostra

1789 5758 1917 5812 vita.
1945 5776 1962 5808 ι
2009 5757 2088 5811 Ad
2126 5756 2366 5822 Slll\'l'll.,
2398 5771 2517 5825 cap.
2554 5755 2607 5808 4.
