3852 6210
453 343 545 398 591

1453 343 1511 400 S.
1541 345 1890 403 IGNATIUS.
1930 379 1998 391 --—
2034 347 2552 410 ΡηοιεϐοΜΕΝΑ.

3610 357 3717 414 59?.

446 463 732 520 hominum
787 464 1004 520 animos
1054 463 1106 518 in
1157 463 1311 521 cmlis
1362 463 1430 520 de
1475 465 1719 524 Ecclesia
1762 477 1926 539 atque
1959 468 2026 525 de
2195 475 2398 530 duabus
2437 478 2664 541 naturis,
2706 492 2812 532 una
2839 493 3092 547 persona,
3131 484 3182 531 et
3212 476 3278 531 Β.
3314 475 3588 532 V.Hari¢
3632 480 3691 532 di

447 555 696 611 ﬁdelibus
733 556 995 611 sollicitos
1024 569 1166 620 esse,
1196 570 1322 610 cum
1357 556 1424 611 ad
1461 555 1630 612 Trall.
1669 560 1785 615 hinc
1818 561 2028 616 scribe-

451 650 540 704 bat
571 648 687 719 (56)
714 668 728 703 :
758 667 776 700 ι
806 647 1000 718 Expiet
1048 663 1145 703 vos
1189 647 1416 718 spiritus
1469 665 1658 718 meus;
1695 667 1804 706 non
1860 653 2027 710 modo

451 757 630 808 nunc,
679 741 773 796 sed
827 751 882 797 et
936 740 1027 796 ubi
1076 739 1249 794 Deum
1303 750 1499 798 nactus
1552 743 1775 800 fuero.»
1829 743 2027 802 Varios

447 833 613 888 etiam
638 832 752 904 (57)
786 835 1102 906 angelorum
1132 829 1336 903 gradus
1358 839 1413 886 et
1444 834 1846 905 principatuum
1879 835 2028 890 ordi-

450 942 548 982 nes
582 926 816 982 invicem
859 926 1170 996 distinguit,
1207 941 1274 984 ac
1319 923 1422 980 SS.
1457 925 1680 981 Petrum
1707 935 1764 981 et
1793 925 2027 982 Paulum

449 1017 610 1072 ﬁdem
646 1016 911 1072 Romanis
939 1016 1053 1086 (58)
1085 1017 1448 1074 annuntiasse
1483 1017 1775 1088 signiﬁcat.

520 1128 624 1185 Ubi
673 1127 912 1183 ﬁdelium
955 1128 1194 1197 aliquem
1238 1125 1564 1197 sanguinem
1596 1142 1756 1182 suum
1786 1141 1888 1197 pro
1921 1125 2028 1181 ﬁde

447 1219 725 1276 eﬁ‘undere
768 1219 1052 1274 eveniebat
1085 1219 1220 1288 (59),
1257 1226 1561 1274 conventus
1609 1218 1914 1274 habebatur
1959 1217 2025 1272 ad

450 1327 632 1386 grates
671 1313 784 1368 Deo
816 1327 914 1383 per
952 1312 1140 1368 Jesum
1173 1312 1453 1368 Christum
1489 1312 1818 1377 reddendas,
1852 1326 2029 1382 eaque

449 1410 518 1464 de
547 1425 608 1466 re
638 1411 826 1480 hymni
858 1419 915 1467 et
944 1415 1156 1466 cantica
1195 1410 1644 1468 concinebantur.
1670 1404 2030 1476 Intelligimus

449 1509 630 1557 autem
660 1517 728 1558 ex
759 1517 976 1562 summo
1015 1502 1110 1556 illo
1139 1500 1198 1556 S.
1234 1500 1451 1573 lgnatii,
1481 1499 1629 1569 quod
1675 1497 1730 1550 in
1780 1493 2028 1564 epistolis

451 1595 568 1650 suis
597 1593 880 1665 praefert
909 1594 1047 1664 (40),
1081 1595 1406 1665 martyrium
1435 1589 1674 1662 patiendi
1731 1586 2025 1653 desiderio,

449 1688 678 1744 ﬁrmiter
704 1703 830 1743 eum
858 1687 1190 1753 credidisse,
1235 1687 1382 1742 illico
1415 1700 1474 1742 se
1514 1683 1608 1738 Dei
1649 1681 1936 1752 pruentia
1969 1681 2026 1737 in

450 1781 607 1836 cmlis
642 1779 959 1835 fruiturum.
999 1777 1135 1834 illud
1167 1779 1333 1834 etiam
1380 1775 1766 1832 observatione
1796 1773 2025 1844 dignum

451 1875 623 1930 videri
658 1875 849 1944 possit,
882 1874 1026 1944 quod
1067 1872 1356 1942 mancipiis
1388 1870 1644 1927 Ecclesia
1684 1865 2030 1923 inservienti-

451 1967 555 2023 bus
587 1965 1038 2021 manumissionis
1065 1966 1394 2021 desiderium
1421 1962 1731 2027 interdicat,
1765 1979 1784 2012 ι
1811 1957 1911 2025 Ne,
1947 1958 2031 2012 in-

451 2059 590 2128 quit,
605 2056 734 2126 '(M)
767 2057 1025 2111 vitiorum
1077 2056 1348 2125 mancipia
1391 2054 1741 2110 ﬁerent.....r
1773 2051 1858 2107 sui
1901 2065 2031 2104 vero

452 2147 717 2217 temporis
745 2145 1033 2202 haereticos
1067 2147 1140 2200 ita
1173 2145 1453 2202 describit.
1481 2145 1595 2216 (η)
1623 2163 1643 2197 ι
1669 2142 2031 2199 Considerate

449 2254 548 2295 eos
579 2240 672 2310 qui
707 2239 941 2294 alienam
974 2238 1286 2309 opinionem
1321 2247 1547 2294 tuentur
1571 2246 1764 2294 contra
1798 2235 2028 2307 gratiam

450 2329 580 2387 Iesu
612 2331 848 2394 Christi,
880 2345 1004 2400 quae
1036 2329 1103 2385 ad
1137 2345 1242 2386 nos
1292 2331 1475 2396 venit,
1518 2329 1555 2384 li
1589 2329 1868 2400 quomodo
1899 2333 2032 2382 sunt

449 2421 717 2478 contrarii
765 2421 1049 2478 sententia:
1075 2419 1172 2477 Dei
1199 2440 1213 2476 :
1247 2421 1315 2478 de
1340 2422 1609 2478 cbaritate
1642 2437 1751 2476 non
1781 2428 1867 2477 est
1894 2432 2028 2474 cura

455 2514 612 2584 ipsis,
633 2528 740 2568 non
757 2513 826 2570 de
843 2512 1026 2576 vidua,
1040 2525 1150 2567 non
1166 2512 1235 2568 de
1248 2513 1516 2584 orphano,
1535 2527 1645 2568 non
1662 2514 1730 2569 de
1745 2523 2028 2582 oppresso,

452 2621 565 2660 non
597 2606 666 2661 de
709 2606 894 2661 vincto
923 2604 1008 2658 vel
1051 2604 1231 2660 soluto
1254 2645 1270 2671 ,
1305 2620 1413 2660 non
1442 2605 1511 2660 de
1536 2605 1812 2660 esuriente
1847 2601 1934 2658 vel
1963 2601 2032 2656 de

453 2697 692 2753 sitiente.
741 2697 826 2752 Ab
862 2698 1198 2754 eucharistia
1245 2709 1301 2753 et
1341 2699 1590 2753 oratione
1623 2697 1918 2760 abstinent,
1962 2708 2032 2750 eo

453 2789 598 2858 quod
634 2804 742 2844 non
787 2791 1152 2849 conﬁteantur
1209 2789 1600 2846 eucharistiam
1651 2804 1874 2844 carnem
1908 2805 2032 2848 esse

456 2882 758 2938 Salvatoris
790 2882 986 2948 nostri,
1027 2898 1150 2954 qua:
1181 2897 1281 2952 pro
1329 2883 1572 2952 peccatis
1614 2882 1822 2938 nostris
1869 2897 2032 2951 passa

453 2981 557 3036 est,
580 2987 743 3042 quam
766 2971 928 3028 Pater
952 2988 1050 3030 sua
1074 2971 1408 3042 benignitate
1433 2973 1739 3028 suscitavit.
1773 2971 1877 3039 Qui
1903 2989 2032 3044 ergo

453 3063 834 3120 contradicunt
865 3063 994 3119 hulc
1014 3064 1160 3120 dono
1195 3063 1309 3130 Dei,
1338 3064 1662 3119 altercantes
1695 3064 2028 3120 moriuntur.

455 3153 600 3212 Utile
647 3163 829 3210 autem
877 3163 1024 3210 esset
1071 3154 1336 3224 diligere,
1391 3161 1450 3210 ut
1502 3162 1556 3208 et
1602 3163 1971 3224 resurgerem.
2007 3174 2025 3207 ι
2059 3169 2100 3226 c

454 3245 672 3301 Eisdem
718 3261 938 3316 quoque
982 3246 1303 3316 exprobrat,
1338 3245 1482 3314 quod
1537 3244 1604 3298 ad
1658 3244 1805 3298 illam
1856 3261 2034 3316 usque

453 3341 597 3395 diem
624 3339 736 3412 (43)
761 3354 934 3408 neque
961 3339 1258 3408 prephetae,
1287 3352 1466 3406 neque
1490 3337 1577 3392 lex
1600 3334 1822 3408 Moysis,
1852 3353 2032 3408 neque

454 3432 831 3502 Evangelium,
865 3446 1042 3501 neque
1070 3440 1373 3502 martyrum
1410 3437 1686 3486 tormenta
1727 3445 1822 3485 eos
1848 3429 1917 3486 ab
1943 3446 2032 3486 er-

453 3540 578 3580 rore
611 3539 867 3580 revocare
894 3523 1189 3593 potuerint.
1225 3521 1301 3576 De
1335 3521 1459 3576 istis
1489 3536 1709 3592 quoque
1753 3521 2033 3592 accipien-

453 3620 582 3674 dum
615 3626 720 3680 est.
750 3618 863 3689 (44)
885 3618 1030 3688 quod
1055 3618 1172 3672 ait:
1200 3635 1218 3667 ι
1250 3615 1506 3672 Excelsae
1528 3631 1776 3687 quasque
1800 3617 1854 3671 in
1879 3617 2033 3673 caelis

453 3717 757 3771 creaturas,
800 3707 1022 3778 angelos
1071 3721 1402 3777 quacunque
1443 3707 1662 3762 demum
1702 3707 1873 3778 gloria
1922 3706 2032 3762 ful-

455 3809 642 3872 gentes
662 3841 678 3867 ,
708 3801 1047 3870 principatus
1093 3799 1357 3866 visibiles,
1387 3807 1442 3854 et
1486 3798 1787 3854 invisibiles
1816 3799 1884 3854 ad
1909 3799 2030 3854 dira

456 3893 721 3964 supplicia
769 3908 892 3948 esse
938 3891 1301 3957 damnandos,
1338 3891 1442 3946 nisi
1479 3892 1533 3946 in
1563 3890 1771 3946 Christi
1807 3893 2034 3962 sangui-

456 4001 581 4042 nem
613 3983 854 4040 credant.
879 4004 896 4034 ι

457 4163 489 4236 ς
527 4162 615 4218 lll.
657 4161 732 4236 De
761 4161 1018 4216 Trinitate
1045 4174 1389 4236 person_ar_t_tm
1417 4155 1909 4236 diaiigarunt,__Fifii
1931 4157 2027 4212 Dei

525 4235 842 4300 eternitate,
881 4228 1453 4296 consubstantialitate,
1490 4228 1691 4284 Christi
1723 4228 2003 4282 divinitate

526 4378 641 4448 (56)
724 4375 802 4448 ᾼμ
831 4373 1023 4436 Trall.,
1054 4389 1174 4444 cap.
1204 4373 1293 4428 15.

526 4442 640 4517 (57)
678 4465 697 4498 ‹
737 4444 854 4499 Νοη
886 4442 1167 4515 propterea
1195 4443 1340 4517 quod
1372 4443 1585 4517 vinctus
1613 4457 1758 4510 sum,
1780 4451 1833 4497 et
1855 4442 2022 4497 ccele-

453 4513 560 4574 stia
589 4513 1157 4586 intelligere—possum,
1178 4524 1228 4586 et
1247 4515 1385 4570 situs
1408 4513 1748 4584 angelorum,
1772 4521 1826 4586 et
1847 4524 2023 4586 ccetus

453 4582 978 4654 constitutio'i-esque
1027 4582 1502 4654 principatuum..I
1532 4593 1752 4654 propter
1781 4582 1883 4638 hoc
1907 4583 2022 4652 jam

451 4668 508 4714 et
534 4655 837 4726 discipulus
858 4653 1042 4726 sound
1075 4654 1156 4709 Ad
1186 4653 1381 4726 Tr_al|.,
1417 4667 1538 4724 cap.
1576 4653 1628 4707 5.

523 4727 636 4798 ('58)
670 4723 692 4776 ἱ
720 4725 836 4779 Non
863 4736 922 4780 ut
949 4724 1142 4779 Petrus
1173 4734 1228 4798 et
1252 4723 1458 4778 Paulus
1476 4723 1729 4793 praecipio
1746 4725 1922 4798 vobis.
1942 4723 2024 4779 Illi

451 4795 714 4918 apestfli,
744 4811 845 4867 ego
891 4810 1022 4850 vero
1065 4795 1520 4860 condemnatus”
1576 4805 1679 4849 etc.
1711 4795 1794 4850 Ad
1839 4795 2021 4859 liom.,

451 4884 572 4918 can.
641 4905 654 4918 .

449 4885 572 4923 CiID.
601 4885 654 4920 4.

521 4884 654 5007 ῗῖλῶ.
677 4954 696 4988 ι
723 4935 852 5007 Plus
885 4935 1014 5007 mihi
1050 4934 1288 5007 tribuere
1322 4949 1430 5007 non
1457 4934 1732 5006 poti-stis,
1769 4947 1931 5005 quam
1969 4944 2028 4988 ut

451 5003 706 5064 iminoler
739 5005 866 5069 Deo,
902 5006 1032 5059 dum
1084 5005 1262 5058 adhuc
1311 5003 1497 5059 altare
1533 5003 1901 5074 paratum'est
1926 5024 1938 5058 :
1968 5014 2027 5058 ut

451 5080 508 5132 in
540 5077 803 5133 charitate
833 5077 1059 5130 chorum
1107 5075 1520 5138 constituentes,
1548 5075 1758 5129 conatis
1783 5074 1932 5128 Patri
1965 5077 2024 5128 in

451 5149 673 5203 Christo
693 5145 842 5216 Jﬁesu,
875 5145 1358 5216 quodepiscoputn
1386 5145 1558 5216 Syriae
1581 5145 1836 5214 dignatus
1863 5145 2026 5199 fuerit

452 5217 597 5274 Deus
631 5219 684 5272 in
701 5213 994 5280 Occidente
1022 5213 1251 5269 inveniri
1287 5214 1354 5268 ab
1374 5213 1596 5270 oriente
1631 5213 1977 5270 accersitum.
2002 5233 2020 5266 ι

449 5283 982 5440 11)((ὶῖί)οπξξηῗ)ξοίιθ
1017 5354 1179 5440 μηὶὴὶ,
1224 5353 1463 5440 fratres,
1497 5370 1564 5436 ne
1607 5354 1755 5440 mihi
1782 5353 2027 5440 impedi-

453 5439 637 5483 mento
667 5433 808 5492 sitis,
845 5433 1140 5497 quominus
1186 5433 1479 5497 vivamus.
1515 5433 1678 5482 sinite
1711 5439 1797 5482 me
1826 5439 2024 5495 purum

453 5499 638 5554 lumen
670 5493 910 5552 haurire.
940 5516 958 5549 ι
997 5495 1157 5558 lbid.,
1189 5510 1237 5549 c.
1273 5494 1305 5549 6
1331 5502 1384 5549 et
1415 5493 1467 5550 ’⁷,

528 5569 640 5638 (4i)
675 5569 754 5623 Ad
786 5567 1093 5638 Polycarp.,
1117 5581 1169 5638 c1
1193 5566 1246 5619 5.

527 5634 641 5708 (42)
675 5639 751 5708 Διὶ
781 5634 1026 5708 Sniyrn.,
1059 5650 1107 5690 c.
1203 5646 1256 5690 et
1286 5635 1336 5689 7.

529 5707 641 5777 (45)
677 5707 754 5777 ᾼᾶ
786 5705 1028 5777 Smyrna
1058 5719 1108 5760 c.
1136 5705 1186 5760 5.

531 5776 640 5847 (tt,
682 5775 840 5841 ιω,
874 5775 920 5830 c.
954 5776 1004 5828 6.

2203 547 2326 599 vina
2361 551 2721 602 malet-nitate.

2205 636 2324 692 Duo
2367 638 2420 694 in
2461 639 2691 708 epistola
2737 638 2802 693 ad
2835 637 3076 709 Magnes.
3125 651 3421 694 occurrunt
3459 637 3604 702 loca,
3664 639 3719 692 in

2128 729 2330 798 quibus
2375 731 2581 786 mentio
2619 730 2678 785 ﬁt
2711 731 2777 786 de
2815 729 2916 786 SS.
2944 729 3228 786 Triuitate.
3265 730 3322 785 ln
3362 731 3542 802 primo
3589 731 3721 786 hate

2130 823 2386 893 leguntur
2436 822 2601 878 verba
2646 821 2801 893 (45):
2851 842 2869 874 ι
2902 823 3130 878 Studete
3179 823 3344 896 igitur
3383 833 3444 878 ut
3477 821 3708 877 confor-

2131 912 2357 967 memini
2403 913 2458 966 in
2497 912 2845 984 dogmatibus
2874 911 3089 966 Domini
3124 920 3180 965 et
3217 913 3616 984 apostolorum,
3649 921 3710 966 ut

2129 1007 2313 1061 omnia
2344 1022 2465 1077 quae
2502 1005 2687 1062 facitis
2714 1022 2972 1077 prospere
3005 1009 3156 1064 vobis
3188 1008 3503 1071 succedant,
3537 1023 3711 1061 carne

2129 1107 2184 1153 et
2209 1098 2428 1170 spiritu,
2459 1098 2565 1153 ﬁde
2593 1107 2647 1153 et
2672 1099 2918 1159 veritate,
2954 1099 3007 1154 in
3040 1098 3184 1153 Filio
3221 1107 3272 1154 et
3301 1098 3480 1167 Patre,
3511 1108 3564 1153 et
3584 1097 3715 1168 Spi-

2131 1187 2240 1240 ritu
2265 1196 2464 1254 sancto,
2498 1186 2552 1241 in
2586 1186 2854 1258 principio
2887 1196 2942 1242 et
2979 1188 3033 1242 in
3073 1188 3198 1243 ﬁne.
3230 1207 3249 1242 ι
3280 1187 3347 1243 Et
3372 1199 3496 1260 post
3529 1203 3712 1259 pauca

2130 1278 2410 1348 interjecta
2442 1294 2454 1329 :
2484 1297 2504 1331 ι
2527 1277 2766 1350 Subjecti
2792 1284 2906 1335 este
2926 1280 3206 1351 episcopo,
3231 1293 3284 1335 et
3303 1281 3461 1335 vobis
3485 1291 3710 1345 mutuo,

2130 1371 2371 1427 utJesus
2388 1371 2643 1427 Christus
2664 1369 2810 1428 Patri
2844 1372 3141 1427 secundum
3177 1388 3437 1440 carnem;
3477 1382 3532 1430 et
3574 1390 3716 1445 apo—

2132 1463 2255 1518 stoli
2286 1462 2507 1517 Christo
2557 1472 2610 1517 et
2631 1461 2809 1528 Patri,
2838 1471 2890 1517 et
2925 1461 3175 1533 Spiritui.
3197 1481 3216 1518 ι
3265 1463 3452 1519 Obiter
3481 1465 3573 1520 hic
3603 1467 3711 1520 ob-

2131 1555 2456 1612 servandum
2485 1563 2568 1611 est
2620 1553 2678 1609 S.
2705 1553 2972 1626 lgnatium
2997 1556 3088 1610 hic
3109 1555 3255 1626 loqui
3279 1555 3343 1610 de
3367 1556 3716 1625 sulijectione

2129 1646 2257 1704 Jesu
2287 1647 2524 1714 Christi,
2550 1657 2712 1717 prout
2737 1647 2903 1702 homo
2931 1656 3049 1712 est,
3079 1647 3193 1703 sive
3234 1649 3532 1703 secundum
3582 1664 3714 1703 car-

2130 1756 2277 1804 nem,
2313 1739 2452 1795 κατὰ
2488 1739 2687 1813 σάρκα.

2057 1822 2100 1878 Β
2198 1831 2457 1886 Pluribus
2494 1785 2731 1886 inrlocis
2762 1828 2819 1885 S.
2845 1829 2935 1886 hic
2958 1838 3168 1900 martyr
3194 1828 3476 1898 proﬁtetur
3505 1829 3711 1884 Filium

2132 1922 2228 1979 Dei
2260 1939 2451 1979 verum
2484 1938 2608 1982 esse
2633 1922 2828 1990 Deum,
2859 1922 3008 1979 Patri
3045 1939 3145 1980 suo
3187 1933 3535 1978 comternum.
3593 1922 3712 1980 Lu-

2131 2013 2522 2070 culentissimis
2562 2021 2742 2070 autem
2775 2011 2956 2068 verbis
3000 2012 3052 2066 id
3085 2011 3324 2066 declarat
3360 2012 3412 2064 in
3441 2011 3602 2078 epist.
3640 2008 3712 2064 ad

2131 2105 2396 2177 Magnes.,
2440 2106 2532 2161 ubi
2586 2106 2662 2162 ait
2703 2105 2857 2176 (46):
2897 2125 2914 2158 ι
2950 2102 3106 2160 Unus
3134 2115 3216 2160 est
3241 2104 3404 2169 Deus,
3455 2103 3550 2172 qui
3591 2117 3714 2156 ma-

2131 2196 2410 2252 nifestavit
2459 2196 2813 2266 semetipsum
2860 2212 2955 2268 per
2981 2195 3164 2250 Iesum
3198 2196 3476 2250 Christum
3509 2192 3710 2246 Filium

2133 2289 2325 2360 ipsius,
2357 2287 2448 2358 qui
2479 2301 2530 2342 ct
2561 2288 2734 2359 ipsius
2757 2287 2990 2344 Verbum
3023 2297 3306 2346 aeternum.
3333 2302 3439 2338 non
3472 2301 3503 2339 a
3537 2284 3713 2337 silen—

2134 2380 2212 2434 tio
2240 2379 2613 2451 progrediens.
2647 2397 2666 2430 ι
2729 2378 2893 2448 Atqui
2947 2379 2992 2434 si
3041 2377 3298 2434 Christus
3349 2386 3431 2431 est
3470 2373 3706 2428 Verbum

2134 2469 2278 2528 Patri
2300 2487 2400 2526 suo
2429 2481 2782 2536 comternum,
2801 2471 2846 2525 is
2865 2471 2977 2540 ipse
2991 2480 3044 2526 et
3068 2470 3310 2541 ejusdem
3331 2484 3453 2522 cum
3473 2468 3593 2537 ipso
3610 2482 3709 2519 na-

2133 2574 2291 2632 turae,
2314 2564 2568 2634 idemque
2592 2579 2656 2617 ac
2675 2563 2763 2616 ille
2784 2563 2855 2617 sit
2875 2563 3038 2629 Deus,
3062 2562 3287 2617 omnino
3304 2576 3526 2616 necesse
3547 2567 3650 2613 est.

2205 2653 2347 2710 ldcm
2384 2652 2440 2708 S.
2469 2663 2677 2725 martyr
2713 2654 2767 2708 in
2800 2654 3030 2724 epistola
3067 2653 3134 2708 ad
3168 2651 3548 2724 Polycarpum,
3581 2664 3708 2704 san-

2133 2746 2436 2801 ctissimum
2497 2747 2879 2815 coepiscopum
2933 2761 3093 2799 suum
3139 2759 3153 2796 :
3209 2765 3228 2796 ‹
3265 2743 3423 2806 Eum,
3480 2742 3574 2813 qui
3625 2751 3710 2796 est

2134 2851 2298 2908 supra
2331 2846 2567 2906 tempus,
2593 2847 2846 2906 exspecta
2882 2835 3320 2907 intemporalem,
3352 2832 3709 2895 invisibilem,

2133 2936 2355 3000 propter
2395 2944 2494 2982 nos
2530 2927 2823 2993 visibilem,
2870 2926 3292 2998 impalpabilem,
3329 2925 3710 2996 impatibilem,

2132 3031 2354 3092 propter
2393 3036 2492 3076 nos
2528 3020 2830 3090 patibilem,
2865 3021 2957 3090 qui
2988 3019 3317 3074 omnimodis
3353 3028 3576 3087 propter
3610 3031 3714 3071 nos

2135 3114 2393 3170 sustinuit
2438 3112 2573 3183 (47).
2623 3131 2642 3164 ι
2695 3111 2768 3167 De
2815 3111 2954 3166 Filio
2993 3112 3089 3167 Dei
3134 3110 3422 3167 manifeste
3467 3111 3705 3181 loqttitut

2136 3206 2244 3274 hic,
2287 3215 2484 3276 praeter
2529 3206 2637 3260 alia
2689 3203 2952 3259 attributa
3003 3205 3190 3261 divina
3237 3205 3402 3258 etiam
3453 3203 3558 3258 hoc
3609 3202 3712 3272 ipsi

2133 3300 2412 3365 tribuens,
2462 3297 2607 3368 quod
2654 3297 2725 3352 sit
2768 3297 3136 3366 ὑπέρκαιρος,
3185 3294 3443 3366 ἄχρονος,
3497 3311 3516 3344 ι
3544 3306 3714 3361 supra

2133 3401 2369 3460 tempus,
2421 3389 2540 3445 sine
2588 3397 2861 3458 tempore,
2922 3406 2940 3438 ι
2973 3388 3078 3442 hoc
3121 3396 3204 3441 est
3263 3393 3522 3439 aeternus.
3573 3383 3714 3438 Nam

2132 3497 2195 3538 ea
2228 3482 2330 3538 fuit
2361 3482 2525 3550 hujus
2559 3480 2660 3535 viri
2705 3479 2989 3550 apostolici
3031 3477 3377 3548 simplicitas,
3417 3484 3478 3530 ut
3503 3491 3718 3548 nequa-

2134 3592 2298 3647 quam
2340 3574 2614 3646 putandus
2662 3574 2762 3640 sit,
2806 3574 3006 3628 lusisse
3042 3573 3096 3627 in
3118 3583 3272 3642 voce,
3295 3572 3612 3644 temporis,»
3661 3579 3720 3626 ut

2133 3671 2484 3742 postmodum
2519 3668 2766 3723 luserunt
2799 3667 3012 3722 subdoli
3041 3665 3249 3719 Ariani.

2207 3763 2362 3830 Quod
2390 3759 2552 3817 Jesus
2577 3759 2832 3820 Christus
2871 3759 2944 3814 sit
2969 3773 3132 3813 verus
3163 3756 3330 3823 Deus,
3366 3755 3572 3810 veritas
3609 3759 3719 3820 est,

2133 3871 2298 3928 quam
2364 3852 2422 3909 S.
2465 3854 2570 3909 iste
2632 3851 2833 3924 praesul
2886 3867 2987 3921 pro
3037 3859 3187 3906 certo
3239 3847 3498 3918 supponit
3548 3847 3717 3904 sicuti

2133 3950 2346 4004 eruitur
2393 3963 2461 4003 ex
2502 3946 2831 4017 phrasibus,
2882 3945 3083 4016 quibus
3126 3944 3316 4011 utitur,
3353 3943 3486 3996 dum
3514 3941 3587 3996 de
3624 3940 3718 3995 illo

2134 4039 2375 4111 loqultur
2397 4057 2411 4094 :
2435 4038 2508 4094 ait
2537 4038 2682 4093 enim
2715 4035 3063 4107 adEphesios
3089 4035 3238 4105 (48):
3269 4054 3289 4086 ι
3342 4033 3485 4090 Deus
3524 4044 3716 4092 autem

2135 4141 2323 4188 noster
2359 4130 2520 4187 Jesus
2566 4129 2842 4195 Christus,
2905 4127 2962 4182 Ὀ
2993 4129 3103 4200 γὰρ
3134 4126 3267 4192 Θεὸς
3298 4125 3454 4198 ἡμῶν
3502 4123 3720 4198 Ἰησοῦς

2134 4223 2389 4298 Χριστός,
2417 4225 2470 4276 in
2500 4235 2654 4277 utero
2676 4229 2920 4293 gestatus
2943 4229 3027 4276 est
3054 4235 3082 4274 a
3105 4218 3297 4285 Maria,
3314 4219 3471 4288 juxta
3492 4218 3723 4289 dispeno

2207 4368 2323 4438 (45)
2374 4366 2446 4438 Ad
2476 4363 2742 4438 Magnes,
2784 4378 2906 4432 cap.
2934 4363 3021 4438 εξ).

2207 4429 2320 4508 (46)
2357 4429 2656 4508 Εἷςμὲλᾳξιγ.
2709 4437 2749 4508 ὁ.
2787 4429 3110 4508 «aeseptem;
3159 4430 3351 4508 ᾂαυεὺγ
3379 4429 3493 4508 ’διὰ
3535 4431 3722 4508 ςζῃσοῦ

2054 4481 2100 4540 θ
2127 4481 2659 4582 Χρὶξξόῡῖὶόῡ-’Ῠὶὁῢ
2692 4481 2862 4582 αἷρςξὸ
2876 4481 3106 4582 ’ἑὲξὲἐεξί
3122 4481 3491 4582 se};
3523 4481 3721 4582 ᾱὶὲιέζ

2127 4571 2227 4633 οὔκ
2259 4578 2366 4633 ἀτιὺ
2399 4577 2558 4646 σιγῆς
2590 4571 2905 4646 προελθὼνε
2941 4573 3109 4646 Epist.
3155 4573 3222 4646 ad
3271 4571 3540 4643 Magnes.,
3576 4588 3634 4646 _c.
3667 4573 3720 4627 8.

2167 4649 2320 4704 Haud
2351 4661 2436 4701 me
2463 4643 2620 4716 fugit,
2636 4643 2785 4707 esse,
2817 4645 2909 4714 qui
2941 4643 3006 4698 ex
3040 4644 3166 4716 hoc,
3193 4644 3315 4716 loco
3351 4643 3720 4716 contendunt,

2128 4721 2296 4774 hasce
2318 4713 2576 4786 epistolas
2596 4713 2925 4786 Ignatiinou
2949 4729 3072 4768 esse
3091 4731 3103 4764 :
3125 4714 3396 4786 siquidem
3411 4713 3587 4786 verba
3607 4714 3718 4767 illa:

2127 4793 2241 4844 Οὐκ
2273 4783 2381 4844 ἀπὸ
2401 4787 2558 4858 city-7;;
2574 4783 2872 4858 προελθὼν,
2894 4800 3004 4858 non
3033 4799 3062 4837 a
3096 4784 3314 4858 silentio
3334 4783 3718 4858 progrediens.

2127 4861 2410 4930 proprium
2440 4853 2748 4930 Valentini,
2788 4867 2858 4930 _ut
2891 4855 3032 4930 ipsis
3067 4855 3302 4919 videtur,
3337 4853 3718 4930 perstringunt

2128 4924 2612 4993 errorem,vivente
2634 4926 2861 4996 lgnatio,
2887 4924 3131 4980 nondum
3161 4933 3438 4980 exortum.
3460 4924 3544 4978 Ad
3563 4925 3723 4996 lianc

2129 5011 2310 5055 autem
2358 4993 2720 5067 objectionein
2766 4995 2944 5067 facilis
2991 5003 3075 5067 est
3124 4993 3722 5067 responsio;__soiidis-

2131 5077 2269 5126 sime
2314 5063 2459 5124 enim
2487 5066 2553 5122 V.
2582 5067 2665 5122 Cl.
2697 5066 2886 5122 Bullus
2924 5067 2977 5119 in
3010 5063 3234 5135 Defens.’
3265 5065 3391 5135 ﬁdei
3451 5063 3716 5129 Nicaeae,

2130 5151 2265 5196 sect.
2293 5142 2350 5205 3,
2393 5155 2443 5193 c.
2472 5140 2521 5203 l,
2578 5154 2632 5208 p.
2661 5135 2966 5200 174-187,
3001 5135 3398 5208 demonstravit
3441 5137 3717 5208 ignauum

2130 5211 2183 5264 in
2212 5211 2392 5265 verbis
2415 5205 2616 5274 allatis,
2650 5216 2704 5262 et
2731 5209 2782 5262 in
2813 5216 2924 5262 tota
2954 5207 3232 5277 perioche,
3266 5206 3333 5260 ad
3357 5220 3535 5277 quain
3553 5205 3718 5277 verba

2130 5283 2223 5336 illa
2265 5281 2556 5350 pertinent,
2595 5274 3263 5350 neque_Vslentinianos,_
3283 5290 3462 5350 neque
3496 5274 3722 5330 81ιίοηὶ-

2131 5361 2219 5406 tas
2250 5345 2542 5422 respicere,
2574 5351 2665 5404 sed
2684 5345 3042 5422 iudaizantes
3073 5347 3196 5422 illos
3213 5345 3716 5422 Cnosﬁ_cos,_quo«

2127 5437 2250 5476 rum
2275 5414 2533 5491 princeps
2569 5428 2687 5474 erat
2719 5418 3016 5491 Cerinthus
3073 5418 3188 5491 (qui
3213 5414 3517 5491 Valentino
3555 5415 3716 5484 longe

2129 5486 2389 5554 anterior,
2428 5486 2675 5558 adeoque
2723 5488 2855 5557 ipsis
2884 5486 3155 5558 apostolis
3190 5501 3410 5542 coaevus
3440 5486 3716 5558 initien-

2128 5561 2218 5631 jus
2257 5562 2490 5631 haeresis
2517 5555 2790 5631 Ecclesiae
2823 5555 3094 5631 Asiaticas
3136 5556 3330 5629 lgnatii
3372 5555 3712 5627 temporibus

2130 5629 2367 5687 maxime
2394 5629 2656 5699 turbavit)
2679 5629 3065 5698 jwrstringere.

2206 5701 2319 5769 (47)
2361 5699 2534 5770 Epist.
2569 5698 2641 5753 ad
2666 5699 2982 5770 Polycarp.,
3016 5698 3143 5770 αξξ.

2203 5767 2320 5841 (ιε)
2359 5767 2530 5840 Epist.
2565 5771 2633 5824 ad
2665 5767 2889 5839 Ephes.,
2923 5783 3044 5838 cap.
3074 5767 3164 5824 l8.
