3852 6210
181 292 286 350 59)

1363 288 1448 347 DE
1486 289 1840 346 DOCTRINA
1877 288 1934 344 S.
1966 285 2240 344 IGNATIL

3349 287 3450 344 594

99 402 113 412 “
178 411 454 466 sationem
483 408 582 466 Dei
622 425 691 466 ex
735 407 1214 476 semine‘lfavidis,
1247 425 1313 466 ex
1348 409 1551 481 Spiritu
1593 422 1773 466 autem
1805 411 1852 464 A
1883 407 2086 464 sulsam
2130 403 2562 476 propositionem
2614 405 2934 474 assignahit.
2981 403 3246 464 Praeterea
3277 408 3321 465 si
3353 408 3450 463 da.

176 514 396 562 Sancto.
427 519 448 557 ι
475 502 534 558 In
554 502 746 559 eadem
765 505 1022 574 epistola,
1052 520 1102 560 c.
1132 503 1198 559 19
1222 523 1235 560 :
1259 502 1396 558 Θεοῦ
1417 502 1778 574 ἀνθρωπίνως
1877 515 2086 562 remus,
2131 497 2404 568 lguatium
2437 497 2493 551 in
2522 497 2910 554 minutioribus
2937 499 3262 568 quibusdam
3294 516 3325 554 a
3358 501 3455 558 do.

179 596 601 668 φανερουμένου
635 599 715 660 εἰς
748 596 1042 668 καινότητα
1071 596 1242 652 ἀῐδιου
1275 597 1439 668 ζωῆς.
1464 613 1482 648 t
1520 595 1630 652 Deo
1662 597 1767 650 hu—

175 691 429 746 manitus
447 690 535 760 '(id
563 699 646 748 est
667 690 977 746 inhumana
1003 690 1190 759 carne)
1219 689 1568 746 manifestato
1593 690 1647 743 in
1670 703 1769 744 no-

174 784 404 838 vitatem
447 782 571 839 vita:
621 791 860 838 aeternae.
893 803 913 834 ι
973 781 1043 836 Ει
1091 798 1140 838 c.
1166 782 1239 838 20
1271 799 1284 836 :
1319 801 1338 834 ι
1377 781 1506 840 Jesu
1547 782 1768 840 Christo

171 877 484 932 secundum
527 889 752 934 carnem
803 892 867 934 ex
915 889 1112 946 genere
1147 874 1389 942 Davidis,
1419 876 1557 931 Filio
1589 877 1768 934 homi-

173 969 287 1031 ltis,
317 977 372 1023 et
401 967 542 1022 Filio
573 967 689 1034 Dei,
715 981 734 1020 ο
1005 965 1320 1039 ἀνθρώπου,
1355 954 1449 1021 me
1477 963 1585 1037 Υἰῷ
1605 965 1761 1021 Θεοῦ.

175 1059 239 1116 ln
273 1061 632 1131 inscriptione
656 1060 902 1132 epistolae
929 1059 997 1115 ad
1021 1059 1302 1116 Romanos
1328 1059 1491 1116 Jesus
1513 1060 1766 1118 Christus

177 1153 266 1209 bis
295 1155 327 1207 ὁ
357 1153 492 1218 Θεὸς
525 1153 703 1224 ἡμῶν,
752 1172 770 1204 ι
801 1151 946 1210 Deus
979 1161 1167 1209 noster
1202 1172 1222 1205 ι
1251 1153 1579 1226 appellatur.
1613 1151 1680 1207 Et
1707 1153 1763 1206 in

175 1247 301 1318 ipsa
334 1245 564 1316 epistola
588 1244 702 1317 (49)
732 1245 850 1301 hate
878 1245 1184 1301 habentur:
1215 1264 1233 1297 ι
1263 1243 1398 1300 Nam
1427 1243 1588 1302 Jesus
1608 1244 1767 1300 Chri-

169 1350 297 1394 stus
322 1336 467 1392 Deus
495 1347 684 1394 noster
726 1337 779 1394 in
807 1335 972 1393 Patre
991 1338 1231 1394 existens
1257 1339 1432 1409 magis
1465 1347 1711 1408 apparet.
1739 1358 1757 1395 i

170 1428 480 1500 Epistolam
514 1429 582 1484 ad
611 1427 924 1501 Smyrnzos
961 1427 1050 1484 his
1074 1429 1258 1486 verbis
1284 1429 1571 1486 exorditur
1596 1449 1608 1484 :
1637 1429 1765 1486 Glo-

168 1522 334 1577 rilico
366 1519 555 1577 Jesum
600 1519 882 1575 Christum
937 1518 1109 1577 Deum
1151 1519 1264 1593 (τὸν
1295 1520 1450 1591 Θεὸν)
1509 1541 1528 1574 t
1561 1522 1654 1592 qui
1685 1523 1764 1579 sic

169 1624 274 1669 vos
304 1613 580 1683 sapientes
605 1611 757 1668 facit.
790 1631 809 1662 ι
860 1609 966 1666 Sed
1004 1611 1234 1668 illustris
1260 1619 1346 1669 est
1375 1612 1429 1671 in
1460 1612 1651 1683 primis
1677 1613 1762 1668 ιο.

167 1721 272 1764 cus
312 1703 368 1758 in
401 1703 633 1771 epistola
657 1703 725 1760 ad
745 1701 1036 1772 Ephesios,
1083 1701 1176 1758 ubi
1212 1701 1280 1760 de
1305 1702 1528 1759 Christo
1555 1703 1639 1759 sic
1681 1703 1763 1758 lo-

165 1797 365 1866 quitur
420 1795 660 1867 lgnatius
708 1812 722 1848 :
777 1789 872 1858 Εἷς
916 1794 1122 1866 ’ἰατρός
1172 1796 1309 1859 ἔστι,
1365 1795 1626 1869 capietbe
1667 1795 1762 1850 καὶ

168 1889 574 1960 πνευματικὸς,
622 1886 911 1958 γεννητὸς,
965 1888 1060 1944 καὶ
1105 1887 1434 1958 ἀγέννητος,
1485 1890 1548 1942 ὲν
1595 1891 1759 1960 σαρκὶ

165 1983 466 2053 γενόμενος
509 1981 663 2045 Θεὸς,
711 1983 770 2036 ἐν
816 1979 1032 2050 θανάτῳ
1081 1978 1196 2050 ζωὴ
1239 1979 1502 2053 ἀληθινὴ,
1551 1983 1644 2036 καὶ
1692 1985 1758 2037 ἐκ

163 2073 426 2146 Μαρίας.
475 2073 568 2128 καὶ
611 2075 677 2128 ἐκ
706 2071 875 2137 Θεοῦ,
925 2071 1142 2144 πρῶτον
1183 2071 1456 2146 παθητὸς,
1501 2075 1596 2129 καὶ
1640 2075 1759 2129 cdes

162 2167 409 2238 ἀπαθὴς,
447 2164 654 2237 Ἰησοῦς
685 2164 920 2237 Χριστὸς
949 2166 978 2218 ὁ
1009 2163 1216 2236 Κύριος
1249 2164 1426 2234 ἡμῶν.
1476 2184 1494 2217 t
1518 2165 1759 2224 Medicus

163 2267 358 2315 autem
407 2271 553 2315 unus
595 2266 700 2324 est,
743 2265 799 2312 et
828 2256 1067 2312 carnalis
1108 2264 1165 2314 et
1193 2257 1516 2326 spiritualis,
1545 2260 1759 2330 genitus

158 2361 221 2412 et
244 2350 526 2422 ingenitus
554 2347 674 2419 (seu
705 2347 954 2422 melius),
986 2347 1102 2420 (50)
1125 2347 1305 2406 factus
1341 2360 1397 2406 et
1422 2367 1530 2406 non
1559 2351 1756 2417 factus,

159 2443 221 2497 in
257 2441 485 2496 homine
519 2439 762 2495 existens
791 2438 957 2507 Deus,
988 2439 1043 2496 in
1078 2451 1253 2496 morte
1277 2441 1386 2498 vita
1419 2457 1568 2508 vera,
1597 2452 1650 2499 et
1692 2459 1759 2500 ex

160 2534 363 2597 Maria,
389 2543 445 2589 et
469 2548 536 2588 ex
563 2530 697 2598 Deo,
721 2533 960 2602 primum
991 2531 1267 2601 passibilis
1304 2543 1360 2588 et
1391 2540 1520 2590 tunc
1556 2535 1760 2605 impas-

162 2626 350 2682 sibilis
388 2623 857 2693 Jesus'Christus,
886 2623 1153 2681 Dominus
1200 2633 1409 2681 noster.
1457 2646 1474 2678 ι
1534 2626 1659 2684 Haec
1697 2626 1754 2683 S.

161 2716 374 2788 lgnatii
409 2716 576 2772 verba
616 2716 686 2774 ab
709 2715 1036 2781 Athanasio,
1071 2714 1419 2772 Theodoreto
1461 2728 1516 2772 et
1539 2716 1760 2774 Gelasio

160 2818 364 2864 contra
416 2809 677 2878 antiquos
732 2807 1038 2864 divinitatis
1087 2807 1293 2866 Christi
1350 2809 1758 2880 impugnatores

159 2903 360 2969 citata,
393 2902 544 2957 illam
577 2900 778 2957 invicte
804 2901 1106 2971 explicant,
1145 2909 1203 2955 ut
1242 2916 1272 2958 a
1301 2902 1453 2958 nullo
1491 2903 1759 2958 hactenus

158 2995 441 3050 infirmari
486 3008 730 3064 unquam
783 2994 1082 3062 potuerint.
1119 2991 1490 3060 Quamobrem
1529 2994 1757 3064 quidem

158 3100 194 3138 e
223 3083 654 3139 Sociuianorum
675 3090 822 3138 secta
847 3080 1169 3138 Neotericus
1185 3082 1442 3154 scriptor,
1477 3098 1602 3138 cum
1637 3085 1756 3139 cla-

1877 591 2054 647 ctrina
2113 591 2414 660 apostolica
2460 589 2711 644 nonnihil
2750 588 3069 658 deﬂexisse;
3126 591 3320 647 ideone
3361 609 3452 646 ve—

1876 685 2106 740 risimile
2151 684 2367 739 cuidam
2424 683 2597 740 videri
2647 691 2854 752 posset,
2900 683 3081 752 ipsum
3127 683 3182 740 in
3220 683 3454 739 articulo

1874 776 2000 832 tidei
2029 774 2360 831 Christiana:
2401 774 2538 830 tanti
2581 773 2842 830 momenti
2877 781 2986 829 tam
3018 775 3250 844 turpiter
3279 774 3452 830 fuisse

1871 867 2140 922 illusum?
2166 866 2543 936 Quisquamne
2569 874 2673 931 est,
2704 865 2799 935 qui
2828 865 2912 920 vel
2941 866 3249 934 suspicetur
3295 863 3451 936 lgna-

1871 960 2042 1026 tium,
2079 959 2176 1030 qui
2211 975 2319 1015 una
2365 974 2489 1013 cum
2528 957 2658 1013 Jesu
2689 957 2897 1013 Christi
2933 957 3195 1028 apostolis
3227 966 3337 1012 tam
3369 955 3451 1011 fa-

1869 1052 2163 1108 miliariter
2210 1059 2464 1107 versatus
2500 1059 2614 1116 est,
2653 1063 2927 1120 quemque
2972 1049 3287 1120 apostolica:
3324 1049 3448 1105 ﬁdei

1872 1151 2169 1213 martyrem
2190 1139 2363 1198 fuisse
2392 1140 2644 1197 universa
2674 1139 2840 1196 tradit
2873 1139 3193 1209 antiquitas,
3226 1154 3259 1194 a
3289 1154 3450 1209 pseu-

1871 1233 2243 1304 do-apostolo
2305 1234 2359 1288 in
2406 1232 2669 1302 primaria
2731 1230 3138 1288 Christianismi
3199 1230 3447 1286 doctrina

1870 1323 2155 1394 deceptum
2187 1322 2396 1380 fuisse?

2362 1435 2558 1490 Credat
2586 1434 2808 1490 ludatur
2839 1435 3042 1504 Apella,

2101 1504 2226 1564 Non
2249 1523 2412 1577 ego...

1869 1622 2198 1680 Temeraria;
2238 1637 2372 1694 ergo
2409 1621 2516 1678 ille:
2560 1621 2855 1691 impiorum
2886 1619 3170 1674 nominum
3215 1631 3444 1687 respon-

1867 1716 2056 1774 siones
2095 1714 2450 1786 explodendaa
2485 1720 2643 1778 sunt,
2681 1712 2842 1782 eique
2875 1709 3140 1767 doctrinas
3176 1710 3445 1765 inhaeren-

1865 1807 2028 1868 dum.
2077 1821 2180 1880 pro
2207 1819 2315 1876 qua
2353 1819 2462 1860 non
2501 1803 2682 1860 solum
2725 1801 2999 1874 lgnatius,
3038 1801 3135 1857 sed
3171 1802 3444 1858 innumeri

1865 1905 2137 1966 martyres
2185 1896 2507 1966 sanguinem
2537 1908 2726 1950 isuum
2775 1893 3086 1950 constantia
3135 1892 3442 1948 admirabili

1859 1990 2133 2061 planeque
2160 1990 2344 2044 divina
2376 1987 2765 2058 proluderunt.

1949 2079 2218 2136 Caeterum
2269 2080 2526 2135 omnibus
2584 2077 2746 2133 facile
2798 2077 3111 2143 inuotescit,
3159 2068 3444 2145 hucusque

1858 2174 2091 2245 aliegata
2125 2173 2184 2229 S.
2207 2173 2399 2243 lgnatii
2426 2172 2543 2228 loca
2574 2185 2731 2240 atque
2767 2185 3009 2241 pugnare
3033 2181 3131 2239 pro
3160 2168 3444 2224 divinitate

1860 2265 2190 2330 Salvatoris,
2238 2279 2336 2334 pro
2381 2264 2588 2320 unitate
2623 2263 2746 2333 ejus
2793 2276 3062 2331 personae,
3101 2275 3200 2330 pro
3231 2260 3444 2316 duabus

1863 2357 1987 2426 ejus
2040 2357 2290 2421 naturis,
2347 2371 2412 2412 ac
2463 2370 2564 2425 pro
2611 2354 2798 2409 divina
2840 2351 3024 2408 Maria:
3074 2353 3440 2409 maternitate.

1865 2447 2090 2505 Fatetur
2117 2447 2264 2503 enim
2302 2466 2322 2500 ε
2345 2445 2533 2504 Iesum
2558 2445 2839 2501 Christum
2871 2458 3062 2500 verum
3084 2442 3254 2498 Deum
3276 2445 3444 2500 simul

1857 2554 1980 2596 esse
2024 2553 2091 2594 ac
2129 2553 2320 2594 verum
2369 2537 2680 2600 hominem,
2721 2543 3062 2590 creatumet
3105 2534 3441 2602 increatum,

1859 2629 2027 2684 Deum
2073 2630 2128 2684 in
2155 2629 2379 2685 homine
2413 2628 2803 2693 exsistentem,
2836 2627 2894 2681 in
2934 2636 3110 2682 morte
3139 2628 3308 2684 vitam
3344 2643 3440 2684 ve-

1859 2735 2001 2785 ram,
2019 2718 2114 2775 Dei
2131 2719 2326 2776 Filium
2339 2717 2488 2774 Patri
2510 2730 2612 2773 suo
2627 2726 2982 2783 coaeternnm,
2999 2731 3216 2786 semper
3237 2717 3292 2770 iu
3316 2717 3440 2786 ipso

1856 2823 1911 2870 et
1929 2828 2055 2870 cum
2079 2813 2198 2884 ipso
2221 2815 2598 2876 exsistentem,
2629 2810 2865 2880 potentia
2887 2809 3173 2879 aequalem,
3197 2808 3291 2864 sed
3308 2807 3438 2862 sub-

1855 2905 2057 2978 jectum
2073 2906 2228 2975 juxta
2247 2917 2489 2972 carnem,
2512 2915 2567 2958 et
2591 2911 2851 2973 tanquam
2884 2899 3070 2955 Mariae
3101 2899 3273 2954 lilium
3299 2898 3437 2969 (51),

1858 3011 1983 3050 cum
2040 3010 2226 3049 revera
2286 3001 2563 3048 mortuum
2601 3007 2748 3056 esse,
2795 3001 2851 3046 et
2891 2993 3284 3055 resurrexisse,
3315 2989 3442 3043 nul-

1858 3089 2078 3158 lamque
2125 3087 2244 3142 sine
2289 3086 2408 3156 ipso
2453 3085 2651 3142 salutis
2700 3098 2853 3153 spem
2905 3081 3067 3137 nobis
3109 3094 3436 3151 superesse;

162 3177 388 3231 ritatem
419 3175 650 3246 hujusce
689 3174 994 3230 testimonii
1026 3174 1192 3230 nullis
1226 3174 1409 3245 impia:
1439 3175 1638 3231 mentis
1666 3191 1756 3231 ar-
1782 3204 1825 3260 ο
1857 3179 2161 3250 principem
2215 3192 2344 3232 vero
2400 3176 2566 3244 hujus
2621 3174 2809 3232 mundi
2864 3173 2976 3246 (52)
3027 3174 3149 3244 ejus
3204 3181 3438 3228 mortem

159 3269 320 3324 tibus
367 3267 674 3322 obscurare
714 3275 926 3337 posset,
966 3280 1034 3320 eo
1076 3265 1227 3321 venit
1277 3264 1647 3335 impudentiae,
1691 3275 1749 3322 ut

157 3361 412 3416 scribere
466 3374 637 3414 ausus
675 3360 746 3416 sit
791 3378 804 3412 :
849 3357 909 3412 In
951 3356 1147 3429 lgnatii
1194 3356 1444 3427 epistolis
1489 3359 1749 3430 proposi-

161 3454 352 3508 tiones
389 3452 662 3524 quasdam
703 3451 1086 3510 incommodas
1123 3460 1178 3506 et
1218 3450 1459 3508 insulsas
1499 3452 1746 3521 reperiri,

161 3563 229 3602 ac
267 3545 502 3616 proinde
544 3560 669 3600 eum
720 3544 774 3598 in
817 3559 918 3598 sua
962 3543 1032 3599 de
1065 3537 1267 3598 Christi
1307 3543 1591 3598 divinitate
1622 3560 1747 3600 scn-

162 3639 339 3695 tentia
377 3637 537 3693 facile
579 3635 758 3708 decipi
794 3637 1041 3706 potuisse
1085 3652 1150 3692 ex
1189 3636 1486 3692 traditione
1516 3637 1752 3708 alicujus

161 3730 632 3801 pseudo-Christi,
663 3737 719 3785 et
743 3728 1242 3800 pseudo-apostoli.
1286 3727 1392 3783 Sed
1433 3729 1617 3784 nullus
1648 3745 1749 3785 un-

161 3839 334 3894 quam
379 3823 437 3879 in
467 3821 764 3894 lgnatianis
793 3821 1044 3892 epistolis
1087 3820 1492 3876 incommodam
1532 3830 1629 3876 aut
1658 3824 1746 3878 in-

237 3939 454 4015 (49)__'9
482 3940 594 4011 γὰρ
620 3939 758 4015 θεὸς
786 3937 945 4015 ﬂeti?
981 3938 1188 4015 ἰησρπὶς
1221 3939 1462 4015 Χριστὸς
1488 3942 1548 4015 ἀγ
1573 3943 1751 4015 Πατρὶ

160 4010 259 4072 ὢν,
298 4009 501 4081 μᾶλλον
534 4009 1008 4080 φαίνεταιζΕρῖει.
1045 4009 1109 4065 ad
1135 4009 1320 4074 Rom},
1350 4027 1400 4066 c.
1431 4013 1484 4066 3.
1517 4011 1574 4066 In
1603 4009 1752 4068 salu-

162 4080 375 4136 talione
409 4080 655 4151 epistolae
683 4082 748 4136 ad
777 4081 1064 4150 Ephesios,
1091 4081 1236 4151 ipsos
1267 4081 1684 4150 praedestinatos
1705 4093 1760 4138 ct

161 4151 555 4223 electosgdicit
578 4168 612 4223 :_
635 4151 725 4223 Ἑν
771 4151 1162 4223 θελήματε-τοῦ
1196 4151 1412 4223 Πατρὸς
1441 4154 1534 4206 καὶ
1581 4152 1756 4223 Ἰησοῦ

162 4218 541 4293 ξριοτοῦλτοῦ
582 4221 720 4275 Θεοῦ
753 4218 959 4293 ἡμερνέ
990 4218 1504 4293 «Voluntate'Patris
1537 4234 1592 4278 et
1624 4218 1755 4280 Jesu

163 4289 378 4345 Christi
422 4289 513 4346 Dei
553 4293 748 4347 nostri.
776 4289 809 4344 ἶ
859 4291 916 4345 In
961 4293 1126 4360 epist.
1165 4291 1232 4346 ad
1258 4291 1440 4354 Reum,
1476 4309 1525 4348 c.
1555 4294 1610 4360 6,
1640 4297 1750 4348 ait:

177 4360 545 4434 Ἐπιτρέψατέ
573 4379 664 4433 μοι
693 4361 937 4434 μιμητὴν
965 4361 1102 4419 εἶναι
1135 4362 1231 4417 τοῦ
1262 4363 1467 4426 πάθους
1496 4363 1590 4418 τοῦ
1617 4364 1753 4417 Θεοῦ

371 4432 613 4525 οιεεᾱξιξ
625 4432 1208 4525 ιηῦιξίξιὶὶεσιοτεηιεεεε
1226 4435 1488 4525 partitionis
1511 4435 1606 4488 Dei
1628 4436 1750 4525 pici.
1781 4469 1828 4525 ι)

238 4452 306 4486 υτ

165 4450 272 4556 ﬁt»
291 4452 306 4486 :
327 4450 609 4486 convenite
625 4450 1208 4489 mmumuatoremesse
1226 4451 1488 4503 passiam:
1511 4450 1606 4488 ue:
1628 4452 1750 4490 met.

256 4504 369 4556 tine
414 4503 666 4583 epistola
698 4504 766 4559 ad
791 4503 1196 4583 Polycarputn:
1227 4524 1247 4583 μ
1275 4503 1418 4574 Opto
1441 4520 1537 4583 vos
1561 4507 1751 4583 valere

162 4588 404 4647 semper
442 4572 493 4625 in
543 4572 656 4647 Deo
705 4572 907 4647 nostro
937 4572 1083 4647 Iesu
1107 4572 1360 4647 Chrisui,
1394 4597 1412 4627 ι
1454 4575 1754 4647 ῌὲρῤῶσθαι

163 4641 428 4718 ὐμᾷςᾼδιὰ-
441 4645 646 4718 grano;
665 4647 726 4697 ὲν
751 4644 922 4718 Θςῷγὴ
930 4645 1046 4718 μῶν
1075 4644 1248 4718 Ἰησοῦ
1265 4641 1749 4718 Χρωτῷᾼέὔχομαι.

238 4714 358 4787 (5ο)
411 4713 627 4777 Merito,
665 4713 942 4787 γεννησγὲὸςέ⁷
970 4717 1062 4770 καὶ
1108 4713 1655 4787 ἆγέννησξος,ἱΐοεὶὶιὲ
1699 4727 1756 4772 et

165 4781 278 4857 non
305 4785 649 4857 factusmum
678 4781 898 4857 Gelasio
917 4786 1062 4857 Papa
1094 4781 1540 4857 interpretamur,
1573 4788 1752 4855 siqui-

162 4853 294 4909 dem
344 4870 540 4909 sensus
580 4855 630 4910 id
656 4855 932 4926 efﬂagitat,
966 4853 1021 4911 et
1046 4853 1392 4913 notissimum
1423 4867 1509 4914 est
1541 4873 1571 4912 a
1603 4853 1754 4912 Cra»

165 4926 250 4980 cis
283 4940 449 4980 voces
470 4927 812 4998 rsvv'qcéqet
843 4926 1070 4998 γενητός
1097 4928 1438 4997 prosmiscue
1471 4933 1745 4998 usurpari.

168 4946 250 4980 us
283 4946 449 4980 V0085
470 4946 726 4996 τεννητος
759 4946 812 4981 ει
843 4946 939 4996 γεν
979 4946 1070 4991 τος
1097 4946 1438 4997 prosmtscue
1471 4946 1745 4998 usurpat't.

168 5011 494 5076 quanquam
551 4997 908 5076 ecclesiastici
943 4946 1074 5053 'iere
1126 4999 1422 5076 scripmres
1470 4999 1749 5066 catholici,

168 5068 479 5135 praesertim
509 5068 605 5135 qui
633 5076 756 5136 post
779 5068 996 5122 tertium
1027 5069 1285 5122 saeculum
1317 5068 1594 5135 vixerunt,
1621 5084 1748 5124 cas-

167 5139 294 5191 dem
332 5136 387 5190 in
417 5135 721 5205 quaestio“
753 5138 821 5192 de
848 5138 970 5192 Filii
999 5138 1282 5192 divinitate
1321 5139 1632 5194 accuratius
1660 5141 1748 5194 di—

166 5207 509 5281 stinxerunt.
569 5209 793 5281 accedit
852 5210 998 5274 quod
1035 5224 1138 5263 vox
1169 5209 1436 5281 ἁῖένητος
1466 5211 1568 5265 soli
1597 5209 1748 5264 Patri

169 5285 367 5361 utpote
383 5355 394 5361 _
411 5276 653 5361 iri-genito
681 5288 958 5361 competat
977 5297 993 5361 ;
1024 5294 1196 5361 quare
1210 5276 1477 5361 pimus;
1491 5296 1617 5361 non
1645 5295 1748 5361 po-

167 5348 276 5420 tuit
321 5347 898 5420 intelligerecgenitum
945 5359 1001 5404 et
1043 5347 1505 5420 ingenitum,»qui
1529 5351 1583 5404 in
1631 5347 1748 5420 ἐρί-

167 5418 316 5471 stola
363 5417 435 5490 ad
465 5417 771 5490 Trallianos
806 5434 900 5474 eos
937 5429 1273 5490 exsecratur,
1306 5429 1402 5490 qui
1427 5417 1622 5475 Filium
1650 5417 1747 5476 Dei

166 5489 369 5569 dicunt
395 5489 1017 5569 ὰχένητογεσξηεεηὶιιξῳ
1047 5489 1210 5569 ιρυὶδ
1237 5505 1353 5569 non
1379 5490 1527 5569 videt
1551 5491 1748 5569 praefa:

167 5557 238 5632 tis
258 5555 919 5632 ignatiiverbisAriante
948 5559 1298 5632 blasphemia!
1326 5555 1576 5632 jugulum
1602 5561 1748 5632 peti?

163 5628 385 5703 Quippe
433 5629 526 5682 hic
565 5628 816 5703 Christus
867 5645 976 5684 non
1025 5628 1748 5703 modoADeus'agnoscitur

163 5714 298 5750 vere
331 5697 690 5770 immortalis,
734 5699 788 5752 in
832 5715 998 5770 carne
1042 5701 1315 5770 quondam
1356 5697 1608 5768 nter-tali;
1651 5700 1748 5757 sed

165 5784 280 5822 nou
322 5766 536 5838 factus,
576 5770 680 5826 hoc
710 5778 796 5827 est
833 5766 1110 5828 increatus
1153 5770 1354 5828 diserte
1397 5766 1616 5829 dicztur.
1669 5772 1745 5830 ita

1854 3272 2004 3329 velut
2029 3281 2084 3327 et
2109 3268 2296 3324 Mariae
2326 3268 2696 3340 virginitatem
2735 3282 2803 3322 ac
2826 3275 3046 3338 partum
3078 3266 3382 3337 ignorasse.
3411 3284 3434 3318 ι

1929 3358 2205 3415 Unitatem
2235 3373 2484 3430 persona:
2527 3358 2584 3412 in
2628 3361 2808 3426 specie
2841 3357 3073 3426 probant
3113 3356 3205 3411 illa
3237 3356 3434 3427 lgnat‘ii

1853 3455 2020 3510 verba
2048 3455 2117 3510 ad
2144 3453 2526 3528 Maguesianos
2558 3452 2672 3523 (55)
2697 3469 2710 3504 :
2753 3472 2772 3504 ι
2811 3451 3017 3508 Omnes
3040 3446 3424 3510 concurrite...

1852 3546 2005 3602 velut
2021 3547 2091 3602 ad
2118 3560 2286 3600 unum
2310 3542 2501 3600 Iesum
2532 3543 2841 3611 Christum,
2867 3545 2962 3614 qui
3004 3554 3058 3600 et
3093 3545 3164 3600 ab
3194 3559 3304 3602 uno
3334 3543 3440 3600 Pa-

1854 3647 1941 3695 tre
1980 3639 2181 3710 prodit,
2209 3647 2266 3694 et
2295 3638 2349 3692 in
2383 3651 2494 3694 uno
2525 3637 2764 3704 exsistit,
2795 3645 2850 3692 et
2893 3637 2948 3691 in
2991 3652 3162 3693 unum
3212 3639 3439 3696 reverti-

1855 3742 1963 3788 tur.
1997 3751 2016 3784 i
2047 3731 2194 3786 Duas
2225 3731 2428 3800 ubique
2454 3727 2586 3784 Jesu
2619 3729 2825 3784 Christi
2855 3738 3083 3784 naturas
3110 3729 3188 3786 ita
3221 3745 3436 3789 memo-

1853 3833 1942 3881 rat
1965 3823 2078 3896 (54)
2099 3832 2161 3880 ιιι
2184 3838 2281 3879 eas
2303 3837 2500 3893 reapse
2522 3822 2661 3878 inter
2692 3837 2753 3879 se
2774 3822 3066 3878 distinctas
3085 3837 3229 3890 esse,
3254 3838 3436 3894 neque

1860 3953 2094 4001 mentem
2145 3941 2425 4014 DJgnatii
2466 3943 2672 4012 optime
2717 3943 3007 4014 expressit,
3035 3943 3312 4013 simulque
3337 3960 3436 3998 vo-

1859 4016 1938 4070 cis
1977 4014 2394 4086 ἀγένητοςγδὶνθ
2437 4014 2762 4086 ᾁγέννητος,
2809 4024 2972 4086 prout
3003 4029 3064 4067 ea
3099 4029 3129 4068 a
3161 4015 3436 4071 veteribus

1860 4080 2386 4166 usurpata'iegitur,
2432 4080 2708 4166 duplicem
2757 4080 3132 4166 acceptionem
3178 4095 3436 4166 accurate

1853 4154 2105 4211 distinxit
2144 4154 2616 4225 M.'Athanasius,
2641 4169 2805 4225 quem
2836 4155 3066 4210 consule
3106 4155 3162 4209 in
3187 4155 3334 4210 libro
3360 4154 3436 4212 De

1853 4226 2091 4297 synodis,
2122 4233 2262 4297 tom.
2293 4225 2333 4291 l,
2372 4241 2426 4296 p.
2454 4224 2581 4279 929.

1926 4298 2042 4366 (5i)
2071 4315 2089 4348 ‹
2109 4294 2558 4366 Obturate'aures
2579 4304 2807 4359 vestras,
2833 4307 2959 4350 cum
2982 4294 3138 4349 vobis
3159 4295 3434 4366 quispiam

1853 4364 2255 4450 loquituLsiue
2289 4365 2418 4448 Jesu
2448 4364 2704 4450 Christo,
2749 4366 2842 4433 qui
2866 4381 2942 4450 ex
2963 4364 3432 4450 genereuDavidis,

1855 4434 1950 4514 qui
1983 4451 2050 4492 ex
2079 4436 2274 4514 Maria,
2310 4436 2405 4506 qui
2438 4451 2565 4490 vere
2609 4447 2780 4514 natus
2800 4443 2903 4514 est,
2946 4434 3282 4514 ediatlnhibit,
3306 4451 3434 4491 vere

1855 4503 2287 4578 persecutionem
2327 4503 2538 4576 passus
2582 4514 2666 4560 est
2699 4503 3022 4578 sub_Pon_tio
3040 4505 3246 4578 Pilato;
3286 4521 3433 4578 ivere

1857 4575 2155 4632 crucifixus
2195 4587 2251 4632 et
2297 4575 2546 4631 mertuus
2591 4587 2694 4639 est,
2728 4575 3040 4630 videntibus
3087 4577 3430 4639 cmlestibus,

1859 4649 2214 4703 terrestribus
2250 4657 2304 4702 et
2333 4647 2736 4710 subterraneis;
2777 4647 2956 4714 qui'et
2980 4660 3104 4699 vere
3132 4647 3433 4701 resurrexit

1857 4734 1891 4772 a
1927 4718 2160 4773 mortuis
2192 4717 2554 4773 resuscitante
2605 4717 2780 4784 ipsum
2817 4715 2977 4770 Patre
3020 4718 3194 4786 ipsius
3236 4732 3432 4771 secun-

1856 4790 1987 4843 dum
2027 4789 2476 4852 similitudinem,
2521 4803 2626 4856 qua
2667 4795 2721 4840 et
2753 4801 2854 4856 nos
2897 4786 3000 4856 ipsi
3030 4789 3313 4842 credentes
3357 4789 3431 4841 ita

1856 4803 1987 4843 dum
2027 4803 2476 4852 smmttuutnem,
2561 4803 2626 4840 ua
2667 4803 2721 4840 et
2753 4803 2854 4841 nos
2897 4803 3000 4856 ψει
3030 4803 3313 4842 credentes
3357 4803 3430 4841 ita

1854 4859 2208 4932 resuscitabit
2235 4858 2396 4932 Pater
2435 4857 2490 4911 in
2515 4803 2736 4932 Christo
2763 4855 2925 4932 «lesu1
2959 4857 3076 4932 sine
3109 4873 3219 4926 quo
3246 4874 3430 4932 verant

1854 4931 2022 4985 vitam
2057 4944 2166 4984 non
2197 4929 2482 4984 habemus.
2515 4947 2535 4979 ι
2570 4925 2744 4996 Epist.
2782 4928 2850 4980 ad
2883 4925 3192 4992 Trallianus,
3217 4941 3338 4996 cap.
3367 4929 3422 4982 9.

1852 5007 1867 5043 ι
1928 5000 2046 5069 (52)
2080 5017 2098 5050 t
2135 4997 2448 5068 Principem
2491 4998 2658 5066 hujus
2703 4998 2892 5069 incudi
2947 4999 3104 5053 latuit
3145 4999 3430 5069 virginitas

1854 5068 2056 5136 Mariaé,
2092 5080 2145 5125 et
2186 5083 2375 5141 partus
2408 5070 2584 5141 ipsius
2620 5068 2892 5141 similiter,
2942 5074 2996 5141 e_t_
3032 5068 3427 5141 mors_-B_omi~

1854 5143 1930 5206 ni,
1965 5143 2068 5195 tria
2093 5137 2349 5213 mysteria
2373 5137 2658 5213 clamoris,
2688 5153 2810 5213 quae
2841 5140 2897 5192 in
2929 5138 3148 5194 silentio
3190 5137 3288 5194 Dei
3320 5154 3421 5209 pa-

1853 5222 1992 5267 trata
2018 5208 2166 5266 sunt;
2201 5230 2221 5262 ›
2255 5209 2353 5280 Ep.
2379 5211 2444 5280 ad
2472 5209 2632 5278 Epin,
2660 5224 2710 5264 c.
2743 5208 2832 5280 ts}.

1924 5282 2038 5360 (55)
2074 5281 2246 5360 Epist.
2273 5277 2348 5360 _a;d
2394 5277 2662 5360 Magnes,
2861 5277 2920 5333 ln
2960 5278 3150 5334 eadem
3189 5277 3425 5360 epistola

1855 5349 1943 5405 S.'
1972 5349 2212 5420 lgnatius
2267 5349 2632 5420 Magnesianis
2691 5349 2823 5405 satis
2860 5365 2946 5420 pse
3005 5349 3426 5406 commendasse

1851 5418 2181 5477 Christianae
2208 5418 2432 5478 unitatis
2457 5420 2830 5476 excellentiam
2850 5418 2975 5488 jure
3001 5420 3300 5474 arbitratus
3339 5427 3428 5472 est

1852 5491 1942 5547 his
1969 5492 2151 5547 verbis
2181 5511 2194 5546 :
2233 5511 2252 5543 σ
2289 5489 2445 5547 Unus
2478 5502 2564 5546 est
2603 5489 2764 5546 Jesus
2812 5489 3098 5559 Christus,
3130 5504 3243 5560 quo
3285 5489 3424 5544 nihil

1851 5563 2198 5633 pmstantius
2225 5572 2328 5616 est.
2363 5581 2382 5613 ι

1925 5633 2040 5754 φοι)
2071 5633 2305 5718 Consule
2339 5634 2454 5688 loca
2496 5646 2660 5702 supra
2687 5631 2800 5702 jam
2845 5632 3095 5703 allegata,
3129 5633 3184 5687 in
3208 5634 3423 5703 primis.

2021 5718 2107 5754 en.
2134 5703 2200 5754 ad
2228 5704 2388 5754 ειυὴ..
2422 5721 2470 5754 c.
2497 5703 2532 5754 5
2595 5719 2682 5754 en.
2728 5702 2795 5754 ad
2832 5701 3173 5754 Polvcarnun
3198 5713 3276 5754 tet
3309 5721 3359 5754 c.
3392 5703 3423 5754 5

1852 5719 1902 5759 c.
1935 5701 1966 5754 7
2021 5701 2107 5773 ep.
2134 5703 2200 5757 ad
2228 5702 2388 5772 Eph,
2422 5721 2470 5758 c.
2497 5703 2532 5756 5
2591 5701 2701 5773 ep.’
2728 5702 2795 5756 ad
2832 5701 3173 5773 Polycarpun
3198 5701 3276 5759 {et
3309 5721 3359 5760 c.
3392 5703 3428 5756 5

1856 5720 1902 5759 c.
1943 5720 1961 5754 ι
2021 5720 2107 5773 ep.
2134 5720 2200 5757 aa
2228 5720 2388 5772 mpm,
2422 5721 2470 5758 c.
2497 5720 2532 5756 ο
2595 5720 2682 5770 ep.
2728 5720 2795 5756 aa
2832 5720 2924 5756 rei
2952 5720 3173 5772 'carptttt
3198 5720 3276 5759 κει
3309 5721 3359 5760 c.
3392 5720 3426 5756 ο

1856 5774 2184 5843 adSnivrn.;
2218 5789 2338 5844 cap.
2371 5774 2434 5828 15
2467 5772 2817 5845 θάΜίιδηεε.;
2843 5775 2910 5830 ad
2933 5720 3198 5845 ἒιηγι-ηωι
3222 5793 3268 5842 s,
3289 5791 3339 5831 c.
3373 5773 3426 5828 l-
