3852 6210
431 284 536 339 595

1500 287 1556 340 S.
1592 286 1958 343 ICNATIUS.‘
1980 319 2048 328 —
2079 287 2604 344 PROLEGOMENA.

3577 289 3684 345 598

434 407 776 473 commistas,
801 416 895 462 aut
927 406 1206 473 confusas,
1255 410 1349 464 sed
1385 425 1550 464 unam
1581 410 1634 464 in
1665 411 1784 480 ipso
1821 425 2010 480 perso-
2041 415 2084 469 Λ
2116 419 2260 465 ctam
2287 453 2304 477 ,
2339 412 2498 481 quia,
2534 421 2594 466 ut
2627 411 2702 465 ait
2736 406 3104 466 Tei‘tullianus
3131 410 3242 480 (5'!)
3273 430 3284 465 :
3325 429 3343 462 ι
3384 409 3535 465 Vana
3569 426 3681 473 res.

434 513 558 551 nam
591 515 683 567 per
711 499 969 554 unitatem
1001 502 1293 556 efﬁcientes
1325 508 1591 554 censeret.

505 590 796 646 Veritatem
827 593 1218 649 incarnationis
1242 635 1255 656 .
1287 593 1679 661 Christumque
1710 605 1836 644 vere
1875 605 1999 659 pas-

429 698 549 736 sum
579 699 644 737 ac
690 686 1101 752 resurrexisse,
1143 693 1336 739 contra
1387 681 1764 754 phantasticos
1811 682 1999 737 multis

430 774 488 829 S.
531 776 768 846 lgnatius
796 779 1006 847 prohat.
1040 779 1182 832 Inter
1209 777 1314 830 alia
1346 778 1418 832 ita
1451 777 1842 831 ratiocinatur:
1878 795 1897 828 ι
1939 775 1995 830 Si

425 885 573 936 vero,
601 881 658 924 ut
682 872 901 940 quidam
925 871 1090 936 athei,
1111 872 1213 926 hoc
1241 882 1320 926 est
1346 871 1609 936 inﬁdeles,
1630 871 1800 933 aiunt,
1819 871 1997 940 ipsmu

425 962 754 1033 (Christum)
801 963 1103 1018 secundum
1160 964 1532 1034 apparentiam
1583 977 1704 1018 esse
1752 978 1998 1032 passum,

423 1055 527 1124 ipsi
567 1055 866 1109 secundum
906 1056 1277 1124 apparentiam
1312 1056 1664 1122 exsistentes;
1717 1071 1820 1126 ego
1866 1056 1998 1126 quid

424 1145 644 1199 vinctus
682 1147 840 1200 sum?
871 1156 925 1199 et
971 1163 1070 1200 cur
1103 1157 1233 1217 opto
1266 1163 1389 1202 cum
1421 1148 1614 1202 bestiis
1652 1147 1998 1217 depugnare?

425 1238 630 1294 frustra
667 1241 848 1310 itaque
882 1241 1106 1294 morior.
1143 1260 1161 1292 ι
1195 1272 1264 1282 -
1297 1261 1315 1293 ι
1348 1241 1819 1311 Ριιοΐθειο,ιειι1ι11ι
1853 1242 2003 1296 insu-

424 1337 857 1404 per,imendacia
894 1338 960 1391 de
1002 1337 1234 1391 Domino
1268 1351 1374 1388 non
1418 1337 1700 1406 contingo,
1741 1354 1760 1386 ι
1801 1336 1911 1406 ἄρα
1937 1336 2000 1388 οὐ

422 1425 830 1498 καταψεύδομαι
863 1428 958 1482 τοῦ
987 1428 1213 1500 Κυρίου.
1257 1446 1276 1477 ι
1309 1427 1502 1498 Fugite
1548 1444 1699 1498 ergo,
1728 1447 1745 1480 ι
1774 1429 1998 1484 conclu-

421 1517 500 1570 dit
525 1518 639 1586 ipse
664 1519 732 1572 de
774 1520 1134 1587 phantasticis
1174 1523 1434 1591 loquens,
1467 1540 1485 1570 ι
1529 1520 1699 1591 fugite
1732 1523 1998 1592 malignas

424 1609 522 1665 has
558 1610 793 1678 stirpes,
848 1627 970 1680 qme
1031 1614 1261 1683 gignunt
1323 1613 1665 1668 mortiferum
1723 1613 1996 1681 fructum,

423 1717 584 1770 quem
613 1703 659 1757 si
699 1703 824 1773 quis
855 1705 1106 1773 gustarit,
1135 1705 1401 1761 continuo
1435 1706 1667 1761 moritur
1695 1705 1860 1777 (55).!

426 1812 452 1884 ᾗ
483 1813 571 1868 lV.
603 1814 680 1868 De
719 1816 851 1869 νεαιὶ
893 1819 1174 1884 praesentia
1217 1819 1451 1886 corporis
1481 1817 1685 1873 Christi
1726 1820 1783 1873 in
1805 1821 2001 1874 eucha-
2039 1809 2078 1864 Β

495 1886 671 1956 ristia,
709 1886 773 1939 de
799 1887 1035 1940 diaconis
1071 1889 1408 1945 eucharistia:
1439 1889 1727 1956 ministris,
1762 1899 1812 1942 et
1844 1892 1907 1945 de
1939 1891 1996 1946 S.

494 1955 922 2009 Christianorum
945 1960 1126 2011 altari.

494 2069 571 2124 Ex
615 2073 855 2141 antiquis
901 2074 1258 2143 scriptoribus
1301 2083 1486 2129 noster
1513 2075 1566 2128 in
1602 2076 1793 2144 primis
1841 2076 2000 2146 lgna-

422 2164 562 2225 tius,
597 2179 784 2218 verum
815 2164 868 2218 in
908 2165 1240 2221 eucharistia
1278 2181 1400 2221 esse
1425 2166 1633 2222 Christi
1668 2184 1889 2237 corpus,
1919 2169 2003 2223 di-

422 2257 728 2312 sertissime
772 2257 951 2313 docet.
987 2257 1269 2329 Siquidem
1312 2261 1405 2314 ubi
1450 2261 1518 2315 de
1565 2262 1856 2327 haereticis,
1905 2264 1996 2332 qui

419 2349 703 2404 Christum
729 2364 836 2405 non
879 2366 1086 2413 veram,
1119 2351 1215 2406 sed
1253 2352 1432 2407 ﬁctam
1462 2362 1517 2408 et
1543 2355 1852 2410 simulatam
1877 2371 2000 2410 car-

421 2458 546 2496 nem
579 2445 946 2513 assumpsisse
969 2445 1305 2514 garriebant,
1336 2461 1644 2502 sermonem
1675 2449 1854 2515 habet,
1885 2450 2002 2506 haec

420 2535 715 2590 ohservatu
762 2536 1088 2609 dignissima
1129 2538 1338 2607 profert
1369 2541 1573 2594 verba:
1604 2560 1622 2592 ι
1673 2541 1756 2598 Ab
1796 2545 1995 2599 eucha-

418 2624 597 2690 ristia,
625 2627 822 2695 inquit,
849 2629 1150 2694 abstinent,
1193 2639 1415 2700 propter
1437 2647 1544 2686 non
1580 2633 1847 2702 conﬁteri,
1878 2652 2001 2690 car-

419 2731 544 2770 nem
577 2732 700 2772 esse
727 2717 1032 2774 Salvatoris
1058 2723 1232 2776 nostri
1261 2720 1389 2776 Jesu
1419 2723 1621 2779 Christi
1654 2740 1754 2794 pro
1803 2739 1997 2794 pecca-

419 2808 489 2861 t-is
514 2810 717 2863 nostris
745 2824 963 2879 passam
999 2811 1134 2881 (56).
1170 2831 1187 2862 ι
1229 2811 1295 2867 Ει
1325 2830 1476 2878 vero,
1507 2816 1552 2870 si
1583 2824 1713 2871 tunc
1735 2815 1999 2871 Christia-

419 2901 472 2954 ui
502 2901 556 2954 iu
585 2903 797 2967 eadem,
827 2918 892 2958 ac
913 2902 1215 2958 Calviniani
1247 2905 1422 2959 nostri
1449 2905 1682 2962 fuissent
1705 2911 1993 2975 sententia,

416 2993 808 3049 eucharistiam
833 2997 1082 3065 corporis
1106 2996 1308 3051 Christi
1343 2998 1544 3052 nudam
1578 2999 1846 3054 duntaxat
1872 3013 1996 3055 esse

416 3086 669 3156 figuram,
709 3089 777 3142 ab
805 3088 885 3144 eis
913 3105 1019 3144 nou
1052 3091 1234 3160 potius
1263 3090 1353 3144 illa
1386 3090 1536 3160 rejici
1569 3091 1780 3157 debuit,
1824 3109 1992 3163 quam

2115 504 2260 572 quod
2309 512 2394 557 est
2440 504 2785 572 phantasma,
2821 505 3050 573 ﬁguram
3085 518 3194 556 non
3223 501 3478 556 admittit.
3515 521 3535 552 ι
3575 500 3681 555 Sed

2113 596 2220 649 huc
2255 595 2342 648 illa
2380 594 2699 649 Tertulliani
2735 595 3032 649 auctoritas
3053 609 3343 664 perperam
3370 593 3679 647 adducitur.

2113 687 2188 740 lbi
2223 688 2369 741 enim
2404 689 2599 742 doctus
2632 686 2722 741 ille
2753 687 2837 740 vir
2866 685 3194 740 Marcionem
3216 726 3231 750 ,
3262 685 3354 754 qui
3397 683 3682 738 Christum

2115 777 2300 832 ﬁctum
2336 777 2612 832 hominem
2645 787 2700 832 et
2721 778 3043 849 phantasma
3073 776 3242 832 fuisse
3273 776 3686 840 delirabat,hoc

2115 869 2428 925 testimonio
2462 867 2714 924 Ieremia:
2743 870 2974 925 dicentis
3002 889 3014 923 :
3059 867 3268 923 Venite.
3310 869 3586 922 mittamus
3619 867 3686 920 li-

2115 979 2275 1034 gnum
2306 965 2361 1016 in
2382 978 2570 1032 panem
2601 963 2714 1034 (58)
2747 963 2961 1034 egregie
2997 960 3210 1027 refellit,
3240 961 3589 1030 ostenditque
3615 975 3686 1014 eo

2113 1057 2216 1112 luci
2249 1073 2442 1128 panem
2484 1073 2593 1112 non
2645 1056 2874 1126 ﬁguram
2917 1055 3122 1110 Christi
3155 1054 3455 1123 simplicem
3495 1062 3552 1108 et
3580 1069 3687 1106 nu-

2110 1151 2258 1215 dam,
2293 1151 2384 1205 sed
2421 1150 2794 1220 propheticam
2834 1149 3116 1219 appellari.

2179 1243 2247 1298 At
2280 1243 2334 1296 in
2370 1243 2703 1298 eucharistia
2732 1243 2883 1313 juxta
2916 1241 3339 1296 Calvinistarum
3366 1241 3686 1311 opinionem

2109 1349 2220 1390 non
2252 1333 2422 1389 futuri
2467 1335 2712 1406 corporis
2761 1334 3098 1404 prophetica,
3133 1334 3225 1388 sed
3269 1333 3520 1404 corporis
3555 1349 3690 1388 vere

2108 1427 2423 1484 exsistentis
2456 1427 2628 1497 ﬁgura
2661 1433 2765 1482 est.
2806 1426 2942 1492 Quis
2972 1439 3152 1480 autem
3177 1425 3453 1479 revocabit
3490 1425 3547 1478 in
3587 1425 3690 1479 du-

2108 1519 2281 1586 bium,
2314 1519 2554 1588 aliquam
2585 1517 2854 1588 corporis,
2878 1519 3021 1585 quod
3045 1517 3298 1572 simulate
3324 1526 3378 1570 et
3407 1515 3530 1570 ﬁcte
3555 1524 3688 1570 tan-

2108 1618 2224 1662 tum
2247 1609 2482 1674 exsistit,
2515 1623 2675 1678 posse
2708 1623 2829 1662 esse
2858 1607 3137 1678 ﬁguram?
3165 1605 3409 1662 llaeretici
3439 1621 3574 1676 ergo
3605 1605 3687 1659 illi

2109 1697 2251 1753 hanc
2283 1700 2354 1754 ob
2380 1714 2603 1754 causam
2639 1699 3029 1754 eucharistiam
3051 1740 3067 1766 ,
3117 1698 3278 1754 sicuti
3319 1699 3684 1768 baptismum,

2107 1804 2269 1858 quem
2314 1790 2436 1846 ﬁcte
2473 1789 2678 1845 Christi
2723 1791 2917 1845 mortis
2951 1790 3180 1859 ﬁguram
3224 1805 3346 1845 esse
3385 1791 3688 1844 contende-

2110 1881 2263 1948 bant,
2311 1896 2569 1951 respuere
2593 1897 2702 1936 non
2733 1882 3055 1937 debuerunt.
3089 1881 3208 1935 Vim
3249 1881 3473 1951 hujusce
3505 1897 3684 1950 argu-

2105 1973 2275 2027 menti
2308 1988 2435 2028 cum
2469 1974 2696 2028 sentiret
2734 1973 2999 2030 Claudius
3046 1974 3510 2029 Cbarentonensis
3546 1974 3685 2028 olim

2103 2063 2374 2130 minister,
2409 2065 2463 2118 in
2497 2064 2658 2119 aliam
2690 2065 2823 2119 abiit
2854 2069 3201 2120 sententiam.
3229 2063 3532 2136 Respondit
3572 2051 3684 2121 ita;

2103 2172 2209 2225 que
2231 2157 2344 2228 (59)
2374 2157 2476 2212 hos
2504 2157 2790 2213 hareticos
2832 2159 2994 2212 stulte
3045 2159 3343 2214 credidisse
3374 2159 3682 2226 Christum,

2103 2251 2196 2320 qui
2237 2266 2424 2304 verum
2461 2265 2662 2320 corpus
2695 2250 2906 2317 habuit,
2934 2250 3022 2306 bis
3053 2251 3235 2306 verbis
3263 2270 3276 2304 :
3309 2250 3426 2304 Hoc
3454 2262 3531 2306 est
3557 2269 3684 2305 cur-

2102 2359 2198 2400 vus
2228 2359 2428 2406 meum,
2473 2354 2666 2412 panem
2689 2384 2704 2407 ,
2740 2351 2800 2396 ut
2846 2357 3049 2412 corpus
3082 2358 3245 2397 suum
3279 2343 3454 2411 fieret,
3489 2359 3681 2400 revera

2101 2434 2410 2503 adoptasse.
2445 2435 2499 2488 ld
2527 2449 2686 2501 vero,
2711 2444 2770 2489 ut
2799 2435 3024 2504 probet,
3067 2434 3468 2491 Tertullianum
3496 2438 3619 2492 loco
3646 2455 3680 2492 a

2102 2526 2263 2580 nobis
2303 2542 2465 2596 supra
2518 2528 2709 2591 citato,
2748 2537 2937 2582 testem
2977 2530 3251 2598 producit.
3293 2529 3398 2585 Sed
3429 2531 3503 2584 ibi
3539 2529 3677 2585 'l'ero

2103 2617 2366 2672 tullianus
2423 2617 2491 2672 de
2533 2618 2624 2670 illa
2678 2618 3058 2673 hereticorum
3115 2621 3279 2675 stulta
3310 2621 3570 2690 opinione
3610 2639 3682 2677 ne

2101 2711 2389 2763 minimum
2444 2710 2664 2779 quidem
2727 2711 2953 2765 verbum
3013 2711 3159 2766 fecit.
3226 2713 3398 2768 Instat
3462 2715 3553 2768 ille
3609 2731 3677 2769 ex

2098 2802 2448 2869 Bellarmino,
2474 2803 2542 2856 ab
2571 2803 2841 2858 hrereticis
2865 2803 2972 2858 illis
3003 2819 3112 2858 non
3139 2813 3247 2858 tam
3271 2817 3678 2862 sacramentum

2098 2895 2462 2962 eucharistia,
2497 2910 2662 2965 quam
2698 2897 3016 2966 mysterium
3066 2895 3467 2953 lncarnationis
3508 2900 3682 2956 fuisse

2100 2989 2499 3060 impugnatum.
2545 2986 2689 3054 Quid
2733 2987 2893 3042 inde?
2939 2987 3196 3059 Nunquid
3237 2993 3560 3062 mysterium
3593 2993 3682 3047 lu-

2098 3086 2435 3141 caruationis
2459 3084 2615 3140 aliter
2648 3086 2957 3156 impugnari
2992 3102 3100 3142 non
3131 3099 3338 3158 potest;
3375 3091 3484 3148 nisi
3519 3093 3677 3150 Chri-

416 3177 741 3246 baptismus,
776 3181 869 3248 qui
901 3196 1028 3235 vere
1060 3181 1258 3235 mortis
1305 3180 1513 3236 Christi
1549 3181 1719 3250 ﬁgura
1753 3198 1876 3238 esse
1909 3186 1994 3240 di-
2028 3166 2071 3222 C
2108 3188 2226 3234 stus
2251 3193 2468 3247 panem,
2507 3188 2568 3232 ut
2595 3195 2756 3234 suum
2784 3193 2984 3249 corpus
3016 3191 3182 3247 esset,
3211 3182 3504 3252 adoptasse
3528 3187 3681 3242 dica-

415 3267 578 3323 citur.
621 3271 734 3325 lmo
776 3271 844 3325 ab
878 3273 986 3328 illis
1015 3280 1069 3327 et
1097 3272 1434 3328 eucharistia
1473 3289 1582 3328 non
1615 3290 1774 3330 secus
1799 3291 1864 3330 ac
1893 3277 1991 3331 ba-

415 3361 648 3429 ptismus
681 3363 948 3418 ambabus
999 3364 1146 3419 ulnis
1191 3365 1541 3435 suscipienda
1590 3376 1742 3435 erat;
1793 3369 1994 3438 quippe

413 3466 520 3521 qua
553 3451 834 3508 Christum
889 3455 1112 3522 nullibi,
1160 3456 1266 3511 nisi
1313 3457 1365 3510 in
1419 3457 1623 3529 ﬁgura,
1673 3474 1780 3514 non
1815 3460 1994 3531 reipsa

412 3544 690 3599 exstitisse
715 3545 1124 3601 concluderent.
1163 3547 1299 3602 Cum
1333 3564 1465 3619 ergo
1496 3549 1565 3604 ab
1598 3551 1688 3605 illa
1720 3551 1998 3608 abstinue-

414 3636 545 3699 rint,
576 3637 631 3690 in
665 3636 856 3690 eadem
885 3637 1000 3706 ipsa
1029 3653 1217 3691 verum
1252 3654 1453 3708 corpus
1483 3638 1688 3694 Christi
1723 3657 1844 3696 esse
1873 3658 1995 3712 per-

413 3746 636 3785 suasum
674 3730 968 3784 habebant.

479 3820 714 3889 Objiciet
749 3820 934 3874 forsan
968 3821 1167 3891 aliquis
1200 3823 1617 3892 eucharistiam,
1653 3826 1754 3881 etsi
1787 3828 1988 3882 nudam

411 3915 658 3982 corporis
705 3913 909 3968 Christi
963 3915 1218 3984 ﬁguram,
1262 3917 1382 3971 ideo
1415 3925 1596 3971 tamen
1637 3918 1707 3972 ab
1737 3919 1816 3974 eis
1849 3921 1990 3992 reje-

484 4058 597 4126 (55)
624 4057 794 4137 Epist.
823 4059 891 4137 ad
910 4056 1131 4137 _Tral_l.,
1165 4076 1214 4114 c.
1259 4061 1365 4137 lO._
1395 4061 1451 4137 l_n
1503 4063 1664 4137 epist.
1700 4064 1767 4137 ad
1798 4063 1987 4137 Smyr-

413 4144 560 4183 naeos
589 4130 785 4198 repetit
821 4128 879 4182 S.
910 4129 1175 4199 lgnatius,
1223 4132 1368 4201 quod
1395 4128 1552 4187 Iesus
1591 4133 1834 4189 Christus
1875 4128 1990 4190 v'ere

407 4215 597 4277 passus
626 4212 734 4277 est,
766 4202 903 4277 sicut
928 4209 994 4277 et
1027 4201 1272 4277 seipsum
1295 4204 1601 4277 suscitavit,
1644 4205 1736 4277 καὶ
1773 4206 1990 4277 ᾁληθῶς

407 4270 630 4345 ἔπᾳθςν,
666 4271 751 4345 ᾡς
788 4272 879 4326 καὶ
915 4269 1132 4345 ἀληθῶς
1182 4273 1476 4342 ἀνέστησεν
1537 4275 1743 4328 ἑαυτόν.
1769 4269 1902 4345 Cap.
1937 4269 1990 4340 Ξ,

410 4351 465 4394 ιιι
489 4339 632 4395 infra
666 4342 830 4395 habet
858 4360 869 4394 :
894 4360 911 4389 ι
937 4339 1052 4412 Ego
1074 4355 1128 4395 et
1153 4352 1275 4412 post
1302 4339 1762 4400 resurrectionem
1785 4339 1908 4401 eu'm
1945 4348 1998 4400 in

409 4427 596 4486 carne_
616 4413 776 4478 novi,
822 4423 877 4466 et
912 4411 1075 4486 credo
1113 4411 1257 4486 esse.
1293 4412 1360 4486 Et
1396 4415 1618 4486 quando
1663 4415 1728 4469 ad
1757 4432 1871 4482 eos,
1905 4418 1997 4486 qui

410 4499 535 4534 cum
564 4481 724 4554 Petro
755 4492 933 4545 erant,
960 4485 1145 4554 venit,
1183 4483 1364 4552 inquit
1408 4481 1542 4553 ipsis
1571 4503 1582 4538 :
1617 4481 1992 4554 Appreheudi-
2031 4486 2072 4539 D

411 4564 486 4615 te,
522 4553 733 4621 palpate
759 4569 865 4616 me,
892 4564 945 4607 et
968 4552 1167 4624 videte,
1195 4555 1340 4624 quod
1374 4552 1478 4608 non
1511 4571 1631 4609 sum
1659 4552 1988 4610 daemonium

410 4623 756 4697 incorporale
785 4643 797 4677 :
831 4633 884 4678 ct
916 4623 1202 4697 confestim
1237 4625 1414 4697 ipsum
1449 4627 1741 4697 tetigerunt
1763 4667 1788 4697 ,_
1828 4636 1993 4697 atque

410 4693 766 4766 crediderunt
793 4694 1030 4748 convicti
1060 4709 1222 4748 carne
1249 4695 1421 4762 ipsius
1445 4705 1498 4749 et
1523 4696 1736 4764 spiritu.
1764 4693 1993 4766 Propter

412 4765 517 4816 hoc
554 4764 718 4818 etiam
747 4773 980 4818 mortem
1017 4773 1509 4833 contempserunt;
1561 4781 1727 4832 supra
1761 4764 1988 4822 mortem

411 4849 540 4886 vero
565 4835 769 4888 inventi
799 4843 947 4888 sunt.
985 4833 1115 4888 Post
1152 4838 1610 4890 resurrectionem
1657 4846 1837 4890 autem
1865 4854 1988 4892 cum

409 4904 518 4958 illis
551 4905 809 4978 comedit,
851 4914 906 4978 et
947 4905 1104 4978 bibit,
1156 4907 1533 4978 utcarnalis,
1581 4906 1660 4970 ὡς
1707 4909 1992 4978 σαρκικός,

407 4976 663 5046 quamvis
731 4975 1089 5046 spiritualiter
1159 4976 1346 5030 unitus
1396 4977 1573 5046 Patri.
1621 4998 1638 5028 ι
1706 4975 1875 5046 Epist.
1925 4982 1992 5032 ad

411 5043 656 5117 Smyrn.,
687 5061 734 5099 c.
762 5043 826 5100 ’3.
865 5043 982 5099 Non
1023 5047 1334 5100 mirandum
1386 5045 1443 5099 S.
1481 5043 1992 5117 lgnatiumtamve-

410 5116 696 5184 hementer
717 5118 1082 5184 dept'wdicare
1115 5117 1394 5170 veritatem
1428 5116 1846 5185 liicarttationis,
1865 5135 1992 5173 cum

407 5201 563 5240 error
605 5188 893 5256 oppositus
916 5188 1073 5241 valde
1100 5187 1399 5242 obtinuerit
1449 5189 1784 5257 temporibus
1827 5190 1991 5244 etiam

407 5258 804 5326 apostolorum,
831 5259 998 5311 sicuti
1028 5273 1286 5324 expresse
1342 5267 1612 5312 testantur
1645 5259 1872 5313 Tertull.
1895 5260 1988 5313 lib.

411 5325 486 5398 De
510 5329 837 5397 prtescript.,
866 5344 915 5381 c.
943 5329 1033 5392 55,
1064 5344 1127 5382 ac
1149 5328 1212 5382 Ι).
1245 5326 1467 5383 Hieron.
1500 5331 1749 5383 adversus
1779 5329 1995 5398 Lucife-

412 5397 611 5469 rianos,
646 5413 696 5452 c.
729 5403 798 5462 ὅ,
835 5414 1049 5469 necnon
1099 5399 1310 5452 eruitur
1358 5415 1386 5453 a
1433 5402 1608 5469 prima
1659 5400 1720 5452 D.
1765 5397 1994 5454 Joannis

413 5467 672 5534 Epistula,
690 5485 738 5524 c.
762 5486 798 5523 ι.
834 5468 1069 5523 llaeresis
1107 5471 1220 5524 hate
1265 5467 1575 5524 communis
1597 5480 1716 5525 erat
1739 5471 1994 5524 omnibus

413 5537 712 5605 Cnosticis,
767 5541 910 5593 sicut
952 5540 1339 5593 animadvertit
1370 5541 1706 5604 Tillemont.,
1741 5551 1781 5594 t.
1805 5541 1823 5593 1
1847 5539 1990 5596 Hist.

409 5609 620 5674 ποίει,
654 5620 773 5676 post
802 5610 1139 5664 Pearsouum
1173 5621 1225 5663 et
1256 5611 1490 5665 Bullum.

483 5679 992 5752 (ὕωνΕὐχαριστίας
1043 5682 1136 5734 καὶ
1182 5683 1490 5752 προσευχῆς
1533 5681 1855 5752 ἀπέχον-ραι,
1907 5681 2005 5735 διὰ.

413 5749 471 5800 τέ)
505 5748 584 5820 μὴ
606 5748 886 5818 ὁμολογεῖν
940 5755 1037 5819 τὴν
1091 5748 1456 5822 εὐχαριστίοὶλί
1499 5748 1674 5823 σάρκᾶ
1721 5749 1852 5805 εἶναι
1901 5753 1998 5806 τοῦ.

2104 3270 2222 3325 tur?
2255 3269 2380 3324 Hzec
2413 3285 2545 3324 sane
2595 3285 2731 3323 vana
2771 3284 2935 3339 quam
2983 3271 3092 3325 sint
3141 3281 3197 3326 et
3246 3273 3455 3342 futilia,
3513 3291 3681 3334 nemo

2099 3380 2206 3418 non
2233 3365 2395 3420 videt.

2167 3459 2579 3516 Observandum
2601 3473 2842 3529 quoque,
2867 3459 3128 3515 diaconos
3170 3461 3312 3516 inter
3341 3475 3532 3517 saeros
3550 3463 3684 3518 ado-

2098 3554 2256 3608 randi
2282 3551 2631 3608 eucharistia:
2680 3551 3012 3606 sacramenti
3051 3553 3336 3607 ministros
3362 3553 3432 3606 ab
3466 3553 3684 3624 lgnatio

2098 3644 2438 3714 computari:
2471 3651 2688 3713 oportet
2715 3653 2770 3698 et
2803 3644 3068 3698 diaconos
3105 3643 3385 3698 ministros
3405 3647 3685 3701 exsisten-

2096 3752 2178 3790 tes
2195 3734 2579 3806 mysteriorum
2610 3732 2739 3788 Jesu
2769 3733 3042 3790 Christi...
3080 3732 3198 3787 Non
3223 3735 3368 3788 enim
3397 3734 3681 3802 ciborum,

2096 3839 2150 3884 ct
2186 3837 2414 3898 potuum
2446 3834 2574 3880 sunt
2608 3826 2844 3880 ministri
2879 3825 3015 3895 (60).
3063 3823 3205 3881 Hinc
3235 3826 3402 3880 etiam
3439 3824 3500 3882 S.
3551 3827 3682 3882 Ste-

2097 3924 2312 3992 phanus
2346 3935 2489 3975 unus
2531 3935 2597 3974 ex
2642 3930 2847 3989 septem
2888 3919 3082 3989 primis
3131 3916 3389 3973 Ecclesiae
3419 3919 3683 3975 diaconis

2088 4065 2340 4144 Σωῖῆρος
2363 4062 2540 4144 *ἡμῶν
2585 4061 3048 4144 Ίῃσοῦηὶὶρισιτοῦ3
3083 4062 3179 4131 τὴν
3386 4059 3685 4144 εξμαξτιῶν

2096 4130 2688 4208 ἡμῶσπφιθόῦσριννῆν
2720 4135 2792 4202 τῇ
2839 4130 3173 4208 χρηστότητι
3211 4132 3240 4208 ᾧ
3283 4130 3472 4202 Πατὴρ
3515 4130 3683 4208 ira:

2098 4201 2210 4278 ῥέν.
2237 4225 2255 4256 ‹
2280 4201 2715 4278 AbAeucharistia
2744 4201 2797 4278 et
2825 4201 3069 4278 oratione
3099 4201 3406 4266 abstinent,
3435 4201 3506 4278 eo
3524 4201 3684 4270 quod

2100 4271 2208 4338 ilo“
2244 4274 2605 4331 ουιιιῖιείιιιῑιιι·
2647 4272 3033 4326 eucharistiam
3062 4287 3284 4325 carnent
3325 4287 3446 4326 esse
3473 4271 3685 4327 Serva-

2099 4349 2234 4402 toris
2267 4345 2440 4400 nostri
2463 4343 2590 4398 Jesu
2619 4342 2847 4407 Christi,
2877 4357 3001 4411 quae
3044 4357 3142 4412 pro
3180 4342 3418 4409 peccatis
3465 4345 3684 4398 nostris

2141 4433 2265 4473 assa
2300 4425 2402 4478 est,
2431 4430 2594 4483 quam
2624 4413 2785 4468 Pater
2808 4429 2906 4483 sua
2937 4412 3269 4482 benignitate
3299 4412 3612 4483 suscitavit.
3656 4433 3676 4466 ι

2148 4489 2272 4558 pist.
2307 4487 2374 4558 ad
2412 4481 2653 4555 Sinyrn.,
2683 4499 2730 4538 c.
2766 4481 3167 4558 7._Verba_b:ec
3198 4482 3684 4558 cer_tum__re_dd_unt

2099 4552 2475 4613 testimonium
2501 4552 2568 4610 de
2591 4554 2877 4624 praesentia
2907 4555 3042 4608 reali
3079 4553 3326 4624 corporis
3372 4552 3581 4607 Christi
3621 4555 3679 4608 in

2100 4627 2451 4684 sanctissimo
2482 4622 2669 4680 altaris
2695 4634 3057 4695 sacramento,
3094 4622 3160 4677 Et
3177 4638 3368 4695 revera
3397 4624 3530 4695 quid
3552 4624 3682 4678 cla-

2099 4701 2236 4765 rius,
2267 4697 2399 4766 quid
2430 4697 2636 4750 certius
2664 4695 2770 4748 dici
2812 4703 2988 4763 potest
3032 4693 3130 4766 pro
3176 4693 3533 4766 hac_verit_ate
3563 4711 3678 4748 no-

2099 4763 2230 4823 stris
2262 4763 2414 4822 bisce
2451 4766 2644 4820 diebus
2691 4766 2747 4818 in
2781 4764 3152 4818 controversia
3183 4763 3390 4832 posita,
3437 4764 3508 4817 iis
3546 4781 3679 4832 quae

2097 4841 2254 4892 docet
2277 4836 2334 4891 S.
2362 4835 2634 4906 lgnatius,
2663 4835 2912 4906 videlicet
2946 4834 3338 4906 eucharistiam
3373 4847 3500 4888 esse
3542 4851 3676 4906 car-

2098 4925 2222 4963 nem
2259 4902 2566 4962 Servatoris
2594 4905 2767 4958 nostri
2805 4902 2933 4958 Jesu
2967 4904 3206 4970 Christi;
3232 4904 3378 4957 illam
3418 4905 3676 4959 eamdem

2097 4993 2338 5043 carnem,
2369 4992 2490 5046 quae
2510 4991 2606 5044 pro
2635 4976 2871 5041 peccatis
2894 4975 3095 5046 nostris
3117 4989 3274 5042 passa
3297 4983 3403 5046 est,
3423 4984 3478 5027 et
3499 4991 3676 5043 quam

2098 5049 2257 5102 Pater
2285 5043 2470 5117 posiea
2510 5043 2839 5100 suscitavit?
2881 5043 3164 5109 Quomodo
3185 5044 3492 5117 consociari
3536 5062 3677 5114 pos-

2099 5131 2228 5174 sunt
2255 5116 2575 5188 h’ujusmodi
2598 5117 2980 5188 phrasescum
3029 5130 3195 5170 sensu
3237 5116 3469 5188 ﬁgurato
3497 5132 3678 5188 nova-

2099 5185 2516 5243 torum?'Nunc
2565 5187 2732 5256 igitur
2773 5185 3002 5239 miretur
3042 5201 3234 5251 nemo,
3265 5186 3341 5256 si_
3358 5186 3456 5239 bos
3485 5187 3677 5240 videat

2099 5270 2418 5328 respuenles
2472 5254 2850 5312 auctoritatem
2902 5254 3368 5328 epistularumS.
3429 5257 3676 5325 lgnatii,

2098 5326 2332 5399 quarum
2380 5327 2630 5382 doctrina
2663 5342 2854 5382 eorum
2889 5326 3152 5380 doctrina:
3189 5341 3222 5379 e
3262 5326 3533 5381 diametro
3586 5338 3676 5382 est

2099 5401 2367 5470 opposita.

2169 5465 2285 5538 (57)
2315 5468 2707 5533 Tertullianus,
2727 5466 2823 5521 lib.
2854 5481 2903 5522 tv
2928 5478 3114 5520 contra
3141 5465 3489 5533 Marcionem,
3509 5470 3669 5522 «ιω,

2169 5541 2281 5608 (58)
2313 5538 2537 5603 Jcretn.,
2564 5555 2685 5608 cap.
2719 5553 2793 5601 xt,
2908 5537 2996 5608 i9.

2169 5609 2580 5733 (59)%lé§spons.
2613 5610 2678 5662 ad
2713 5615 2868 5663 tract.
2895 5607 2972 5660 De
2995 5609 3296 5676 perpetuit.,
3327 5616 3479 5676 parte
3505 5623 3583 5675 ιι,
3617 5624 3666 5663 c.

2172 5723 2186 5733 .
2210 5697 2262 5733 ι).
2397 5719 2409 5731 .

2097 5682 2186 5746 21,
2210 5697 2262 5746 p.
2286 5681 2409 5734 ‘269.

2173 5697 2432 5823 ($13,203::
2468 5749 2523 5802 δὲ
2588 5751 2680 5804 καὶ
2715 5751 2835 5814 τοὺς
2863 5749 3139 5812 διακόνους
3173 5749 3329 5810 ὄντας
3364 5749 3666 5820 μυστηρίου
