3852 6210
425 347 525 401 598

1458 338 1516 393 S.
1559 333 1914 394 lGNA'l'lUS.
1953 363 2023 372 —
2061 323 2578 386 PBOLEGOMENA.

3575 311 3669 368 600

417 468 531 531 dat,
564 463 724 520 iidem
776 479 840 520 ac
885 462 1204 519 charitatem
1253 442 1419 532 (71);⁹
1445 459 1714 515 orationis
1758 455 1999 526 publica
2027 459 2073 513 Α
2100 449 2294 504 Nullus
2341 447 2500 502 tidem
2541 437 2926 532 repromittens
2971 443 3180 506 peccat,
3217 446 3395 532 neque
3437 430 3674 532 chain-ita-

417 567 702 616 enumerat
730 556 992 614 utilitates
1020 555 1158 627 (72).
1192 573 1210 607 ι
1247 552 1422 608 Nemo
1447 561 1614 618 erret,
1639 552 1715 606 ait
1751 549 1813 605 S.
1835 546 1996 619 lgna-

417 655 548 710 tius.
591 652 694 706 nisi
721 650 847 722 quis
893 649 1034 704 intra
1074 647 1244 703 altare
1279 645 1624 716 sit,privatur
1661 657 1803 714 pane
1846 641 1942 698 Dei
1978 658 1992 696 :

416 747 464 802 si
506 744 654 800 enim
700 743 864 798 unius
899 750 1064 810 atque
1105 737 1330 794 alterius
1356 736 1600 808 precatio
1641 743 1822 791 tantas
1852 733 1996 788 vires

416 837 600 902 habet,
627 845 836 906 quanto
863 832 1038 902 magis
1085 830 1198 898 illa,
1228 844 1352 901 qua
1388 827 1631 899 episcopi
1659 835 1762 892 est,
1795 826 1880 881 vel
1913 833 1998 880 to-

418 929 524 982 tius
553 924 832 982 Ecclesia.
873 921 979 988 Qui
1019 921 1184 992 igitur
1220 918 1276 974 in
1320 930 1652 974 conventum
1690 931 1798 972 non
1825 916 1994 980 venit,

417 1020 634 1090 hicjam
667 1016 925 1088 superbia
963 1014 1142 1070 elatus
1182 1020 1286 1080 est,
1331 1019 1386 1066 et
1412 1012 1653 1081 seipsum
1701 1007 1994 1079 separavit.

417 1113 547 1166 Date
582 1111 766 1178 itaque
795 1124 1041 1177 operam,
1076 1125 1096 1160 ι
1129 1107 1206 1162 ait
1238 1106 1461 1173 insuper
1484 1101 1551 1156 ad
1571 1099 1792 1157 eosdem
1821 1097 1998 1169 Ephe-

413 1204 548 1269 sios,
601 1219 620 1252 ι
655 1210 711 1254 ut
743 1199 976 1254 crebrius
1037 1195 1473 1269 curigregemini,
1531 1193 1599 1248 ad
1642 1190 1848 1263 gratias
1884 1187 1998 1245 Deo

413 1294 677 1365 agendas,
711 1291 966 1360 illiusque
1005 1288 1234 1360 gloriam
1279 1302 1294 1340 :
1331 1283 1551 1356 quando
1607 1282 1752 1338 enim
1798 1278 1998 1349 sapius

415 1386 469 1440 in
500 1383 641 1442 idem
665 1383 772 1438 loci
799 1381 1128 1446 convenitis,
1159 1376 1557 1433 labefactautur
1583 1375 1730 1430 vires
1757 1372 1995 1436 Satana,

414 1485 468 1530 et
491 1475 786 1531 concordia
815 1481 1014 1529 vestra
1043 1470 1168 1525 fidei
1190 1469 1422 1525 solvitur
1445 1466 1696 1530 exitium,
1726 1464 1874 1535 quod
1908 1463 2001 1519 ille

416 1562 598 1619 infert.
650 1582 670 1616 ι
725 1561 786 1617 Si
828 1561 1168 1634 gravissima
1211 1559 1524 1630 huiusmodi
1571 1558 1831 1612 veritates
1873 1569 2001 1628 pro-

415 1654 585 1710 funde
614 1655 670 1709 in
716 1653 992 1708 mentibus
1036 1651 1278 1707 ﬁdelium
1321 1661 1524 1707 nostra
1563 1649 1740 1706 atatis
1789 1648 2000 1704 inscul—

414 1756 521 1817 pta
548 1754 754 1811 essent,
797 1745 1119 1816 neutiquam
1167 1745 1487 1800 innumeros
1528 1742 1996 1812 conspiceremus,

415 1838 510 1908 qui
538 1837 746 1908 absque
774 1837 1014 1906 legitima
1036 1851 1204 1892 causa
1227 1845 1281 1891 et
1301 1843 1492 1891 contra
1523 1849 1715 1889 verum
1743 1832 2001 1889 Ecclesia

417 1929 693 1998 spiritum.
747 1939 1102 1985 sacrosancto
1152 1929 1334 1984 missa
1377 1927 1668 1992 sacrificio,
1712 1935 1767 1982 et
1796 1925 2000 1982 divinis

417 2019 652 2089 prepria
673 2019 929 2088 paracia
961 2017 1172 2086 ciliciis,
1211 2034 1275 2074 ac
1309 2018 1356 2074 si
1388 2032 1575 2072 revera
1604 2017 1876 2071 immunes
1909 2030 2000 2072 es-

418 2120 560 2172 sent.
592 2126 718 2169 raro
745 2120 841 2166 aut
867 2127 1148 2182 nunquam
1169 2111 1398 2168 omnino
1419 2111 1708 2166 intersunt.
1730 2108 1787 2163 Si
1817 2117 2001 2165 autem

418 2203 675 2258 maxima
707 2202 990 2268 utilitates,
1051 2218 1174 2274 qua
1223 2202 1476 2258 fidelibus
1511 2200 1812 2257 obveniunt
1844 2198 2004 2255 Chrio

419 2295 614 2351 stianis
659 2296 809 2351 hisce
846 2310 878 2350 a
905 2296 1286 2362 conventibus,
1316 2309 1412 2350 eos
1451 2308 1561 2348 non
1599 2300 1854 2364 tangunt,
1885 2305 2003 2346 mo-

419 2402 548 2444 vere
584 2387 774 2444 saltem
819 2387 1082 2444 deberent
1107 2387 1378 2458 pericula,
1405 2385 1603 2457 quibus
1629 2391 1998 2455 exponuntur,

419 2479 550 2534 dum
582 2478 795 2548 seipsos
816 2477 885 2532 ab
913 2477 1022 2532 illis
1043 2484 1353 2548 segregant.

488 2595 784 2666 Complura
825 2593 1061 2664 denique
1098 2598 1403 2646 memoratu
1433 2585 1753 2661 dignissima
1779 2585 1845 2640 de
1874 2585 2000 2651 (ide,

420 2687 708 2753 charitate,
741 2702 806 2742 ac
846 2687 1044 2741 timore
1077 2684 1243 2738 tradit
1278 2681 1336 2737 S.
1381 2691 1617 2753 martyr:
1641 2680 1709 2734 de
1749 2678 1853 2733 fide
1881 2676 2004 2747 qui-

421 2782 567 2848 dem,
608 2790 773 2851 atque
809 2779 1080 2836 charitate
1122 2778 1198 2832 ita
1239 2776 1483 2846 loquitur
1525 2793 1540 2829 :
1599 2793 1619 2826 ‹
1666 2771 2002 2841 Principium

421 2871 642 2941 quidem
675 2868 844 2941 (vita)
898 2868 1053 2934 fides,
1105 2866 1232 2921 finis
1266 2880 1398 2920 vero
1427 2864 1672 2920 charitas
1698 2860 1751 2932 (ι
1785 2861 1923 2916 Tim.
1959 2877 2000 2926 ι,

423 2963 503 3034 5).
540 2982 560 3017 υ
588 2975 613 3016 ι
647 2961 774 3018 Hac
805 2970 987 3017 autem
1013 2959 1120 3015 duo
1147 2959 1204 3012 in
1233 2971 1402 3012 unum
1433 2954 1688 3012 coeuntia
1716 2951 1810 3007 Dei
1833 2959 2000 3008 sunt:

423 3056 611 3111 omnia
660 3070 792 3110 vero
835 3053 941 3108 alia
977 3051 1046 3108 ad
1095 3049 1426 3122 probitatem
1461 3053 1822 3104 comectanea
1854 3051 2001 3100 sunt.

424 3225 554 3278 dum
607 3220 923 3284 Dominum,
974 3229 1028 3273 et
1070 3231 1181 3274 non
1225 3217 1528 3272 secundum
1573 3211 1947 3284 cupiditatem.
1981 3227 2001 3264 ι

425 3293 650 3374 Ibidem.
678 3291 758 3346 En
790 3279 1020 3372 requirit
1042 3288 1122 3371 .S.
1150 3287 1364 3374 ‘dOcto-r.
1398 3279 1745 3374 senteptiarn,
1787 3296 1887 3362 seu
1914 3279 2010 3334 be-

426 3362 790 3420 nedictionem
813 3349 1078 3484 episcopi,
1110 3367 1170 3412 ut
1214 3357 1417 3428 nuptia
1442 3352 1729 3410 conferant
1753 3349 2006 3417 gratiam.

500 3432 611 3501 (7l)
651 3429 838 3500 Episto
863 3447 892 3484 a
925 3429 990 3483 ad
1033 3427 1261 3501 Ephes.,
1304 3442 1426 3501 cap.
1457 3425 1490 3480 8
1523 3438 1579 3481 et
1617 3424 1704 3478 14.
1737 3421 1873 3478 Vide
1910 3435 2009 3475 no-

500 3432 611 3504 (7l)
651 3432 892 3500 Epistola
925 3432 990 3483 ad
1036 3432 1261 3499 Ephes.,
1304 3442 1426 3495 cap.
1457 3432 1490 3480 8
1523 3438 1579 3481 et
1617 3432 1704 3478 M.

430 3512 603 3560 stram
635 3501 897 3572 Analysiu
922 3499 1155 3554 laudata
1179 3497 1444 3568 epistula.

501 3573 616 3641 (72)
657 3570 829 3641 Epist.
865 3572 932 3625 ad
956 3569 1180 3641 Ephes.,
1217 3565 1590 3641 cap._6et_l:’_)_.
1623 3635 1633 3641 _

528 3577 616 3640 72)
657 3577 829 3641 Epist.
865 3577 932 3625 ad
956 3577 999 3623 Ε
1041 3577 1180 3634 hes.,
1217 3583 1340 3638 cap.
1375 3577 1480 3620 tiet
1503 3577 1590 3620 13.

376 3616 388 3665 ⁸
501 3577 615 3712 ξπ)
657 3640 960 3711 Adﬁphes.
988 3585 1110 3708 ἕρη
1147 3654 1268 3708 cap.
1297 3638 1363 3693 14
1387 3645 1441 3693 et
1462 3635 1698 3700 8,dicit:

529 3585 616 3640 '12)
657 3585 829 3641 ιμιει.
865 3585 932 3625 an
956 3585 999 3623 ι
1041 3585 1180 3634 nes.,
1217 3585 1340 3638 cap.
1375 3585 1480 3620 oet
1503 3585 1590 3620 ιο.

501 3585 615 3713 ἱἹό)
657 3640 960 3711 Adﬁphes.
988 3585 1110 3708 ἕρη
1147 3654 1268 3708 cap.
1297 3638 1363 3693 14
1387 3645 1441 3693 et
1462 3635 1664 3700 8,dicit
1687 3631 2014 3690 :«Carnales

434 3712 738 3794 spiritualia
766 3726 1035 3794 exercere
1070 3716 1377 3794 "nequeunt
1392 3749 1438 3794 ,ε
1464 3703 2008 3794 nequis-"spiritum?

433 3774 696 3864 carnalia,
730 3783 880 3864 sicut
923 3795 1024 3835 nec
1067 3774 1237 3864 fides.
1269 3793 1390 3847 qua
1427 3774 1824 3831 incredulitatis
1855 3779 2008 3864 spnt,

406 3869 536 3909 .nec
559 3843 932 3934 incredulitas,
957 3865 1080 3920 qua
1117 3849 1240 3930 fidei
1265 3843 1440 3934 {qua
1471 3854 1677 3928 veroet
1705 3843 2006 3934 secundum

436 3939 656 3977 carnem
711 3913 1002 3990 agitis,'ea
1064 3913 1369 3989 spiritualia
1409 3926 1559 3987 sunt,
1600 3917 1657 3973 in
1698 3913 1828 3972 Iesu
1859 3913 2006 3970 enim

436 3993 652 4060 Christo
679 3992 862 4047 omnia
884 3991 1065 4060 agitis.
1112 4009 1131 4042 ι
1370 4059 1378 4060 7

501 4059 623 4130 στι)
655 4061 830 4134 Epist.
853 4059 1170 4132 ad’Ephesq
1213 4075 1333 4132 cap.
1356 4059 1410 4117 9.
1438 4062 1447 4070 '

2106 552 2212 598 tem
2247 537 2536 612 possidens
2573 533 2709 590 odit.
2747 527 3031 586 Manifesta
3061 535 3146 584 est
3185 525 3349 582 arbor
3383 537 3459 578 ex
3496 520 3674 576 fructu

2106 633 2282 704 ipsius
2329 649 2344 684 :
2405 627 2662 684 similiter
2707 623 2805 694 qui
2864 623 3191 694 profitentur
3233 631 3297 673 se
3331 613 3679 672 Christianos

2101 741 2244 788 esse,
2269 723 2449 788 exiis,
2474 735 2597 790 qua
2627 716 2851 782 facient,
2877 721 3188 770 cernentur.
3215 707 3334 765 Non
3360 708 3509 763 enim
3534 719 3681 762 nunc

2101 813 2556 886 repromissionis
2583 825 2744 881 opus,
2778 807 2872 863 sed
2894 821 2990 877 per
3015 804 3274 859 virtutem
3302 799 3450 866 fidei,
3475 798 3526 854 si
3556 798 3682 868 quis

2102 906 2416 962 inveniatur
2460 917 2636 974 usque
2673 901 2743 957 ad
2785 901 2947 954 linem
2980 895 3116 968 (75).
3170 914 3192 946 ο
3237 892 3313 948 De
3352 892 3556 947 timore
3591 905 3680 945 se-

2101 1001 2325 1074 quentia
2363 998 2528 1054 habet
2555 995 2996 1057 :cllevereamur,
3015 998 3072 1045 et
3091 989 3380 1045 timeamus
3424 984 3524 1040 Dei
3563 983 3684 1038 lun-

2103 1073 2498 1168 ganimitatem,
2527 1105 2598 1145 ne
2627 1089 2684 1142 in
2711 1085 2979 1158 judicium
3003 1081 3163 1138 nobis
3183 1079 3358 1134 cedat.
3389 1077 3500 1130 Aut
3533 1073 3681 1128 enim

2102 1165 2345 1240 futuram
2401 1182 2695 1236 timeamus
2742 1177 2905 1241 iram,
2960 1179 3055 1228 aut
3089 1179 3409 1242 praeeuntem
3447 1165 3683 1237 gratiam

2101 1277 2413 1349 diligamus,
2443 1287 2615 1330 unum
2642 1287 2712 1327 ex
2745 1268 2982 1332 duobus,
3009 1264 3171 1320 modo
3207 1266 3264 1318 in
3298 1260 3524 1318 Christo
3553 1256 3682 1312 Iesu

2102 1369 2446 1425 inveniamur
2472 1367 2540 1422 ad
2563 1378 2750 1421 veram
2779 1362 2946 1417 vitam
2976 1355 3260 1414 vivendam
3281 1352 3396 1426 (τι)
3416 1369 3439 1404 a

2633 1516 3030 1582 ARTICULUS
3063 1515 3150 1574 ill.

2451 1647 2879 1691 οιθειυτιοπι
2911 1640 3331 1686 υιεοιηιιιιιες.

2177 1751 2380 1808 Prater
2435 1750 2552 1822 jam
2598 1747 2705 1803 alia
2762 1745 2904 1800 inter
2953 1739 3290 1813 dogmaticas
3333 1733 3687 1790 animadver-

2105 1842 2289 1898 siones
2311 1838 2660 1899 occurrentia
2686 1835 2988 1906 disciplina
3014 1840 3238 1904 puncta,
3279 1826 3411 1882 illud
3434 1825 3604 1881 etiam
3627 1822 3688 1876 in

2105 1934 2164 1990 S.
2192 1933 2382 2004 lgnatii
2405 1929 2656 2003 epistolis
2678 1925 3047 1984 adnotandum
3079 1931 3181 1990 est,
3213 1935 3339 1977 cum
3361 1917 3688 1988 episcopum

2103 2027 2396 2098 quemdam
2452 2025 2522 2080 ab
2563 2022 2796 2080 ecclesia
2855 2034 2954 2076 sua
3001 2019 3118 2073 sine
3160 2015 3270 2070 ulla
3323 2013 3534 2068 reditus
3589 2023 3692 2078 spe

2103 2120 2298 2176 abesse
2351 2116 2710 2186 contingeret,
2752 2113 2874 2184 ejus
2902 2119 3087 2166 tamen
3129 2105 3494 2162 ministerium
3524 2118 3591 2158 ea
3618 2103 3691 2158 de

2103 2227 2272 2268 causa
2309 2211 2376 2265 ad
2414 2209 2688 2264 seniorem
2723 2205 2838 2276 (75)
2872 2219 2905 2259 e
2931 2199 3262 2275 presbyteris
3290 2197 3532 2254 delatum
3573 2211 3688 2250 non

2104 2300 2296 2369 fuisse,
2320 2309 2484 2370 atque
2501 2313 2646 2368 sape
2661 2295 2937 2367 iuniorem
2955 2291 3336 2364 presbyterum
3361 2286 3472 2358 (76)
3501 2285 3691 2341 senio—

2104 2395 2260 2452 ribus
2300 2392 2630 2465 posthabitis
2675 2391 2745 2446 ad
2776 2388 3151 2461 episcopatum
3199 2389 3446 2438 evectum
3487 2377 3687 2436 fuisse.

2178 2485 2549 2543 Observamus
2580 2490 2860 2552 postremo
2895 2474 3234 2532 Dominieam
3275 2480 3407 2526 tunc
3453 2467 3688 2523 Sabbati

2103 2584 2226 2640 loco
2271 2580 2326 2634 in
2356 2577 2484 2634 Iesu
2513 2573 2722 2631 Christi
2751 2567 3169 2627 resurrectionis
3214 2563 3538 2620 memoriam
3579 2562 3689 2617 coli

2104 2675 2322 2732 solitam
2351 2684 2496 2726 esse.
2521 2666 2703 2737 inquit
2723 2665 2870 2722 enim
2898 2661 2955 2717 S.
2991 2659 3234 2731 lgnat’ms
3257 2657 3312 2712 in
3351 2653 3585 2725 epistola
3619 2654 3689 2708 ad

2107 2764 2490 2840 Magnesianos
2533 2760 2646 2832 (77)
2683 2777 2696 2812 :
2737 2777 2756 2812 ι
2786 2757 2868 2812 Ad
2913 2755 3208 2811 novitatem
3247 2750 3371 2805 vita:
3415 2757 3692 2802 venerunt

2107 2854 2430 2937 (propheta)
2482 2867 2594 2908 non
2638 2851 2874 2921 amplius
2919 2847 3226 2903 Sabbatum
3282 2839 3692 2904 colentes,~sed

2102 2952 2262 3023 juxta
2290 2946 2629 3005 Dominicam
2674 2945 2938 3007 viventes,
2979 2940 3034 2994 in
3090 2952 3198 3009 qua
3245 2944 3300 2990 et
3335 2937 3450 2988 vita
3499 2939 3693 2986 nostra

2105 3051 2298 3100 exorta
2321 3049 2406 3097 est
2433 3053 2529 3110 per
2551 3035 2738 3093 Iesum
2763 3033 3045 3090 Christum
3072 3037 3128 3086 et
3161 3037 3395 3083 mortem
3430 3023 3630 3094 ipsius.
3667 3041 3689 3074 ι

2145 3275 2157 3286 ,
2185 3204 2300 3275 (⁷⁵)
2345 3221 2365 3255 ⁴
2399 3200 2667 3286 "cruores
2691 3203 2868 3280 estote
2906 3195 2961 3248 in
2985 3190 3244 3262 precibus

2114 3257 2229 3340 sia,
2252 3257 2381 3345 qua
2399 3282 2486 3328 est
2512 3271 2567 3325 in
2608 3267 2766 3340 Syria
2805 3281 2930 3336 qua
2956 3257 3057 3333 pro
3086 3276 3174 3316 me
3214 3277 3234 3313 ‹
3271 3257 3381 3314 Deo
3409 3262 3638 3337 pastore
3665 3270 3690 3305 .-

2115 3347 2306 3403 utitur.
2335 3343 2498 3400 Solus
2532 3341 2705 3412 ipsam
2725 3336 2886 3396 Iesus
2901 3333 3160 3412 Christus
3189 3332 3306 3385 vice
3339 3339 3584 3396 episcopi
3607 3338 3698 3378 τε-

2116 3402 2304 3490 get,_et
2326 3423 2507 3490 ves_t_ra
2541 3402 2802 3490 charitas.
2835 3426 2854 3460 ι
2879 3405 2966 3490 ῥά
2995 3402 3333 3490 μξῳρηοξρ.
3353 3412 3440 3490 is:

2187 3462 2304 3557 2'76;
2339 3462 2712 3557 '(vagaéce‘zt
2739 3462 2848 3532 ιίοη
2879 3462 3205 3557 familiarius
3227 3462 3327 3557 3?:
3351 3462 3696 3557 δεξΨὲἒὲ

2115 3532 3055 3626 ωιὲιὶἐέιίίδόᾇῇἰξὲέᾁζὴβεςυιὰυω.
3078 3545 3333 3626 virtutem

2661 3603 2751 3677 illi
2792 3603 3188 3696 reverentiam;
3224 3603 3695 3696 quemadmpdum

2109 3675 2718 3752 niiii'sZn'cTJsYacéie
2752 3675 3136 3758 presbyteros;
3175 3675 3298 3736 non
3335 3675 3696 3758 respicientes

2108 3750 2175 3822 ad
2200 3750 2555 3838 apparentem
2575 3750 2874 3838 iuvenilem
2903 3750 3333 3838 ordinationem,
3349 3750 3533 3838 sedﬂut
3561 3759 3700 3838 pra:

2105 3815 2815 3893 dentes'invﬁeoﬁcedentes
2841 3827 2964 3900 ipsi,
3012 3840 3129 3900 non
3169 3822 3273 3894 ipsi
3314 3827 3497 3900 autem
3520 3857 3538 3882 ,
3595 3815 3696 3870 sed

2101 3886 2638 4036 .l’a-trige—su—Cliristi
2667 3886 2915 3958 omnium
2938 3886 3217 3970 episcopo".
3255 3910 3277 3946 ι
3304 3891 3389 3948 Ad
3416 3886 3698 3964 Magnum,

2109 3994 2229 4036 can.
2295 4015 2312 4032 .

2109 3995 2229 4035 CIIII.
2257 3995 2312 4035 ο.

2175 3994 2312 4121 ῗίιῧ
2339 4045 2417 4102 Ad
2445 4043 2715 4119 Magnes.,
2745 4055 2868 4114 cap.
2894 4039 2950 4096 9.
