3852 6210
138 301 239 357 ω.
828 300 928 356 'DE
958 299 1424 359 INTEGRITATE
1460 302 1743 381 TEXTU’S
1774 305 2068 363 RECEPTI
2110 306 2257 363 EPP.
2299 308 2359 363 S.
2400 305 2675 365 IGNATII.
3295 310 3401 367 σιω

1125 664 1277 754 DE
1348 665 1833 757 TEXTUS
1907 666 2413 758 RECEPTI

349 947 1352 1070 EPISTOLARUM
1433 954 1551 1069 S.
1643 954 2203 1075 lGNATIl
2282 951 3190 1072 ANTIOCHENI

1506 1228 1945 1295 INTEGRITA
1954 1229 2059 1293 TE

946 1464 1909 1617 DISQUISITIO
2022 1460 2665 1598 CRITICA

1251 1758 1504 1822 Iteratis
1532 1758 1707 1824 curis
1762 1757 1989 1822 Latine
2015 1757 2269 1823 reddita

1644 1968 1723 2012 ΔΟ
1733 1968 1939 2015 CTOBE

780 2149 1600 2265 HENRICO
1677 2150 2767 2266 DENZINGEB

568 2384 635 2438 IN
682 2385 1149 2439 UNIVERSITATE
1176 2388 1706 2441 WIRCEBURGENSI
1739 2389 2126 2443 THEOLOGIE
2164 2389 2553 2442 DOGIIATICE
2596 2384 3034 2443 PBOFESBORL

1723 2564 1795 2577 ’-

1061 2812 1521 2878 Controversia:
1552 2835 1743 2878 causa
1771 2828 1829 2882 et
1859 2824 2065 2878 status
2100 2813 2487 2895 quaestionis.

213 2936 480 3017 Duplex
506 2936 844 3020 hucusque
869 2940 1285 3021 epistolarum
1319 2946 1380 3008 S.
1415 2944 1670 3025 lgnatii,
1705 2941 1990 3025 episcopi
2021 2948 2083 3005 et
2109 2940 2410 3020 martyris
2452 2937 2867 3011 Antiocheni,
2907 2943 3117 3000 textus
3158 2935 3378 2999 aderat

121 3038 337 3113 Alter,
370 3056 567 3119 quem
599 3056 825 3105 omnes
860 3042 1141 3107 rationes
1176 3051 1248 3107 ut
1276 3045 1638 3125 genuinum
1669 3043 2222 3117 commendabant,
2258 3039 2504 3122 quique
2539 3038 2954 3119 antiquorum
2988 3034 3401 3116 scriptorum,

119 3140 491 3219 praesertim
528 3144 819 3217 Eusebii,
854 3144 1247 3207 testimoniis
1281 3145 1468 3224 plane
1499 3152 1828 3222 consonat,
1857 3152 2102 3225 septem
2130 3142 2436 3225 epistolas
2466 3138 2958 3218 complectitur;
2989 3137 3167 3209 alter,
3199 3141 3404 3198 multo

119 3237 476 3319 prolixior,
498 3240 753 3304 easdem
786 3241 1093 3323 epistolas
1126 3243 1347 3306 multis
1400 3244 2289 3326 additamentisinterpolatas
2326 3250 2691 3325 praeterque
2739 3256 2845 3302 eas
2891 3239 3183 3319 quinque
3215 3236 3400 3309 alias,

118 3354 411 3418 quarum
442 3342 768 3406 Eusebius
799 3345 1194 3409 mentionem
1224 3363 1357 3410 non
1385 3345 1558 3422 fecit,
1596 3349 1881 3413 exhibet.
2940 3384 2941 3387 η

203 3439 437 3517 Nuper
464 3457 616 3503 vero
648 3459 724 3505 ex
757 3443 1147 3523 quibusdam
1178 3444 1717 3513 collectaneorum
1744 3447 2150 3528 Syriacorum
2175 3444 2530 3520 codicibus,
2564 3459 2728 3526 quos
2761 3441 3052 3522 Angli-in
3081 3452 3405 3501 monaste—

120 3539 221 3601 rio
258 3540 330 3601 S.
362 3541 586 3604 Marias
618 3542 863 3606 deserti
899 3544 1243 3607 Nitriensis
1297 3546 1684 3612 detexerunt
1727 3555 1791 3612 et
1841 3554 2171 3629 coemptos
2224 3548 2293 3609 in
2336 3548 2633 3608 Museum
2665 3544 3103 3605 Britannicum
3154 3538 3399 3601 detule-

121 3650 277 3705 runt
321 3642 475 3721 (78),
508 3643 608 3704 vir
656 3645 736 3707 de
785 3644 1018 3708 litteris
1071 3646 1515 3710 Orientalibus
1563 3648 2279 3721 benemerentissimus,
2342 3645 2707 3709 Gulielmus
2768 3645 3046 3705 Cureton
3075 3685 3090 3715 ,
3156 3648 3395 3703 textum

121 3744 482 3824 quemdam
520 3745 855 3827 Syriacum
891 3745 1117 3821 edidit,
1144 3764 1338 3826 quem
1373 3753 1504 3811 tres
1533 3749 1785 3812 codices
1817 3764 2098 3813 consone
2122 3746 2431 3827 praabent,
2464 3745 2578 3827 qui
2610 3743 2875 3807 nonnisi
2908 3749 3035 3805 tres
3069 3741 3398 3822 epistolas,

120 3845 198 3906 ad
242 3844 702 3924 Polycarpum,
732 3844 1048 3926 Ephesios
1078 3852 1140 3908 et
1164 3848 1510 3920 Romanos,
1555 3847 1821 3911 exhibet
1857 3864 2096 3929 easque
2132 3845 2337 3911 multo
2368 3844 2696 3907 breviores
2726 3860 2798 3905 ac
2838 3843 2906 3903 in
2941 3849 3116 3905 textu
3148 3848 3402 3922 recepto

120 3944 476 4009 habentur.
510 3945 713 4007 Multa
744 3944 1099 4022 praesertim
1132 3945 1388 4021 desunt,
1415 3964 1561 4026 quas
1588 3948 1668 4011 de
1700 3948 1939 4011 Christi
1961 3947 2221 4010 Domini
2270 3944 2475 4009 nostri
2520 3943 2857 4007 divinitate
2902 3948 2964 4004 et
3004 3941 3403 4003 hierarcliica

122 4047 589 4127 episceporum
629 4053 942 4126 potestate
967 4046 1039 4110 in
1062 4046 1201 4122 illo,
1235 4065 1431 4128 quem
1456 4048 1796 4130 hucusque
1830 4066 1950 4132 pro
1979 4051 2268 4132 genuino
2300 4063 2776 4129 receperamus,
2809 4051 3009 4119 textu,
3054 4043 3397 4107 habentur.

198 4149 492 4226 Quaestio
522 4149 673 4214 inde
703 4158 841 4217 orta
880 4156 998 4226 est,
1034 4167 1166 4216 non
1202 4151 1360 4216 levis
1404 4170 1582 4229 sane,
1631 4171 1777 4219 cum
1808 4157 1888 4221 de
1920 4154 2375 4237 antiquissimo
2409 4152 2803 4232 maximique
2834 4151 3139 4233 ponderis
3171 4152 3392 4215 saeculi

120 4250 466 4329 apostolici
506 4256 964 4326 monumento,
1015 4250 1655 4333 praeclarissimisque
1723 4260 1786 4317 et
1838 4252 2262 4317 sanctissimis
2340 4260 2575 4315 nostras
2626 4248 2962 4332 religionis
3011 4249 3404 4311 testimoniis

120 4363 351 4435 agatur
386 4376 405 4414 :
454 4360 668 4418 utrum
700 4360 912 4417 textus
946 4353 1074 4416 iste
1104 4371 1313 4418 novus
1342 4354 1691 4435 genuinus,
1724 4356 2128 4435 proindeque
2178 4354 2292 4431 qui
2325 4353 2661 4434 hucusque
2692 4358 2988 4430 receptus
3017 4357 3174 4423 erat,
3201 4350 3401 4412 inter-

122 4457 385 4536 polatus
418 4456 525 4532 sit,
562 4471 643 4519 an
674 4473 826 4519 vero
854 4463 1066 4519 textus
1096 4458 1396 4539 Syriacus
1427 4466 1785 4535 truncatus,
1840 4467 2033 4539 atque
2088 4458 2202 4524 ille
2264 4474 2461 4541 quem
2511 4474 2628 4539 pro
2678 4454 2963 4539 genuino
3007 4453 3399 4519 habebamus

122 4575 324 4638 porro
355 4557 738 4622 retinendus
765 4556 872 4621 sit.

1722 4660 1802 4720 ΙΙ.

870 4781 1043 4857 Quid
1073 4782 1146 4844 de
1181 4783 1295 4844 hac
1323 4785 1664 4864 quastione
1698 4786 2015 4864 hucusque
2048 4786 2390 4847 statuerint
2421 4783 2674 4846 eruditi.

205 4910 297 4973 Cl.
339 4908 647 4983 Cureton,
678 4907 791 4987 qui
823 4913 1070 4971 textum
1098 4910 1429 4990 Syriacum
1465 4911 1710 4975 detexit
1738 4918 1931 4992 atque
1961 4911 2216 4993 primus
2247 4911 2479 4985 edidit,
2510 4910 2933 4989 criticamque
2953 4910 3031 4972 de
3051 4926 3127 4974 eo
3147 4909 3388 4990 disqui-

121 5016 428 5079 sitionem
458 5013 708 5093 primus
738 5011 1047 5089 instituit,
1074 5016 1247 5093 quod
1269 5015 1637 5079 mirandum
1669 5034 1822 5080 sane
1853 5033 1983 5079 non
2009 5024 2129 5093 est,
2166 5023 2411 5080 textum
2449 5033 2639 5078 suum
2667 5015 3025 5095 genuinum
3051 5031 3190 5077 esse
3215 5016 3388 5094 lgna-

132 5118 557 5187 tiumtuetur,
589 5122 781 5195 atque
814 5114 885 5177 in
909 5114 1232 5195 prioribus
1259 5118 1537 5190 duobus,
1572 5136 1719 5200 qum
1752 5118 1869 5182 hac
1900 5119 1980 5183 de
2015 5118 2279 5182 materia
2327 5118 2553 5191 edidit,
2591 5115 2898 5197 Operibus
2951 5115 3118 5195 (78*),
3150 5121 3389 5176 textum

121 5219 456 5294 receptum
505 5213 575 5277 in
604 5213 810 5293 priori
855 5214 1075 5277 saeculi
1109 5232 1175 5277 xv
1215 5224 1390 5296 parte
1440 5218 1518 5280 ad
1563 5220 1866 5281 tuendam
1901 5218 2211 5281 adversus
2248 5219 2516 5282 Aerium
2579 5225 2768 5296 atque
2800 5216 3077 5280 Arianos
3130 5215 3386 5279 catholi-

122 5333 258 5380 cam
317 5315 679 5382 doctrinam
717 5320 796 5385 ab
842 5317 1302 5398 interpolatore
1330 5318 1690 5383 confectum
1720 5322 1923 5386 fuisse
1957 5320 2269 5401 supponit
2297 5341 2316 5395 ;
2348 5320 2657 5399 epistolas
2684 5330 2962 5399 quatuor
2992 5335 3139 5397 quae
3180 5318 3249 5380 in
3280 5321 3387 5397 Sy-

124 5414 291 5477 riaca
336 5414 636 5477 versione
663 5415 920 5490 desunt,
954 5432 1085 5479 non
1127 5415 1399 5479 omnino
1428 5418 1657 5480 nothas
1682 5463 1699 5492 ,
1752 5418 2173 5499 interpolatas
2213 5426 2430 5483 tamen
2463 5428 2525 5482 et
2556 5418 2729 5499 ipsas
2762 5434 2928 5497 esse,
2956 5418 3309 5481 contendit.

193 5599 307 5662 (78)
345 5596 572 5667 Singula
600 5612 723 5678 qum
754 5598 874 5679 huc.
902 5599 1175 5681 pertinent
1210 5598 1332 5652 vide
1376 5599 1518 5681 apud
1550 5600 1815 5685 Cureton,
1855 5601 2061 5673 Corpus
2089 5601 2459 5676 lgnatianum,
2578 5621 2706 5660 xxvi
2729 5621 2852 5675 sqq.

193 5669 330 5733 (78‘)
366 5666 473 5721 The
522 5679 723 5722 anltent
765 5685 941 5733 synar.
971 5685 1175 5723 rerswn
1205 5669 1268 5733 of
1301 5669 1382 5725 the
1408 5671 1620 5733 epsstles
1648 5672 1708 5733 of
1726 5684 1870 5729 stunt
1898 5674 2164 5733 limatius.
2194 5675 2484 5733 LondonJ
2528 5676 2617 5733 46.
2660 5676 2852 5733 γὲιιάόσι

189 5669 330 5750 (ην)
366 5666 723 5750 {ignotitiam
765 5669 941 5750 syrius
969 5669 1268 5750 μεθεξὶωξρί
1301 5669 1382 5750 the
1408 5666 1620 5750 spisttes
1648 5672 1708 5743 of
1726 5666 1870 5729 saint
1898 5666 2164 5744 lg'natiati.
2194 5666 2617 5743 LondonJBiG.
2660 5666 2913 5734 γὲιιὰὀὶςίω
2937 5674 3251 5750 ιθκαιίαια,
3272 5687 3382 5737 etc.

120 5739 343 5795 London
357 5739 525 5813 ,1846
552 5740 833 5809 (adversus
864 5738 1003 5794 llud.
1021 5740 1152 5796 (2hr.
1165 5738 1584 5812 WOrdsWOrth).
