3852 6210
167 303 276 361 605
926 309 1015 365 DE
1054 309 1523 368 INTEGBITATE
1580 313 1861 372 TEXTUS
1894 316 2189 374 RECEPTI
2222 317 2374 375 EPP.
2410 319 2467 375 ε.
2518 319 2794 377 lGNATIl.
3325 322 3431 379 ποθ

167 426 244 484 0.
291 425 356 487 S.
395 427 495 501 B.,
533 429 858 507 professor
885 433 1294 496 Monacensis
1324 435 1490 514 (87);
1521 436 1905 502 Adalbertus
1939 441 2164 514 Maier,
2197 440 2520 522 professor
2550 441 3007 524 Friburgensis
3039 441 3187 525 (88),
3207 447 3422 514 Rittcr.

167 528 502 605 professor
544 533 1066 596 Vratislaviensis
1115 534 1276 616 (89);
1338 553 1418 597 ex
1479 539 1989 603 Protestantibus
2048 541 2360 614 Neander,
2423 540 2571 602 licet
2603 540 2787 619 prius
2843 542 3327 625 adversaretur,
3365 550 3428 605 et

165 627 462 692 Uhlhorn
500 631 668 711 (90);
728 652 805 696 ex
861 635 1236 714 Anglicanis
1293 639 1501 701 Routh
1540 638 1690 722 (91),
1727 643 2042 705 Jacobson
2072 642 2241 724 (92);
2277 643 2630 706 novissime
2667 660 2818 706 vero
2847 645 3004 707 Edv.
3038 644 3323 707 Churton
3357 644 3424 714 in

164 744 336 790 nova
359 730 647 796 editione
674 736 1103 799 Vindiciarum
1136 742 1547 819 epistolarum
1571 745 1640 805 S.
1675 746 1940 823 Ignatii,
1961 753 2220 808 auctore
2242 748 2486 807 Joanne
2517 746 2886 820 Pearsonio,
2904 746 3426 809 adnotationibus

160 837 228 888 et
260 831 640 908 praefatione
667 837 744 898 ad
774 837 1161 902 hodiernum
1197 845 1655 908 controversia;
1682 852 1918 908 statum
1951 848 2420 910 accommodata
2455 847 2579 926 (93)
2607 871 2624 924 ;
2655 865 2819 927 opus
2851 868 2999 912 vere
3035 849 3217 924 utile,
3251 849 3427 928 quod

160 931 573 998 adversarios
605 945 861 1002 nostros
890 940 1096 1004 solide
1127 960 1255 1005 non
1290 945 1505 1008 minus
1528 964 1720 1026 quam
1754 946 1966 1025 lepide
2002 947 2299 1026 exagitat.

243 1035 375 1096 Nos
398 1035 516 1098 hac
544 1039 684 1102 vice
708 1043 1093 1120 opusculum
1128 1047 1420 1108 anterius
1469 1046 1946 1126 aliquantulum
1977 1050 2189 1128 quoad
2222 1049 2492 1111 formam
2529 1052 3005 1126 contrahentes,
3038 1051 3249 1132 quoad
3291 1066 3426 1110 ma-

159 1133 398 1196 teriam
433 1152 585 1198 vero
608 1137 764 1214 illis,
797 1159 943 1218 quaa
969 1144 1049 1204 ab
1079 1141 1223 1218 illo,
1255 1161 1386 1224 quo
1421 1146 1981 1230 prodiit,tempore
2012 1149 2411 1230 subjicienda
2449 1160 2892 1228 occurrerunt,
2937 1160 3269 1234 augentes,
3307 1154 3426 1214 ite-

162 1237 326 1298 ratis
358 1239 536 1302 curis
557 1239 663 1305 hic
696 1243 1048 1308 reddimus.

1738 1373 1849 1435 Ill.

872 1496 1192 1559 Momenta
1222 1498 1548 1577 desumpta
1591 1518 1668 1560 ea!
1700 1498 1994 1561 doctrina
2025 1499 2098 1562 de
2127 1498 2378 1562 Christo
2419 1502 2712 1563 Domino.

238 1613 571 1679 Ponamus
594 1636 816 1682 revera
863 1627 1106 1684 textum
1141 1624 1373 1703 Ignatir
1401 1624 1759 1704 genuinum
1789 1642 1824 1686 a
1860 1626 2138 1706 quodam
2187 1625 2486 1690 falsatore
2520 1628 2725 1690 fuisse
2767 1627 3218 1707 interpolatum
3258 1648 3272 1686 :
3306 1625 3422 1687 ali-

151 1731 356 1791 quem
394 1726 566 1782 certe
623 1722 816 1785 finem
870 1723 928 1784 is
983 1728 1454 1806 assequendum
1511 1727 1637 1791 sibi
1685 1727 2043 1809 proposuit,
2082 1745 2275 1807 quem
2311 1736 2380 1790 ut
2431 1729 2794 1808 attingeret,
2841 1728 3131 1808 quaedam
3177 1724 3420 1788 dixisse

151 1826 440 1895 oportet,
472 1838 552 1882 ex
583 1821 823 1902 quibus
854 1823 1026 1885 idem
1082 1826 1222 1906 ipse
1265 1826 1514 1890 fraudis
1552 1845 1785 1908 scapus
1819 1826 2179 1908 inquirenti
2225 1829 2528 1890 elucebit.
2567 1831 2700 1908 Age
2728 1844 2908 1900 vero,
2946 1826 3116 1888 hunc
3153 1841 3418 1903 scepum

150 1916 364 1980 fuisse
422 1919 669 1995 dicunt,
724 1933 795 1988 ut
825 1925 1184 1988 doctrinam
1223 1928 1302 1990 de
1347 1927 1585 1990 Christi
1639 1928 1982 1991 divinitate
2024 1927 2121 1990 vel
2156 1929 2512 2002 induceret,
2547 1929 2645 1990 vel
2687 1936 3127 2008 promoveret;
3173 1932 3417 1989 textum

151 2038 382 2084 revera
425 2033 750 2105 receptum
787 2028 883 2090 bis
915 2029 1039 2111 (9h)
1102 2047 1341 2092 nomen
1374 2043 1516 2091 Θεοῦ
1550 2030 1804 2094 Christo
1833 2032 2144 2102 tribuere,
2169 2032 2282 2093 ubi
2314 2033 2514 2110 Syrus
2545 2047 2731 2094 secus
2768 2030 2946 2110 legit.
2968 2031 3208 2090 Verum
3246 2025 3418 2088 idem

150 2120 375 2198 ipsum
407 2125 545 2186 vice
575 2144 758 2190 versa
792 2131 956 2208 apud
987 2133 1223 2210 Syrum
1255 2132 1534 2194 occurrit
1561 2133 1708 2212 (95),
1742 2150 1954 2213 neque
1983 2133 2199 2194 minus
2244 2132 2365 2194 iste
2395 2131 2722 2195 Christum
2750 2135 2954 2194 Deum
2990 2135 3169 2191 vocat
3208 2126 3356 2206 (96).

230 2225 437 2288 Porro
474 2231 529 2290 si
563 2230 986 2311 interpolator
1018 2235 1151 2307 ille,
1184 2253 1379 2316 quem
1427 2235 1774 2297 adversarii
1808 2243 2208 2314 supponunt,
2259 2234 2494 2298 Christi
2532 2233 2931 2297 divinitatem
2967 2233 3421 2295 commendan-

147 2327 298 2389 dam
341 2331 470 2395 sibi
497 2337 855 2414 pr0posuit,
894 2353 1047 2398 sane
1077 2337 1384 2400 adversus
1433 2337 1765 2399 hareticos
1797 2337 2107 2416 quosdam
2138 2353 2312 2398 arma
2353 2339 2668 2410 movebat,
2715 2344 2907 2416 atque
2940 2355 3014 2398 ex
3056 2337 3410 2407 erroribus,

144 2447 320 2513 quos
351 2432 714 2514 impugnat,
747 2437 1014 2516 quinam
1046 2437 1142 2499 illi
1177 2438 1436 2510 fuerint,
1473 2454 1716 2516 eosque
1761 2437 2011 2516 lgnatio
2054 2437 2332 2500 seriores
2367 2453 2507 2499 esse
2540 2437 2756 2499 videre
2784 2438 2928 2501 erit.
2955 2441 3196 2501 Verum
3231 2439 3285 2500 si
3317 2457 3418 2502 ac-

143 2534 569 2598 curatissime
605 2537 909 2618 epistolas
940 2545 1153 2600 textus
1187 2539 1423 2618 recepti
1463 2537 1910 2617 perscruteris,
1953 2556 2080 2602 non
2124 2539 2422 2601 invenies
2469 2537 2594 2599 nisi
2629 2540 2969 2619 ejusmodi,
3016 2541 3127 2620 qui
3168 2542 3421 2618 lgnatio

143 2636 354 2699 coasvi
387 2637 674 2713 fuerunt,
719 2639 1077 2717 Ebionitas,
1107 2643 1536 2717 Judaizantes,
1571 2645 1862 2704 Docetas.
1899 2644 2109 2719 Unum
2155 2649 2276 2715 est,
2319 2641 2489 2720 quod
2521 2641 2777 2703 acribus
2816 2641 3271 2704 controversiis
3299 2658 3416 2702 an-

140 2755 286 2802 sam
312 2739 448 2818 jam
479 2740 676 2812 dedit,
713 2758 858 2804 cum
913 2744 1189 2806 Pearson
1239 2743 1315 2804 ad
1371 2744 1827 2806 vindicandum
1873 2743 2194 2822 lgnatium
2248 2759 2477 2804 manus
2512 2761 2655 2804 cum
2701 2743 3034 2806 Blondello
3077 2752 3138 2804 et
3181 2743 3417 2804 Dallaeo

140 2849 528 2905 consereret
562 2865 578 2904 :
617 2843 794 2906 locus
823 2844 934 2906 ille
960 2844 1508 2906 celebratissimus
1539 2864 1616 2907 ex
1649 2845 1918 2920 epistola
1948 2845 2025 2906 ad
2068 2845 2517 2924 Magnesianos
2561 2845 2706 2925 (97),
2734 2843 2800 2906 in
2833 2860 2962 2923 quo
2994 2843 3286 2905 Christus
3317 2843 3418 2903 di-

138 2941 319 3002 citur
372 2948 542 3021 A670;
605 2948 779 3012 ἀΐδιος
836 2951 930 3005 οὐκ
961 2953 1065 3006 ἀπὸ
1132 2961 1288 3025 σιγῆς
1319 2941 1659 3027 πριε).θὼν.1

1895 2963 2106 3024 iempe
2155 2945 2554 3008 manifestam
2610 2946 2746 3008 ﬁeri
2807 2945 3196 3007 mentionem
3236 2945 3416 3025 Siges

139 3041 626 3107 Valentinianaa
656 3047 1038 3119 obtendunt,
1084 3049 1503 3110 Vaientinum
1562 3066 1712 3110 vero
1768 3057 1908 3126 post
1954 3048 2330 3110 defunctum
2391 3048 2717 3128 lgnatium
2777 3047 3232 3110 insurrexisse.
3267 3051 3416 3109 Haec

127 3140 375 3216 eadem
428 3144 704 3222 objectio
771 3148 960 3210 modo
995 3155 1057 3210 et
1097 3157 1312 3210 contra
1364 3156 1580 3211 textus
1631 3149 1831 3210 nostri
1888 3150 2330 3212 auctoritatem
2365 3148 2778 3229 intorquetur
2813 3166 2958 3211 cum
2992 3148 3102 3210 illa
3139 3150 3329 3211 verba
3379 3165 3414 3211 a

139 3243 415 3321 Syriaco
445 3245 680 3308 absint.

224 3341 373 3414 Qua
400 3343 469 3404 in
502 3361 569 3405 re
619 3345 682 3408 id
718 3348 1134 3412 concedimus
1188 3349 1466 3425 facilius,
1501 3368 1693 3431 quam
1728 3353 2006 3413 Pearson
2043 3350 2163 3433 (98)
2199 3357 2260 3412 et
2289 3353 2571 3413 Massuet
2603 3350 2749 3431 (99),
2784 3350 3200 3412 Valentinum
3253 3368 3414 3413 non-

139 3444 274 3505 nisi
311 3454 457 3524 post
484 3447 858 3514 defunctum
890 3453 1210 3531 lgnatium
1237 3454 1564 3518 docuisse.
1603 3457 1826 3533 Neque
1863 3454 1944 3516 iis
1981 3461 2265 3529 utemur,
2299 3471 2445 3532 quae
2484 3470 2612 3514 non
2659 3453 2802 3514 sine
2833 3451 3011 3513 omni
3049 3453 3409 3530 probabili-

140 3551 274 3608 tate
310 3563 348 3608 a
398 3550 746 3613 Pearsonio
793 3553 916 3615 late
965 3564 1382 3633 exponuntur
1411 3555 1480 3616 in
1521 3557 1825 3617 Vindiciis
1875 3555 2232 3633 lgnatianis
2281 3552 2389 3632 (1),
2426 3570 2663 3616 nomen
2722 3552 2885 3614 illud
2939 3566 3093 3630 σιγῆς
3132 3569 3256 3613 non
3294 3570 3410 3631 pro

140 3648 542 3726 appellativo
572 3651 972 3731 habendum,
1005 3663 1343 3737 totumque
1398 3657 1610 3720 locum
1655 3657 1730 3718 ad
1767 3656 2099 3718 Ebionitas
2134 3656 2476 3736 respicere.
2531 3657 2603 3716 In
2639 3654 2801 3716 illud
2841 3672 2992 3716 vero
3039 3655 3404 3733 argumenti

142 3766 360 3826 genus
395 3752 802 3830 insistemus,
853 3758 1026 3836 quod
1078 3775 1114 3819 a
1171 3758 1518 3820 Pearsonio
1575 3757 2012 3836 praalibatum,
2065 3773 2198 3819 rem
2248 3756 2433 3835 plane
2471 3755 2746 3828 coniicit,
2796 3771 3028 3834 nempe
3055 3755 3407 3817 doctrinam

143 3847 330 3909 illam
359 3848 441 3910 de
471 3848 618 3929 Sige
649 3858 973 3932 totamque
1000 3855 1270 3933 primam
1304 3872 1557 3918 monum
1590 3856 1870 3933 ogdoada
1895 3875 1929 3919 a
1952 3858 2210 3919 Simone
2233 3861 2446 3917 ortum
2480 3854 2728 3916 trahere
2755 3863 2946 3934 atque
2973 3856 3406 3935 genealogiam

144 3967 410 4013 monum
444 3949 757 4031 integram
801 3955 1042 4016 sensim
1081 3972 1116 4017 a
1147 3956 1469 4019 Gnosticis
1498 3975 1576 4019 ex
1610 3957 1723 4016 illa
1754 3959 1964 4021 radice
1997 3958 2318 4020 evolutam
2365 3955 2596 4029 fuisse,
2628 3956 2706 4018 de
2739 3973 2870 4036 quo
2907 3955 3146 4018 videsis
3193 3957 3409 4037 ipsum

141 4055 571 4117 Pearsonium
609 4055 720 4134 ('2).
748 4057 960 4117 Unum
993 4063 1239 4119 tantum
1280 4057 1555 4136 perfecte
1595 4065 1893 4134 prmstare
1925 4074 2050 4118 non
2086 4058 2298 4137 potuit
2328 4056 2426 4117 vir
2457 4055 3028 4135 prmstantissimus
3059 4073 3137 4117 ex
3170 4073 3408 4118 monii-

142 4163 520 4221 mentorum
555 4156 831 4218 defectu.
877 4158 1034 4219 Cum
1081 4157 1255 4218 enim
1287 4175 1415 4217 rem
1463 4176 1495 4219 a
1547 4157 1806 4219 Simone
1846 4165 2056 4219 ortum
2102 4158 2349 4220 trahere
2377 4159 2900 4230 demonstrasset,
2938 4158 3408 4220 ostendendum

142 4275 347 4338 porro
372 4265 730 4320 eralvocem
761 4258 950 4320 etiam
975 4272 1132 4349 σιγῆς
1155 4259 1234 4320 ah
1264 4259 1404 4338 ipso
1434 4257 1635 4320 fuisse
1665 4267 2060 4337 usurpatam.
2084 4258 2270 4331 Quod
2291 4265 2364 4320 ut
2393 4258 3054 4338 praastaretseriorum
3088 4276 3406 4338 quorum-

140 4362 318 4431 dam,
350 4361 644 4436 Eusebii,
670 4361 964 4440 Gregorii
1002 4362 1382 4424 Nazianzeni
1421 4362 1690 4441 ejusque
1721 4370 2298 4446 commentatorum
2329 4370 2574 4448 tantum
2605 4364 2972 4425 testimonia
3019 4383 3152 4445 pra;
3183 4369 3395 4430 mani-

139 4465 267 4526 bus
301 4463 601 4524 habebat.
627 4462 784 4534 Quaa
817 4461 962 4522 licet
994 4461 1534 4524 sullicientissima
1567 4462 1719 4534 sint,
1748 4479 1818 4523 ea
1851 4470 2058 4524 tamen
2085 4462 2406 4524 cavillatio
2430 4463 2816 4525 adversariis
2845 4473 3060 4544 erepta
3087 4485 3214 4530 non
3247 4478 3403 4543 erat,

138 4570 444 4625 auctores
475 4559 934 4640 haaresiologos
961 4561 1211 4640 lgnatio
1242 4579 1553 4641 suppares
1587 4561 1710 4623 alte
1740 4562 1955 4634 silere,
1995 4562 2128 4624 imo
2183 4579 2419 4624 nomen
2462 4564 2623 4641 siges
2667 4564 3011 4628 Valentino
3041 4569 3257 4646 potius
3285 4589 3402 4633 au-

139 4659 309 4724 ctori
342 4658 621 4722 deferre.
655 4662 898 4723 Verum
931 4670 994 4724 et
1025 4663 1196 4725 istud
1237 4663 1548 4742 effugium
1591 4662 1753 4742 ipsis
1795 4670 1892 4724 est
1924 4662 2331 4742 praaclusum,
2368 4653 2702 4742 postquam
2734 4667 3051 4730 detectum
3084 4669 3208 4732 fuit
3247 4673 3407 4752 Hip-

139 4766 355 4847 polyti
413 4767 791 4830 Portuensis
823 4785 988 4848 opus
1022 4770 1110 4829 De
1158 4769 1494 4831 hwresibus
1554 4765 1662 4848 (3),
1719 4768 1872 4831 olim
1929 4786 2010 4830 ex
2063 4774 2238 4846 parte
2298 4769 2420 4830 sub
2461 4769 2762 4847 Origenis
2810 4774 3074 4837 nomine
3129 4776 3400 4853 editum,

209 4978 330 5048 (87)
361 4977 418 5033 In
450 4977 827 5048 nostriroperis
853 4979 980 5033 crisi
1027 4979 1081 5033 in
1118 4978 1726 5048 IIistorisch-politische
1900 4976 2013 5048 (9'))
2037 4975 2233 5048 onnii
2259 4975 2414 5032 1852.

137 5050 402 5104 Blaetter.
435 5049 596 5111 1851,
627 5047 767 5102 nec.
801 5049 853 5103 9.
1564 5117 1567 5118 ν

1452 5047 1483 5118 έ
1564 5117 1567 5118 ί
1899 5047 2011 5118 (94)
2047 5047 2183 5118 Eph.
2228 5048 2310 5102 m.
2341 5056 2396 5102 et
2423 5065 2478 5102 η.
2513 5047 2598 5103 19.

208 5120 328 5188 (88)
366 5118 672 5190 Einleitung
698 5120 885 5190 ianie
911 5120 1162 5190 schriften
1198 5121 1288 5175 des
1339 5119 1411 5175 N.
1446 5117 1506 5173 T.
1541 5117 1719 5174 Freib.
1899 5117 2011 5190 (95)
2046 5117 2204 5190 item.
2233 5119 2267 5190 4
2292 5126 2346 5190 c_t
2373 5121 2464 5172 lin.

135 5193 172 5243 i.
211 5191 304 5258 Br,
342 5190 502 5244 1852.
540 5187 697 5244 Vorr.
735 5188 826 5242 IV.
1055 5187 1063 5190 ⁷
1900 5189 2012 5254 (96)
2047 5188 2184 5256 Eph.
2228 5188 2280 5252 1,
2309 5187 2490 5258 Polyc.
2515 5190 2558 5256 ,5

208 5256 326 5326 (89)
359 5260 416 5315 In
460 5259 730 5313 Aschbach
761 5259 1089 5329 allgemeiues
1120 5260 1558 5328 kirchentexicon,
1598 5262 1719 5323 Art.
1898 5260 2010 5329 (97)
2043 5258 2106 5329 Ν,
2140 5258 2192 5311 8.

138 5329 417 5400 lgnatius,
447 5339 500 5400 et
532 5330 584 5383 in
623 5325 863 5400 Historia
887 5347 984 5384 sua
1015 5332 1389 5384 ecclesiastica.
1546 5325 1552 5328 ⁷
1897 5325 2009 5400 (98)
2038 5328 2309 5400 -γίιράίοἱω
2338 5325 2659 5400 lgnatianw,
2684 5339 2825 5398 part.
2861 5347 3004 5397 n,~c.
3043 5332 3094 5386 7.

137 5469 178 5522 υ
207 5398 416 5524 ίὲιοέιη
447 5399 710 5454 Niedners
746 5399 1054 5470 Zeilschrift
1095 5402 1137 5472 ί.
1173 5400 1318 5455 Hist.
1359 5401 1515 5456 theol.
1555 5402 1714 5457 l85t.
2107 5398 2527 5523 ‘Prolegomenis
2555 5403 2641 5456 ed.
2677 5401 2880 5456 Irenaei.

182 5490 212 5525 c
241 5486 281 5523 Ι.
353 5512 368 5524 .
2057 5509 2069 5522 .
2148 5509 2160 5523 .

182 5486 281 5525 Cll.
313 5486 368 5524 Ζ.
1897 5486 1973 5525 ll)
2008 5486 2069 5524 ιλ.
2107 5486 2160 5523 4.

206 5542 325 5609 (91)
367 5540 539 5610 ΡηεῙ.
571 5541 643 5596 ad
674 5541 940 5613 Reliquias
987 5560 1190 5612 sacras,
1212 5543 1299 5600 ed.
1349 5543 1509 5609 1846,
1535 5544 1642 5599 vol.
1672 5542 1713 5609 1,

802 5544 940 5613 [uias
987 5560 1190 5612 sacras,
1212 5543 1299 5600 ed.
1349 5543 1509 5609 1846,
1535 5544 1642 5599 vol.
1672 5542 1713 5609 1,
1897 5540 1975 5613 (2)
2003 5539 2162 5613 Ibid.,
2190 5555 2238 5613 c.
2271 5539 2323 5594 6.

133 5627 166 5680 p
224 5628 421 5666 xxvm.
799 5610 809 5613 ⁷
1176 5610 1182 5612 ⁷
1893 5610 1973 5677 (5)
2017 5610 2258 5679 Origenis
2319 5611 2795 5680 Philosoplmmena
2849 5628 2894 5664 s.
2961 5615 3188 5667 omnium:
3232 5615 3394 5670 hare-

203 5683 326 5752 (92)
357 5681 526 5751 Praef.
551 5683 620 5737 ad
647 5682 870 5739 Patrum
896 5685 1302 5755 apostolicam»:
1324 5685 1404 5741 ed.
1438 5698 1526 5752 ιιι,
1555 5685 1714 5751 1819,
1823 5685 1970 5755 siun_t_
1988 5681 2253 5755 refutatio.
2281 5680 2476 5755 cod.
2510 5681 2821 5755 Parisiensi
2840 5699 2985 5755 nunc
3013 5685 3250 5754 primum
3279 5689 3346 5742 ed
3372 5716 3394 5729 -

131 5771 183 5817 ρ.
217 5767 578 5809 χιιι-χιιγιιι.
931 5751 938 5755 ⁷
1513 5751 1517 5752 ⁷

1513 5751 1517 5752 ⁷
1823 5753 1900 5809 dit
1934 5751 2248 5807 Emmanuel
2278 5751 2470 5821 Miller,
2499 5752 2693 5810 Oxonii
2726 5751 2878 5808 1851.
