3852 6210
475 297 578 351 607
1506 289 1565 349 8.
1603 291 1960 350 IGNATIUS.
2002 323 2060 335 —
2122 291 2653 349 PROLEGOMENA.
3629 288 3719 345 608

478 418 668 478 modo
701 430 854 479 vero
887 411 1177 495 genuino
1205 413 1453 477 auctori
1487 414 1882 478 vindicatum
1919 415 1980 478 ⁸.
2029 413 2152 479 Hic
2191 413 2361 478 enim
2406 431 2536 476 non
2586 412 2797 475 solum
2835 411 3158 474 Valentini
3201 409 3492 489 dogmata
3521 427 3598 472 ex
3636 413 3719 472 Si-

480 516 804 579 mouianis
833 523 1049 580 exorta
1079 515 1349 578 afﬁrmat
1394 513 1504 597 (lt),
1537 516 1649 579 sed
1683 516 1873 579 etiam
1907 535 1986 580 ex
2035 516 2203 579 libro
2257 515 2560 589 Simonis,
2613 515 2718 577 cui
2758 531 2994 577 nomen
3025 513 3339 588 1:67am,
3366 511 3500 575 hac
3543 514 3718 573 verba

473 617 703 698 allegat
725 617 809 699 (5)
845 641 860 680 :
919 625 1025 680 Δῦο
1061 626 1168 680 εἰσὶ
1201 620 1537 699 παραφυάδας
1575 631 1676 681 τῶν
1703 621 1832 679 ὅλων
1864 625 1992 679 αἰών

2200 645 2258 680 τε
2295 626 2474 700 ἀρχὴν
2509 628 2640 698 μήτε
2670 623 2832 697 πίρας
2859 620 3110 695 ἔχουσαι,
3137 620 3242 675 διπό
3278 623 3406 694 μιᾶς·
3435 621 3719 693 (summa

475 724 592 802 ἔρ-τὶ
621 719 862 798 δύναμις,
913 730 1061 800 σιγή,
1117 720 1365 800 ἀόρατος,
1408 723 1808 786 ἆκατὰληπτος.
1849 720 1996 780 ΡΟΠὲ

2221 719 2408 781 etiam
2438 717 2674 779 librum
2701 716 2895 776 istum
2919 714 3199 776 Simonis
3234 729 3360 775 non
3392 730 3560 784 esse,
3583 712 3720 775 licet

474 816 791 895 ejusmodi
833 833 1024 896 Opera
1057 816 1178 896 ipsi
1214 816 1504 879 tribuant
1534 817 1961 896 Epiphanius,
2011 817 2456 897 Hieronymus
2509 816 2625 898 (6),
2680 815 3030 895 Dionysius
3072 814 3451 894 AreOpaglta
3489 813 3616 895 ('1);
3650 831 3719 875 ex

472 914 610 992 ejus
635 923 844 978 tamen
879 924 1070 991 secta,
1097 935 1244 998 qum
1273 918 1574 1000 Origenis
1603 919 1810 983 adhuc
1847 928 2158 1000 tempore,
2205 918 2396 981 exilis
2438 919 2587 980 licet
2625 935 2920 991 numero,
2952 917 3164 980 adhuc
3183 916 3550 990 exsistebat,
3588 930 3719 994 pro-

468 1013 668 1076 diisse
692 1022 1015 1094 Oporteret
1047 1023 1237 1096 atque
1267 1015 1799 1098 antiquissimum
1842 1032 2006 1090 esse,
2062 1035 2207 1080 cum
2235 1017 2368 1098 jam
2402 1016 2738 1096 Hippolyti
2786 1025 3070 1096 tempore
3105 1019 3348 1097 absque
3383 1015 3589 1080 dubio
3621 1014 3717 1078 Si-

469 1113 645 1176 moni
683 1114 1098 1179 tribueretur.
1131 1116 1246 1178 His
1278 1118 1334 1178 si
1367 1117 1560 1179 addas
1594 1116 1787 1196 Sigen
1820 1134 1856 1179 a
1896 1115 2369 1180 Valentinianis
2419 1117 2669 1178 ἐννοιαν
2703 1124 2765 1176 et
2794 1116 3063 1176 Matrem
3108 1116 3336 1178 dictam
3369 1115 3577 1178 fuisse
3613 1115 3717 1193 (8),

467 1215 710 1276 ἐννοιαν
781 1234 932 1279 vero
988 1229 1180 1298 atque
1233 1221 1503 1280 Matrem
1573 1218 1821 1280 Simoni
1874 1220 2077 1282 tribui
2116 1222 2195 1282 ab
2260 1221 2502 1281 Irenaeo
2554 1216 2637 1297 (9)
2698 1226 2758 1279 et
2822 1218 3184 1298 Epiphanio
3225 1218 3380 1298 (10);
3433 1218 3720 1280 eamdem

474 1327 760 1397 Προύιικον
787 1336 821 1380 a
853 1319 1238 1400 quibusdam
1287 1321 1611 1383 Gnosticis
1644 1320 1886 1383 Nicolai
1917 1323 2257 1402 discipulis
2301 1329 2361 1384 et
2407 1339 2442 1384 a
2481 1318 2952 1384 Valentinianis
2979 1319 3209 1382 dictam
3256 1321 3403 1401 (11),
3434 1319 3718 1381 eamdem

467 1434 614 1480 vero
650 1425 935 1498 Προύνικον
985 1424 1063 1484 ab
1115 1422 1476 1502 Epiphanio
1530 1423 1776 1488 Simoni
1813 1424 2013 1488 tribui
2063 1425 2228 1505 (12);
2271 1423 2786 1499 Barbeliotas,ex
2819 1421 3211 1488 Simonianis
3240 1428 3434 1490 ortos,
3480 1419 3722 1480 'Ewouu

465 1521 730 1583 Barbelo
767 1540 1024 1586 vocasse
1057 1525 1207 1606 (13),
1239 1526 1672 1605 Epiphanium
1708 1545 1861 1590 vero
1893 1545 2196 1606 expresse
2227 1526 2540 1588 afﬁrmare
2573 1525 2840 1587 Barbelo
2896 1525 3080 1586 istam
3133 1525 3417 1586 eamdem
3475 1541 3622 1586 esse
3656 1540 3721 1584 ac

463 1624 744 1686 Simonis
787 1632 1074 1705 Προύνικον
1107 1649 1122 1688 :
1157 1627 1312 1700 haec,
1340 1625 1630 1706 inquam,
1663 1626 1714 1688 si
1745 1626 2061 1702 conferas,
2099 1625 2354 1690 nullum
2397 1625 2668 1687 dubium
2707 1641 2847 1686 esse
2883 1623 3116 1704 poterit
3147 1631 3207 1686 et
3230 1640 3362 1686 rem
3395 1631 3458 1686 et
3487 1639 3721 1685 nomen

461 1744 540 1796 ex
573 1729 834 1792 Simone
858 1738 1070 1793 ortum
1107 1730 1399 1804 traxisse,
1437 1729 1564 1790 nisi
1598 1729 1812 1794 omnia
1844 1730 2094 1793 critices
2135 1727 2451 1808 principia
2481 1726 2762 1792 evellere
2804 1725 2984 1793 velis.

2068 1885 2175 1946 IV.

1137 2010 1452 2076 Momenta
1474 2012 1795 2092 desumpta
1825 2031 1902 2074 ea:
1924 2013 2214 2074 doctrina
2241 2011 2311 2073 de
2342 2020 2652 2090 potestate
2689 2007 3050 2088 episcopali.

544 2135 766 2214 Neque
800 2137 1034 2200 melius
1069 2155 1172 2202 res
1210 2136 1595 2202 adversariis
1647 2138 1953 2218 processit
1996 2138 2063 2200 in
2100 2138 2300 2200 altero
2343 2154 2560 2215 sc0po,
2605 2152 2796 2216 quem
2849 2135 3356 2214 promovendum
3409 2133 3536 2197 sibi
3585 2150 3723 2214 pro.

468 2236 768 2315 posuisse
797 2235 1319 2317 interpolatorem
1354 2249 1714 2314 antumant,
1743 2240 2124 2320 detegendo,
2159 2238 2589 2318 episcopalem
2627 2253 2857 2320 nempe
2903 2235 3342 2298 auctoritatem
3386 2252 3718 2299 commen-

457 2334 674 2399 dandi.
718 2337 920 2401 Multa
963 2337 1126 2400 hanc
1165 2340 1232 2402 in
1274 2358 1408 2407 rem
1444 2341 1639 2405 verba
1686 2339 1979 2403 fecerunt
2012 2341 2296 2411 Bunsen,
2331 2339 2611 2401 Cureton
2653 2344 2714 2398 et
2749 2336 3015 2409 Ritschl,
3052 2337 3211 2414 quin
3246 2353 3459 2398 veram
3501 2337 3717 2416 Syria-

459 2453 602 2500 cum
642 2437 810 2500 inter
840 2444 903 2500 et
953 2447 1281 2518 receptum
1332 2449 1576 2504 textum
1625 2440 2065 2504 diversitatem
2116 2439 2235 2503 hoc
2282 2439 2346 2501 in
2386 2440 2681 2519 dogmate
2733 2436 2951 2501 haberi
3004 2439 3436 2519 probaverint.
3483 2442 3716 2503 Textus

456 2536 630 2600 enim
663 2537 962 2616 Syriacus
985 2544 1047 2600 et
1084 2539 1221 2618 ipse
1252 2539 1705 2618 episc0porum
1749 2539 2238 2620 prmrogativam
2275 2548 2337 2602 et
2373 2547 2501 2602 tres
2534 2537 2917 2600 hierarchiae
2955 2539 3186 2618 gradus
3222 2539 3540 2617 admittit,
3573 2559 3711 2605 cum

455 2638 794 2720 episc0pos
825 2638 1125 2702 exhibeat
1159 2640 1504 2719 Ignatium,
1539 2641 1959 2720 Polycarpum
1987 2648 2050 2705 et
2096 2641 2480 2704 Onesimum
2515 2687 2532 2716 ,
2576 2658 2788 2722 neque
2837 2642 3355 2718 presbyterorum
3406 2641 3715 2704 diacono--

458 2757 688 2804 rumve
761 2741 1161 2805 mentionem
1221 2743 1517 2806 omiserit
1581 2743 1729 2824 (iit).
1811 2741 1982 2804 Nihil
2042 2751 2263 2808 contra
2322 2744 2608 2824 episc0pi
2664 2740 3046 2805 sententiam
3101 2742 3239 2805 ﬁeri
3297 2744 3444 2823 (15),
3510 2760 3716 2824 neque

456 2840 866 2905 matrimonia
915 2844 1229 2919 contrahi,
1279 2861 1494 2923 neque
1525 2845 1962 2924 virginitatem
2018 2848 2151 2910 Deo
2182 2845 2381 2909 dicari
2426 2846 2719 2908 concedit
2767 2844 2915 2926 (16).
2957 2845 3171 2921 ipsius
3214 2861 3356 2906 esse
3388 2845 3720 2906 conﬁrmat

455 2943 770 3006 unitatem
814 2960 1071 3007 servare
1120 2945 1267 3024 (17),
1314 2943 1670 3008 det-trinam
1707 2961 1925 3008 sanam
1975 2945 2140 3008 tueri
2177 2944 2324 3023 (18),
2358 2943 2652 3007 collectas
2697 2959 3048 3004 convocare
3095 2943 3242 3024 (19),
3290 2942 3717 3023 omniumque

455 3063 678 3112 curam
727 3064 973 3125 gerere.
1025 3050 1315 3128 Eamque
1364 3053 1743 3126 potestatem
1793 3065 1868 3110 ex
1923 3048 2038 3110 Dei
2096 3050 2238 3127 lege
2283 3065 2584 3111 exercere
2643 3046 2940 3124 admittit,
2975 3063 3118 3109 nam
3154 3063 3380 3110 omnes
3431 3048 3720 3109 hortatur

458 3147 762 3227 episcOpo
797 3147 1118 3228 subjectos
1149 3165 1314 3224 esse,
1354 3156 1427 3212 ut
1454 3155 1517 3212 et
1548 3151 1721 3212 Deus
1752 3147 1914 3228 ipsis
1953 3149 2037 3210 sit
2070 3149 2393 3228 propitius
2424 3148 2571 3229 (20).

2040 3305 2118 3366 γ.

1574 3431 1893 3495 Memento
1921 3448 1999 3492 ex
2029 3427 2186 3512 styli
2212 3430 2597 3494 diversitate.

531 3557 1000 3638 Argumentum
1049 3575 1128 3622 ex
1171 3558 1322 3639 styli
1361 3560 1776 3637 diversitate,
1825 3561 1904 3623 ab
1947 3559 2428 3639 antiquioribus
2479 3560 2957 3642 Ignatianarum
3011 3558 3431 3639 epistolarum
3479 3560 3720 3623 adver-

449 3658 640 3722 sariis
661 3659 792 3739 jam
827 3658 1148 3738 prolatum
1186 3666 1248 3722 et
1279 3676 1316 3724 a
1344 3659 1691 3723 Pearsonio
1729 3659 2057 3726 uberrime
2113 3655 2459 3720 refutatum
2488 3701 2504 3732 ,
2552 3659 2796 3738 Syriaci
2845 3665 3056 3721 textus
3101 3657 3351 3738 patroni
3401 3674 3484 3720 eo
3536 3661 3724 3721 modo

451 3768 876 3835 recoxerunt,
936 3768 1008 3828 ut
1056 3763 1284 3826 miram
1334 3761 1504 3826 inter
1553 3763 1913 3844 genuinum
1958 3760 2278 3843 lgnatium
2328 3767 2389 3822 et
2435 3759 2956 3841 interpolatorem
3010 3759 3162 3841 styli
3220 3758 3724 3837 discrepantiam

445 3866 1212 3930 atatuerent.Bunseuius
1241 3867 1309 3929 in
1341 3867 1475 3929 illis
1509 3869 1816 3945 partibus,
1839 3882 1999 3945 quas
2034 3863 2448 3944 interpolatas
2479 3870 2725 3936 censet,
2763 3863 3029 3943 quasvis
3076 3860 3386 3924 oratorias
3424 3861 3723 3939 phrases,

447 3963 716 4027 nimiam
750 3967 1093 4030 verborum
1129 3969 1623 4034 redundantiam
1651 4013 1667 4042 ,
1705 3975 1872 4029 πάθος
1900 3965 2162 4044 falsum,
2195 3984 2383 4030 voces
2412 3967 2481 4032 in
2523 3968 2913 4028 immensum
2956 3965 3340 4046 compositas
3384 3965 3720 4027 cumulari

447 4064 903 4143 conqueritur.
961 4067 1376 4146 Curetonius,
1429 4073 1500 4134 in
1537 4069 1842 4147 omnibus
1893 4070 2309 4145 moderatior,
2368 4068 2432 4132 id
2485 4067 2708 4130 saltem
2761 4066 3114 4140 contendit,
3176 4063 3723 4145 interpolatorem

446 4167 766 4248 qumdam,
802 4185 950 4247 qum
995 4168 1064 4231 in
1121 4171 1371 4250 lgnatio
1403 4177 1752 4252 repererat,
1790 4178 1915 4233 tam
1951 4170 2372 4236 immoderate
2418 4185 2788 4248 usurpasse,
2829 4175 2902 4230 ut
2933 4185 3002 4229 se
3035 4166 3426 4228 imitatorem
3468 4165 3724 4246 prodat.

447 4270 688 4331 Verum
725 4275 790 4331 et
831 4267 936 4332 hic
977 4267 1150 4334 idem
1193 4272 1379 4335 nobis
1412 4272 1594 4335 locus
1630 4270 1818 4334 tertia
1866 4270 2006 4332 vice
2040 4269 2532 4349 responsionem
2587 4264 3056 4346 suppeditabit,
3109 4280 3240 4326 non
3287 4263 3510 4325 minus
3555 4267 3727 4343 apud

447 4373 686 4449 Syrum
720 4387 1084 4446 occurrere,
1131 4391 1280 4454 quae
1326 4373 1451 4454 ipsi
1495 4373 1564 4435 in
1611 4390 1712 4445 eo,
1751 4388 1946 4451 quem
1991 4375 2391 4452 supponunt,
2425 4367 2884 4449 interpolatore
2914 4363 3397 4443 reprehendunt
3431 4384 3448 4424 :
3484 4365 3730 4443 praedi-

449 4481 739 4537 catorum
793 4493 1028 4555 nempe
1087 4491 1453 4555 vocumque
1511 4473 1831 4538 similium
1883 4471 2387 4538 cumulationem
2444 4468 2590 4553 (21),
2652 4466 2999 4550 particulas
3047 4467 3473 4529 immoderate
3541 4483 3730 4548 repe-

517 4663 595 4800 (Α)
627 4661 691 4720 L.
725 4679 801 4728 v1,
827 4679 875 4717 c.
907 4663 1001 4730 20,
1034 4679 1086 4734 p.
1116 4662 1239 4728 176,
1268 4661 1390 4718 177.
2205 4661 2318 4733 (14)
2349 4659 2534 4742 Polyc.
2560 4659 2615 4714 6.

539 4733 573 4787 5
620 4731 681 4787 L.
705 4749 780 4791 νι.
814 4748 862 4786 c.
902 4733 990 4788 18.
2202 4732 2316 4802 (15)
2344 4730 2477 4785 lbtd.
2508 4732 2564 4802 ᾖ.

518 4804 594 4873 (6)
627 4807 695 4873 tu
727 4802 920 4856 Matth.
951 4819 1100 4868 xxrv,
1132 4803 1186 4857 5.
2203 4801 2317 4873 (16)
2347 4802 2482 4873 ibid.
2507 4801 2562 4873 5.

515 4871 592 4942 (7)
626 4872 701 4942 De
728 4875 834 4926 div.
864 4890 1031 4935 nom.,
1061 4888 1111 4927 c.
1143 4873 1198 4928 6.
2203 4871 2316 4940 (17)
2347 4871 2477 4942 Ibid.

514 4940 592 5009 (8)
624 4941 765 4998 lren.
795 4944 830 4995 l.
863 4959 900 5006 ι,
935 4959 985 4998 c.
1023 4944 1075 4998 1.

1038 4944 1075 4998 Ι.
2201 4941 2317 5009 (18)
2348 4941 2479 4995 Ibid.
2505 4940 2559 4996 5.

516 4946 900 5009 (8)1ren.l.|,
935 4959 985 4998 c.
1023 4946 1075 4998 1.

516 5015 594 5080 (9)
622 5012 683 5067 L.
720 5031 758 5077 l,
793 5030 844 5069 c.
871 5014 962 5068 25.

1038 4946 1075 4998 l.
2228 4946 2317 4996 18)
2348 4946 2479 4995 Ibid.
2505 4946 2559 4996 δ.

2201 4946 2314 5082 ξω)
2341 5012 2480 5066 nm].
2508 5013 2559 5082 t.

517 5083 629 5154 (10)
662 5083 726 5140 Ν.
758 5085 814 5139 2.
1293 5153 1318 5154 ί
2200 5081 2314 5154 (ea)
2343 5083 2473 5154 iam.
2510 5081 2562 5154 6.

516 5151 627 5227 ('11)
654 5154 930 5227 (Epiphan.
970 5154 1112 5227 hair.
1144 5154 1236 5218 ‘26,
1277 5153 1666 5227 Gnosticorum,
1698 5172 1753 5210 ιι.
1783 5157 1850 5224 5;
1889 5155 2020 5213 har.

2202 5151 2317 5223 (21)
2343 5151 2524 5227 Polyc.
2551 5151 2585 5205 5
2601 5169 2615 5206 :
2633 5151 2880 5227 ἀόρετφ,
2898 5152 3245 5227 ὰψηλὼφιητσι
3259 5152 3476 5224 ,ἀπαθῆ
3500 5153 3721 5227 ;Po|y¢.

449 5222 866 5297 Nicolaitartim.
902 5241 958 5282 n.
997 5225 1051 5290 4,
1093 5225 1223 5280 liter.
1251 5226 1340 5292 51,
1373 5243 1427 5280 n.
1455 5227 1508 5283 ὕ.
1654 5222 1661 5224 “
1835 5222 1843 5224 ⁷

2215 5222 2579 5297 concertare,
2597 5222 2921 5297 συναθλείτε,
2937 5222 3254 5297 συνεριχετε
3269 5264 3297 5297 ,
3320 5241 3384 5276 συ
3391 5222 3689 5297 μτὲάσχεέε
3707 5268 3723 5290 ,

514 5294 815 5368 (12l2.
901 5365 910 5368 _
1061 5365 1118 5368 __
1177 5363 1197 5368 _
1328 5291 1361 5368 λ
1579 5365 1633 5368 __

2203 5292 2524 5368 γκοξμᾶᾳθε,
2578 5291 2974 5365 συνεγείρεσθε.
3021 5291 3106 5349 Cl’.
3134 5291 3208 5349 "et
3264 5291 3424 5350 [ἰωή.
3476 5291 3723 5363 ω”ιὶιη

515 5360 629 5436 (15)
663 5367 858 5435 Epipb.
889 5365 1021 5421 hazr.
1053 5365 1144 5430 26,
1177 5363 1317 5421 lren.
1350 5367 1387 5421 l.
1420 5382 1459 5433 ι,
1485 5381 1536 5422 c.
1571 5365 1664 5422 29.
2133 5360 2274 5436 Eph.
2311 5360 2368 5418 in
2405 5364 2486 5418 tit.

509 5534 526 5552 ⁶
553 5535 851 5598 Sententiae,
895 5536 1024 5599 apud
1059 5537 1305 5600 Doctores
1349 5537 1991 5600 Ultrarhenanosﬂexnrtm,
2036 5550 2150 5600 quae.
2172 5533 2614 5600 Philosophumena
2635 5537 2903 5600 Hippolyto
2947 5531 3106 5600 tribui
3127 5574 3142 5595 ,
3175 5549 3271 5586 non
3303 5549 3578 5600 possumus
3599 5541 3722 5599 quin

446 5603 818 5662 εξοιπιῑςίςεξειπιιιξ..Δ
839 5600 1046 5658 Quibus,
1078 5605 1137 5662 ut,
1150 5599 1435 5648 doctissimo
1459 5600 1725 5662 professori
1753 5599 2162 5662 Wirceburgensi
2186 5599 2594 5655 contradicamns,
2617 5599 2920 5661 argumentis
2948 5599 3182 5662 nitamur,
3209 5613 3308 5648 non
3342 5605 3422 5662 est.
3461 5599 3551 5662 hic
3581 5603 3721 5649 ιυιιιιε

447 5656 728 5724 declarare.
749 5656 904 5724 Adest
927 5662 1084 5724 lector
1106 5661 1286 5708 thesim
1303 5675 1447 5724 quam
1461 5656 1650 5723 'nuper
1670 5664 1721 5710 in
1754 5661 1929 5724 Schola
1957 5656 2234 5723 theologica
2263 5662 2532 5724 [ﬁerisiensi
2555 5656 2764 5724 egregie
2806 5662 3077 5724 disputavit.
3098 5656 3318 5713 Danaus
3339 5659 3493 5712 abbas
3512 5660 3717 5724 ςωῡω,

445 5730 556 5778 quae
578 5721 760 5781 sportis
779 5720 1094 5784 Ortgenlauis
1121 5723 1168 5771 in
1196 5719 1363 5774 nostra
1386 5719 1620 5788 Origenis
1643 5719 1868 5774 editione
1890 5719 2224 5789 praemittitur.
2266 5722 2404 5776 Eon.
2428 5722 2578 5774 Pan.
