3852 6210
152 313 259 367 609
907 319 996 376 DE
1028 319 1497 379 INTEGRITATE
1528 321 1810 382 TEXTUS
1846 322 2141 382 RECEPTI
2178 326 2330 384 EPP.
2373 325 2431 384 S.
2481 325 2762 384 lGNATﬂ.
3325 329 3430 385 6w

154 429 308 532 ίῖίδε
343 433 496 532 (22),
527 436 839 502 vocabula
888 441 1138 519 prolixe
1170 444 1526 526 composita
1559 441 1710 531 (23),
1759 447 2060 528 periodos
2103 449 2470 532 complexes
2519 457 2583 515 et
2615 448 3097 513 anacoluthicas
3140 449 3430 512 Paulinis

151 530 412 595 similes
451 530 604 614 (et).

234 633 425 696 Hanc
444 635 598 714 styli
637 635 1136 716 discrepantiam
1173 641 1593 718 Curetonius,
1647 646 2004 726 prmsertim
2053 647 2224 711 inter
2269 648 2460 712 ﬁnem
2501 649 2791 730 epistolas
2843 649 2921 714 ad
2967 651 3428 732 Polycarpum,

152 731 377 812 qualis
401 737 576 814 apud
609 753 727 798 nos
755 736 1053 813 habetur,
1086 748 1149 804 et
1179 742 1462 820 priorem
1499 744 1785 825 ejusdem
1820 746 2110 825 epistola)
2141 754 2408 828 partem,
2436 765 2628 828 quam
2671 757 2733 813 et
2766 751 2966 830 Syrus
2997 731 3290 822 retinuit,
3329 751 3432 812 in'-

152 837 488 902 tercedere
538 837 785 918 objicit.
830 842 1071 905 Verum
1119 846 1648 925 respondendum
1702 852 1800 911 est
1860 848 2147 911 eamdem
2214 849 2680 916 dissonantiam
2740 850 2910 913 inter
2962 851 3298 932 epistolam
3354 852 3433 913 ad

150 937 585 1023 Polycarpum
637 939 963 1020 Syriacam
997 941 1288 1027 aliasque
1332 947 1640 1028 epistolas
1669 966 1707 1012 a
1745 951 1906 1028 Syro
1954 958 2236 1016 retentas
2297 970 2430 1016 non
2482 953 2701 1015 minus
2751 954 3090 1018 interesse.
3138 955 3431 1036 lgnatius

151 1043 363 1128 enim
396 1046 476 1109 ad
539 1044 850 1126 collegam
907 1048 1198 1114 scribens
1243 1051 1566 1131 Epistolas
1611 1052 1795 1116 Pauli
1851 1055 1929 1117 ad
1981 1054 2395 1118 Timotheum
2468 1057 2820 1138 Titumque
2868 1057 3195 1132 imitatur,
3265 1059 3433 1120 sicut

151 1147 553 1226 cmteroquin
605 1149 765 1212 alias
811 1149 989 1212 Pauli
1038 1151 1356 1230 Epistolas
1414 1151 1483 1214 in
1543 1152 1798 1217 dicendi
1849 1173 2086 1234 genere
2129 1157 2450 1236 sequitur.
2502 1160 2782 1240 Uterque
2835 1176 3009 1234 vero,
3071 1161 3308 1222 Paulus
3372 1166 3438 1223 et

151 1247 474 1326 lgnatius,
511 1266 624 1327 pro
657 1267 1075 1330 personarum
1113 1253 1359 1316 ratione
1413 1254 1670 1318 diverso
1717 1256 1886 1335 stylo
1915 1256 2143 1322 utitur.
2173 1260 2271 1322 Ad
2293 1257 2744 1339 coepiscopum
2773 1276 3006 1339 nempe
3050 1259 3434 1341 sociumque

150 1348 546 1412 scribentem
579 1349 860 1430 simplici
889 1359 952 1415 et
995 1351 1297 1418 familiari
1328 1355 1586 1419 dicendi
1616 1373 1852 1436 genere
1885 1359 1979 1421 uti
2012 1366 2300 1438 oportet,
2346 1378 2474 1423 non
2506 1376 2658 1421 vero
2706 1359 2985 1422 solemni
3027 1359 3141 1422 illo
3179 1369 3240 1422 et
3285 1377 3438 1423 con-

151 1450 544 1526 cionatorio,
575 1457 748 1534 quod
785 1458 974 1538 sequi
1014 1458 1196 1521 decet
1255 1457 1440 1518 illum
1489 1457 1604 1538 qui
1641 1459 1900 1538 publice
1944 1461 2260 1524 Ecclesias
2305 1462 2490 1525 docet
2536 1470 2599 1524 et
2649 1461 2959 1524 hortatur.
2993 1462 3180 1536 Quod
3221 1469 3283 1525 et
3332 1463 3438 1526 hic

149 1563 370 1621 actum
409 1566 531 1630 est,
562 1575 707 1621 cum
733 1559 801 1622 in
831 1560 958 1623 ﬁne
986 1559 1278 1641 epistolae
1307 1559 1381 1621 ad
1414 1560 1834 1640 Polycarpum
1871 1579 2236 1626 sermonem
2268 1563 2346 1625 ad
2375 1563 2802 1643 Smyrnenses
2834 1563 3176 1626 convertit.

230 1657 462 1741 Neque
497 1660 560 1723 id
600 1665 1118 1741 praetereundum
1151 1671 1271 1740 est,
1309 1671 1762 1745 argumentum
1797 1683 1874 1728 ex
1906 1665 2075 1744 stylo
2104 1665 2514 1745 desumptum
2553 1665 2774 1744 aliquo
2822 1681 3078 1743 semper
3107 1681 3252 1726 cum
3293 1681 3433 1726 mo-

147 1762 494 1825 deramine
539 1761 978 1826 adhibendum
1021 1780 1200 1836 esse,
1242 1779 1386 1825 cum
1433 1778 1625 1825 nemo
1671 1763 1755 1825 sit
1801 1764 1915 1844 qui
1943 1763 2170 1826 eodem
2211 1770 2578 1825 constanter
2619 1762 2874 1826 dicendi
2919 1783 3156 1845 genere
3202 1780 3433 1827 sensus

147 1881 310 1928 suos
363 1865 608 1943 reddat,
653 1883 866 1945 neque
898 1883 1014 1946 pro
1059 1865 1473 1928 materiarum
1508 1865 1753 1928 ratione
1783 1874 1844 1929 et
1876 1865 2048 1928 varia
2078 1864 2281 1928 animi
2310 1864 2773 1945 dispositione,
2882 1864 3127 1926 varium
3243 1868 3429 1926 etiam

148 1963 488 2028 scribendi
536 1966 798 2030 modum
850 1973 1147 2045 usurpet.
1194 1967 1392 2029 Caute
1442 1965 1558 2029 hac
1607 1967 1673 2028 in
1728 1984 1795 2039 re
1861 1967 2267 2047 dijudicanda
2320 1967 2800 2046 procedendum
2857 1985 2992 2038 eSt,
3047 1964 3117 2027 in
3169 1984 3297 2047 qua
3353 1970 3433 2033 de

147 2067 512 2133 subtilibus
560 2069 910 2134 admodum
959 2068 1348 2134 dilferentiis
1390 2070 1605 2150 agitur
1649 2070 1814 2134 etin
1859 2086 1985 2151 qua
2036 2070 2308 2150 proinde
2346 2067 2740 2150 praeiudiciis
2785 2068 3138 2132 latissimus
3168 2085 3431 2152 campus

149 2175 350 2249 patet.

1739 2271 1850 2334 VI.

1043 2404 1361 2467 Memento
1395 2401 1719 2479 desumpta
1755 2419 1833 2460 ex
1870 2402 2318 2463 sententiarum
2350 2418 2547 2463 nexu.

225 2527 495 2590 Nemini
524 2527 778 2590 cordato
807 2525 1048 2588 mirum
1080 2524 1428 2597 videbitur,
1465 2523 1676 2585 virum
1724 2521 2289 2599 persecutionibus
2337 2537 2666 2600 pressum,
2714 2518 3146 2582 Ecclesiarum
3192 2520 3437 2583 sollici-

146 2627 382 2692 tudine
409 2630 738 2708 jactatum,
768 2645 803 2691 a
831 2627 1242 2702 satellitibus,
1268 2626 1550 2690 ferarum
1591 2641 1765 2686 more
1808 2625 2266 2699 saevientibus,
2301 2633 2624 2697 vexatum,
2673 2622 2842 2686 inter
2889 2623 3144 2686 itineris
3192 2623 3440 2704 longis-

145 2727 307 2790 simi
338 2726 768 2806 diuturnique
823 2734 991 2788 terra
1051 2724 1345 2805 marique
1385 2724 1624 2804 peracti
1681 2725 1932 2797 turbas,
1998 2723 2216 2785 animo
2248 2725 2710 2787 diversissimis
2751 2724 3053 2786 sensibus
3085 2725 3238 2787 hinc
3273 2726 3426 2788 inde

142 2833 458 2895 distracto
499 2832 913 2906 scribentem,
954 2847 1081 2893 non
1127 2846 1274 2893 eum
1310 2828 1774 2892 sententiarum
1821 2842 2060 2890 nexum
2099 2844 2312 2906 neque
2360 2838 2649 2906 pacatum
2690 2827 2878 2889 illum
2934 2826 3435 2910 ordinatumque

143 2947 522 2994 sermonem
557 2931 930 3012 producere,
971 2947 1101 3011 quo
1133 2930 1244 2991 ille
1291 2929 1385 2991 uti
1425 2927 1592 2990 valet
1632 2927 1745 3008 qui
1789 2927 1964 2988 domi
2001 2929 2265 3007 quietus
2296 2945 2528 2990 sensus
2571 2945 2726 2989 suos
2771 2926 3078 3006 disponit.
3130 2928 3268 2991 lmo
3323 2933 3430 2995 tali

143 3025 214 3094 in
248 3049 406 3095 casu
440 3039 760 3112 excerpta,
798 3050 944 3112 quas
969 3031 1322 3110 praecipuas
1367 3037 1611 3091 tantum
1659 3028 2009 3089 sententias
2041 3029 2364 3101 delibant,
2399 3028 2729 3090 meliorem
2770 3044 3010 3089 nexum
3044 3038 3104 3090 et
3147 3028 3428 3109 lagicum

144 3135 358 3214 magis
418 3135 716 3198 ordinem
769 3135 1076 3199 exhibere
1125 3141 1400 3212 oportet,
1459 3149 1652 3213 quam
1710 3133 2204 3212 autographum.
2263 3133 2361 3194 Nil
2412 3133 2681 3212 proinde
2721 3138 2816 3194 est
2869 3133 3040 3211 quod
3093 3134 3432 3197 insolitum

141 3246 346 3317 atque
383 3236 805 3318 peregrinum
852 3237 1040 3299 nobis
1093 3232 1298 3297 videri
1339 3239 1650 3314 Oporteat,
1690 3233 1745 3294 si
1777 3234 1839 3294 S.
1875 3230 2108 3312 lgnatii
2137 3231 2427 3310 epistolas
2480 3233 2636 3292 tales
2676 3231 2864 3292 nobis
2893 3241 3260 3306 occurrant,
3294 3231 3426 3293 imo

141 3338 658 3401 circumstantiis
709 3344 1215 3399 consentaneum
1276 3336 1567 3416 adeoque
1623 3335 1821 3397 fidum
1886 3333 2088 3414 magis
2150 3341 2342 3414 atque
2393 3349 2543 3394 vero
2595 3332 2880 3395 similius
2932 3351 3072 3394 esse
3137 3333 3420 3397 videtur.

145 3435 376 3500 Nihilo
436 3445 650 3499 tamen
705 3437 918 3500 secius
967 3455 1094 3499 non
1150 3445 1246 3500 est
1289 3456 1404 3500 cur
1467 3440 1542 3500 ad
1592 3438 1727 3500 haec
1772 3453 2216 3514 recurremus,
2248 3453 2392 3497 cum
2439 3434 2788 3496 adversarii
2846 3435 3033 3497 nobis
3082 3435 3430 3514 objiciunt,

141 3547 448 3600 nostrum
490 3545 738 3600 textum
793 3537 862 3598 in
909 3538 1376 3600 sententiarum
1415 3538 1583 3600 serie
1625 3547 1746 3600 tam
1795 3540 2138 3616 abruptum
2195 3554 2366 3612 esse,
2415 3535 2736 3615 siquidem
2781 3545 2842 3598 et
2894 3540 3034 3615 ipse
3068 3544 3280 3598 textus
3313 3540 3431 3617 Sy-

143 3645 386 3718 riacus,
432 3640 669 3702 fatente
729 3641 1084 3716 Bunsenio,
1138 3643 1484 3703 obscurum
1528 3651 1721 3722 atque
1772 3643 2114 3720 abruptum
2167 3655 2296 3702 non
2342 3639 2560 3699 minus
2611 3656 2680 3700 se
2727 3641 3044 3719 praebeat.
3087 3643 3176 3702 Ne
3227 3640 3430 3720 igitur

141 3745 488 3806 videamur
523 3759 738 3821 pugna
771 3744 1031 3816 cedere,
1063 3743 1141 3804 ad
1183 3743 1356 3822 quod
1389 3759 1541 3804 sane
1573 3743 1751 3805 nulla
1785 3759 1902 3803 nos
1937 3743 2257 3804 rationum
2294 3740 2652 3826 indigentia
2697 3743 3020 3822 adigimur
3045 3785 3061 3816 ,
3102 3742 3236 3804 loca
3274 3761 3426 3821 per-

140 3864 488 3910 curramus
518 3845 821 3920 breviter,
853 3846 921 3908 in
950 3846 1190 3926 quibus
1226 3853 1441 3909 textus
1472 3862 1508 3908 a
1547 3863 1616 3908 se
1643 3846 1920 3910 invicem
1950 3847 2336 3926 discrepant.

219 3947 514 4029 Epistula
553 3948 632 4010 ad
672 3947 1091 4026 Polycarpum
1146 3963 1218 4010 ea
1267 3956 1386 4020 est,
1430 3947 1498 4009 in
1543 3965 1669 4027 qua
1719 3951 1922 4029 Syrus
1971 3948 2353 4027 paucissima
2397 3946 2658 4009 excidit.
2700 3947 2773 4008 ln
2810 3947 2936 4008 (ine
2993 3945 3426 4008 nihilominus

141 4048 468 4113 nonnulla
505 4049 809 4120 abstulit,
850 4065 996 4128 qua:
1041 4048 1246 4112 recisa
1299 4055 1730 4111 truncatorem
1773 4049 2074 4132 produnt.
2121 4050 2288 4123 Quid
2345 4050 2519 4110 enim
2573 4048 2918 4126 abruptum
2966 4046 3171 4125 magis
3229 4065 3427 4127 quam

139 4151 264 4214 tria
303 4151 417 4212 illa
450 4158 762 4212 commata
794 4151 1038 4230 quibus
1067 4149 1402 4229 epistolam
1436 4143 1762 4212 concludit
1794 4173 1810 4212 :
1845 4152 1982 4229 Ego
2015 4148 2316 4228 gaudeam
2363 4148 2431 4208 in
2465 4145 2644 4208 vobis
2689 4146 2859 4206 omni
2899 4154 3200 4224 tempore.
3233 4146 3424 4210 Chri-

138 4252 354 4314 stiano
380 4268 515 4310 non
557 4260 645 4310 est
673 4260 956 4328 potestas
978 4267 1172 4328 super
1203 4249 1434 4326 seipse,
1456 4249 1562 4311 sed
1606 4251 1733 4310 Deo
1753 4259 2051 4328 paratus,
2081 4256 2148 4307 ut
2182 4245 2586 4326 subjiciatur.
2629 4245 2803 4322 Rogo
2825 4261 3048 4323 pacem
3071 4243 3281 4318 illius,
3314 4245 3427 4327 qui

139 4357 578 4434 digniﬁcatus,
623 4365 696 4416 ut
748 4363 842 4416 eat
886 4354 968 4415 ad
1007 4352 1407 4414 Antiochiam
1438 4368 1564 4430 pro
1597 4371 1722 4421 me,
1761 4354 1926 4412 sicut
1963 4349 2234 4427 praecepi
2279 4346 2442 4407 tibi?
2485 4345 2807 4418 Quidnam
2855 4345 2962 4406 hic
3010 4345 3138 4408 sibi
3197 4349 3425 4410 volunt

136 4458 341 4520 verba
371 4456 486 4519 illa
518 4478 534 4517 :
566 4463 881 4521 Χριστιανὸς
914 4462 1105 4516 ἑαυτοῦ
1134 4461 1379 4526 ἐξουσίαν
1413 4459 1507 4512 οὐκ
1540 4456 1657 4531 ἔχει

1902 4465 2014 4528 Θεῷ
2047 4451 2356 4528 exoleta?
2390 4447 2494 4507 Ait
2529 4449 2790 4508 Bunsen
2826 4446 2904 4508 ad
2934 4447 3256 4526 lgnatium
3291 4448 3423 4512 inec

135 4557 485 4620 referenda
505 4556 777 4636 ejusque
801 4555 877 4617 ad
913 4555 1282 4636 patiendum
1321 4555 1797 4632 paratissimum
1828 4552 2116 4614 animum
2163 4551 2550 4630 exprimere.
2581 4546 2744 4621 Quis
2775 4565 2928 4610 vero
2968 4548 3088 4610 hoc
3135 4557 3423 4630 σχολάζειν

135 4661 333 4733 dicet,
369 4661 546 4740 quod
571 4676 798 4719 vacare
827 4664 1035 4730 sonat,
1080 4656 1430 4735 prtesertim
1473 4671 1614 4718 cum
1649 4655 1801 4717 hinc
1829 4653 1982 4716 inde
2012 4671 2049 4716 a
2080 4651 2424 4724 militibus,
2459 4667 2621 4731 quos
2665 4650 2987 4729 leOpardis
3027 4654 3417 4733 asquiparat,

126 4762 413 4840 jactatus
457 4762 536 4822 ad
575 4760 808 4823 bestias
855 4758 1242 4820 deducitur?
1271 4758 1408 4818 Hoc
1436 4755 1635 4818 sensit
1678 4762 1741 4817 et
1778 4755 1917 4834 ipse
1967 4752 2608 4832 Syrus,proindeque
2672 4753 2866 4813 verba
2916 4751 3026 4822 illa
3077 4755 3309 4834 adjecit
3339 4755 3418 4820 de

135 4879 286 4937 suo,
323 4871 397 4923 ut
431 4863 837 4944 subjiciatur,
871 4865 1110 4930 exoleta
1152 4876 1265 4939 per
1298 4873 1511 4920 vocem
1543 4868 1810 4935 paratus
1854 4857 2148 4919 reddens.
2181 4857 2263 4916 At
2301 4870 2491 4916 nemo
2534 4871 2664 4916 non
2703 4855 2876 4918 videt
2905 4855 3144 4916 melius
3178 4856 3309 4920 haec
3350 4859 3416 4922 in

136 4977 368 5032 nostro
427 4973 603 5028 textu
659 4962 927 5036 haberi,
989 4963 1056 5023 in
1103 4975 1234 5040 quo
1286 4957 1420 5022 haec
1474 4960 1552 5022 de
1630 4957 2008 5021 Christianis
2074 4954 2395 5018 sententia
2467 4955 2972 5033 Smyrnensibus
3034 4958 3412 5036 applicatur,

137 5077 390 5158 quibus
431 5068 721 5150 lgnatius
752 5066 1182 5136 mandaverat,
1216 5069 1286 5124 ut
1337 5061 1638 5122 nuntium
1696 5058 2038 5138 quemdam
2089 5054 2497 5118 Antiochiam
2556 5055 2908 5129 mitterent,
2959 5055 3074 5136 qui
3115 5058 3417 5123 Ecclesuia

134 5155 236 5242 illi
278 5178 362 5240 de
398 5173 607 5252 sepita
641 5166 1088 5250 persecutione
1121 5164 1695 5243 congratularetur.
1729 5161 1865 5221 Hoc
1894 5176 2058 5238 Opus
2103 5155 2427 5218 charitatis
2454 5157 2530 5217 ad
2564 5157 2677 5217 Dei
2712 5157 2980 5237 gloriam
3016 5157 3151 5218 fore
3191 5162 3301 5234 ait,
3335 5163 3409 5223 ad

133 5285 304 5346 hanc
337 5293 491 5340 vero
528 5270 1025 5354 promovendam
1058 5267 1291 5348 quovis
1333 5265 1522 5326 modo
1571 5261 1959 5325 tendendum
1994 5255 2402 5332 Christianis,
2449 5258 2624 5336 quod
2661 5275 2791 5319 non
2822 5258 2948 5320 sibi
2997 5257 3254 5335 vivant,
3298 5266 3410 5324 sed

131 5383 257 5448 sibi
294 5379 579 5464 quodam
605 5375 796 5438 modo
822 5379 1133 5448 vacantes,
1176 5386 1292 5452 pro
1318 5371 1450 5430 Deo
1477 5365 1697 5430 omnia
1720 5373 2097 5445 operentur.

201 5580 320 5649 (22)
353 5579 517 5634 nam.
563 5591 584 5630 ι
627 5577 681 5649 in
727 5590 824 5649 sex
874 5575 1035 5630 lineis
1077 5583 1273 5649 quater
1307 5571 1420 5649 γᾴρ
1449 5569 1720 5649 occurrit;
1831 5637 1860 5649 μ’
1895 5566 2010 5649 (25)
2035 5563 2119 5620 Cf.
2146 5563 2392 5649 Pearfon
2429 5561 2588 5649 Vind;
2625 5560 2794 5649 _Ign.,_
2821 5577 3058 5649 p.,1,'c.
3112 5561 3405 5649 14.139131.

130 5631 317 5720 Syr—it},
337 5631 585 5704 Βὸιηξι.
619 5648 691 5720 5.7
722 5648 782 5720 in
829 5655 1035 5715 septem
1067 5631 1238 5720 lineis
1281 5631 1643 5720 quinquies,

1882 5631 1932 5701 μζ,
1956 5631 2016 5720 et
2035 5654 2098 5720 ξι.
2140 5636 2164 5690 1
2197 5655 2212 5692 :
2243 5633 2514 5720 ᾲξιόθεος;
2547 5631 2730 5707 Polj'c.
2764 5631 2844 5693 δέ
2873 5632 3219 5700 ἀξιόπιστοςς
3265 5631 3403 5704 Eph.

128 5705 320 5792 i’blyc.
351 5721 386 5777 5
417 5720 472 5776 in
504 5729 631 5776 octo
657 5718 820 5773 lineis
845 5705 1034 5788 quater
1061 5715 1120 5771 δέ
1147 5705 1350 5788 posuit,
1388 5705 1451 5769 ut
1489 5705 1608 5768 alia“
1632 5719 1717 5766 ta-
1824 5707 1911 5765 tit.
1945 5727 1957 5762 :
1992 5705 2472 5832 ἀξξοξίιακάριστος.

128 5807 372 5848 reamus.
1898 5779 2010 5850 (24)
2040 5777 2117 5845 lup
2139 5797 2176 5834 ι.
2217 5780 2269 5834 1.
