3852 6210
427 329 524 384 till
1459 336 1516 389 S.
1558 333 1901 390 IGNATIUS.
1943 363 2009 374 -α
2071 334 2605 390 PROLEGOMENA.
3593 346 3695 400 613

506 457 856 538 Epistulam
889 458 970 519 ad
1002 457 1322 536 Ephesios
1358 456 1838 537 quammaxime
1877 456 2234 536 amputavit
2269 458 2491 536 Syrus,
2525 459 2696 538 quod
2731 457 2804 518 ad
2836 475 3028 520 suum
3062 460 3251 521 finem
3291 463 3594 540 pauciora
3631 481 3696 522 ιιι

418 578 492 622 ea
539 562 872 640 reperiret.
905 561 1047 633 Quo
1079 560 1314 621 factum
1373 567 1490 630 est,
1544 564 1614 619 ut
1662 565 1723 618 et
1767 555 2044 634 plurima
2089 558 2249 630 sint,
2301 575 2446 635 qum
2493 575 2663 619 nexu
2717 559 2984 621 omnino
3029 570 3303 623 careant.
3350 564 3692 641 Ejusmodi

417 673 581 725 sunt
615 665 806 725 verba
842 662 948 723 illa
978 662 1100 741 (25)
1135 685 1150 722 :
1191 663 1298 722 sed
1321 673 1587 738 propter
1624 660 1792 740 quod
1825 660 2098 720 charitos
2139 678 2267 719 non
2295 661 2443 721 sirit
2480 680 2592 730 me,
2646 670 2714 720 ut
2744 661 2988 721 silerem
3020 683 3058 722 α
3085 664 3280 738 vobis,
3315 684 3464 727 cum
3502 677 3696 728 antea

421 766 605 828 nulla
645 767 803 827 ratio
832 766 995 827 dicta
1031 764 1256 838 fuerit,
1300 783 1414 826 cur
1464 764 1656 826 silere
1701 763 1986 824 deberet.
2027 764 2192 824 Laus
2225 763 2486 842 quidem
2516 807 2533 836 ,
2585 781 2775 843 quam
2833 773 3016 827 antea
3065 766 3360 844 Ephesiis
3408 787 3487 830 ex
3533 771 3698 846 Syro

426 867 714 946 lgnatius
763 867 1072 947 impertit,
1107 867 1346 946 opponi
1385 876 1596 946 posset
1627 866 1926 942 monitis,
1959 884 2104 945 quas
2149 873 2368 944 postea
2424 874 2812 946 sequuntur,
2851 868 2963 929 sed
3015 868 3094 930 de
3143 870 3262 933 hoc
3318 875 3512 934 modo
3562 893 3695 937 non

423 970 657 1048 agitur,
693 971 800 1030 sed
831 973 908 1033 de
947 989 1022 1033 eo
1055 971 1226 1050 quod
1273 969 1525 1031 silentio
1558 969 1795 1050 opponi
1827 971 2110 1032 deberet.
2161 968 2451 1048 ldipsum
2489 977 2702 1031 autem
2735 971 2801 1031 in
2851 978 3030 1032 textu
3082 982 3338 1051 recepto
3375 977 3690 1054 prmclare

424 1070 717 1144 habetur,
751 1073 817 1133 in
843 1090 974 1151 quo
1002 1071 1285 1151 lgnatius
1317 1071 1565 1133 dixerat
1597 1088 1665 1132 se
1715 1071 1904 1131 modo
1955 1069 2240 1149 incipere
2270 1070 2336 1130 in
2367 1069 2582 1131 schola
2612 1070 2844 1132 Christi
2883 1118 2898 1145 ,
2946 1079 3136 1152 atque
3167 1092 3356 1154 egere
3390 1087 3461 1138 ut
3492 1079 3579 1139 ab
3611 1080 3694 1142 iis

421 1173 496 1234 ad
529 1172 711 1234 ﬁdem
744 1181 804 1233 et
829 1172 1200 1252 patientiam
1234 1171 1570 1233 excitetur.
1604 1172 1889 1242 Bunseu,
1932 1178 2001 1231 ut
2034 1169 2197 1232 hanc
2227 1167 2661 1234 difﬁcultatem
2702 1172 3024 1248 evaderet,
3059 1190 3280 1235 vocem
3317 1183 3448 1238 ἀλλὰ
3497 1179 3697 1242 vertit

421 1272 488 1334 in
522 1274 681 1341 ideo.
714 1273 886 1352 quod
921 1289 1047 1334 non
1085 1281 1180 1334 est
1206 1271 1545 1350 effugium,
1578 1269 1688 1330 sed
1729 1268 2074 1330 confessio.

497 1377 645 1436 Post
698 1375 828 1436 haec
875 1377 1074 1453 Syrus
1132 1372 1564 1453 paragraphos
1621 1369 1754 1431 fere
1826 1369 2117 1449 quinque
2181 1366 2572 1440 transilivit;
2621 1385 2868 1429 comma
2928 1372 3288 1449 proximum
3348 1395 3504 1439 vero
3560 1381 3689 1459 (26)

419 1480 766 1541 variantem
803 1479 1140 1540 lectionem
1172 1478 1476 1550 continet,
1510 1493 1707 1556 quam
1743 1475 2022 1536 Cureton
2055 1473 2180 1552 (27)
2221 1473 2519 1533 consulto
2561 1474 2639 1534 ab
2689 1473 3148 1552 interpolatore
3203 1475 3536 1541 inductam
3572 1483 3687 1555 ait,

421 1586 489 1639 ut
547 1597 782 1640 nexum
833 1579 1174 1658 quemdam
1220 1578 1387 1640 inter
1440 1576 1650 1638 addita
1694 1584 1756 1638 et
1801 1574 2136 1654 sequentia
2190 1574 2578 1635 restitueret.
2636 1575 2954 1638 Nimirum
3014 1579 3124 1639 ubi
3170 1581 3368 1658 Syrus
3422 1591 3691 1664 ἐπιθυμία

419 1677 592 1759 legit,
628 1689 846 1744 noster
873 1698 1088 1743 vocem
1123 1685 1230 1762 ἔρις
1258 1679 1468 1741 habet.
1503 1679 1622 1740 Sed
1659 1695 1802 1738 cum
1845 1685 1906 1737 et
1951 1676 2060 1736 ille
2099 1676 2358 1735 Grmcus
2398 1675 2682 1748 uberior,
2730 1694 2922 1755 quem
2963 1695 3210 1753 omnes,
3247 1690 3308 1742 et
3344 1699 3502 1757 nos,
3566 1701 3688 1763 pro

414 1781 798 1860 interpolato
853 1771 1185 1853 habemus,
1237 1787 1485 1858 ἐπιθυμία
1536 1779 1723 1856 legat,
1776 1783 1836 1838 et
1879 1777 2016 1854 ipse
2057 1775 2476 1854 interpolator
2522 1783 2765 1837 textum
2806 1787 3130 1857 receptum
3163 1781 3301 1842 suis
3354 1783 3688 1862 ﬁgmentis

416 1880 851 1961 supposuerit,
915 1886 1084 1959 patet
1131 1879 1464 1940 lectionem
1517 1878 1777 1938 alteram
1829 1893 1957 1936 non
2007 1876 2301 1936 consulto
2349 1874 2414 1934 in
2467 1881 2710 1936 textura
2759 1878 3137 1955 repositam,
3170 1883 3280 1943 sed
3319 1902 3471 1948 casu
3510 1888 3682 1951 irre-

416 1983 648 2062 psisse,
688 1992 749 2044 et
782 1983 1041 2044 nonnisi
1075 1981 1390 2061 ejusmodi
1425 1981 1774 2042 variantem
1807 1996 1946 2041 esse
1974 2023 1990 2052 ,
2034 1977 2258 2058 quales
2311 1978 2379 2039 in
2427 1979 2731 2041 omnibus
2775 1981 3060 2045 textibus
3117 1989 3387 2065 reperiri
3438 1992 3680 2056 solent.

494 2088 569 2149 In
599 2087 1023 2174 sequentibus
1053 2085 1176 2166 (28)
1214 2085 1503 2164 lgnatius
1547 2083 1859 2162 Ephesios
1911 2079 2227 2154 hortatur,
2261 2091 2332 2144 ut
2371 2090 2556 2144 orent
2601 2101 2714 2162 pro
2759 2085 2908 2147 aliis
2942 2086 3338 2166 hominibus,
3387 2098 3501 2174 qui
3547 2115 3680 2161 non

416 2201 569 2256 sunt
600 2172 824 2272 ut'ipsi
859 2194 973 2254 Dei
1010 2192 1266 2271 templa.
1304 2191 1420 2253 Hic
1450 2193 1672 2270 Syrus,
1703 2190 1818 2270 qui
1847 2187 2288 2251 antecedentia
2321 2188 2652 2264 omiserat,
2687 2207 2908 2252 vocem
2939 2191 3110 2254 illam
3168 2198 3335 2256 ἄλλων
3366 2172 3435 2261 in
3467 2215 3701 2266 πάντων

417 2297 825 2374 permutavit,
869 2314 948 2357 ne
983 2303 1102 2357 tam
1141 2298 1409 2375 abrupta
1464 2303 1633 2356 esset
1682 2295 1910 2368 oratio,
1969 2311 2114 2355 cum
2170 2299 2356 2355 antea
2399 2296 2701 2356 abessent
2749 2295 2872 2370 illi,
2927 2299 3165 2377 quibus
3214 2300 3334 2363 alii
3389 2321 3681 2386 Oppone-

417 2407 662 2460 rentur.
697 2397 942 2460 Exinde
973 2405 1187 2459 autem
1222 2398 1435 2457 minus
1468 2397 1876 2458 commodum
1911 2395 2217 2474 quiddam
2253 2395 2563 2469 emersit;
2594 2413 2738 2456 nam
2773 2414 2926 2460 sane
2957 2417 3084 2462 non
3115 2419 3338 2466 omnes
3375 2406 3678 2472 homines

415 2505 568 2560 sunt
597 2498 936 2577 ejusmodi.
976 2505 1042 2558 ut
1077 2497 1500 2558 conversione
1528 2495 1606 2557 ad
1646 2494 2069 2558 Christianam
2107 2493 2488 2573 religionem
2521 2507 2771 2576 egeant,
2817 2499 3139 2579 siquidem
3176 2503 3495 2582 ejusmodi
3544 2510 3675 2589 ipsi

414 2599 762 2661 Christiani
802 2616 930 2660 non
965 2605 1138 2660 sunt.
3689 2675 3698 2684 7

493 2700 718 2762 Simile
749 2699 1052 2779 quiddam
1089 2698 1478 2778 postaccidit
1505 2695 1653 2776 (29),
1687 2696 1796 2759 ubi
1835 2699 2034 2775 Syrus
2063 2696 2195 2758 duo
2237 2704 2549 2759 commata
2579 2699 2918 2777 conjunxit
2973 2724 2987 2762 :
3043 2703 3278 2778 Melius
3311 2719 3394 2770 est
3427 2711 3567 2784 hoc,
3600 2726 3671 2775 ut

413 2804 494 2864 sit
525 2803 714 2864 silens
745 2806 947 2877 homo,
983 2823 1120 2863 cum
1155 2814 1242 2863 est
1268 2802 1532 2882 aliquid,
1567 2821 1749 2880 quam
1780 2813 1847 2862 ut
1879 2803 1960 2860 sit
1989 2800 2268 2880 loquens,
2310 2819 2447 2860 cum
2491 2820 2618 2860 non
2653 2813 2760 2874 est,
2821 2815 2888 2865 ut
2932 2804 2999 2863 in
3039 2826 3226 2868 manu
3251 2808 3507 2872 illorum
3539 2833 3676 2893 quia

414 2907 700 2989 loquitur
731 2918 1046 2987 operetur,
1097 2917 1149 2968 et
1200 2925 1316 2986 per
1371 2905 1486 2967 illa
1524 2924 1658 2984 quae
1690 2905 1856 2977 silet,
1898 2915 2337 2983 cognoscatur.
2373 2906 2522 2966 Haec
2553 2905 2621 2967 in
2657 2913 2831 2970 textu
2863 2908 3088 2989 utique
3118 2912 3377 2990 Syriaco
3426 2917 3675 2996 optime

415 3013 788 3093 procedunt,
837 3012 990 3092 quia
1039 3013 1237 3090 Syrus
1289 3010 1532 3072 addidit
1561 3011 1765 3081 homo,
1805 3008 1923 3068 hoc
1969 3015 2065 3070 est
2091 3016 2193 3080 ris;
2224 3008 2358 3078 sed,
2402 3009 2454 3068 si
2505 3008 2720 3070 Grmca
2751 3010 2826 3071 ad
2859 3011 3100 3089 Syriaci
3139 3021 3349 3076 textus
3377 3033 3671 3081 normam

411 3131 780 3194 componas,
813 3113 1080 3176 habebis
1113 3113 1617 3194 propositionem
1659 3113 1727 3175 in
1759 3112 2080 3175 infinitivo
2104 3115 2347 3191 absque
2382 3113 2667 3190 subjecto
2691 3161 2706 3188 ,
2740 3115 3406 3197 arctissimejunctam
3456 3121 3673 3196 alteri,

410 3235 557 3297 quae
585 3217 944 3297 subjectum
981 3217 1284 3296 supponit
1318 3241 1332 3279 :
1367 3217 1612 3296 Ἀμηνόν
1639 3224 1782 3277 ἐστιν
1810 3244 1931 3277 σιωτι

2170 3218 2300 3276 εἶναι
2340 3221 2370 3280 ἡ
2395 3221 2648 3276 λαλοῦντα
2679 3226 2749 3294 μή
2805 3220 2958 3289 εἶναι,
2987 3218 3050 3278 ἶν’
3075 3224 3107 3278 ἃ
3138 3226 3286 3282 λαλεῖ
3310 3227 3554 3301 πράσα-ῃ,
3577 3236 3675 3286 καὶ

415 3319 482 3379 δι’
510 3321 580 3379 ὧν
611 3333 734 3401 σιγῇ
765 3327 1108 3399 Wagn-mc.
1146 3321 1236 3381 lta
1267 3328 1329 3381 et
1365 3319 1501 3399 ipse
1557 3321 1815 3381 Bunseu
1851 3328 2092 3381 textum
2133 3319 2424 3379 Grascum
2457 3337 2492 3378 e
2528 3318 2784 3397 Syriaco
2819 3321 3123 3382 restituit.
3158 3322 3342 3394 Quod
3375 3337 3447 3384 ut
3475 3341 3668 3387 excu-

410 3429 621 3498 saret,
655 3422 867 3484 locum
900 3422 1172 3485 alterum
1206 3422 1436 3502 allegat
1471 3441 1544 3484 ex
1585 3422 1851 3502 epistola
1891 3423 1968 3483 ad
2021 3424 2340 3483 Romanos
2393 3421 2539 3500 (30),
2579 3421 2690 3483 ubi
2732 3422 2954 3482 eadem
2990 3424 3382 3485 constructio
3440 3426 3667 3489 minus

410 3524 722 3601 regularis
774 3525 1082 3587 habeatur
1115 3547 1130 3586 :
1183 3532 1350 3586 Καλὸν
1381 3533 1440 3586 τὸ
1486 3529 1638 3588 δῦναι
1672 3532 1774 3586 ἀπὸ
1807 3528 1931 3605 κόσρ

2156 3532 2201 3591 ὃς·
2247 3531 2404 3596 Θεὸν,
2454 3531 2538 3583 ἶνα
2585 3533 2660 3583 εἰς
2703 3531 2863 3584 αὐτὸν
2899 3531 3170 3585 divortii)».
3219 3527 3338 3589 Sed
3387 3545 3521 3590 non
3575 3538 3677 3592 est

408 3626 755 3706 utriusque
798 3627 919 3688 loci
943 3629 1162 3690 eadem
1193 3628 1376 3703 ratio,
1411 3646 1553 3690 cum
1594 3629 1659 3689 in
1712 3629 1831 3690 hoc
1876 3635 2122 3689 certum
2162 3628 2246 3688 sit
2305 3626 2389 3688 ita
2438 3625 2774 3706 scripsisse
2805 3628 3127 3706 [gnatium
3160 3671 3176 3700 ,
3219 3627 3286 3688 in
3319 3628 3434 3689 illo
3481 3648 3672 3705 vero,

408 3727 488 3787 de
518 3743 649 3805 quo
681 3728 869 3790 modo
898 3729 1171 3807 agimus,
1204 3731 1285 3792 de
1311 3731 1552 3810 duplici
1604 3738 1782 3792 textu
1817 3728 2251 3791 controversia
2301 3727 2534 3807 vigeat,
2578 3728 2891 3807 adeoque,
2932 3745 3077 3790 cum
3121 3729 3501 3808 eligendum
3558 3730 3670 3803 sit,

403 3826 512 3904 jus
545 3829 730 3890 nobis
760 3838 1074 3910 competat
1110 3849 1188 3892 ex
1211 3833 1528 3912 ejusmodi
1563 3832 1840 3892 insuetis
1873 3830 2289 3892 construendi
2327 3829 2534 3891 modis
2557 3829 3077 3908 argumentandi.

499 3928 640 3989 Post
669 3927 801 3991 haec
843 3933 1186 4010 extemplo,
1236 3934 1411 3994 nulla
1462 3933 1605 3994 data
1658 3932 2027 4006 occasione,
2070 3933 2249 3993 nulla
2299 3931 2426 3993 alia
2464 3931 2785 3992 sententia
2829 3931 3315 4003 introducente,
3368 3930 3676 4011 Syriacus

412 4032 620 4088 textus
649 4027 964 4106 lgnatium
1018 4029 1272 4092 inducit
1311 4032 1768 4092 exclamantem
1811 4053 1826 4091 :
1869 4029 2109 4090 Adorat
2139 4029 2407 4106 spiritus
2448 4046 2617 4087 meus
2665 4044 2926 4100 crucem,
2984 4048 3119 4108 qua:
3169 4041 3256 4092 est
3302 4029 3694 4105 scandalum

411 4125 565 4204 illis,
611 4132 721 4210 qui
762 4149 890 4190 non
936 4144 1084 4194 sunt
1121 4135 1436 4210 persuasi,
1478 4133 1661 4195 nobis
1703 4144 1907 4192 autem
1951 4133 2034 4193 ad
2079 4131 2487 4191 saluationem
2524 4141 2577 4192 et
2622 4131 2704 4191 ad
2742 4132 2977 4203 vitam,
3032 4151 3165 4211 quae
3205 4133 3288 4193 ad
3342 4144 3672 4192 (uernum.

411 4235 590 4296 Tunc
614 4251 739 4296 non
771 4234 1038 4314 abrupte
1069 4234 1287 4295 minus
1315 4234 1649 4313 subjungit
1679 4256 1692 4294 :
1726 4233 1944 4294 Latuit
1962 4231 2038 4292 ab
2074 4231 2373 4291 archonte
2399 4229 2634 4304 seaculi,
2677 4239 2822 4301 etc.,
2857 4249 3003 4310 quae
3023 4233 3242 4294 omnia
3271 4250 3468 4313 quam
3505 4237 3677 4300 bene

411 4335 478 4396 in
507 4341 685 4396 textu
718 4329 976 4413 recepto
1003 4342 1361 4410 nectentur,
1399 4335 1635 4413 legenti
1684 4333 1943 4412 patebit.
1978 4333 2194 4410 Neque
2222 4331 2588 4392 Bunsenius
2637 4331 2847 4394 solitis
2893 4332 3138 4394 artibus
3169 4334 3306 4395 suis
3353 4333 3674 4414 effugium

410 4438 616 4498 ullum
650 4437 932 4516 reperire
961 4438 1194 4516 potuit.

488 4541 553 4603 Si
584 4541 732 4620 quis
773 4549 987 4601 autem
1045 4538 1222 4600 locus
1250 4545 1435 4617 aptus
1467 4544 1585 4608 est,
1639 4542 1708 4597 ut
1756 4551 1834 4597 ex
1883 4551 1959 4594 eo
1998 4532 2352 4604 evincatur,
2387 4533 2719 4612 Syriacum
2773 4539 3014 4594 textum
3058 4535 3320 4597 nonnisi
3368 4548 3676 4620 excerpta

411 4642 698 4724 quasdam
727 4642 994 4718 abrupta
1024 4638 1211 4700 nobis
1241 4639 1545 4716 praebere,
1578 4642 1671 4696 est
1717 4635 1799 4708 is,
1847 4633 1960 4711 qui
2005 4633 2373 4696 immediate
2419 4633 2737 4711 sequitur,
2769 4649 2962 4711 quem
2996 4635 3195 4712 Syrus
3225 4636 3311 4698 ita
3343 4639 3624 4704 reddidit
3653 4665 3672 4704 :

413 4744 628 4804 Latuit
657 4741 731 4801 ab
767 4742 1064 4801 archonte
1101 4738 1312 4799 sceculi
1347 4740 1531 4818 hujus
1572 4737 1905 4814 virginitas
1949 4737 2172 4797 Mariae
2203 4744 2257 4795 et
2283 4744 2512 4812 partus
2543 4735 2798 4795 Domini
2838 4737 3048 4796 nostri
3079 4747 3133 4796 et
3191 4739 3322 4798 tria
3370 4745 3672 4819 mysteria

412 4845 724 4914 clamoris,
755 4859 887 4922 qua:
918 4843 1087 4921 facta
1128 4851 1273 4900 sunt
1317 4842 1384 4902 in
1413 4839 1667 4899 lenitate
1707 4837 1824 4897 Dei
1849 4857 1887 4896 a
1915 4837 2118 4910 stella,
2158 4837 2278 4909 vel,
2325 4847 2399 4898 ut
2435 4837 2604 4897 alius
2637 4836 2837 4898 codex
2876 4836 3072 4916 legit:
3121 4847 3176 4898 et
3221 4858 3388 4898 mors
3436 4843 3569 4920 ejus
3614 4856 3669 4903 et

412 4945 540 5006 tria
587 4944 905 5022 mysteria,
962 4949 1104 5012 etc.,
1141 4942 1262 5014 vel,
1299 4948 1366 5002 ut
1404 4941 1631 5001 tertius
1671 4938 1820 5017 legit
1857 4960 1870 4998 :
1905 4948 1958 4998 et
1998 4949 2229 5016 partus
2277 4937 2534 4996 Domini
2579 4937 2822 5002 nostri,
2863 4937 2994 4996 tria
3039 4940 3381 5015 mysteria,
3425 4941 3670 5004 outissa

414 5045 616 5108 morte
650 5052 711 5105 et
740 5043 1047 5123 particula
1083 5052 1135 5104 et
1169 5043 1315 5120 (31).
1349 5044 1485 5102 lam
1521 5058 1695 5114 vero,
1733 5039 2052 5120 quidquid
2087 5041 2282 5120 legas,
2304 5039 2654 5110 absurdum
2688 5039 2994 5118 quiddam
3040 5040 3346 5118 emergit,
3384 5040 3672 5122 licetque

483 5215 596 5282 (‘25)
627 5211 770 5268 N.5.
2087 5227 2334 5272 nostrum
2381 5217 2562 5270 locum
2614 5215 2879 5269 imitatur.
2913 5213 3231 5268 Videbimus
3281 5213 3424 5268 infra
3473 5216 3528 5271 in
3589 5217 3685 5270 illo

482 5283 682 5356 (26)N.
710 5285 765 5338 8.
829 5352 849 5356 _
1098 5355 1103 5356 7
1134 5355 1139 5356 7
1254 5355 1267 5356 7
1296 5355 1299 5356 7
2088 5289 2294 5352 codice,
2313 5302 2474 5356 quem
2501 5285 2982 5356 Syruscxcerpsit,
3003 5285 3198 5356 nothas
3229 5285 3494 5354 epistolas
3525 5290 3684 5342 veris

484 5352 597 5427 (27)
623 5354 783 5427 Corp.
818 5352 962 5425 Ign..
996 5371 1049 5425 p.
1084 5355 1209 5421 265,
1244 5355 1369 5411 281.
2078 5352 2354 5427 subjectus
2409 5352 2597 5410 fuisse.
2643 5355 2782 5410 Hinc
2812 5352 3024 5427 videtur
3071 5352 3485 5427 Syruslrevera
3550 5373 3681 5412 eum

484 5425 594 5496 (ἓξ)
623 5424 688 5496 N_.
722 5424 806 5478 10.
857 5424 864 5425 “
998 5424 1013 5425 ί
2078 5424 2462 5482 ἱΙΙοΤτιιςθιοιιθ
2492 5436 2718 5479 mortem
2752 5426 3024 5491 omisisse,
3059 5424 3205 5493 quod
3230 5425 3366 5479 satis
3401 5441 3514 5481 non
3559 5444 3683 5496 per-

485 5495 596 5569 (g?)
727 5496 823 5569 715.
2079 5499 2338 5569 spiceret,
2368 5497 2904 5569 quorumlodiabolo
2945 5501 3126 5569 ignota
3181 5496 3272 5548 illa
3315 5493 3681 5556 remanserit.

486 5561 598 5636 (ἕο)
722 5566 777 5618 2.
824 5635 829 5636 7
2079 5561 2488 5636 absurdumque
2521 5569 2593 5618 illi
2627 5567 2918 5631 videretur,
2949 5561 3181 5630 stellam,
3217 5576 3276 5618 ut
3307 5569 3579 5634 putabat,
3614 5571 3681 5621 ad

486 5633 598 5706 (51)
628 5633 929 5706 Notandum
969 5645 1054 5690 est
1084 5646 1309 5693 mortem
1340 5637 1556 5692 Domini
1603 5640 1780 5694 omitti
1811 5641 1979 5694 etiam
2083 5649 2311 5692 mortem
2344 5633 2507 5690 etiam
2540 5637 2750 5704 referri,
2783 5653 2907 5691 cum
2934 5640 2987 5692 in
3018 5640 3260 5706 genuino
3292 5633 3440 5689 textu
3476 5655 3507 5690 ιι
3527 5651 3683 5692 ostro

411 5714 440 5753 a
488 5703 922 5778 nutha7epistola
967 5707 1035 5778 a_d
1080 5706 1472 5778 Philippenses.
1505 5725 1558 5763 ιι.
1592 5710 1645 5774 8,
1683 5711 1772 5763 ubi
1817 5712 1984 5764 fabri-
2082 5724 2338 5762 noncum
2376 5710 2549 5761 tribus
2596 5708 2886 5777 mysteriis,
2917 5703 3168 5763 sericum
3212 5706 3520 5778 φανερώσει
3572 5708 3683 5764 Do-

413 5779 565 5823 cator
599 5773 946 5840 epistularum
993 5775 1181 5847 lgnatii
1221 5773 1807 5853 ﬁssilepigmaharum
1839 5781 1986 5835 hunc
2087 5781 2216 5834 ll‘tllll
2248 5780 2400 5836 stella
2433 5773 2808 5833 tantummodo
2842 5787 3106 5833 nectatur.
