3852 6210
104 312 214 368 615
811 309 898 364 DE
928 306 1392 366 INTEGRITATE
1433 305 1719 364 TEXTUS
1752 305 2044 363 RECEPTI
2073 305 2220 362 EPP.
2257 307 2312 362 S.
2353 307 2633 364 lGNATII.
3269 316 3372 370 6h

116 433 338 494 videre
365 431 658 510 Syriacos
691 447 1120 493 amanuenses
1164 429 1340 508 ipsos
1367 428 1713 508 perplexos
1744 428 2030 502 haesisse,
2061 428 2218 508 quid
2249 429 2629 493 scriberent.
2658 430 2774 492 Vel
2809 430 2981 492 enim
3012 431 3202 510 ponis
3236 433 3362 494 Vir-

112 531 284 612 ginis
317 541 571 612 partum
597 540 658 595 et
689 543 1000 610 mortem;
1033 541 1096 596 at
1132 540 1284 594 tunc
1317 531 1465 612 quis
1490 538 1759 594 mortem
1807 531 1973 595 inter
2002 540 2065 596 et
2093 532 2344 596 stellam
2391 551 2599 595 nexus
2634 534 2987 597 intercedat
3023 535 3371 604 nescimus,

116 651 330 714 neque
367 633 584 697 stricte
622 635 946 715 loquendo
975 633 1160 698 stella
1194 634 1273 696 ad
1307 633 1736 714 virginitatem
1768 637 2062 717 Deiparaa
2094 636 2532 708 referebatur;
2587 636 2685 699 vel
2720 637 2906 718 ponis
2939 635 3374 718 virginitatem

112 745 172 800 et
204 744 460 816 partum
501 759 517 798 :
569 737 680 798 sed
721 745 875 798 tunc
923 754 1052 799 non
1093 743 1245 798 sunt
1274 734 1395 796 tria
1439 734 1782 814 mysteria,
1830 736 1943 796 sed
1993 736 2160 810 duo;
2193 733 2288 798 vel
2337 735 2394 794 si
2453 744 2507 796 et
2550 735 2768 808 addas,
2805 736 2992 816 plane
3042 735 3380 816 ignoratur

111 855 414 918 quamam
445 837 576 900 sint
596 837 706 899 illa
734 837 855 900 tria
887 837 1193 916 mysteria
1228 851 1374 914 quia
1405 832 1758 912 virginitati
1798 842 1860 895 et
1892 835 2100 912 partui
2137 835 2682 913 superadduntur.
2715 838 2844 898 Nec
2879 836 3096 898 minus
3143 837 3378 898 absur-

110 941 267 1001 dum
312 947 411 1002 est
457 939 763 1020 mysteria
816 939 926 1002 illa
956 940 1054 1001 vel
1087 939 1218 1000 duo
1266 938 1364 1000 vel
1394 935 1514 998 tria
1556 952 1592 996 a
1635 935 1818 998 stella
1845 937 2018 1016 facta
2045 936 2198 997 dici.
2249 937 2434 1009 Quod
2488 953 2634 998 cum
2682 938 2952 998 sentiret
2981 933 3376 1006 Bunsenius,

115 1052 334 1102 vocem
370 1037 543 1100 illam
582 1045 824 1118 ἐπράχθη
862 1037 930 1099 in
979 1043 1268 1118 ἐκηρύχθη,
1308 1033 1485 1096 nulla
1520 1033 1895 1096 auctoritate
1925 1033 2056 1095 vim
2087 1033 2471 1113 conjecturae
2515 1036 2990 1114 suppeditante,
3041 1038 3376 1110 convertit,

111 1159 261 1221 quae
313 1139 609 1203 lectionis
641 1139 909 1203 mutatio
957 1156 1040 1202 ne
1069 1139 1223 1201 satis
1273 1138 1540 1218 quidem
1591 1138 2074 1200 incommodum
2109 1137 2298 1212 tollit,
2351 1155 2497 1200 cum
2551 1138 2735 1201 stella
2787 1157 2904 1202 nec
2947 1139 3378 1219 virginitatem

109 1244 333 1305 Maria;
385 1261 504 1306 nec
559 1251 830 1306 mortem
880 1243 1140 1306 Domini
1202 1242 1622 1315 nuntiaverit,
1689 1261 1904 1322 neque
1964 1242 2167 1322 magis
2215 1243 2465 1306 eluceat
2512 1243 2671 1323 quid
2721 1243 2847 1308 sibi
2905 1245 3024 1308 tria
3075 1245 3382 1326 mysteria

115 1347 344 1410 velint.
393 1347 598 1428 Quam
633 1347 874 1428 injuste
913 1364 1090 1421 vero,
1123 1346 1202 1409 ad
1257 1347 1566 1410 tuendum
1612 1344 1776 1409 hanc
1815 1363 1998 1408 suam
2032 1347 2502 1426 conjecturam,
2536 1348 2614 1409 de
2645 1365 2773 1427 qua
2817 1349 2944 1412 sibi
2995 1366 3382 1432 magnopere

111 1447 498 1527 gratulatur,
523 1445 891 1511 Bunsenius
930 1445 1192 1526 phrasin
1235 1444 1415 1507 illam
1459 1454 1632 1524 μυστή

1864 1451 2036 1506 iocata
2067 1443 2284 1505 minus
2323 1445 2604 1506 tirrecam
2635 1462 2776 1506 esse
2825 1448 3204 1523 contendat,
3242 1453 3385 1529 plu-

112 1550 300 1611 ribus
339 1549 624 1611 ostendit
661 1549 752 1611 Cl.
786 1547 940 1610 Edv.
996 1548 1282 1610 Churton
1331 1543 1482 1629 (32).
1537 1547 1676 1607 Non
1717 1545 1892 1606 enim
1939 1546 2108 1607 alius
2159 1554 2255 1608 est
2302 1545 2497 1626 hujus
2555 1547 2862 1626 phraseos
2918 1565 3149 1610 sensus
3209 1549 3376 1610 nisi:

107 1669 208 1710 res
229 1668 530 1725 arcanas,
567 1649 852 1728 mysterii
877 1647 1094 1726 plenas
1135 1666 1341 1727 agere.
1378 1642 1662 1711 Cureton
1694 1645 1818 1727 (33)
1849 1645 1953 1708 hic
1981 1652 2196 1726 aperte
2245 1646 2484 1709 dubius
2535 1646 2767 1721 lueret,
2827 1665 3041 1729 neque
3080 1649 3382 1712 distincte

111 1751 278 1813 satis
333 1751 417 1814 de
458 1751 579 1813 hoc
624 1750 765 1812 loco
813 1749 1107 1824 disserit,
1154 1751 1373 1830 aitque
1421 1748 1541 1812 tria
1589 1748 1936 1828 mysteria,
1997 1747 2318 1828 quidquid
2364 1747 2647 1828 denique
2695 1749 2865 1824 sint,
2931 1750 3256 1828 pertinere
3305 1755 3384 1813 ad

113 1851 559 1932 virginitatem
591 1851 902 1932 Deiparaa,
932 1852 1328 1914 nativitatem
1364 1849 1625 1913 Domini
1667 1857 1730 1912 et
1765 1849 1970 1912 stella)
2013 1849 2504 1928 apparitionem.
2543 1853 2764 1930 Neque
2789 1851 3044 1914 felicius
3074 1853 3386 1914 Ritschlio

113 1970 216 2014 res
252 1953 478 2029 cessit,
510 1971 654 2015 cum
689 1953 1016 2016 Bunsenio
1045 1971 1434 2017 succurrens
1464 1954 1594 2028 ait,
1645 1960 1890 2015 textum
1922 1953 2280 2031 genuinum
2321 1952 2507 2016 illum
2546 1972 2712 2028 esse,
2756 1955 2868 2034 qui
2909 1955 2987 2016 de
3023 1954 3387 2035 virginitate

112 2063 173 2115 et
207 2065 404 2134 partu
441 2063 684 2118 tantum
718 2054 1030 2136 loquitur,
1072 2057 1543 2136 legendumque
1577 2079 1592 2118 :
1624 2084 1633 2110 τ

1865 2066 2018 2136 τήρια,
2055 2072 2227 2118 non:
2262 2065 2351 2116 καὶ
2392 2065 2460 2116 τὰ
2501 2064 2626 2136 τρία
2661 2069 2963 2137 μυστήρια.
3004 2060 3124 2120 Sed
3173 2076 3386 2138 neque

111 2156 234 2219 hoc
267 2157 709 2222 difﬁcultatem
736 2160 952 2232 solvit,
985 2159 1142 2240 quid
1171 2161 1296 2222 sibi
1337 2160 1491 2223 velit
1526 2161 1638 2223 illa
1665 2178 1783 2223 vox
1827 2168 2089 2242 ἐπράχθη.
2132 2164 2354 2241 Neque
2393 2162 2608 2223 minus
2644 2162 2922 2224 violenta
2954 2171 3048 2225 est
3092 2162 3390 2225 lectionis

114 2261 421 2334 mutatio,
455 2261 540 2324 ita
574 2270 645 2324 ut
674 2279 749 2324 eo
774 2261 941 2342 ipso,
975 2268 1168 2344 quam
1202 2263 1366 2326 male
1397 2263 1722 2325 cohaerens
1761 2271 1952 2343 atque
1985 2263 2334 2344 impeditus
2371 2264 2456 2325 sit
2496 2263 2673 2326 locus
2721 2264 2893 2343 apud
2940 2266 3196 2343 Syrum,
3232 2282 3386 2342 pro-

110 2360 296 2434 dant,
351 2362 530 2441 quod
575 2363 838 2425 nonnisi
869 2381 1017 2426 eum
1078 2365 1458 2444 corrigendo
1502 2382 1766 2428 sensum
1821 2367 2165 2444 quemdam
2214 2365 2554 2428 restituere
2605 2365 2891 2439 valeant,
2950 2383 3162 2445 neque
3216 2367 3391 2427 hunc

109 2468 340 2539 aptum
375 2461 790 2526 sufﬁcienter.
817 2464 1013 2526 Aliud
1049 2482 1205 2528 vero
1246 2465 1389 2545 ipse
1424 2466 1668 2527 Ritschl
1701 2467 2022 2546 prodidit,
2049 2469 2220 2547 quod
2253 2475 2473 2530 contra
2515 2468 2731 2547 ipsum
2767 2475 3012 2530 vertere
3053 2468 3390 2530 commode

113 2562 390 2640 poteris.
432 2565 589 2626 Cum
622 2567 797 2628 enim
823 2565 1082 2628 Graecus
1118 2566 1284 2646 legat
1321 2589 1335 2628 :
1389 2569 1416 2626 ὁ
1450 2572 1632 2628 roma

1864 2595 1900 2640 ς,
1959 2569 2158 2646 Syrus
2208 2569 2468 2647 posuit:
2498 2573 2524 2628 ὁ
2558 2567 2771 2636 τοκετὸς
2811 2581 2907 2630 τοῦ
2944 2578 3164 2648 Κυρίου,
3213 2571 3385 2648 quod

111 2679 274 2726 sane
317 2664 634 2726 absonum
683 2673 779 2728 est
825 2681 857 2727 a
911 2665 1214 2746 loquendi
1267 2682 1416 2740 usu,
1468 2683 1615 2729 cum
1651 2666 1762 2728 illa
1802 2684 1926 2729 vox
1983 2673 2194 2729 τοκετὸς
2240 2665 2445 2729 active
2499 2669 2646 2746 poni
2703 2667 2930 2741 soleat,
2992 2667 3394 2748 proindeque

111 2783 266 2830 cum
304 2766 594 2844 genitivo
626 2767 742 2829 illo
778 2767 1010 2848 objecti
1061 2780 1157 2828 τοῦ
1189 2776 1389 2848 Κυρίου
1419 2768 1682 2830 nonnisi
1710 2769 2117 2832 incommode
2137 2767 2327 2848 jungi
2363 2769 2588 2848 possit.

194 2868 493 2946 Epistola
522 2870 600 2932 ad
634 2871 954 2933 Romanos
987 2869 1294 2948 denique,
1338 2871 1509 2952 licet,
1544 2879 1764 2949 utpote
1811 2871 2027 2933 minus
2059 2869 2270 2933 excisa
2294 2913 2311 2942 ,
2363 2870 2699 2948 pauciora,
2733 2886 2862 2932 non
2904 2878 3116 2933 tamen
3172 2872 3392 2934 minus

113 2967 488 3042 manifesta,
515 2968 860 3049 interrupti
891 2987 927 3032 a
963 2971 1123 3049 Syro
1160 2970 1625 3031 sententiarum
1656 2987 1862 3032 nexus
1893 2969 2130 3032 indicia
2171 2969 2647 3050 prmbet.Velim
2672 2973 2860 3034 verba
2892 2971 3000 3034 illa
3029 2973 3149 3054 (3h)
3179 2973 3347 3053 legas
3375 2997 3391 3034 :

115 3070 327 3148 Ignis,
360 3080 418 3130 et
462 3087 648 3142 cruat,
685 3080 738 3130 et
769 3071 995 3144 bestiaz,
1025 3089 1158 3151 qua:
1176 3080 1437 3150 paratae,
1468 3073 1820 3151 amputatio
1853 3071 2289 3146 membrorum,
2327 3083 2379 3134 et
2404 3073 2650 3150 sparsio
2685 3075 2919 3134 ossium
2951 3083 3004 3134 et
3040 3074 3397 3136 molitiones

114 3172 330 3234 totius
354 3172 669 3249 corporis,
706 3180 1017 3233 tormenta
1060 3172 1221 3232 dura
1259 3170 1496 3234 diaboli
1524 3191 1715 3251 super
1763 3192 1856 3233 me
1895 3174 2186 3246 veniant,
2225 3185 2280 3235 et
2317 3176 2518 3234 solum
2556 3175 2708 3234 Jesu
2750 3175 3001 3237 Christo
3045 3179 3392 3256 digni/icer.

111 3272 390 3333 Dolores
415 3279 644 3351 partus
671 3280 841 3333 stant
861 3289 1051 3350 super
1078 3289 1168 3330 me
1193 3278 1245 3330 et
1277 3289 1453 3331 amor
1474 3289 1642 3332 meus
1670 3272 2038 3351 cruciﬁxus,
2079 3281 2133 3332 et
2166 3289 2295 3332 non
2348 3280 2432 3332 est
2467 3273 2533 3332 in
2560 3291 2650 3331 me
2693 3272 2856 3349 ignis
2901 3274 2967 3334 in
2992 3294 3202 3336 amore
3233 3275 3389 3338 alio.

114 3375 473 3449 Quomodo
511 3374 644 3435 haec
689 3373 998 3436 ulteriora
1028 3374 1199 3437 inter
1229 3390 1298 3435 se
1335 3378 1398 3436 et
1430 3389 1576 3434 cum
1619 3373 1944 3454 prioribus
1989 3372 2370 3448 cohaereant,
2405 3389 2534 3435 non
2585 3373 2794 3450 video,
2825 3392 3036 3455 neque
3066 3378 3223 3457 quid
3256 3380 3381 3443 sibi

116 3477 278 3540 velit
312 3475 480 3537 illud
530 3486 610 3551 et,
638 3475 812 3554 quod
844 3477 1065 3554 Syrus.
1129 3493 1308 3538 more
1360 3476 1594 3555 raptim
1658 3475 2087 3556 excerpentis,
2124 3476 2474 3555 praeposuit
2528 3476 2660 3538 illis
2708 3477 2921 3540 verbis
2957 3501 2972 3540 :
3008 3481 3200 3541 Amor
3230 3502 3398 3545 meus

117 3579 480 3657 cruciﬁxus
514 3586 625 3639 est.

1690 3701 1805 3762 Vll
1819 3747 1832 3761 .

927 3825 1246 3888 Memento
1266 3844 1344 3886 ex
1378 3824 1524 3886 aliis
1561 3825 1922 3887 rationibus
1955 3825 2224 3888 internis
2252 3825 2593 3904 desumpta.

201 3960 497 4021 Plurima
525 3953 866 4027 Blondelli,
899 3953 1120 4016 Dallaai
1143 3953 1552 4032 aliorumque
1580 3951 2021 4032 antiquiorum
2053 3951 2284 4032 lgnatii
2312 3951 2850 4027 adversariorum,
2893 3972 3040 4032 quas
3069 3957 3399 4036 integrum

125 4062 456 4142 lguatium
485 4057 902 4137 impetebant,
930 4073 1111 4119 suam
1143 4057 1212 4118 in
1243 4072 1375 4117 rem
1409 4056 1688 4118 Cureton
1725 4061 1787 4116 et
1806 4053 2174 4117 Bunsenius
2197 4055 2598 4133 adaptarunt.
2624 4055 2782 4126 Quae
2811 4071 2955 4117 cum
2987 4073 3023 4118 a
3052 4058 3400 4123 Pearsonio

126 4161 435 4242 praclare
466 4165 528 4219 et
561 4155 884 4217 uberrime
915 4152 1182 4216 fuerint
1206 4154 1436 4225 soluta,
1469 4169 1598 4216 non
1630 4152 1754 4215 erit
1795 4169 2007 4232 Operm
2038 4153 2341 4232 pretium,
2375 4171 2521 4233 quae
2565 4155 2729 4216 bene
2751 4154 2880 4232 jam
2911 4156 3078 4219 dicta
3108 4157 3396 4237 fuerunt,

128 4277 453 4349 repetere.
485 4260 767 4326 Sufﬁciat
795 4260 996 4341 igitur
1025 4260 1412 4322 benevolum
1438 4259 1740 4323 lectorem
1777 4259 1856 4320 ad
1899 4257 2317 4321 Pearsonium
2356 4259 2706 4334 remittere,
2741 4267 2803 4322 et
2833 4259 3049 4340 aliqua
3086 4270 3403 4343 superad-

127 4375 309 4441 dere,
365 4381 514 4446 quas
570 4367 931 4441 opportuna
981 4365 1440 4434 occurrerunt,
1497 4358 1985 4438 nonnullaque,
2044 4375 2190 4438 quae
2239 4360 2318 4422 ab
2373 4358 2507 4420 illis
2563 4375 2643 4422 ex
2713 4375 2833 4422 suo
2895 4362 3139 4440 prolata
3203 4375 3398 4442 sunt,

126 4479 412 4540 solvere.

206 4585 283 4645 In
323 4576 596 4660 epistola
630 4579 842 4636 nostra
881 4576 961 4634 ad
995 4571 1421 4650 Polycarpum
1452 4569 1802 4633 Curetonio
1823 4569 2082 4632 videtur
2114 4586 2496 4649 repugnare,
2545 4570 2716 4649 quod
2745 4570 3032 4647 lgnatius
3054 4571 3122 4632 in
3155 4573 3401 4637 Troade

128 4695 288 4749 tunc
317 4681 708 4749 consistens,
757 4677 1066 4739 nuntium
1098 4676 1177 4737 de
1224 4675 1433 4754 sopita
1466 4675 1599 4754 jam
1638 4674 2038 4736 Antiochena
2096 4674 2543 4754 persecutione
2595 4675 2918 4753 accepisse
2969 4685 3398 4756 supponatur,

131 4808 250 4853 nec
274 4787 524 4861 minus,
557 4784 729 4863 quod
763 4783 828 4844 in
860 4781 1132 4861 epistola
1163 4782 1238 4842 ad
1279 4783 1627 4854 Romanos,
1661 4797 1807 4842 cum
1844 4782 2136 4859 Smyrnaa
2174 4780 2378 4860 ipsam
2441 4781 2772 4852 scriberet,
2815 4779 2947 4858 jam
2996 4792 3401 4860 supponatur

132 4889 493 4961 audivisse,
525 4888 844 4947 Romanos
891 4899 1074 4945 suam
1125 4882 1572 4944 liberationem
1624 4883 2088 4960 procurandam
2141 4882 2268 4945 sibi
2316 4884 2755 4961 prOposuisse.
2804 4883 2900 4943 Ad
2947 4881 3080 4944 haec
3132 4902 3400 4964 respon-

131 4996 422 5058 dendum
482 4987 841 5051 lentissime
880 4986 1005 5048 iter
1033 5003 1224 5047 suum
1257 4986 1468 5065 egisse
1514 4985 1858 5065 Ignatium,
1893 5003 2036 5048 cum
2067 5004 2147 5048 ex
2180 4987 2448 5049 Actibus
2491 4986 2780 5066 martyrii
2834 4989 3195 5066 persecutio
3227 5008 3400 5053 nono

134 5093 394 5175 Trajani
428 5107 598 5152 anno
621 5087 973 5166 incmperit,
1008 5104 1310 5168 moxque,
1332 5088 1436 5150 die
1454 5090 1493 5148 7
1514 5088 1825 5162 Januarii,
1855 5095 2012 5151 teste
2034 5079 2278 5151 Joanne
2301 5088 2551 5161 Malala,
2575 5090 2652 5151 ad
2678 5089 3087 5167 imperatoris
3119 5090 3398 5154 tribunal

132 5199 479 5266 deductus,
514 5209 590 5253 ex
607 5190 776 5252 Actis
805 5189 1069 5251 nonnisi
1097 5189 1288 5251 initio
1321 5189 1555 5251 decimi
1585 5190 1760 5264 anni,
1791 5190 1897 5252 die
1929 5191 2010 5250 20
2043 5191 2416 5252 Decembris
2449 5192 2563 5250 107
2585 5231 2601 5260 ,
2638 5189 2948 5268 martyrio
2995 5188 3257 5251 functus
3289 5190 3395 5264 sit,

131 5302 430 5379 adeoque
481 5295 616 5358 fere
664 5293 913 5372 integro
965 5308 1134 5355 anno
1176 5309 1212 5355 a
1268 5293 1656 5356 satellitibus
1705 5293 1854 5356 hinc
1893 5293 2044 5356 inde
2096 5301 2453 5373 protractus
2501 5292 2736 5368 fuerit,
2809 5301 2877 5355 ut
2919 5309 2955 5355 a
2994 5293 3395 5357 diversarum

133 5403 401 5467 urbium
435 5395 815 5461 Christianis
856 5395 1160 5475 pecunias
1200 5412 1316 5476 pro
1344 5395 1734 5477 alloqucndo
1766 5403 1828 5459 et
1859 5397 2236 5459 deducendo
2281 5395 2529 5474 Ignatio
2561 5395 2990 5458 extraherent.
3022 5397 3175 5457 Acta
3205 5395 3393 5457 etiam

135 5510 438 5573 referunt
454 5522 602 5567 eum
634 5509 768 5583 μετά
797 5507 960 5562 πολὺν
981 5509 1216 5580 κάματον
1244 5503 1580 5584 Smyrnam
1604 5519 1656 5583 ﬂ]

1879 5519 1931 5564 se
1960 5502 2107 5581 (35),
2145 5518 2357 5580 neque
2396 5500 2613 5563 brevis
2641 5506 2760 5578 est,
2803 5515 2994 5579 quam
3027 5497 3400 5564 describunt

211 5684 323 5753 (52)
360 5682 621 5753 Vindicio:
657 5681 952 5753 Ignatmn,
973 5680 1124 5737 Prol.
1151 5698 1281 5738 xxv.
1894 5684 2002 5752 [34)
2026 5681 2093 5753 N.
2121 5684 2177 5749 5,
2204 5681 2259 5750 6,
2286 5682 2339 5740 7.

214 5755 322 5829 \35)
350 5753 512 5823 Corp.
545 5752 765 5824 lgn,,’p.
795 5753 919 5808 286.

676 5752 765 5824 ,’p.
795 5753 919 5808 286.
1893 5753 2002 5826 (εδ)
2039 5752 2104 5810 Ν.
2139 5755 2193 5810 5.
