3852 6210
463 352 582 416 615
1555 339 1613 396 S.
1649 336 1998 398 IGNATIUS.
2025 373 2092 382 —
2119 339 2662 400 PROLEGOMENA.
3614 344 3711 400 616

462 465 738 527 ulterior
785 462 886 525 via
932 477 968 526 a
1013 462 1420 527 sanctissimo
1475 469 1753 542 martyre
1813 479 2072 526 emensa
2125 463 2276 545 (36),
2315 464 2421 527 cui
2468 471 2774 527 consonat
2825 462 3316 544 Chrysostomus
3369 464 3436 525 in
3483 479 3602 526 sua
3653 466 3710 526 in

461 569 523 627 S.
557 563 876 644 Ignatium
907 563 1172 626 homilia
1201 564 1449 635 dicens,
1487 562 1737 624 hostem
1789 571 1982 626 menti

2190 565 2313 627 sius
2343 565 2712 646 Opprimere
2742 565 3024 628 voluisse
3057 575 3244 642 καὶτῷ
3267 575 3416 643 μήκει
3441 577 3542 632 τῆς
3570 567 3711 642 ὁδοῦ,

447 674 544 728 και
582 679 653 746 τῷ
692 673 873 733 πλήθει
897 679 998 728 τῶν
1027 675 1254 749 ἐμσρῶν.
1303 664 1474 728 Hinc
1499 665 1777 746 spatium
1810 667 2116 745 temporis
2147 665 2765 733 sutﬁcientissimum
2798 667 3024 738 adfuit,
3061 673 3132 728 ut
3162 673 3224 727 et
3265 665 3462 728 Roma
3496 671 3563 727 et
3595 667 3717 726 An-

457 768 697 830 tiochia
732 769 996 833 nuntios
1025 770 1363 848 acciperet.
1395 766 1599 844 Adde,
1629 767 1801 850 quod
1833 768 1900 831 in
1934 767 2137 849 priori
2165 785 2313 833 casu
2345 769 2422 833 ad
2455 770 2908 834 revelationem
2958 769 3083 833 sibi
3114 765 3339 832 factam
3370 775 3672 848 provocet
3700 800 3714 838 ε

460 884 532 944 ὡς
560 876 781 940 ἕδηλώθη
815 900 928 953 μοι.

537 977 683 1037 Post
724 975 856 1038 haec
886 973 1165 1037 Cureton
1214 973 1428 1054 quoad
1479 968 1817 1051 epistolam
1864 971 1942 1032 ad
1986 970 2313 1033 Romanos
2360 969 2605 1050 objicit,
2656 986 2792 1034 eam
2827 983 2906 1034 ex
2954 977 3131 1034 textu
3177 967 3396 1034 Graeco
3431 974 3718 1050 Smyrna

457 1077 754 1156 scriptam
791 1077 938 1157 (37).
973 1076 1167 1154 Atqui
1218 1092 1297 1136 ex
1329 1073 1496 1136 Actis
1548 1069 1836 1150 martyrii
1876 1071 2213 1149 Smyrnam
2261 1071 2471 1150 primo
2521 1069 2795 1151 appulit.
2844 1071 3182 1146 Quomodo
3224 1073 3443 1154 itaque
3489 1073 3561 1136 in
3611 1073 3718 1137 hac

458 1180 593 1260 ipsa
625 1176 916 1258 epistola,
952 1176 1111 1238 utin
1142 1176 1361 1238 Grmco
1389 1172 1682 1246 habetur,
1717 1171 2000 1233 scribere
2031 1175 2273 1250 poterat
2303 1171 2594 1234 omnium
2639 1170 2897 1234 urbium
2927 1216 2944 1246 ,
2977 1187 3136 1251 quas
3182 1172 3250 1235 in
3290 1173 3525 1236 itinere
3571 1175 3717 1236 atti-

455 1281 642 1362 gerit,
701 1277 1096 1342 Christianos
1146 1277 1358 1355 ipsum
1403 1287 1654 1337 summa
1704 1288 1850 1335 cum
1892 1272 2196 1335 charitate
2227 1272 2612 1353 suscepisse,
2646 1272 2778 1335 imo
2807 1279 2868 1336 et
2914 1273 3082 1348 illas,
3131 1291 3277 1354 quas
3314 1291 3348 1337 a
3379 1276 3484 1338 via
3518 1275 3718 1337 dista-

457 1383 634 1455 bant,
671 1384 908 1460 legatos
935 1380 1011 1440 ad
1037 1377 1249 1457 ipsum
1285 1376 1582 1438 misisse?
1611 1374 1856 1435 Verum
1889 1380 2023 1435 acta
2055 1391 2184 1436 non
2219 1373 2480 1446 dicunt,
2513 1372 2727 1452 ipsum
2761 1371 2970 1451 primo
3013 1375 3348 1452 Smyrnam
3389 1373 3719 1453 appulisse

455 1488 518 1543 et
549 1478 783 1542 nullibi
814 1488 1020 1542 antea.
1055 1479 1246 1540 Aliud
1276 1477 1574 1557 estquod
1603 1476 1682 1539 de
1733 1476 1848 1540 hac
1897 1481 2056 1542 urbe
2100 1479 2309 1558 primo
2357 1477 2597 1553 dicant,
2648 1477 2862 1557 ipsum
2917 1493 2994 1540 eo
3043 1479 3394 1558 appulisse,
3446 1478 3527 1540 de
3577 1477 3718 1539 aliis

454 1580 708 1643 sileant.
743 1583 900 1644 Cum
929 1581 1103 1643 enim
1146 1588 1394 1642 veteres
1429 1579 1659 1642 itinera
1691 1579 2015 1642 maritima
2047 1580 2258 1643 littora
2292 1586 2637 1658 sequentes
2671 1585 2956 1657 agerent,
2985 1580 3235 1641 nullum
3267 1575 3543 1642 dubium
3581 1592 3716 1638 esse

455 1689 684 1764 potest,
719 1699 866 1744 eum
903 1682 1277 1760 priusquam
1309 1682 1645 1759 Smyrnam
1675 1678 1945 1752 veniret,
1982 1679 2291 1758 plurimas
2319 1678 2478 1741 alias
2512 1678 2704 1740 urbes
2733 1679 2877 1740 navi
2906 1679 3216 1758 attigisse.

535 1787 627 1847 Ex
685 1784 907 1846 eadem
969 1782 1238 1861 epistola
1289 1778 1594 1858 objicitur
1641 1777 2006 1858 Ignatium,
2052 1779 2106 1841 si
2160 1779 2364 1844 textui
2408 1786 2628 1842 nostro
2683 1778 2837 1841 fides
2878 1779 3284 1855 concedatur,
3339 1777 3605 1854 dicere,
3652 1793 3715 1840 se

455 1885 745 1966 proxime
785 1885 1048 1943 Romam
1087 1890 1455 1951 venturum,
1491 1894 1634 1940 cum
1669 1884 1881 1940 tamen
1913 1895 1988 1940 ex
2028 1880 2184 1942 actis
2214 1887 2459 1942 certum
2499 1877 2602 1954 sit,
2637 1895 2782 1941 eum
2832 1893 3050 1941 mense
3081 1879 3416 1941 Decembri
3465 1895 3546 1942 eo
3577 1896 3716 1958 per-

455 1985 749 2057 venisse;
793 1982 924 2042 haec
963 1996 1112 2041 vero
1145 1977 1412 2058 epistola
1444 1994 1662 2038 mense
1695 1977 1968 2056 Augusti
2001 1993 2069 2039 se
2098 1976 2400 2058 scriptam
2449 1977 2805 2041 conﬁrmet.
2851 1986 2934 2051 At
2977 1978 3031 2039 si
3068 1978 3427 2042 accuratius
3476 1978 3716 2057 legatur

454 2093 690 2158 textus,
729 2081 979 2146 videbis
1022 2083 1340 2160 lgnatium
1381 2095 1508 2140 non
1557 2079 1646 2140 ita
1681 2077 1882 2159 loqui,
1915 2079 2024 2140 sed
2058 2079 2121 2142 id
2164 2081 2564 2142 committere
2602 2081 2925 2155 Romanis,
2979 2089 3052 2144 ut
3102 2081 3279 2162 Syris
3303 2125 3321 2154 ,
3354 2081 3469 2162 qui
3501 2082 3708 2161 ipsum

455 2197 715 2256 Romam
765 2191 1240 2268 praecesserant,
1289 2182 1690 2256 nuntiarent,
1743 2199 1899 2246 sane
1956 2189 2294 2263 postquam
2342 2181 2586 2245 litteras
2636 2198 2786 2244 suas
2839 2181 2992 2244 istas
3036 2183 3451 2262 accepissent,
3505 2183 3710 2264 ipsum

455 2309 605 2356 mox
645 2299 1016 2363 venturum,
1051 2285 1297 2348 scilicet
1337 2297 1487 2346 mox
1524 2281 1860 2363 epistolam
1901 2297 2083 2343 suam
2116 2287 2516 2344 secuturum.
2563 2280 2959 2361 Responderi
3010 2281 3198 2344 etiam
3250 2283 3461 2362 potest
3503 2283 3706 2364 ipsum

453 2401 607 2454 tunc
635 2403 953 2470 sperasse,
983 2403 1054 2448 se
1085 2402 1198 2465 per
1228 2383 1394 2446 viam
1427 2382 1810 2445 maritimam
1839 2380 2200 2444 breviorem
2245 2380 2510 2442 ductum
2555 2379 2637 2442 iri
2665 2402 2681 2456 ;
2716 2391 2936 2461 postea
2973 2398 3123 2445 vero
3178 2387 3345 2446 terra
3375 2401 3493 2464 per
3513 2388 3714 2448 Mace-

450 2492 708 2555 doniam
741 2488 1015 2570 longiori
1040 2487 1273 2550 itinere
1294 2503 1328 2547 a
1359 2485 1734 2547 custodibus
1763 2482 1964 2545 fuisse
1988 2482 2362 2545 deductum.
2409 2483 2728 2562 Denique,
2762 2481 2879 2546 hac
2921 2492 2985 2546 et
3014 2479 3081 2544 in
3115 2485 3502 2561 praecedenti
3548 2487 3708 2565 Obje-

451 2593 664 2657 ctione
694 2591 875 2652 nullo
898 2588 1049 2668 jure
1072 2585 1260 2648 nobis
1284 2593 1421 2647 acta
1452 2582 1740 2662 martyrii
1788 2588 2147 2662 Opponunt,
2182 2597 2327 2644 cum
2362 2581 2494 2644 hmo
2537 2582 2674 2661 ipsa
2709 2582 3045 2662 epistolam
3085 2585 3164 2646 ad
3200 2585 3524 2648 Romanos
3559 2585 3709 2648 inte-

451 2711 627 2775 grain
659 2708 736 2754 ex
764 2699 981 2753 nostra
1018 2687 1223 2750 forma
1269 2685 1684 2760 contineant,
1735 2686 2029 2766 adeoque
2064 2682 2191 2746 nisi
2227 2683 2650 2766 sibimetipsis
2688 2686 3133 2749 contradicere
3185 2686 3383 2762 velis,
3449 2687 3707 2751 minime

452 2796 655 2858 textui
691 2805 910 2854 nostro
942 2790 1266 2853 contraria
1297 2804 1440 2850 esse
1472 2786 1724 2866 possint

527 2893 689 2968 Quae
713 2891 794 2953 de
825 2887 1268 2969 magnitudine
1299 2885 1503 2948 stella;
1526 2902 1672 2965 qum
1711 2883 1914 2965 Magis
1947 2886 2269 2965 apparuit,
2322 2886 2393 2948 in
2438 2886 2707 2966 epistola
2751 2887 2829 2950 ad
2873 2888 3188 2968 Ephesios
3229 2891 3552 2956 celebrata
3577 2937 3594 2966 ,
3635 2895 3707 2955 de

451 2995 821 3078 prolixitate
851 2993 1140 3075 ejusdem
1175 2991 1464 3072 epistolas
1511 3002 1703 3069 atque
1757 2989 2024 3050 alterius
2078 2988 2279 3052 libelli
2327 2987 2798 3069 promissione,
2840 2987 3270 3054 nihilominus
3294 2992 3360 3054 in
3399 2992 3547 3074 ejus
3596 2996 3708 3058 line

448 3098 634 3171 facta,
665 3097 745 3159 de
776 3111 1008 3174 magno
1037 3093 1307 3156 fratrum
1339 3091 1642 3154 comitatu
1679 3091 1957 3167 aliisque
1995 3091 2312 3170 ejusmodi
2361 3108 2489 3153 non
2527 3090 2682 3153 satis
2728 3109 2873 3153 cum
2913 3091 3414 3155 circumstantiis
3449 3111 3707 3174 compo-

451 3196 707 3270 nendis,
746 3196 825 3258 de
861 3196 1122 3258 nomine
1160 3196 1401 3275 Gtopo'pov
1443 3190 1636 3272 (quod
1680 3200 1889 3253 tamen
1931 3194 2130 3271 Syrus
2165 3193 2304 3271 ipse
2335 3192 2572 3276 habet),
2623 3193 2702 3256 de
2741 3191 2955 3274 phrasi
3013 3195 3122 3256 illa
3174 3195 3442 3258 Paulum
3487 3204 3539 3259 tu
3576 3205 3707 3276 «to,

452 3295 701 3381 ἕκιστολῇ
740 3298 1166 3378 Ephesiorum
1207 3295 1604 3367 meminisse,
1635 3293 2067 3373 objiciuntur,
2101 3291 2392 3355 conferas
2433 3294 2852 3356 Pearsonium
2901 3293 3454 3359 suﬂicientissime
3504 3297 3707 3361 disse-

453 3412 700 3467 rentem
736 3401 884 3484 (38).

1998 3501 2078 3562 Vl
2088 3501 2166 3563 ll.

1409 3609 1727 3669 Memento
1759 3626 1836 3667 ex
1875 3607 2366 3669 auctoritatibus
2409 3607 2757 3688 desumpta.

525 3739 804 3803 Multum
841 3742 907 3805 in
935 3737 1056 3801 hoc
1083 3737 1395 3799 insistunt
1423 3737 1799 3812 adversarii,
1839 3737 2014 3816 quod
2065 3741 2277 3799 textus
2319 3739 2520 3798 nostri
2557 3737 2810 3801 nullum
2844 3747 3144 3820 suppetat
3172 3742 3525 3824 vestigium
3573 3750 3710 3806 ante

449 3845 715 3910 Eusebii
751 3853 1056 3923 tempora,
1091 3860 1235 3904 cum
1273 3843 1408 3902 loca
1439 3841 1762 3920 lgnatiana
1801 3841 1878 3902 ab
1905 3841 2148 3902 Irenaeo
2189 3847 2252 3902 et
2286 3840 2580 3920 Origene.
2597 3856 2727 3903 non
2757 3840 2882 3904 alia
2911 3843 3300 3923 allegentur,
3330 3864 3530 3926 quam
3565 3865 3704 3927 quas

449 3948 519 4009 in
554 3954 730 4008 textu
762 3944 1022 4024 Syriaco
1055 3944 1396 4006 habentur.
1429 3945 1565 4005 lmo
1597 3944 1941 4024 Origenem
1975 3945 2215 4006 directe
2248 3943 2434 4006 nobis
2459 3945 2820 4020 adversari,
2855 3947 3136 4011 Cureton
3167 3949 3400 4012 exinde
3449 3952 3711 4030 probare

448 4048 690 4121 studet,
721 4048 891 4126 quod
921 4047 987 4107 in
1029 4047 1184 4108 .ibro
1223 4055 1353 4126 Περὶ
1391 4052 1579 4126 ἀρχῶν
1614 4047 1783 4108 dicat
1843 4064 1969 4109 voci

2194 4055 2412 4127 ὡματον
2438 4046 2511 4108 in
2544 4046 2730 4110 libris
2771 4048 3283 4111 Christianorum
3336 4050 3544 4112 sacris
3593 4066 3715 4111 non

448 4163 812 4211 occurrere.
847 4146 1207 4226 Appellotio
1258 4156 1551 4230 ἀσωμάτου
1574 4193 1594 4223 ,
1646 4151 1780 4212 huic
1828 4153 2020 4213 verba
2051 4161 2204 4213 sunt
2249 4151 2589 4230 Origenis,
2630 4167 2762 4212 non
2788 4150 2996 4213 solum
3033 4153 3208 4231 apud
3251 4153 3492 4215 multos
3531 4152 3708 4224 alios,

448 4268 662 4311 verum
697 4249 882 4310 ctiam
911 4251 1084 4327 apud
1103 4261 1357 4312 nostros
1391 4254 1745 4330 scripturas
1779 4263 1868 4314 est
1899 4254 2207 4314 inusitata
2235 4262 2290 4313 ct
2317 4253 2667 4330 incognita.
2695 4253 2768 4314 Si
2791 4271 2938 4314 vero
2970 4255 3113 4334 quis
3141 4253 3292 4316 velit
3324 4253 3518 4315 nobis
3551 4271 3711 4332 pro-

455 4348 614 4425 {erro
654 4371 734 4412 ea:
776 4351 888 4414 illo
919 4351 1150 4425 libello,
1185 4357 1294 4434 qui
1332 4357 1510 4417 Petri
1539 4357 1859 4418 Doctrina
1897 4357 2285 4436 appellatur,
2311 4356 2424 4418 ubi
2459 4358 2756 4419 Salvator
2797 4359 3050 4421 videtur
3094 4359 3178 4421 ad
3212 4357 3577 4436 discipulos
3624 4357 3714 4418 di-

448 4473 582 4516 cere
609 4476 629 4515 :
653 4455 798 4517 Non
827 4474 962 4516 sum
998 4456 1367 4518 domomum
1397 4459 1878 4538 incorporeum;
1907 4462 2113 4540 primo
2145 4461 2644 4539 respondendum
2675 4471 2761 4523 est
2797 4463 2875 4533 ci,
2909 4463 3206 4542 quoniam
3234 4461 3342 4523 ille
3369 4460 3534 4523 liber
3555 4465 3715 4524 inter

449 4554 646 4617 libros
674 4554 1125 4618 ecclesiasticos
1149 4573 1280 4617 non
1304 4557 1602 4626 habetur;
1634 4568 1689 4620 et
1729 4561 2180 4625 ostendendum
2217 4563 2370 4641 quia
2404 4579 2604 4642 neque
2625 4562 2800 4624 Petri
2842 4572 2931 4624 est
2960 4565 3102 4643 ipsa
3134 4565 3489 4642 scriptura,
3522 4581 3712 4644 neque

445 4656 712 4718 alterius
745 4657 1132 4736 cujusquam,
1163 4660 1275 4739 qui
1300 4660 1556 4738 Spiritu
1587 4661 1704 4723 Dei
1725 4663 1928 4742 fuerit
1968 4665 2352 4743 inspiratus.
2382 4665 2602 4744 Atqui,
2634 4665 2724 4727 ait
2761 4666 3066 4742 Cureton,
3103 4665 3395 4746 lgnatius
3419 4683 3709 4747 receptus

447 4755 566 4818 hac
601 4757 739 4833 ipsa
775 4773 924 4819 voce
965 4763 1166 4820 utitur
1195 4758 1318 4838 (39)
1352 4767 1414 4822 et
1449 4777 1519 4823 se
1562 4771 1632 4826 ut
1660 4763 2041 4843 inspiratum
2078 4765 2241 4845 gerit
2271 4763 2417 4846 (100).
2451 4767 2617 4844 Ergo
2657 4767 2972 4846 Origenes
3005 4785 3154 4831 eum
3190 4784 3303 4846 pro
3342 4767 3709 4830 authentico

449 4857 761 4936 scriptore
796 4875 924 4919 non
957 4862 1214 4937 agnovit
1249 4861 1346 4921 vel
1378 4862 1646 4924 omnino
1681 4881 1810 4925 non
1845 4865 2049 4927 novit.
2085 4866 2252 4940 Quis
2285 4883 2437 4928 vero
2466 4867 2688 4940 nescit,
2718 4866 2896 4930 aliud
2927 4885 3093 4942 esse,
3127 4867 3517 4946 inspiratum
3545 4884 3707 4930 esse.

449 4957 627 5021 aliud
659 4959 806 5021 hinc
834 4959 982 5021 inde
1009 4960 1222 5041 aliqua
1257 4965 1646 5027 revelatione
1668 4966 1887 5028 divina
1921 4968 2096 5029 frui?
2127 4969 2443 5047 Origenes
2473 4969 2791 5047 lgnatium
2815 4969 3070 5032 certauit
3102 4987 3182 5030 ex
3210 4968 3380 5031 Petri
3407 4969 3705 5031 Doctrina

449 5064 887 5143 desumpsisse
948 5065 1059 5127 illa
1088 5068 1279 5129 verba
1310 5069 1547 5129 Christi
1585 5093 1598 5130 :
1641 5069 1792 5132 huic
1841 5089 1965 5133 non
2000 5079 2134 5134 erat
2169 5072 2547 5152 allegandus
2581 5074 2890 5151 lgnatius.
2941 5073 3054 5136 sed
3109 5073 3300 5151 liber,
3359 5089 3551 5152 quem
3598 5089 3706 5151 pro

452 5168 709 5230 illorum
749 5177 1007 5230 auctore
1037 5169 1338 5249 originali
1391 5173 1688 5236 habebat.

520 5295 634 5377 es
663 5295 821 5377 εειίιεη
850 5311 904 5350 η-
934 5296 988 5353 δ-

2182 5301 2452 5377 ροσςυχῶν
2655 5301 2724 5357 Et
2764 5317 2951 5377 revera
2986 5301 3239 5377 Epistula
3257 5300 3412 5377 Pauli
3441 5300 3510 5377 ad
3537 5298 3703 5377 Ephe-

545 5364 633 5448 ΞΞ)
758 5367 843 5448 w-
904 5435 963 5448 ,η
1028 5439 1058 5448 η
1234 5437 1263 5448 η
1303 5437 1364 5448 η
1428 5435 1478 5448 η
1515 5439 1548 5448 __
1957 5440 1971 5448 _
2125 5364 2237 5448 sies
2266 5364 2404 5428 duas
2437 5364 2982 5448 prolixas_oragio_t1es
3016 5364 3115 5442 pro
3145 5373 3397 5448 Ephesiis
3427 5372 3511 5448 ait
3539 5364 3698 5448 Deum

522 5434 807 5517 (58LPart.
835 5451 869 5489 ll
904 5435 1205 5517 γεννηθεὶς.
1233 5437 1382 5492 8—12.
1428 5435 2023 5517 Melius_tamet_i_verb§
2123 5443 2358 5517 directas
2403 5434 2643 5498 continet
2675 5446 2738 5511 (ι,
2771 5441 2954 5517 16-25,
2990 5434 3165 5517 e't_n|,
3192 5434 3701 5517 '15_-_2l).‘Quod_tt

450 5505 540 5588 illa
567 5525 578 5559 :
904 5507 1162 5588 ξπιστολῇ
1193 5510 1527 5588 μγημρνεέει.
1545 5511 1697 5588 ὑμτῷν
1726 5514 1786 5588 sv
1808 5513 1971 5588 Xpto":

2177 5528 2198 5566 a
2233 5516 2624 5588 interpretatur
2669 5505 3030 5588 interpolator
3058 5505 3350 5588 his'verbis
3381 5505 3398 5565 ἑ
3416 5505 3538 5588 ’Ὃς
3574 5509 3698 5562 πάν-

484 5576 637 5644 θησοῑ
671 5576 825 5645 (Eph.
854 5576 949 5700 1:22
985 5595 1090 5630 non
1133 5576 1204 5632 de
1244 5576 1401 5632 laude
1435 5576 1681 5646 Ephesiis
1731 5576 2005 5650 impertita

495 5656 533 5698 -.~t
584 5649 650 5697 t'e
688 5651 1027 5702 orationnus
1055 5650 1288 5709 Apostoli
1313 5666 1674 5709 exponemus.
1717 5651 1811 5705 Est
1851 5658 1997 5706 matri

1978 5576 2024 5646 ρι’,
2123 5600 2244 5636 τοτε
2273 5586 2328 5636 ὲν
2357 5576 2473 5647 ’ἑαῖς
2500 5584 2746 5656 δεήσεσιν
2776 5576 2939 5636 αὖτοῦ
2969 5583 3295 5655 μνημονεύει
3329 5579 3499 5653 ὑμῶν.

1983 5658 2029 5706 i-
2198 5654 2309 5709 (39)
2342 5653 2562 5709 varn.
2597 5657 2652 5709 3.

479 5663 533 5698 ς-ει
584 5663 650 5697 ιἰτ
688 5663 1027 5702 orationibus
1055 5663 1288 5708 Apostnlt
1313 5666 1674 5708 exponemus.
1717 5663 1811 5705 Est
1851 5663 1997 5706 mani

1131 5663 1288 5702 osum
1313 5666 1674 5708 exponemus.
1717 5663 1811 5705 Est
1851 5663 2029 5706 mani-
2198 5663 2309 5708 (59)
2342 5663 2562 5708 Stnvrn.
2597 5663 2651 5708 ὅ.

477 5656 533 5698 nt
584 5654 650 5697 μετ
688 5654 1027 5702 orationibus
1055 5654 1288 5717 Apostoli
1313 5666 1376 5702 ex
1420 5666 1674 5704 oncmtts.
1717 5654 1811 5705 Est
1851 5668 1971 5706 man

450 5716 808 5797 t:-~ta_allusiit
837 5719 902 5797 :tld
930 5719 1056 5797 illud
1105 5717 1237 5797 Epit.
1270 5735 1308 5797 t_.
1344 5667 1450 5797 [ἕξ
1485 5720 1561 5774 οὐ
1592 5720 1834 5797 impulsa}
1867 5723 1971 5797 spx}

2198 5654 2309 5724 (39)
2342 5654 2652 5779 Smivrnﬂ’i.
2974 5654 2981 5655 ⁷
3086 5654 3092 5655 ⁷

2198 5723 2309 5797 (ιο)
2341 5723 2438 5797 flii
2467 5765 2480 5780 .
2513 5723 2808 5797 7._Addere
2845 5725 3110 5796 potuisset
3155 5721 3292 5797 Eph.
3334 5722 3424 5792 20,
3452 5719 3616 5776 Trall.
3644 5717 3692 5781 8,

451 5788 643 5840 θεατῶν
677 5785 821 5856 ὑπὲρ
854 5787 1026 5858 ὑμῶν,
1064 5785 1252 5857 μνέξαν
1280 5788 1433 5860 ὑμῶν
1458 5785 1774 5862 ποιούμενός
1805 5793 1896 5846 ἐπὶ
1922 5785 2030 5849 ἐῶν
2127 5785 2309 5866 Ροίγςξ
2340 5795 2383 5848 7
2577 5793 2582 5798 ’
