3852 6210
124 324 229 380 617
838 327 926 382 DE
963 327 1430 386 INTEGRITATE
1462 329 1740 388 TEXTUS
1777 331 2067 388 RECEPTI
2108 333 2254 388 EPP.
2294 334 2348 388 S.
2379 333 2658 390 IGNATII.
3281 343 3382 398 6l3

204 451 430 528 Neque
451 455 904 528 argumentum
934 467 968 512 a
999 451 1261 513 silentio
1296 453 1706 531 desumptum
1745 453 2051 516 sustineri
2084 455 2314 531 poterit
2342 478 2358 529 ;
2395 454 2629 517 sufﬁcit
2658 459 2858 534 enim,
2883 467 2952 521 ut
2982 460 3382 538 applicentur

121 548 226 610 hic
255 559 635 628 argumenta
661 567 694 611 a
723 550 828 611 Pol
835 567 1070 629 ycarpo
1104 556 1166 612 et
1195 551 1537 628 Peregrina
1572 551 1838 613 Luciani
1877 555 2232 632 desumpta,
2259 573 2402 633 quae
2433 556 2686 635 egregie
2745 574 2778 620 a
2824 560 3170 622 Pearsonio
3209 563 3382 624 evol-

119 658 370 711 vuntur
403 650 550 730 (Μ).
597 653 757 712 Nam
801 651 1193 728 Polycarpus
1225 650 1290 710 in
1324 667 1437 711 sua
1463 651 1539 712 ad
1575 649 2012 730 Philippenses
2045 652 2312 730 epistola
2338 651 2559 730 plures
2591 670 2779 732 quam
2819 663 2945 716 tres
2975 658 3205 737 lgnatii
3236 661 3379 738 epi-

116 751 316 813 stolas
347 752 676 831 supponit.
713 759 816 818 Τάς
845 759 1130 818 ἐπιστολὰς
1160 751 1446 830 Ἰγνατίσυ,
1481 752 1590 826 ﬂii,
1626 779 1637 812 1

1860 760 2072 831 φθάσας
2111 762 2235 832 ἡμῖν
2280 753 2375 814 ὑπ’
2405 759 2595 829 αὐτοῦ,
2647 764 2733 814 καὶ
2755 756 2937 829 ἄλλας,
2971 760 3103 824 ὅσας
3157 762 3381 838 εἴχομεν

113 854 232 934 παρ’
275 863 427 934 ἡμῖν,
473 860 778 936 ἐπέμψαμεν
811 862 958 935 ὑμῖν.
996 857 1145 917 Ηῶϐ
1181 857 1372 917 verba
1414 855 1633 934 duplic

1853 856 2133 934 pistulam
2185 855 2263 916 ad
2306 855 2723 936 Polycarpum
2765 864 2828 919 et
2880 873 3034 920 suos
3093 860 3374 932 missam,

117 970 315 1031 porro
352 956 577 1018 saltem
605 958 765 1019 duas
800 957 957 1018 alias
987 961 1386 1035 supponunt.
1420 955 1556 1017 lmo
1585 963 1800 1035 aperte
1829 957 2115 1018 innuuut
2144 957 2480 1034 epistolam
2512 957 2588 1016 ad
2615 959 3001 1036 Smyrnmos,
3037 977 3230 1040 quam
3261 977 3377 1039 pro

112 1056 316 1118 notha
356 1059 698 1120 traducunt
747 1058 1120 1120 adversarii.
1147 1060 1342 1120 Porro
1372 1075 1517 1138 qua;
1537 1058 1616 1120 de
1640 1057 1902 1121 materia
1931 1057 2344 1136 epistularum
2368 1075 2402 1120 a
2433 1056 2778 1136 Polycarpo
2808 1058 3112 1123 dicuntur
3145 1083 3160 1123 :
3197 1068 3376 1144 περιί-

111 1179 284 1229 χουσι
310 1165 496 1218 πίστιν
524 1162 611 1218 καὶ
638 1165 902 1238 ὑπομονὴν
935 1166 1023 1218 καὶ
1046 1168 1220 1218 πᾶσαν
1254 1160 1540 1237 οἰκοδομήν
1561 1167 1656 1221 τήν
1685 1167 1761 1224 εἰς
1787 1163 1876 1217 τὸν
1907 1163 2097 1237 Κύριον
2127 1165 2274 1236 ἡμῶν
2313 1165 2628 1232 ἀνήκουσαν,
2659 1159 2815 1235 hth,
2846 1160 3134 1239 inquam,
3166 1160 3234 1222 in
3262 1165 3378 1241 Sy-

112 1258 364 1318 riacum
406 1266 647 1321 textum
681 1261 898 1322 minus
929 1260 1264 1338 quadrant,
1296 1260 1412 1342 qui
1440 1257 1575 1321 fere
1624 1259 1788 1320 nihil
1818 1259 1897 1321 de
1935 1257 2057 1319 ﬁde
2092 1259 2399 1322 continet.
2437 1261 2594 1334 Qum
2623 1261 2694 1322 in
2729 1278 2920 1324 suum
2960 1262 3375 1342 Peregrinum

110 1363 190 1424 ab
220 1362 481 1440 lgnatio
516 1363 843 1426 transtulit
874 1363 1196 1426 Lucianus
1219 1365 1438 1443 plures
1468 1361 1658 1424 etiam
1683 1359 1982 1438 epistolas
2013 1367 2411 1440 supponunt,
2459 1379 2651 1441 quam
2693 1380 2838 1441 qum
2867 1363 2934 1424 in
2966 1364 3226 1442 Syriaco
3263 1365 3374 1426 ha-

112 1464 352 1525 bentur
385 1486 401 1525 :
441 1473 574 1525 Φασὶ
619 1467 700 1535 δὲ,
748 1463 834 1526 ait
867 1463 1014 1544 (ἷιὲ),
1055 1471 1253 1530 πάσαις
1290 1465 1490 1542 σχέδον
1544 1473 1661 1522 ταῖς
1705 1462 1932 1528 ἐνδόξοις
1975 1464 2189 1522 πόλεσιν
2219 1467 2497 1520 ἐπιστολὰς
2539 1464 2826 1540 διαπέμψαι
2857 1471 3053 1537 αὐτὸν,
3111 1468 3368 1535 διαθήκας

104 1573 259 1628 τινὰς
291 1577 381 1628 καὶ
404 1575 743 1648 παραινέσεις
778 1576 866 1628 καὶ
895 1569 1117 1646 νόμους.

182 1697 617 1760 Conferantur
642 1712 834 1776 porro
863 1697 1000 1760 loca
1023 1696 1346 1776 parallela,
1377 1713 1523 1776 quae
1545 1713 1623 1757 ex
1643 1694 1750 1756 Pol
1759 1711 2017 1776 ycarpo,
2048 1697 2888 1775 Peregrino,Chrysostomo
2911 1699 3056 1778 (ω),
3081 1700 3366 1764 Athana-

103 1801 198 1862 sio
239 1799 393 1880 (ω),
435 1799 617 1861 aﬂ'ert
665 1798 1096 1875 Pearsonius;
1156 1797 1522 1860 conferatur
1548 1797 1728 1859 locus
1785 1796 2134 1859 Clementis
2185 1797 2604 1861 Alexandrini
2662 1799 2759 1861 vel
2793 1799 3011 1879 potius
3057 1801 3367 1864 Theodoti

102 1897 552 1961 Valentiniani
577 1899 746 1976 apud
779 1898 1172 1959 Clementem
1204 1896 1274 1956 in
1297 1896 1574 1974 Eclogis,
1605 1911 1734 1974 quo
1762 1894 2079 1973 Ignatium
2109 1894 2398 1958 imitatur
2421 1896 2566 1976 (A5).
2603 1897 3029 1960 Conferantur
3057 1901 3364 1981 denique,

101 2017 247 2082 quae
276 2019 358 2063 ex
389 1997 981 2063 Constitutionibus
1013 1993 1635 2076 pseudoapostolicis
1669 1993 1881 2055 attulit
1919 1994 2058 2073 ipse
2104 1993 2349 2057 Ritschl
2397 1995 2544 2074 (A6),
2585 2015 2665 2058 ex
2695 1997 2948 2076 lgnatio
2999 1998 3363 2081 desumpta,

102 2104 386 2182 plurima
421 2100 846 2180 reperientur,
889 2116 1035 2178 quae
1064 2113 1193 2159 non
1239 2097 1369 2158 nisi
1400 2113 1478 2158 ex
1512 2100 1732 2157 nostro
1768 2103 1946 2157 textu
1978 2096 2231 2158 desumi
2272 2104 2646 2175 potuerunt.

175 2205 342 2265 Cum
384 2217 539 2262 vero
572 2208 660 2263 tot
690 2217 761 2262 ac
797 2208 988 2261 tantaa
1036 2199 1166 2260 sint
1193 2197 1628 2273 auctoritates,
1675 2215 1820 2277 qua;
1864 2205 2156 2260 nostrum
2210 2204 2454 2261 textum
2509 2206 2831 2276 tueantur,
2881 2202 3058 2265 nulla
3095 2205 3364 2268 omnino

97 2311 213 2375 est,
251 2322 404 2384 quze
435 2305 596 2382 Syro
634 2303 968 2366 Curetonii
1001 2302 1275 2380 positive
1304 2300 1512 2363 faveat
1560 2302 1830 2380 ejusque
1863 2302 2202 2364 lectionem
2253 2311 2582 2382 sequatur.
2617 2306 2837 2384 Neque
2868 2304 2988 2367 hoc
3016 2323 3363 2386 argumen-

98 2413 230 2465 tum
264 2422 303 2466 a
343 2403 610 2466 silentio
631 2405 1045 2482 desumptum
1071 2403 1338 2464 omnino
1363 2403 1732 2482 negativum
1766 2411 1882 2466 est.
1917 2407 2069 2465 Nam
2095 2404 2475 2467 incredibile
2507 2406 2774 2468 omnino
2806 2413 2922 2481 est,
2958 2414 3046 2470 tot
3082 2412 3356 2486 saaculis,

95 2510 264 2570 inter
305 2515 397 2570 tot
428 2508 659 2587 lgnalii
693 2508 1050 2578 citationes,
1086 2507 1327 2569 nullam
1367 2507 1560 2586 plane
1621 2508 1918 2586 reperiri,
1949 2525 2093 2587 qum
2154 2515 2396 2570 textum
2456 2488 2772 2588 ejusmodi
2820 2511 3099 2590 proferat
3149 2515 3358 2593 qualis

94 2613 156 2673 in
197 2613 338 2673 illis
372 2613 782 2674 collectaneis
814 2611 1093 2690 Syriacis
1131 2613 1341 2686 adest;
1395 2611 1481 2672 ita
1527 2618 1597 2672 ut
1659 2619 1784 2673 tota
1823 2611 2172 2673 adversarii
2205 2627 2395 2673 causa
2438 2621 2668 2691 prmter
2717 2614 3000 2676 rationes
3042 2617 3356 2694 quasdam

93 2715 386 2777 internas
419 2716 722 2777 omnibus
747 2715 956 2776 modis
996 2722 1298 2777 nutantes
1349 2722 1544 2794 atque
1599 2713 1878 2776 incertas
1913 2715 2124 2793 plane,
2164 2715 2477 2778 innitatur
2512 2720 2954 2780 tantummodo
2993 2719 3355 2782 auctoritati

94 2818 214 2879 viri
249 2818 523 2881 omnino
554 2819 781 2898 ignoti,
819 2820 898 2882 de
928 2836 1056 2898 quo
1089 2837 1169 2881 ne
1210 2820 1470 2899 quidem
1503 2819 1762 2898 probari
1789 2819 2049 2898 poterit,
2081 2820 2251 2898 quod
2277 2837 2465 2880 suum
2507 2827 2748 2882 textum
2782 2821 3139 2899 genuinum
3170 2823 3356 2900 Igna-

90 2922 255 2983 tium
287 2938 434 2984 esse
465 2921 619 2985 velit
652 2930 712 2986 et
741 2931 1031 2986 testetur.

164 3049 354 3120 Quod
391 3065 544 3110 vero
577 3049 838 3111 maximi
873 3058 968 3112 est
1003 3049 1334 3126 momenti,
1361 3050 1480 3131 ipsi
1513 3049 1682 3131 Syri,
1717 3067 1881 3131 quos
1915 3050 2236 3130 duplicem
2272 3049 2580 3112 exsistere
2612 3050 2931 3128 Ignatium
2959 3050 3182 3130 fugere
3223 3067 3353 3113 non

85 3153 452 3228 potuisset;
511 3151 644 3212 imo
689 3151 816 3230 ipsi
848 3151 1338 3232 Menephysitaa,
1384 3169 1548 3233 quos
1570 3161 1789 3216 noster
1827 3153 2114 3233 lgnatius
2147 3169 2275 3214 non
2311 3151 2526 3213 minus
2563 3168 2755 3230 quam
2788 3151 2890 3212 sui
2935 3151 3054 3213 αδνὶ
3085 3153 3353 3212 Docetas

80 3251 364 3336 jugulat,
398 3252 609 3330 ipsum
635 3258 1014 3331 agnoscunt,
1042 3253 1230 3314 toties
1255 3251 1380 3315 sibi
1403 3253 1721 3332 objectum
1747 3269 1877 3315 non
1898 3252 2217 3332 rejiciunt,
2241 3251 2372 3312 imo
2396 3259 2464 3313 ut
2489 3252 2864 3314 auctoritate
2890 3249 3031 3331 ipso
3055 3257 3352 3329 utuntur,

87 3371 233 3416 cum
269 3353 460 3415 facile
515 3352 751 3414 fuisset
787 3353 865 3414 ad
905 3351 1268 3415 breviorem
1303 3358 1570 3426 textum,
1605 3351 1718 3430 qui
1770 3353 2154 3430 paucissima
2197 3350 2358 3430 ipsis
2415 3351 2729 3413 contraria
2783 3351 3086 3424 continet,
3122 3365 3355 3431 provo-

89 3472 260 3518 care.
300 3455 394 3515 Ex
427 3453 758 3516 codicibus
809 3451 1086 3531 Syriacis
1123 3452 1264 3531 ipse
1295 3451 1574 3513 Cureton
1632 3452 1763 3514 loca
1799 3450 2071 3512 extraxit
2104 3447 2344 3519 Severi,
2385 3447 2772 3509 Antiocheni
2821 3449 3197 3527 patriarcha
3237 3465 3355 3509 saa-

87 3558 218 3620 cult
263 3576 330 3625 ν.
363 3555 478 3634 qui
505 3553 570 3614 in
604 3552 937 3632 allegando
958 3551 1206 3630 lgnatio
1237 3551 1455 3614 critice
1502 3551 1693 3612 etiam
1726 3549 2017 3630 procedit
2077 3548 2225 3628 (ῐιἾ),
2271 3546 2618 3621 Timothei,
2667 3547 3041 3624 patriarcha;
3077 3548 3349 3609 Alexan-

87 3659 256 3721 drini
287 3655 515 3718 seaculi
547 3673 631 3726 vr,
665 3653 930 3716 Joannis
959 3654 1316 3734 cujusdam,
1343 3654 1663 3727 monachi,
1695 3653 2141 3732 aliorumque;
2167 3657 2319 3712 sunt
2349 3655 2411 3710 et
2441 3648 2579 3711 loca
2610 3649 3023 3723 Theodoreti,
3062 3648 3350 3728 episcopi

90 3757 262 3837 Cyri,
305 3753 659 3834 Ephraamii
711 3752 1121 3826 Antiocheni,
1208 3752 1474 3814 Joannis
1529 3751 1904 3814 Damasceni
1959 3752 2229 3833 ejusque
2280 3750 2584 3831 discipuli
2645 3749 2960 3824 Antonii,
3018 3746 3344 3810 Anastasii

88 3858 504 3933 Antiocheni,
536 3859 651 3919 lhn
686 3857 911 3925 Zobra,
956 3856 1285 3926 Jacobitm,
1319 3854 1644 3918 Anastasii
1676 3854 1936 3917 Sinaitae
1979 3854 2412 3934 aliorumque,
2462 3853 2578 3932 qui
2624 3852 3100 3931 MonOphysitis
3155 3853 3349 3915 etiam

86 3963 408 4043 lgnatium
441 3966 780 4039 apponunt
819 3979 835 4018 :
874 3973 1100 4018 omnes
1151 3963 1396 4018 textum
1438 3963 1730 4018 nostrum
1771 3964 2234 4036 repraesentant
2290 3963 2352 4018 et
2400 3971 2591 4017 nemo
2636 3955 3046 4017 contradixit.
3098 3957 3349 4020 Habent

87 4067 226 4144 Syri
259 4080 588 4129 canonum
645 4059 1128 4132 collectionem,
1181 4075 1375 4138 quam
1424 4065 1568 4120 ante
1599 4058 2122 4121 Nestorianorum
2156 4059 2235 4121 ab
2289 4057 2572 4119 Ecclesia
2600 4057 2954 4118 discessum
2991 4056 3346 4119 confectam

83 4165 289 4227 fuisse
320 4169 598 4242 Oportet,
647 4176 794 4223 cum
826 4160 994 4237 apud
1027 4175 1254 4221 omnes
1296 4157 1724 4219 Orientalium
1757 4165 1960 4220 sectas
1997 4157 2378 4237 reperiatur.
2412 4158 2622 4236 Hujus
2655 4155 2942 4218 codicem
2976 4157 3344 4219 Mediceum

84 4265 304 4328 seculi
355 4282 396 4324 x
435 4262 533 4325 vel
565 4281 637 4323 ιι
667 4260 1114 4323 Renaudotius
1146 4260 1306 4322 vidit
1350 4266 1411 4322 et
1457 4259 1798 4337 descripsit
1847 4259 2008 4339 (AB);
2059 4260 2349 4339 ejusdem
2381 4261 2660 4321 Cureton
2708 4258 2992 4320 codicem
3041 4259 3342 4333 alterum,

87 4365 238 4426 olim
271 4362 690 4433 Benaudotii,
723 4369 863 4441 post
894 4378 1047 4423 vero
1083 4364 1144 4423 S.
1181 4361 1487 4422 Germani
1522 4363 1600 4423 de
1632 4361 1856 4432 Pratis,
1890 4361 2183 4423 adhibuit
2229 4361 2376 4441 (1&9).
2417 4362 2565 4420 Ηωο
2600 4375 2752 4420 vero
2785 4375 3105 4420 canonum
3139 4359 3339 4420 colle-

87 4468 208 4528 ctio
235 4465 431 4528 effata
452 4464 689 4543 lgnatii
728 4482 807 4526 ex
840 4463 1135 4543 epistolis
1181 4463 1259 4525 ad
1305 4463 1784 4542 Magnesianos,
1828 4461 2214 4535 Trallenses,
2259 4459 2848 4539 Philadelphenses,
2890 4459 3340 4536 Smyrnenses,

85 4568 490 4647 proindeque
524 4573 766 4628 textum
798 4571 1092 4627 nostrum
1145 4563 1426 4626 exhibet.
1479 4564 1778 4643 Denique
1827 4563 2206 4635 Ebed-Jesu,
2251 4559 2705 4632 Nestorianus,
2769 4557 3176 4635 metropolita
3226 4560 3340 4618 Sa-

83 4670 322 4740 bensis,
367 4667 485 4747 qui
513 4666 749 4730 saeculo
784 4684 907 4726 xui
937 4673 1239 4738 exeunte,
1289 4683 1401 4729 xw
1440 4665 1706 4728 ineunte
1755 4664 1996 4738 ﬂoruit,
2037 4664 2394 4743 catalogum
2442 4661 2828 4740 scriptorum
2876 4678 3011 4721 sum
3057 4660 3339 4722 nationis

83 4775 435 4830 contexens
467 4768 546 4828 de
577 4767 826 4845 lgnatio
857 4766 992 4827 haec
1013 4765 1204 4827 habet
1238 4764 1358 4844 (50)
1395 4788 1409 4826 :
1446 4765 1744 4825 Damasus
1773 4766 2102 4843 episcopus
2137 4767 2343 4824 Roma:
2373 4764 2630 4841 scripsit
2665 4763 2737 4823 de
2777 4779 2846 4821 re
2875 4761 3020 4841 ﬁdei
3051 4772 3108 4822 et
3140 4782 3330 4822 eano-

82 4890 203 4944 ηις,
237 4879 298 4931 et
349 4869 648 4948 lgnatius
685 4867 1016 4931 similiter.
1051 4872 1424 4932 Sermonem
1479 4871 1586 4931 hic
1635 4887 1774 4932 esse
1802 4871 1880 4932 de
1921 4869 2212 4948 epistolis
2260 4869 2516 4947 Ignatii,
2561 4874 2634 4929 ut
2688 4870 3078 4928 Assemanus
3119 4868 3243 4945 (51)
3277 4878 3340 4930 et

82 4977 412 5040 Fabricius
444 4974 567 5054 (52)
597 4975 968 5047 admittunt,
1000 4975 1287 5037 dubitari
1335 4975 1589 5053 nequit,
1621 4976 1947 5055 siquidem
1981 4983 2042 5036 et
2073 4975 2326 5037 Damasi
2358 4990 2575 5051 opera,
2609 4991 2753 5052 qua:
2793 4989 2939 5034 cum
2980 4973 3332 5050 Ignatianis

85 5080 180 5145 hic
205 5085 716 5166 componuntur,
747 5077 1034 5155 epistolas
1060 5075 1347 5139 fuerunt.
1385 5078 1535 5138 Haac
1562 5095 1739 5149 vero,
1788 5094 1934 5156 qum
1988 5077 2146 5137 dicit
2185 5077 2546 5138 Ebed—Jesu
2601 5074 2670 5135 in
2715 5081 2965 5136 textum
2997 5075 3332 5137 Curetonii

145 5289 256 5354 (41)
278 5285 437 5342 Part.
469 5300 513 5351 ι,
542 5300 592 5340 c.
616 5284 672 5354 2,
706 5285 760 5350 ‘5,
781 5283 833 5338 4.

1803 5280 1918 5354 l6_5,
1945 5280 2032 5334 ed.
2074 5278 2271 5354 Migne.
2304 5277 2666 5354 Cl"._ejusde_m
2705 5272 3062 5354 (Σομςυιὶιιινςθ.
3092 5271 3324 5354 ρνὶεηι.ε

143 5341 254 5427 11Ξῇ
287 5341 357 5410 Ν.
384 5356 472 5410 Η.
497 5341 510 5351 ’
657 5341 672 5354 ’
747 5341 758 5350 ’
1759 5341 2180 5427 ad_[_.iturg._§:_
2223 5341 2466 5427 lgpa_tii,:
2492 5356 2530 5400 t.
2578 5345 2643 5411 ll,
2667 5361 2730 5427 Ρ.
2769 5344 2896 5427 “225:.
2943 5343 3051 5427 ed...
3092 5341 3326 5427 Frugi-2t

143 5411 252 5492 iis;
285 5430 349 5482 c.
383 5427 438 5480 9.

1802 5421 1920 5492 B477.
1950 5411 2098 5492 (ξενίιά
2124 5411 2396 5492 Litt—Joh.
2437 5411 2728 5492 demutet],
2752 5414 2903 5492 ηΖ
2941 5421 2978 5465 t.
3011 5411 3076 5474 ll,
3110 5427 3160 5478 p.
3201 5411 3323 5465 488.

145 5483 253 5566 ωδ
284 5498 348 5551 c.
383 5497 440 5549 3.

1971 5490 2172 5566 Corpus
2211 5487 2354 5566 19m,
2386 5504 2437 5555 p.
2475 5483 2909 5566 197Lg§2,1_5.i‘2.

282 5549 822 5640 Part._ll,_c._10,u.
848 5567 908 5621 3.

2123 5575 2209 5628 ap.
2240 5549 2548 5620 esset-nan”
2572 5554 2710 5609 Bibl.
2742 5549 2973 5618 Orient.,
2999 5561 3034 5607 t.
3065 5549 3154 5617 lll,
3183 5559 3321 5619 part.

142 5631 252 5706 (46')
282 5636 346 5691 P.
383 5637 510 5698 ωδ,
541 5635 667 5700 602,
698 5639 820 5690 eis.

488 5663 510 5698 ι,
541 5635 667 5700 602,
698 5639 820 5690 618.
1759 5647 1795 5693 l,
1831 5631 2009 5706 p.163

142 5699 248 5774 (ιη
288 5707 450 5776 Corp.
489 5706 633 5774 lgn.,
660 5725 716 5776 p.
743 5709 870 5772 215,
897 5707 1052 5761 245..
1272 5774 1281 5776 _
1554 5752 1557 5755 .
1604 5772 1617 5776 _

816 5711 870 5772 '5,
897 5707 1052 5761 245..
1272 5774 1281 5776 _
1554 5752 1557 5755 .
1604 5772 1617 5776 _
1973 5700 2216 5776 incuri.
2257 5699 2337 5755 17.

141 5752 250 5846 iis}
289 5752 716 5847 aetnaea:
742 5752 1107 5846 ῖᾰνίυεῗιῗίχ,
1142 5777 1227 5833 ch.
1267 5774 1314 5842 l,
1348 5782 1387 5829 t.
1421 5772 1504 5843 lll,
1537 5752 1642 5829 col.
1826 5752 1938 5841 {525
1966 5752 2342 5837 murem;
2374 5776 2413 5824 t.
2442 5765 2509 5837 ν,
2546 5766 2682 5837 [1.4.

384 5873 660 5933 Ρηιιοι..
721 5870 839 5931 Gn.
908 5871 983 5930 V.

2931 5855 3009 5918 20
