3852 6210
499 284 602 339 Gl!)
1581 282 1636 338 S.
1675 280 2018 337 IGNATIUS.
2047 312 2113 321 --
2151 280 2679 337 PROLEGOMENA.
3626 285 3729 340 620

501 398 768 458 minime
801 399 1138 477 quadrent,
1182 399 1363 478 cujus
1399 397 1673 474 idipsum
1712 399 2040 477 proprium
2093 407 2210 475 est,
2265 408 2335 460 ut
2379 399 2617 470 omnia,
2654 416 2798 477 quas
2853 398 2930 460 de
2981 399 3098 460 ﬁde
3152 406 3213 462 et
3267 401 3610 480 disciplina
3655 405 3726 462 ab

499 499 748 577 lgnatio
776 498 941 562 dicta
973 509 1144 575 sunt,
1176 500 1502 562 exciderit.

2052 626 2166 688 IX.

489 775 725 851 Syrum
755 775 955 849 illum,
987 777 1096 854 qui
1125 777 1440 855 [gnatium
1476 777 1986 918 Curetoniatzun;
2002 779 2358 936 dﬂescrlipsit,
2401 786 2642 838 textum
2669 781 3072 854 excerpsisse,
3107 781 3216 856 qui
3263 797 3301 836 a
3346 787 3571 837 nostra
3610 797 3733 838 non

1992 877 2007 916 t
2068 875 2166 916 ere
2209 867 2300 921 al.

1992 867 2269 921 tll'ereoal
2283 903 2300 921 .

576 1006 638 1067 Si
672 1005 857 1067 nobis
886 1004 1129 1083 integra
1168 1004 1376 1066 versio
1407 1005 1660 1084 Syriaca
1693 1014 2023 1085 prostaret,
2057 1024 2201 1086 quae
2232 1007 2298 1067 in
2338 1007 2490 1078 illis,
2524 1023 2670 1085 quin
2713 1007 2910 1085 Syrus
2952 1006 3279 1068 Curetonii
3339 1007 3638 1075 retinuit,
3673 1008 3733 1068 in

498 1106 952 1170 vocabulorum
989 1105 1237 1166 delectu
1269 1113 1329 1165 et
1351 1105 1590 1182 ordine
1619 1105 2009 1166 adamussim
2078 1114 2459 1167 consonaret
2483 1123 2627 1167 cum
2667 1106 2828 1183 ipso,
2855 1104 2966 1165 sed
3009 1112 3071 1166 et
3103 1122 3176 1166 ea
3205 1106 3568 1180 exhiberet,
3599 1123 3741 1184 quae

497 1209 623 1288 ipsi
662 1208 917 1277 desunt,
952 1205 1196 1267 nemini
1225 1205 1494 1266 dubium
1536 1214 1914 1279 remaneret,
1956 1206 2456 1268 Curetonianum
2505 1212 2748 1266 textum
2789 1221 2914 1266 non
2955 1205 3078 1266 nisi
3112 1222 3226 1284 pro
3254 1206 3579 1284 excerptis
3629 1206 3740 1266 ha-

501 1308 809 1382 bendum,
867 1322 1010 1367 cum
1069 1301 1400 1366 moraliter
1456 1303 1858 1382 impossibile
1893 1304 1998 1376 sil,
2031 1303 2194 1364 duos
2231 1303 2625 1364 traductores
2665 1304 2751 1363 ita
2782 1319 3183 1370 concurrere.
3235 1317 3305 1364 ut
3352 1302 3730 1364 nullatenus

496 1409 819 1471 differant.
850 1411 1088 1468 Verum
1134 1403 1449 1482 ejusmodi
1483 1404 1694 1465 versio
1731 1404 2066 1483 hucusque
2095 1405 2339 1466 detecta
2370 1421 2498 1466 non
2531 1411 2625 1466 est
2663 1401 2812 1485 (53).

579 1508 797 1570 Nihilo
833 1515 1038 1569 tamen
1074 1505 1286 1566 secius
1323 1505 1492 1565 idem
1529 1504 1993 1582 praestabimus,
2029 1503 2082 1566 si
2112 1504 2507 1584 fragmentis,
2542 1523 2686 1584 quae
2716 1505 2852 1582 ipse
2887 1505 3164 1566 Cureton
3195 1504 3383 1566 nobis
3433 1505 3745 1582 suppedi-

495 1615 606 1683 tat,
635 1617 994 1688 Opportune
1029 1615 1307 1669 utamur.
1342 1607 1500 1666 Sunt
1529 1605 1701 1666 enim
1730 1608 1938 1684 plura,
1971 1624 2116 1686 quas
2145 1609 2218 1669 ad
2253 1608 2518 1668 verbum
2573 1621 2718 1667 cum
2765 1622 2882 1667 suo
2915 1607 3074 1684 Syro
3118 1611 3494 1674 consonant,
3547 1605 3635 1665 ita
3680 1615 3745 1666 ut

495 1720 557 1774 et
585 1713 926 1773 verborum
960 1709 1249 1771 ordinem
1287 1705 1720 1779 retineant,.si
1755 1707 1915 1770 levia
1945 1709 2233 1788 quaadam
2281 1707 2588 1785 excipias,
2642 1724 2787 1785 quaa
2835 1723 2964 1767 non
3002 1705 3438 1766 diversitatem
3493 1705 3743 1765 versio-

494 1830 674 1886 num,
707 1813 817 1874 sed
847 1812 1136 1874 codicum
1171 1817 1418 1872 tantum
1463 1810 1748 1890 ejusdem
1781 1811 2099 1873 versionis
2147 1811 2482 1872 inducunt.
2515 1811 2665 1870 Haec
2691 1817 2905 1870 tamen
2945 1809 3082 1886 ipsa
3114 1805 3426 1868 nonnulla
3462 1807 3745 1885 subjun-

493 1919 674 1990 gunt,
729 1931 875 1992 qum
925 1913 1398 1975 Curetonianus
1446 1929 1576 1974 non
1628 1912 1839 1974 habet.
1875 1914 2140 1992 Oportet
2173 1913 2371 1991 igitur
2413 1912 2735 1974 exstitisse
2767 1917 3046 1973 veterem
3094 1909 3436 1987 quamdam
3505 1907 3741 1988 Ignatii

494 2013 884 2088 versionem,
923 2017 1052 2075 usu‘
1088 2015 1268 2076 valde
1302 2014 1540 2086 tritam,
1575 2032 1654 2076 ex
1696 2031 1822 2093 qua
1853 2016 2051 2093 Syrus
2091 2013 2421 2076 Curetonii
2448 2029 2562 2075 sua
2592 2018 2885 2089 excerpta
2913 2008 3279 2072 confecerit.
3325 2010 3486 2070 Sunt
3519 2015 3738 2069 autem

492 2115 846 2194 fragmenta
872 2115 1004 2176 haec
1038 2138 1051 2176 :
1084 2134 1160 2177 ex
1196 2117 1449 2194 Syriaca
1479 2133 1796 2178 canonum
1825 2114 2226 2188 collectione,
2261 2125 2324 2174 et
2365 2131 2443 2176 ex
2487 2112 2755 2191 epistola
2796 2111 3059 2191 quidem
3090 2111 3165 2172 ad
3201 2109 3538 2187 Ephesios,
3571 2129 3637 2172 n.
3669 2114 3743 2172 15

497 2216 586 2296 (in
621 2215 902 2295 Corpore
925 2217 1290 2293 Ignatiano,
1319 2237 1380 2296 p.
1426 2218 1580 2289 197;
1613 2217 1692 2279 cf.
1728 2235 1790 2296 p.
1828 2217 1968 2296 32);
2005 2233 2078 2276 ex
2113 2213 2379 2292 epistola
2409 2214 2484 2275 ad
2517 2214 2902 2287 Trallenses,
2938 2230 3003 2273 n.
3037 2213 3074 2273 5
3105 2209 3312 2290 (ibid.,
3366 2227 3428 2287 p.
3462 2213 3621 2284 198;
3656 2213 3737 2272 cf.

493 2331 558 2391 ρ.
592 2313 727 2390 56);
763 2331 841 2374 ex
885 2314 1153 2391 epistola
1197 2316 1272 2376 ad
1325 2315 1768 2394 Polycarpum,
1821 2333 1882 2376 n.
1935 2317 1972 2376 3
2023 2314 2230 2395 (ibid.,
2273 2332 2332 2391 p.
2369 2316 2523 2388 198;
2553 2314 2634 2375 cf.
2669 2332 2732 2392 p.
2769 2314 2864 2393 6);
2917 2330 2996 2373 ex
3028 2311 3245 2372 eadem
3279 2309 3578 2388 epistola,
3614 2317 3742 2374 n.6

497 2415 703 2495 (ibid.,
742 2433 802 2494 p.
841 2417 989 2489 198;
1017 2414 1097 2477 cf.
1137 2434 1197 2495 p.
1235 2411 1368 2490 12);
1409 2433 1488 2477 ex
1519 2418 1737 2478 eadem
1781 2431 1992 2495 porro,
2029 2433 2092 2476 n.
2131 2418 2166 2475 7
2199 2413 2404 2495 (ibid,
2446 2415 2687 2492 p.201;
2721 2413 2801 2475 cf.
2838 2430 2900 2491 p.
2946 2412 3083 2486 11v);
3131 2420 3195 2472 et
3221 2410 3579 2490 fragmenta
3603 2409 3744 2484 epi-

496 2514 676 2577 stolte
699 2516 772 2576 ad
809 2518 1130 2578 Romanos
1161 2535 1238 2579 ex
1275 2518 1417 2578 cod.
1453 2517 1605 2578 Brit.
1633 2519 1796 2578 Mus.
1821 2515 1981 2578 Add.
2016 2532 2133 2576 ms.
2159 2515 2378 2586 17,13!»
2409 2515 2710 2588 etlli,577
2737 2522 2798 2576 et
2827 2515 2895 2576 in
2927 2515 3197 2593 epistola
3224 2514 3488 2576 Joannis
3513 2513 3736 2573 Mona-

496 2615 600 2678 chi
631 2615 709 2677 ad
742 2616 1122 2694 Eutropium
1160 2627 1220 2678 et
1248 2617 1598 2679 Eusebium
1632 2615 1837 2694 (ibid.,
1873 2633 1933 2693 p.
1973 2615 2111 2686 296,
2154 2614 2296 2688 201,
2320 2615 2476 2687 207;
2509 2612 2586 2675 cf.
2623 2631 2684 2692 p.
2717 2612 2776 2684 li,
2815 2615 2873 2683 6,
2915 2609 3040 2691 50).

577 2717 748 2778 Idem
782 2717 969 2796 plane
997 2718 1288 2798 emergit,
1327 2718 1382 2778 si
1432 2726 1708 2778 veterem
1748 2716 2188 2778 Armeniacam
2239 2716 2628 2786 versionem,
2664 2730 2721 2775 a.
2768 2715 2921 2774 1783
2950 2712 3502 2790 Constantinopoli
3565 2714 3740 2791 typis

497 2818 877 2891 mandatam,
915 2826 981 2880 et
1029 2817 1182 2881 aCl.
1245 2820 1666 2881 Petermauno
1718 2818 1794 2880 ad
1844 2823 2079 2879 nostra)
2108 2815 2489 2896 quaastionis
2520 2814 2910 2876 solutionem
2961 2811 3336 2886 adhibitam,
3375 2829 3526 2874 cum
3573 2815 3740 2892 Syro

495 2917 919 2980 conleramus.
950 2919 1142 2980 Fines
1173 2921 1357 2981 nobis
1388 2928 1658 2982 statutos
1688 2917 2300 2997 transgrederemur,
2345 2916 2398 2977 si
2447 2916 2703 2995 singula
2737 2917 2957 2978 omnia
3002 2914 3409 2987 referremus,
3443 2934 3596 2994 qua;
3645 2916 3741 2976 vir

494 3019 862 3100 linguarum
895 3018 1321 3080 Orientalium
1359 3019 1788 3098 peritissimus
1819 3019 1935 3080 hac
1969 3018 2048 3079 de
2088 3035 2157 3078 re
2195 3017 2490 3079 contulit.
2523 3015 2802 3078 Suﬂiciat
2830 3016 3031 3096 igitur
3060 3016 3139 3078 de
3172 3015 3450 3096 singulis
3480 3017 3562 3078 ad
3589 3035 3740 3080 eum

496 3120 823 3183 remittere
855 3127 916 3180 et
945 3119 1332 3197 generaliori
1367 3128 1736 3200 conspectu,
1770 3139 1915 3200 quea
1949 3139 2024 3182 ex
2058 3118 2264 3199 ipsius
2296 3117 2624 3181 laboribus
2661 3118 2997 3193 resultant,
3028 3119 3370 3180 indicasse.
3406 3119 3475 3180 Id
3522 3129 3739 3184 autem

497 3221 816 3284 sexcentis
850 3221 1004 3282 locis
1035 3221 1316 3284 ostendit
1358 3223 1772 3302 interpretem
1813 3223 2291 3298 Armeniacum,
2321 3240 2357 3285 a
2388 3238 2524 3284 suae
2553 3221 2794 3300 linguaa
2851 3223 3047 3302 genio
3076 3229 3137 3284 et
3162 3221 3404 3299 regulis
3441 3225 3745 3288 receden-

503 3329 657 3397 tem,
698 3322 937 3384 idioma
969 3323 1298 3402 Syriacum
1326 3325 1591 3398 imitari,
1621 3343 1895 3404 quorum
1931 3326 2404 3404 Syriasmorum
2438 3341 2568 3385 non
2603 3322 2819 3384 minus
2842 3339 3037 3402 quam
3062 3339 3174 3383 sex
3203 3323 3437 3384 classes
3467 3341 3746 3387 enume-

489 3435 632 3495 rat;
666 3420 942 3500 plurima
978 3437 1166 3499 porro
1196 3422 1546 3502 sphalmata
1595 3423 1899 3497 inveniri,
1934 3441 2078 3503 quaa
2107 3422 2368 3484 nonnisi
2411 3441 2488 3484 ex
2521 3430 2694 3484 textu
2734 3423 2995 3501 Syriaco
3029 3423 3191 3483 male
3226 3420 3383 3483 lecto
3416 3424 3518 3484 vel
3551 3424 3749 3487 intel-

499 3522 659 3585 lecto
692 3521 992 3601 explicari
1025 3531 1290 3603 queant;
1327 3527 1677 3587 Armenum
1711 3525 2066 3603 saepissime
2124 3525 2429 3588 lectiones
2465 3524 2560 3585 vel
2593 3523 3111 3603 orthographiam
3151 3522 3292 3601 Syri
3335 3524 3552 3602 sequi,
3599 3542 3752 3604 pro-

487 3625 779 3703 indeque
811 3626 1054 3704 absque
1095 3625 1296 3687 dubio
1326 3626 1815 3697 admittendum,
1877 3625 2233 3686 versionem
2281 3625 2603 3704 Syriacam
2642 3625 2979 3686 mediatam
3025 3640 3166 3686 esse
3214 3625 3485 3702 ejusque
3519 3629 3752 3705 proxi-

484 3741 675 3785 mum
709 3722 952 3786 fontem
987 3725 1308 3803 Syriacam
1361 3729 1701 3806 quamdam
1740 3726 2219 3789 translationem
2257 3726 2489 3789 fuisse.
2520 3727 2714 3788 Porro
2754 3726 3058 3800 ostendit,
3093 3729 3446 3787 Armean
3487 3728 3566 3789 in
3599 3729 3750 3805 plu-

479 3824 683 3886 rimis
709 3841 744 3886 a
783 3825 1025 3886 caeteris
1053 3826 1464 3892 versionibus
1508 3827 1786 3905 Syriacis
1818 3829 2132 3900 recedere,
2171 3845 2316 3908 quae
2350 3827 2417 3888 in
2459 3825 2832 3906 fragmentis
2863 3843 2896 3888 a
2945 3826 3298 3890 Curetonio
3331 3827 3622 3890 collectis
3653 3829 3753 3890 di-

498 3923 890 3985 versissimae
950 3923 1292 3993 habentur.
1357 3932 1418 3986 et
1460 3942 1595 3986 eam
1627 3926 1812 4003 sequi
1851 3942 2041 4004 quam
2090 3924 2199 3987 ille
2243 3942 2357 4003 pro
2394 3925 2531 3985 veri
2558 3925 2791 4004 Ignatii
2827 3926 3128 3986 versione
3161 3926 3383 4001 edidit,
3429 3927 3568 3987 imo
3597 3943 3750 3988 cum

479 4025 616 4086 lhac
652 4025 715 4086 in
745 4024 1021 4103 singulis
1060 4025 1328 4086 vocibus
1369 4024 1710 4084 reddendis
1743 4024 1976 4084 mirum
2005 4024 2070 4086 in
2105 4024 2365 4084 modum
2396 4039 2774 4101 congruere,
2808 4024 2985 4100 quod
3021 4040 3174 4085 casu
3232 4024 3369 4084 ﬁeri
3425 4026 3748 4104 potuisse,

498 4142 763 4205 prorsus
799 4125 1157 4203 negandum
1206 4133 1322 4187 est.
1355 4126 1536 4198 Quod
1589 4125 1641 4184 si
1679 4125 1966 4202 quaedam
2013 4125 2162 4197 sint,
2202 4125 2342 4185 licet
2380 4140 2598 4200 pauca,
2637 4123 2704 4182 in
2730 4123 2972 4201 quibus
3019 4126 3344 4187 Armenus
3385 4143 3422 4188 a
3471 4129 3639 4205 Syro
3671 4132 3754 4191 ad

499 4230 788 4292 Griecum
826 4227 1120 4287 recedere
1160 4226 1468 4294 videatur,
1506 4225 1565 4284 id
1603 4233 1818 4284 censet
1849 4224 1944 4284 vir
1974 4224 2388 4286 doctissimus
2439 4223 2591 4283 inde
2648 4232 2886 4295 ortum,
2919 4225 3093 4302 quod
3134 4228 3399 4288 Armeni
3451 4229 3751 4304 quidam,

498 4330 611 4410 qui
650 4330 938 4390 Graecum
973 4329 1163 4390 etiam
1211 4335 1458 4388 textum
1502 4346 1625 4404 pra:
1674 4327 1971 4388 manibus
2029 4327 2357 4400 haberent,
2403 4328 2468 4387 in
2515 4342 2638 4386 suo
2683 4325 3032 4404 exemplari
3066 4345 3143 4389 ex
3184 4329 3403 4390 Graeco
3444 4331 3753 4408 quaedam

499 4429 894 4494 correxerint
929 4430 1021 4490 vel
1060 4430 1134 4489 ad
1171 4428 1520 4505 marginem
1582 4427 1886 4500 notarint,
1921 4445 2065 4505 qua;
2115 4438 2331 4506 postea
2373 4427 2438 4487 in
2496 4435 2740 4487 textum
2798 4426 3208 4505 irrepserint.
3259 4430 3468 4493 Addas
3524 4431 3751 4508 velim,

497 4533 588 4594 Cl.
626 4533 999 4592 Petermann
1052 4549 1179 4609 pne
1207 4529 1412 4590 oculis
1469 4545 1595 4589 non
1651 4529 1949 4589 habuisse
1981 4529 2224 4606 Corpus
2259 4529 2662 4606 Ignatianum
2693 4526 3046 4602 Curetonii,
3089 4529 3156 4590 in
3190 4548 3321 4608 quo
3359 4550 3440 4593 ex
3471 4534 3697 4596 codice
3723 4561 3761 4609 γ

500 4633 814 4694 variantes
842 4632 1056 4693 multa)
1090 4633 1444 4702 adduntur;
1482 4647 1714 4706 neque,
1747 4630 1917 4707 quod
1951 4647 2066 4691 nos
2101 4632 2536 4707 praestitimus,
2589 4630 2939 4708 fragmenta
2971 4629 3228 4708 Syriaca
3271 4635 3566 4711 quaedam
3601 4653 3757 4698 cum

497 4732 657 4807 Syro
689 4729 1020 4790 Curetonii
1060 4727 1334 4790 identica
1357 4744 1496 4788 esse
1518 4727 1786 4800 vidisse,
1819 4745 1898 4788 ex
1928 4728 2166 4805 quibus
2219 4729 2649 4807 divergentias
2691 4729 2994 4807 quasdam
3030 4729 3296 4792 Armeni
3351 4732 3453 4794 sui
3501 4735 3585 4797 ab
3635 4736 3755 4798 illo

494 4833 682 4896 facile
706 4852 1024 4912 eXponere
1054 4840 1243 4913 atque
1277 4849 1403 4894 non
1439 4833 1560 4892 nisi
1601 4850 1677 4892 ex
1706 4833 2089 4910 permutatis
2121 4833 2505 4911 quibusdam
2541 4833 2770 4894 litteris
2797 4843 2965 4896 ortas
2999 4852 3164 4906 esse,
3194 4853 3323 4898 non
3351 4838 3562 4899 solum
3598 4838 3756 4901 feli-

496 4933 654 4993 citer
686 4930 1024 5008 conjicere,
1058 4931 1167 4991 sed
1205 4936 1265 4991 et
1295 4930 1591 4991 evincere
1623 4931 1938 5008 potuisset
1989 4929 2140 5010 (sli).
2174 4933 2523 4994 Emendato
2571 4950 2649 4993 ex
2693 4934 2994 5012 pluribus
3031 4936 3362 5002 codicibus
3399 4944 3584 5000 textu
3609 4959 3759 5004 ver-

571 5140 677 5208 (55)
706 5139 1024 5215 ⁸Βοιρηάειηι
1095 5155 1225 5215 sane
1264 5149 1352 5215 est
1404 5143 1708 5215 versionem
1764 5140 2065 5215 Syriacam,
2174 5142 2407 5197 stionem
2448 5150 2828 5215 tractaremus,
2857 5158 3076 5200 onmem
3122 5144 3458 5215 diligentiam
3498 5148 3763 5204 adhibui-

491 5227 675 5284 quam
706 5209 893 5284 Roma;
940 5209 1200 5279 Ignatius,
1245 5211 1422 5284 dictus
1448 5209 2061 5284 _Melien_iet-All_alt,__pa-
2165 5229 2310 5276 mus,
2344 5222 2404 5267 ut
2429 5215 2714 5284 vestigium
2739 5214 2904 5284 hujus
2941 5215 3186 5270 thesauri
3223 5209 3602 5273 'inveniretur.
3636 5219 3758 5274 Non

494 5281 731 5354 trial-clla
764 5279 1326 5354 ΔΑιῃὶςξρηρηψῖιηᾹῳιὶ,
1368 5281 1585 5354 sedente
1621 5279 1882 5354 Gregorio
1919 5279 2060 5354 XIII,
2163 5291 2344 5354 tamen
2388 5279 2657 5354 adritinem
2702 5279 2948 5352 optatum
2979 5286 3263 5354 pervenire
3303 5288 3598 5352 valuimus,
3629 5305 3757 5344 cum

499 5350 870 5426 rcl'ormationi
901 5349 1207 5426 Kalendarii
1237 5349 1499 5426 interfuit,
1528 5361 1651 5405 cum
1694 5349 1963 5426 aliis__suis
1983 5353 2064 5426 ΑΜ-
2163 5353 2338 5426 turbae
2365 5349 2767 5426 civilesomnia
2801 5349 3170 5426 impedierint.
3191 5354 3381 5426 Neque
3406 5349 3607 5412 melius
3634 5375 3761 5414 ces-

495 5421 608 5492 hrls
657 5422 896 5492 moriens
941 5420 1193 5492 reliquit,
1236 5421 1571 5492 deperditam
1618 5435 1756 5475 esse.
1813 5419 2066 5492 U_sserius
2165 5424 2235 5492 sit
2260 5437 2423 5492 opera
2463 5423 2654 5492 multa,
2695 5419 3368 5492 quam—adhibuimusfut
3407 5428 3492 5481 vel
3534 5429 3761 5486 aliunde

489 5490 607 5564 jam»
641 5492 706 5564 de
751 5491 852 5542 hac
889 5491 1280 5564 ipsa‘audierat
1314 5489 1479 5564 (Diss.
1529 5491 1590 5564 de
1616 5492 1789 5564 _apist.
1839 5490 2060 5560 Ignatii,
2163 5489 2428 5564 lgnatiltrii
2460 5489 2740 5564 Syriacum
2782 5495 3050 5563 integrum
3083 5489 3552 5564 comparat-emus.

495 5559 641 5633 egi),
671 5558 1001 5633 Assemauus
1029 5560 1146 5633 ejus
1175 5560 1499 5633 mentionem
1529 5558 1680 5633 facit,
1707 5563 1779 5633 ita
1805 5558 1981 5616 tamen
2009 5571 2066 5616 ut
2237 5563 2349 5631 (54)
2382 5561 2444 5616 V.
2481 5558 2530 5632 εξ.
2567 5561 2723 5617 Rom.
2764 5564 2817 5628 5,
2851 5558 2990 5633 quod
3029 5558 3342 5618 nianddtum
3381 5567 3555 5630 mihi;
3597 5565 3754 5620 Rom.

499 5627 960 5710 vidisseyropriis
989 5632 1300 5710 oculisnou
1327 5631 1573 5710 videatur
1620 5631 1785 5710 (Bibi.
1831 5633 2060 5697 0rient.,
2166 5627 2252 5710 ﬁ,
2285 5627 2508 5685 dolores
2542 5633 2767 5710 mortis,
2806 5627 2962 5689 ubi...
3011 5634 3066 5702 5,
3105 5635 3158 5690 in
3203 5636 3462 5693 omnibus
3509 5627 3756 5710 Sequitur

494 5703 632 5750 tum.
659 5694 886 5766 IlI,p.'I,
910 5715 964 5768 p.
996 5700 1100 5766 17).
1135 5699 1243 5756 Nos
1271 5717 1392 5755 cum
1423 5702 1595 5770 prima
1619 5694 1733 5756 vice
1757 5703 1897 5758 hanc
1915 5694 2064 5772 quin;
2158 5694 2552 5771 fragmentum,
2583 5719 2637 5773 p.
2673 5703 2796 5756 201.
