3852 6210
501 306 605 362 69.3
1167 307 1256 362 DE
1293 303 1766 363 INTEGRITATE
1808 304 2088 360 TEXTUS
2130 304 2430 360 RECEPTI
2473 304 2620 362 EPP.
2667 304 2724 360 S.
2768 304 3047 361 lGNATll.
3638 307 3748 362 624

584 427 832 488 Insistit
867 427 1121 491 Bunsen
1154 430 1432 511 epilogo,
1466 430 1578 509 qui
1619 430 1686 491 in
1727 429 1945 492 codice
1987 436 2024 510 β
2052 430 2119 491 in
2169 431 2291 492 ﬁne
2336 431 2752 511 epistolarum
2802 430 3120 493 habetur:
3157 429 3386 491 Finitw
3426 437 3578 490 sunt
3622 438 3758 507 cpi-

505 530 681 591 stolw
709 539 832 590 tres
879 532 1121 609 Ignatii
1152 533 1430 610 episcopi
1468 541 1522 592 et
1571 531 1909 606 martyris;
1969 530 2145 592 illam
2180 547 2400 593 vocem
2435 530 2710 610 epistolae
2739 549 2880 594 esse
2911 533 2978 594 in
3006 538 3173 594 statu
3204 531 3591 610 emphatico,
3635 531 3753 608 qui

503 631 760 694 articuli
805 633 1006 695 vicem
1045 635 1213 712 apud
1237 635 1429 713 Syros
1461 640 1659 695 tenet.
1693 633 1929 694 Verum
1957 634 2420 697 Petermannus
2450 635 2694 696 notavit
2722 641 2954 696 statum
2981 632 3410 714 emphaticum
3444 646 3759 693 nonnun-

504 750 696 813 quam
729 734 922 798 etiam
953 734 1360 798 indeﬁnitum
1395 751 1656 796 sensum
1691 733 1950 798 habere.
1991 737 2188 798 Porro
2219 743 2440 796 notum
2474 741 2591 806 est,
2629 751 2934 796 numeros
2963 734 3318 797 cardinales
3354 729 3754 793 ordinalium

502 835 714 896 locum
771 835 936 914 apud
971 835 1246 898 Semitas
1293 833 1649 914 saepissime
1683 840 1926 896 tenere.
1978 833 2117 896 Dici
2159 833 2350 895 etiam
2398 840 2626 912 potest,
2687 849 3150 895 amanuensem
3193 829 3628 894 determinate
3661 828 3757 888 lo-

499 934 639 1009 qui,
680 937 789 996 sed
825 943 952 998 tres
981 935 1125 997 illas
1147 932 1450 1012 epistolas
1489 932 1848 1012 signiﬁcare
1879 932 2188 1007 voluisse,
2223 948 2384 1011 quas
2419 931 2640 994 lectori
2669 932 2902 994 offerre
2935 939 3266 1010 excerptas
3297 936 3752 1010 proposuerat.

501 1032 794 1112 Denique
839 1041 962 1097 tota
1003 1053 1103 1097 res
1146 1034 1520 1097 auctoritate
1552 1032 1966 1096 amanuensis
1997 1032 2192 1096 unius
2223 1031 2475 1094 obscuri
2503 1038 2695 1110 atque
2725 1030 2939 1093 forsan
2978 1031 3332 1110 ignorantis
3369 1029 3632 1092 nititur.

589 1135 653 1196 Si
693 1134 841 1214 quis
865 1135 1146 1214 denique
1169 1152 1335 1214 (egre
1365 1133 1489 1196 sibi
1521 1134 1589 1195 in
1623 1139 1899 1196 mentem
1937 1134 2215 1204 inducat,
2250 1141 2491 1193 textum
2521 1131 2750 1212 lgnatii
2779 1132 3173 1193 decurtatum
3201 1130 3399 1193 fuisse
3431 1153 3444 1190 :
3472 1130 3756 1192 alterum

505 1236 824 1316 ejusmodi
871 1238 1240 1318 exemplum
1297 1237 1515 1310 adest,
1575 1244 1804 1316 atque,
1873 1235 2045 1316 quod
2095 1235 2456 1296 evidentius
2519 1241 2634 1306 est,
2690 1233 2760 1295 in
2806 1232 2966 1312 ipsis
3006 1231 3231 1311 lgnatii
3267 1230 3561 1310 epistolis
3593 1247 3758 1291 con-

497 1337 760 1398 sistens.
808 1339 1137 1400 Habemus
1170 1342 1345 1398 enim
1393 1337 1562 1415 apud
1591 1336 1956 1397 Simeonem
2009 1334 2479 1412 Metaphrasten
2517 1333 2850 1413 epistolam
2893 1334 2969 1396 ad
3027 1335 3344 1393 Romanos
3389 1330 3759 1392 narrationi

496 1438 788 1518 martyrii
820 1438 1151 1512 insertam,
1183 1453 1374 1516 quam
1410 1453 1479 1497 se
1524 1443 1610 1495 ἐπὶ
1638 1440 1826 1504 λέξεως
1855 1432 2256 1495 redditurum
2292 1432 2654 1512 pollicetur,
2687 1433 2756 1496 in
2791 1449 2917 1512 qua
2955 1438 3167 1494 tamen
3199 1439 3258 1492 et
3288 1430 3394 1492 hic
3423 1430 3618 1508 plura
3647 1432 3763 1491 de—

495 1541 649 1596 sunt
695 1542 758 1597 et
806 1534 930 1595 alia
960 1533 1222 1612 quidem
1272 1549 1466 1612 quam
1502 1533 1674 1614 apud
1715 1535 1971 1612 Syrum.
2028 1533 2168 1594 Non
2225 1539 2360 1596 erat
2407 1533 2676 1612 proinde
2728 1531 3026 1596 insuetus
3067 1530 3297 1594 modus
3331 1530 3453 1594 iste
3513 1547 3760 1593 excer-

495 1636 713 1714 pendL

571 1737 794 1812 Quoad
827 1737 1015 1800 finem
1050 1753 1223 1810 vero,
1254 1753 1446 1816 quem
1485 1738 1687 1816 Syrus
1715 1734 1827 1796 ille
1852 1734 1973 1798 sibi
2005 1741 2446 1812 pmposuerat,
2478 1752 2624 1797 cum
2671 1734 2902 1815 lgnatii
2934 1735 3238 1814 epistolas
3271 1738 3356 1800 ita
3395 1741 3756 1818 excerpsit,

495 1856 628 1902 non
692 1840 948 1902 videtur
998 1840 1073 1902 ad
1112 1840 1349 1902 tuenda
1401 1838 1657 1920 pr0pria
1687 1838 1982 1918 dogmata
2033 1837 2264 1899 factum
2309 1838 2535 1911 fuisse,
2571 1856 2740 1914 cum,
2787 1848 2857 1903 ut
2894 1842 3320 1918 ostendimus,
3354 1842 3422 1903 in
3447 1843 3761 1907 doctrina

493 1958 640 2004 cum
673 1949 894 2002 nostro
928 1940 1115 2019 plane
1157 1941 1540 2004 consentiat.
1597 1937 2076 2016 MonOphysita,
2107 1945 2176 2000 ut
2231 1939 2572 2018 supposuit
2603 1940 3072 2018 Wordsworth,
3107 1959 3233 2004 non
3281 1949 3436 2016 erat,
3472 1961 3629 2004 cum
3691 1945 3760 2008 in

496 2041 766 2120 epistola
796 2041 871 2102 ad
916 2040 1023 2102 Pol
1033 2056 1339 2118 ycarpum
1372 2039 1496 2118 (65)
1526 2039 1784 2117 insigne
1811 2036 2073 2100 effatum
2119 2036 2480 2116 reliquerit,
2513 2039 2686 2118 quod
2727 2041 3317 2121 MonOphysiticum
3371 2043 3615 2121 dOgma
3649 2048 3763 2108 de-

491 2137 706 2200 struit.
738 2140 874 2199 Praa
903 2139 1148 2200 caateris
1185 2138 1402 2218 itaque
1429 2136 1822 2199 admittenda
1860 2133 1972 2194 illa
2004 2133 2400 2214 hypothesis,
2433 2155 2578 2217 qum
2610 2142 2842 2219 Syrum
2869 2142 3212 2221 quemdam
3238 2143 3315 2205 ad
3347 2161 3541 2206 usum
3575 2161 3760 2207 asce-

491 2239 690 2301 ticum
724 2239 869 2300 illas
894 2238 1196 2318 epistolas
1249 2237 1667 2317 descripsisse
1720 2234 2107 2312 suspicatur,
2159 2255 2306 2315 qum
2367 2239 2583 2317 plures
2628 2242 2945 2321 ejusmodi
3005 2243 3306 2305 materias
3353 2247 3757 2320 retinebant,

493 2338 752 2400 omissis
782 2339 887 2414 iis,
921 2357 1066 2419 quas
1093 2357 1286 2419 scorto
1335 2355 1454 2402 suo
1511 2355 1640 2401 non
1680 2337 2141 2401 inserviebam.
2187 2339 2343 2412 Quae
2370 2340 2745 2421 hypothesis
2791 2352 2852 2406 et
2897 2359 2972 2407 eo
3015 2347 3524 2421 commendatur,
3569 2351 3757 2428 quod

493 2439 780 2518 ejusdem
805 2440 1056 2520 generis
1087 2442 1219 2505 sint
1269 2441 1392 2505 alia
1436 2440 1767 2520 Opuscula,
1801 2457 1947 2520 qua)
1982 2441 2049 2504 in
2090 2441 2496 2506 collectaneis
2541 2445 2881 2522 habentur,
2914 2447 2981 2510 in
3012 2449 3254 2528 quibus
3286 2449 3580 2528 lgnatius
3619 2453 3749 2530 Sy-

491 2543 700 2602 riacus
727 2543 1014 2604 detectus
1051 2550 1173 2604 est.

559 2669 674 2739 (65)
701 2668 764 2726 Ν.
800 2671 853 2725 5.
