3852 6210
493 334 594 389 627

1472 341 1717 399 SANCTI
1753 341 2008 398 IGNATII
2048 343 2403 400 EPISTOLA‘Z
2441 346 2790 404 CENUINAZ.

3629 353 3736 408 628

487 455 657 525 jauo,
706 465 895 512 contra
940 459 1250 515 Armeniam
1306 472 1360 519 et
1406 462 1640 519 Parthus
1683 465 2061 534 prolicisccnte
2094 471 2136 528 Α
2170 467 2470 536 logicarum
2525 469 2799 537 magistri,
2854 466 3117 524 Henricus
3146 465 3420 534 Norisius,
3460 467 3737 523 Antonius

490 548 904 620 Antiochimque
946 562 1215 622 morante,
1246 553 1312 609 ad
1343 555 1548 612 bestias
1580 557 1918 620 damnatum,
1953 555 2063 611 Ro-

490 657 638 696 mam
669 657 790 697 esse
815 642 1136 698 abductum.

470 759 482 771 -
561 732 690 788 Post
736 734 954 806 longam
1002 745 1058 791 et
1099 737 1462 808 periculosam
1508 742 1945 812 navigationem,
1995 744 2064 799 ad

487 825 674 878 decem
723 825 945 893 milites,
978 841 1120 897 quos
1172 829 1462 900 leopardos
1497 845 1656 886 vocat
1700 833 1838 905 (l5),
1871 835 2064 906 alliga-

488 924 614 979 tus,
653 924 877 971 sanctus
931 928 1138 989 martyr
1195 918 1485 992 Smyrnam
1531 925 1807 992 pervenit,
1858 927 1948 981 ubi
1995 943 2062 981 ex

485 1006 763 1075 colloquio
795 1021 920 1062 cum
957 1007 1014 1063 8.
1051 1009 1354 1083 Polycarpo
1381 1021 1437 1067 et
1474 1015 1839 1084 adiacentium
1872 1017 2060 1074 Eccle-

485 1094 689 1150 siarum
725 1097 916 1168 legatis
949 1100 1158 1166 habito,
1205 1103 1475 1174 ingentem
1509 1107 1839 1175 voluptatem
1875 1123 2062 1179 perce-

483 1185 584 1253 pit,
610 1195 665 1240 et
706 1197 946 1257 quatuor
985 1191 1245 1261 epistolas
1292 1195 1357 1249 ad
1409 1195 1697 1266 Ephesios,
1726 1198 2057 1271 Magnesios,

485 1274 792 1335 Trallianos
819 1289 874 1335 et
905 1280 1180 1341 Romanos
1209 1287 1552 1358 conscripsit.

558 1367 790 1440 Smyrna
825 1369 1093 1428 Troadem
1131 1376 1300 1441 venit,
1333 1377 1422 1430 ubi
1474 1377 1710 1447 lgnatius
1760 1397 2059 1452 paucorum

484 1457 699 1514 dierum
731 1476 940 1517 moram
971 1465 1216 1534 epistolis
1245 1467 1311 1521 ad
1346 1465 1847 1540 Philadelplict-s:s,
1872 1473 2059 1545 Smyr-

487 1565 636 1606 meos
665 1561 716 1606 et
758 1551 1117 1626 Polycarpum
1165 1561 1459 1616 exarandis
1494 1561 1716 1618 dicavit.
1753 1565 1882 1620 Inde
1914 1563 2057 1622 Nea-

486 1645 676 1712 polim,
699 1655 760 1700 ut
790 1648 970 1704 verbis
1002 1648 1255 1722 Lumperi
1288 1662 1430 1720 utar,
1464 1655 1751 1721 adductus,
1783 1656 2060 1728 Philippos

483 1736 858 1803 pertransiens
901 1737 1273 1796 Macedoniam
1327 1751 1496 1798 totam
1542 1749 1868 1817 peragravit.
1925 1748 2053 1820 Epi-

2167 555 2366 627 Pagius
2393 567 2446 612 et
2469 559 2793 614 Guiliclmus
2818 558 3076 631 Lloydius
3103 560 3215 630 (18)
3250 560 3584 629 probarunt,
3620 561 3739 614 bel-

2169 648 2278 701 lum
2313 647 2534 718 Trajani
2571 648 2885 704 Parthicum
2919 665 3065 704 anno
3108 648 3311 705 Christi
3343 650 3445 703 112
3474 652 3734 720 coepisse.

2169 739 2225 794 Si
2250 740 2434 810 itaque
2461 739 2729 811 Trajanus
2759 741 2927 795 semel
2955 749 3161 795 tantum
3187 750 3374 796 contra
3416 741 3736 794 Armenia

2166 831 2506 902 Parthosque
2552 847 2704 886 arma
2746 832 2981 897 tulisset,
3023 840 3078 886 et
3102 831 3267 887 semel
3295 840 3506 885 tantum
3539 830 3737 884 Antio-

2166 925 2303 980 Chiae
2324 934 2470 980 esset
2504 934 2773 988 moratus,
2807 925 2996 994 utique
3022 933 3077 980 et
3106 923 3347 995 lgnatius
3372 933 3497 994 post
3527 937 3737 977 annum

2167 1018 2268 1071 112
2293 1018 2614 1088 martyrium
2645 1017 2921 1071 suhiisset.

2237 1103 2340 1159 Sed
2375 1106 2647 1175 duplicem
2684 1105 3033 1161 Armenicam
3066 1103 3485 1174 Parthicamque
3507 1103 3740 1174 expedi-

2165 1198 2369 1252 tionem
2402 1213 2433 1250 a
2471 1195 2711 1266 Trajano
2739 1209 3048 1267 susceptam
3081 1195 3458 1251 Tillemontius
3485 1196 3741 1266 (19)jure

2163 1289 2464 1356 conjecisse
2492 1289 2725 1353 videtur,
2755 1291 2912 1359 cujus
2938 1289 3264 1345 sententiam
3299 1287 3587 1344 Eduardus
3607 1289 3743 1344 Cor-

2165 1381 2342 1435 sinius
2389 1379 2522 1451 (20),
2571 1381 2653 1434 vir
2696 1380 3039 1450 politioribus
3070 1380 3276 1435 litteris
3317 1388 3583 1449 pnestans
3609 1421 3626 1446 ,
3673 1397 3740 1434 ex

2164 1473 2405 1528 nummis
2436 1473 2597 1527 etiam
2626 1473 2990 1528 confirmavit.
3031 1471 3290 1528 Testibus
3311 1472 3456 1525 enim
3489 1471 3671 1527 Dione
3689 1483 3741 1526 et

2163 1561 2398 1628 Zonara,
2433 1561 2632 1631 Optimi
2661 1579 2854 1617 nomen
2892 1571 3021 1618 tunc
3049 1562 3286 1632 primum
3323 1559 3561 1631 Traiano
3607 1576 3742 1615 con-

2162 1671 2376 1710 cessum
2413 1654 2532 1722 l'uit,
2562 1671 2687 1710 cum
2725 1656 2772 1711 is
2817 1655 3129 1708 Armeniam
3157 1654 3385 1722 expulso
3411 1651 3741 1707 Parthama-

2162 1748 2328 1802 siride
2357 1747 2676 1816 cmterisque
2715 1748 2918 1819 regulis
2947 1746 3172 1800 omnino
3212 1744 3442 1800 sublatis
3468 1758 3742 1814 occupas-

483 1827 670 1882 damni
721 1845 852 1885 vero
880 1831 940 1899 (i.
973 1848 1021 1886 e.
1060 1831 1335 1905 Dyraehii)
1368 1837 1420 1890 in
1465 1835 1629 1906 Epiro
1673 1855 1862 1895 navem
1907 1841 2057 1898 brevi
2093 1834 2133 1888 Β
2162 1848 2263 1893 set.
2299 1838 2554 1909 Ideoque,
2589 1855 2711 1894 cum
2748 1839 2802 1892 in
2831 1837 3074 1893 nummis
3103 1837 3354 1907 pluribus
3386 1836 3579 1891 Romae
3617 1851 3743 1905 per-

484 1917 787 1974 soluturam
816 1921 1097 1979 oll‘cndens
1118 1965 1134 1990 ,
1173 1925 1514 1982 Adriaticum
1550 1945 1702 1985 mare
1733 1933 2060 2003 enavigavit,

482 2016 647 2078 atque
690 2011 743 2064 in
775 2009 1115 2084 Tyrrhenum
1165 2018 1425 2072 ascendit.
1465 2017 1719 2077 Puteolos
1749 2024 1838 2077 ubi
1868 2039 2061 2093 perve-

489 2101 592 2166 nit,
634 2119 664 2156 e
715 2106 838 2159 navi
883 2106 1210 2164 descendere
1257 2111 1543 2180 cupiebat,
1587 2122 1647 2168 ut
1692 2115 1758 2170 ad
1807 2116 1863 2169 S.
1907 2115 2060 2170 Pauli

485 2199 795 2269 exemplum
846 2199 1074 2258 Romam
1104 2203 1347 2261 Puteolis
1384 2209 1751 2264 contenderet.
1801 2209 1870 2264 At
1902 2221 2061 2266 vento

481 2295 790 2350 vehementi
836 2298 890 2352 in
925 2299 1093 2354 altum
1126 2303 1400 2372 repulsus,
1433 2305 1623 2359 urbem
1659 2305 1804 2361 illam
1835 2316 2060 2376 prteter-

483 2385 562 2441 ire
596 2397 819 2444 coactus
846 2398 948 2444 est.
990 2389 1233 2463 Denique
1255 2395 1322 2450 ad
1348 2394 1570 2451 Portum
1599 2396 1902 2453 Romanum
1937 2414 2061 2470 per-

482 2478 733 2544 veniens,
763 2491 794 2532 a
832 2479 1102 2546 ﬁdelibus,
1139 2481 1310 2538 Roma
1356 2486 1571 2540 obviam
1608 2488 1887 2556 euntibus,
1913 2490 2059 2545 salu-

483 2574 648 2633 tatus,
678 2584 706 2622 a
737 2571 1061 2626 custodibus
1094 2583 1275 2628 autem
1309 2574 1696 2633 festinantibus
1730 2578 1959 2636 Romam
2002 2582 2056 2636 in

482 2661 949 2730 amphitheatrum
969 2665 1189 2732 ductus,
1217 2676 1270 2722 et
1288 2669 1505 2726 duobus
1534 2671 1785 2728 leonibus
1809 2673 2057 2743 objectus

480 2760 584 2815 est,
616 2751 710 2821 qui
760 2753 905 2808 illico
952 2755 1130 2824 ipsum
1182 2757 1546 2824 dcvorarunt,
1583 2762 1714 2816 solis
1741 2763 2057 2820 durioribus

484 2845 686 2900 relictis
724 2846 964 2913 ossibus,
1002 2864 1124 2917 quas
1159 2850 1386 2905 collecta
1434 2852 1782 2908 Antiochiam
1831 2856 2053 2926 pretiosi

482 2935 654 2990 instar
684 2938 922 2992 thesauri
957 2940 1240 3010 deportata
1273 2955 1421 2999 sunt.

553 3023 820 3096 lgnatium
863 3044 1010 3084 nono
1037 3047 1183 3085 anno
1221 3032 1567 3103 imperatoris
1593 3035 1834 3108 Trajani,
1874 3056 1967 3095 seu
1998 3058 2047 3094 a.

482 3116 584 3171 107
612 3133 664 3186 p.
700 3118 832 3174 Chr.
861 3129 994 3186 nat.,
1025 3122 1090 3176 ad
1118 3122 1321 3181 bestias
1353 3127 1692 3194 damnatum,
1717 3131 1937 3186 ineunte
1957 3149 2056 3187 au-

481 3218 588 3262 tem
632 3211 843 3264 decimo
883 3210 1101 3281 Trajani
1155 3229 1299 3269 anno
1323 3259 1336 3281 ,
1378 3218 1449 3272 20
1475 3218 1602 3274 Dec.
1638 3221 1761 3286 107,
1796 3226 2052 3295 martyrio

481 3310 800 3354 coronatum
844 3318 982 3367 esse,
1027 3304 1159 3358 Acta
1213 3307 1482 3374 passionis
1518 3310 1638 3379 ejus
1690 3314 1911 3369 tradunt
1944 3331 1992 3370 c.
2021 3317 2055 3369 2

480 3400 529 3445 et
571 3391 621 3444 7.

555 3486 727 3540 Aliam
760 3489 1082 3542 sententiam
1110 3489 1438 3547 Pearsonius
1476 3497 1808 3567 excogitavit
1841 3508 1894 3552 et
1925 3517 2051 3569 pro-

481 3580 740 3647 pugnavit
766 3581 818 3633 in
839 3581 1221 3636 dissertatione
1254 3585 1547 3653 posthuma
1585 3589 1648 3642 de
1678 3585 1816 3644 anno
1853 3608 1954 3662 quo
1993 3592 2049 3647 S.

483 3667 728 3738 Ignatius
767 3688 796 3724 α
848 3670 1079 3741 Trojano
1126 3675 1419 3729 Antiochia:
1449 3678 1518 3730 ad
1555 3677 1749 3734 bestias
1789 3692 1902 3735 erat
1928 3700 2053 3736 con-

483 3760 761 3814 demnatus
777 3762 820 3829 (1
835 3762 909 3831 4).
928 3761 1028 3832 Ipsi
1047 3776 1395 3820 accesserunt
1414 3769 1684 3825 Antonius
1705 3769 1902 3843 Pagius
1918 3776 2053 3844 (15),

483 3851 719 3907 Grabius
747 3854 880 3919 (16),
916 3853 1247 3910 Beuedictini
1291 3874 1320 3912 e
1352 3863 1767 3932 congregatione
1817 3866 1872 3921 S.
1906 3867 2055 3922 Mau-

482 3943 528 3997 ri
565 3943 701 4013 (17),
730 3955 782 3998 et
806 3948 958 4000 multi
991 3948 1103 4002 alii.

471 4043 480 4066 ³
551 4035 891 4093 Auctoritate
920 4038 1148 4094 Joannis
1169 4038 1376 4096 Malalte
1404 4060 1423 4096 ι·
1443 4044 1514 4098 ixi
1551 4047 1650 4102 viri
1693 4049 1745 4102 hi
1782 4050 1928 4104 docti
1963 4067 2055 4104 as-

481 4137 671 4183 serunt
719 4127 1037 4199 Trajanum,
1076 4133 1130 4187 iu
1180 4135 1417 4193 Parthos
1443 4139 1878 4208 proficiscentem
1906 4183 1920 4204 ,
1955 4145 2057 4196 sub

481 4221 642 4276 linem
675 4223 801 4276 anni
847 4223 968 4290 115,
1015 4235 1254 4297 tempore
1324 4229 1470 4284 illius
1529 4239 1903 4298 terrmmotus,
1962 4237 2053 4303 qui

480 4312 860 4381 imperatorem
905 4330 1041 4383 pene
1086 4321 1380 4386 oppressit,
1417 4320 1721 4377 Antiochiae
1761 4322 2052 4388 hiemasse,

481 4404 811 4475 iueunthue
839 4422 986 4461 anno
1016 4408 1120 4462 116
1142 4412 1408 4482 lgnatium
1437 4424 1683 4468 nostrum
1717 4416 1768 4468 in
1788 4414 2054 4485 judicium

478 4511 733 4561 vocasse;
764 4498 980 4552 beatum
1016 4508 1196 4555 autem
1237 4502 1384 4557 hunc
1407 4504 1692 4572 praesulem
1728 4507 1918 4560 eodem
1955 4523 2052 4560 an-

480 4605 551 4643 no
580 4591 681 4644 116
703 4593 984 4648 desinente
1011 4597 1272 4667 martyrio
1310 4613 1432 4653 esse
1459 4607 1804 4652 coronatum.

2160 1931 2338 1986 eussis
2371 1931 2573 1996 Optimi
2595 1945 2792 1986 nomen
2821 1927 3059 1999 Trajano
3092 1928 3354 1983 tributum
3385 1937 3671 1992 occurrat,
3687 1927 3741 1981 in

2159 2024 2358 2093 quibus
2388 2024 2503 2093 ipse
2549 2023 2742 2078 consul
2775 2020 2818 2075 V
2849 2030 3100 2084 vocatur,
3145 2019 3382 2074 dubitari
3440 2029 3592 2075 certe
3651 2019 3743 2072 vix

2159 2115 2378 2183 poterit,
2415 2114 2546 2184 quin
2588 2112 2858 2183 Trajanus
2909 2112 3224 2166 Armeniam
3284 2111 3564 2182 subegerit
3613 2121 3742 2165 ante

2160 2221 2363 2258 annum
2418 2204 2521 2258 112
2559 2203 2648 2273 (U.
2697 2204 2761 2259 C.
2795 2203 2945 2272 865),
2994 2218 3104 2274 quo
3147 2213 3354 2257 sextum
3383 2203 3741 2258 consulatum

2162 2299 2348 2353 Romae
2383 2298 2644 2368 suscepit.
2676 2295 2940 2366 Denique,
2967 2305 3025 2350 ut
3051 2295 3155 2350 alia
3180 2293 3420 2349 Corsinii
3445 2309 3742 2365 argumen-

2159 2402 2210 2446 ta
2240 2391 2458 2446 silentio
2501 2400 2842 2460 praeteream,
2885 2388 3120 2444 eximius
3149 2387 3287 2442 alter
3310 2385 3534 2456 Trajani
3579 2403 3714 2442 num

2159 2499 2281 2536 mus
2327 2482 2576 2546 habetur,
2634 2481 2687 2534 in
2741 2495 2852 2550 quo
2893 2479 3077 2535 Caesar
3121 2479 3238 2548 ipse
3279 2476 3529 2534 APICT.
3572 2477 3737 2532 CEB.

2160 2576 2385 2630 ΓΕΒΜ.
2437 2575 2601 2630 ΔΑΚ.
2655 2578 2872 2630 ΠΑΡΘ.
2927 2575 2964 2629 i.
3013 2589 3064 2630 e.
3118 2573 3385 2642 Optimus,
3435 2574 3738 2644 Augustus,

2160 2665 2525 2730 Germanicus,
2555 2665 2809 2728 Dacicus,
2851 2664 3133 2719 Parthicus
3166 2665 3489 2735 appellatur,
3544 2666 3741 2720 simul-

2157 2774 2262 2828 quc
2293 2758 2523 2812 decimus
2565 2756 2777 2827 imperii
2810 2755 2984 2826 ipsius
3023 2769 3199 2810 annus
3242 2769 3541 2825 expressus
3599 2771 3738 2811 con-

2158 2849 2405 2920 spicitur.
2435 2848 2580 2920 Ergo
2620 2863 2765 2903 anno
2781 2845 2928 2902 U.C.
2963 2846 3060 2902 861
3097 2845 3223 2916 (107
3245 2861 3297 2916 p.
3326 2846 3550 2915 (2h.),in
3571 2862 3738 2918 quem

2156 2943 2388 2996 decimus
2425 2941 2634 3011 imperii
2669 2955 2847 2996 annus
2879 2940 3113 2995 incurrit
3134 2981 3147 3005 ,
3181 2937 3453 3009 Trajanus
3478 2940 3595 3009 jam
3631 2940 3742 3011 0p-

2159 3035 2275 3088 timi
2305 3044 2468 3103 atque
2499 3033 2743 3086 Parthici
2765 3047 2964 3087 nomen
2991 3041 3296 3102 acceperat.
3324 3031 3536 3101 Duplex
3568 3033 3742 3103 igitur

2159 3126 2379 3196 Trajani
2427 3127 2480 3180 in
2534 3126 2812 3180 (trientem
2843 3124 3110 3196 profectio
3138 3125 3357 3195 agnosci
3390 3124 3554 3180 debet
3593 3125 3739 3194 (21),

2157 3221 2402 3290 nihilque
2437 3219 2657 3290 gravius
2701 3218 2814 3288 (.22)
2860 3218 3071 3280 obstat,
3104 3232 3214 3287 quo
3240 3203 3425 3272 minus
3447 3230 3598 3270 anno
3634 3216 3741 3271 107

2156 3310 2420 3382 lgnatium
2451 3325 2481 3364 c
2504 3309 2642 3364 vivis
2670 3309 2973 3364 decessisse
2999 3316 3268 3376 putemus.

2228 3402 2291 3457 ll.
2344 3401 2665 3468 Quindecim
2715 3400 2820 3456 sub
2865 3401 3089 3453 nomine
3125 3398 3184 3454 8.
3216 3397 3408 3469 lgnalii
3436 3396 3744 3454 circumfe-

2156 3504 2352 3550 runtur
2379 3494 2642 3562 epistolm,
2669 3507 2700 3548 e
2721 3491 2919 3562 quibus
2951 3500 3058 3547 tres
3083 3490 3274 3545 Latine
3301 3498 3512 3544 tantum
3537 3489 3606 3542 ad
3637 3504 3745 3544 nos

2156 3596 2548 3657 pervenerunt,
2587 3593 2641 3639 et
2696 3584 3056 3639 Graecismum
3107 3581 3333 3636 minime
3383 3580 3740 3645 redolentes,

2157 3695 2264 3733 non
2298 3679 2366 3732 ab
2393 3678 2706 3746 interprete,
2740 3676 2834 3731 sed
2867 3685 3091 3730 auctore
3127 3672 3322 3727 Latino
3356 3670 3622 3742 profecta
3658 3672 3743 3725 vi-

2155 3771 2387 3824 dentur:
2414 3767 2478 3821 ad
2504 3765 2564 3820 Β.
2594 3763 2868 3835 Virginem
2908 3779 3040 3831 una,
3078 3763 3146 3818 ad
3189 3762 3246 3816 8.
3277 3760 3548 3818 Joannem
3587 3761 3739 3816 duas.

2155 3864 2375 3917 Caetera:
2405 3869 2585 3916 autem
2612 3859 2800 3915 Grmce
2828 3867 3139 3929 supersunt.

2230 3953 2308 4008 Ex
2335 3950 2647 4023 quindecim
2697 3951 2786 4005 his
2813 3949 3058 4020 epistolis
3099 3955 3226 4003 octo
3261 3946 3511 4002 unanimi
3545 3947 3746 4004 docto-

2156 4060 2279 4100 rum
2309 4058 2581 4100 consensu
2613 4043 2814 4113 spuria:
2851 4041 3160 4095 habentur:
3195 4040 3248 4109 1)
3280 4053 3389 4094 una
3415 4039 3481 4092 ad
3508 4039 3572 4093 Β.
3607 4039 3742 4095 Vir-

2156 4137 2358 4208 ginem,
2397 4135 2454 4203 2)
2487 4144 2542 4189 et
2565 4134 2620 4202 5)
2645 4133 2766 4188 dua:
2789 4131 2856 4186 ad
2886 4130 2944 4184 S.
2977 4129 3265 4194 Joannem,
3293 4131 3349 4200 4)
3381 4145 3492 4185 una
3516 4131 3590 4185 ad
3621 4129 3743 4184 Ma-

2159 4229 2295 4282 riam
2325 4225 2746 4285 Cassabolitem,
2777 4223 2833 4293 5)
2861 4237 2965 4277 una
2993 4221 3062 4277 ad
3087 4220 3408 4287 Tarsenses,
3433 4220 3488 4290 6)
3531 4237 3644 4276 una
3671 4222 3740 4277 ad

2157 4321 2551 4382 Antiochenos,
2581 4315 2637 4388 7)
2662 4331 2769 4371 una
2793 4315 2860 4370 ad
2892 4313 3186 4378 Heronem,
3217 4313 3512 4368 diaconum
3543 4314 3744 4370 Antio-

2160 4413 2416 4478 chenum,
2443 4410 2499 4481 8)
2530 4425 2638 4464 una
2668 4408 2735 4462 ad
2763 4407 3139 4476 Philippenses
3167 4404 3305 4476 (23).

2231 4504 2583 4573 lleliquarum
2617 4510 2824 4570 septem
2847 4540 2860 4562 ,
2891 4513 3012 4570 quae
3037 4497 3177 4552 datae
3207 4505 3337 4551 sunt
3365 4494 3418 4564 1)
3451 4495 3518 4550 ad
3558 4494 3746 4565 Ephe-

2160 4601 2294 4659 sios.
2325 4597 2382 4667 2)
2412 4596 2478 4650 ad
2503 4593 2833 4662 Magnesios,
2865 4592 2921 4661 5)
2969 4591 3036 4645 ad
3066 4588 3396 4654 Trallianos,
3427 4588 3481 4656 1)
3515 4589 3586 4642 ad
3625 4588 3745 4643 Ro-

551 4679 745 4750 Ncgari
776 4699 880 4736 non
911 4693 1109 4753 potest,
1155 4687 1301 4754 quod
1334 4688 1556 4742 maximi
1588 4704 1768 4742 rerum
1814 4689 2052 4742 ehrono-
2085 4695 2127 4748 ι)
2161 4702 2372 4751 manes,
2406 4686 2460 4755 5)
2495 4684 2560 4739 ad
2591 4682 3069 4751 Philadelphenses
3093 4719 3109 4746 ,
3138 4678 3193 4750 6)
3226 4678 3292 4733 ad
3337 4676 3660 4748 Smyrnzeos
3691 4689 3746 4734 et

553 4856 665 4927 (13)
696 4853 893 4927 lgnat.,
929 4874 1016 4927 ep.
1050 4859 1116 4912 ad
1149 4856 1333 4923 Bonn,
1367 4877 1415 4914 c.
1445 4862 1498 4915 5.

553 4925 665 5047 (14)
699 4925 849 4982 Hane
890 4925 1330 4984 dissertationem
1375 4929 1641 4986 Smithius
1693 4943 1748 4986 et
1795 4931 2058 4987 Jacobso-

559 5012 586 5047 s
621 5009 631 5047 l
669 4994 707 5047 Ι.
742 5013 796 5047 1).
822 4997 928 5047 524
958 5013 1079 5047 sua.
1113 4999 1245 5047 edit.
1280 5003 1341 5047 Ill
1385 5003 1439 5047 in
1484 5017 1614 5047 suas;
1638 5002 1906 5047 edilinnos
1927 5018 2058 5047 non-

480 5008 586 5070 nus
621 4997 707 5063 (11,
742 5013 796 5066 p.
822 4997 928 5051 524
958 5013 1079 5068 sqq.
1113 4999 1245 5053 edit.
1280 5003 1341 5070 ιι)
1385 5003 1440 5054 in
1484 5017 1614 5056 suas
1638 5002 1906 5057 editiones
1927 5018 2058 5058 con-

476 5064 746 5134 jecerunt.

553 5137 666 5205 (15)
700 5136 859 5202 Crit.,
889 5137 956 5191 ad
990 5149 1121 5192 ann.
1157 5138 1279 5205 107,
1315 5155 1370 5191 n.
1403 5140 1522 5194 3-6.

553 5139 643 5204 (15
700 5139 859 5202 Crit.,
889 5139 956 5191 ad
990 5149 1121 5192 ann.
1157 5139 1248 5192 10⁸1

696 5208 970 5284 ξρίσίίεθη
997 5218 1035 5284 ιτ
1067 5207 1130 5284 1.1:
1157 5208 1248 5284 9'2:

551 5276 664 5400 (17')
694 5277 843 5330 L'art
871 5276 1186 5402 Océriﬁer
1225 5277 1298 5333 les
1331 5280 1501 5348 dates,
1527 5297 1580 5350 p.
1606 5280 1733 5345 259,
1761 5298 1850 5352 ap.
1887 5283 2052 5338 Lum-

552 5365 594 5401 r.
656 5391 667 5402 .
695 5364 770 5402 c..
800 5363 854 5402 n.
993 5389 1005 5400 .

480 5361 594 5418 per.
632 5361 667 5402 ι.
695 5364 770 5410 c..
800 5363 854 5417 p.
879 5361 1005 5418 259.

551 5418 662 5485 (18)
699 5415 899 5480 Gra'be,
932 5415 1143 5486 Spicil.,
1175 5428 1212 5472 t.
1248 5417 1312 5485 ll,
1345 5435 1399 5486 p.
1433 5419 1519 5473 22.

551 5435 662 5485 (ιδ)
699 5435 899 5480 mane,
932 5435 1143 5486 optem,
1175 5435 1212 5472 t.
1249 5435 1399 5540 ιι,
1433 5435 1519 5473 zz.

550 5489 662 5557 (l9)
690 5487 838 5562 Hist.
864 5488 955 5562 _des
979 5487 1218 5557 Emper.,
1255 5499 1305 5562 ι.
1363 5491 1403 5554 1,
1436 5503 1549 5544 ιιοι.
1583 5490 1672 5562 ιζ,
1699 5507 1793 5546 sur
1821 5490 2046 5562 Trajan.

479 5549 655 5631 Idem,
681 5557 959 5631 Memoiregs
1001 5549 1135 5627 poor
1175 5549 1359 5625 servir,
1390 5549 1522 5624 etc.,
1559 5570 1597 5614 t.
1633 5549 1694 5624 ll,
1738 5577 1789 5631 p.
1828 5549 1964 5626 195',
1998 5573 2052 5617 et

480 5635 590 5680 not.
626 5629 712 5693 tu,
750 5645 802 5696 p.
838 5629 962 5682 585.

549 5697 662 5772 (26)
698 5697 974 5772 ρθιιίιιιόη
1007 5697 1287 5772 Bibli_otli.,
1307 5708 1357 5772 t._
1384 5698 1424 5762 l,
1459 5698 1695 5771 Prolcg..
1722 5719 1774 5772 p.
1805 5717 1893 5755 ιιιι
1926 5719 2008 5770 sq.

551 5766 664 5834 (2-1)
699 5762 874 5821 Unam
906 5762 1112 5823 tantum
1142 5762 1362 5837 Trajani
1393 5762 1794 5841 expeditionem
1835 5762 2021 5828 Parthi

2165 4879 2284 4918 cam
2319 4857 2840 4932 agnoscitfranclte
2867 4857 2918 4910 in
2942 4856 3082 4910 libro
3110 4874 3123 4908 :
3153 4853 3264 4907 Zur
3285 4851 3596 4908 Geschichte
3613 4853 3742 4908 Tra-

2155 4927 2435 5003 jansgr'tc.
2474 4929 2630 5003 1831.
2654 4945 2718 5003 _p._
2750 4927 2871 4981 161.

2233 4993 2346 5071 (22)
2379 5001 2533 5069 Apud
2563 4993 2817 5071 Mral'alam
2841 4996 3009 5071 enim,
3044 5004 3179 5071 teste
3208 4993 3496 5071 Gallandio
3530 4994 3592 5071 (1Ἰ
3637 4997 3742 5071 c._),

2162 5065 2279 5128 sive
2313 5065 2440 5139 ejus
2487 5070 2725 5131 inscitia,
2776 5067 2890 5121 sive
2942 5065 3290 5139 librariorum
3317 5065 3632 5139 _osc_itantia
3686 5067 3743 5119 in

2161 5133 2498 5197 n0tationem
2536 5148 2844 5206 temporum
2890 5151 3017 5206 cum
3069 5135 3286 5206 imperii
3316 5133 3566 5206 Trajani,
3619 5143 3741 5189 tum

2160 5210 2424 5281 lgnatiani
2443 5204 2965 5281 _martyn:i_i,_menda
3004 5205 3269 5281 nonnulla
3313 5204 3603 5281 irrepsisse
3642 5220 3718 5281 no

2160 5273 2406 5337 scuntur.
2442 5273 2622 5333 Teste'
2651 5276 2845 5330 Malala
2893 5274 3166 5345 Trajanus
3211 5273 3740 5345 septima‘Januarii,

2154 5352 2292 5407 feria
2329 5347 2903 5420 quintaﬂAntioehiam
2953 5341 3242 5420 ingressus
3263 5341 3384 5420 ;e_st.
3421 5341 3528 5396 Sed
3574 5347 3742 5420 septi:-

2151 5438 2291 5474 mam
2313 5413 2552 5474 Januarii
2579 5433 2701 5472 cum
2733 5417 2870 5486 ferio
2892 5413 3098 5485 quinta,
3131 5432 3182 5470 a.
3224 5413 3489 5486 1Q7_(not_t
3521 5428 3575 5466 a.
3611 5413 3740 5486 116)

2152 5491 2502 5615 ponqurrisse
2535 5480 2777 5543 ostendit
2808 5480 3067 5540 Usserius
3097 5487 3234 5554 (not.
3268 5483 3302 5537 6
3333 5480 3386 5537 in
3432 5480 3640 5554 Martyr
3675 5480 3736 5537 S.

2177 5579 2268 5615 an.
2305 5601 2316 5613 .

2177 5562 2340 5698 δ’δὲ)
2371 5629 2487 5683 Cfr.
2515 5629 2759 5682 virorum
2791 5625 3171 5698 doctorumde
3202 5622 3631 5698 hisceiepistolis
3650 5623 3737 5692 ju-

2151 5694 2292 5754 diCia
2325 5694 2464 5770 apud
2509 5698 2821 5754 Russelium
2861 5706 2913 5751 et
2950 5695 3321 5751 Jacobsonum
3357 5697 3420 5762 (t.
3457 5694 3498 5760 l,
3537 5709 3591 5764 p.
3630 5707 3731 5746 ut

2152 5771 2319 5841 ειμι.)
