3852 6210
124 353 246 409 629

1378 345 1438 400 C.
1477 344 1527 401 Ι.
1569 341 1840 399 HEFELll
1880 336 2271 397 ΡΒᾹΞΓΑΤΙΟ.

3303 322 3406 378 650

129 474 189 538 7)
226 473 296 528 ad
334 471 696 544 Polycarpum
716 513 732 539 ,
773 471 974 544 duplex
1024 479 1202 526 exstat
1244 469 1492 525 Graecum
1536 484 1719 524 exem-
1750 474 1792 531 Α
1824 466 1945 521 dem
1978 462 2185 531 regulis
2210 460 2393 515 minus
2413 457 2734 521 obnoxium,
2763 453 2856 510 sed
2888 453 3086 508 ardore
3122 447 3408 516 scripturis

125 564 278 634 μιν,
310 565 546 618 alterum
577 564 798 619 brevius
819 605 835 631 ,
875 563 1107 619 alterum
1152 562 1388 630 longius.
1432 558 1721 614 Recensio—

126 670 263 711 nem
295 655 605 710 breviorem
641 655 874 723 longiori
920 670 1041 711 esse
1076 653 1533 725 praehabendam.
1584 665 1723 721 pene

127 746 203 800 ad
235 756 413 802 unum
445 760 640 804 omnes
683 746 784 801 viri
834 746 1009 805 critici
1058 745 1419 802 aﬂlrmarunt.
1471 741 1723 799 Schmid-

126 836 249 892 tius
268 836 394 909 (24)
421 848 603 893 autem
645 846 702 893 et
740 836 966 893 Netzius
1005 838 1158 908 (25),
1193 837 1375 892 neutri
1417 833 1721 890 recensioni

125 929 364 984 laudem
399 930 730 986 sinceritatis
752 930 1079 1000 praebentes,
1108 938 1399 1000 utramque
1428 945 1492 983 ex
1526 928 1725 981 immu-

126 1022 353 1078 tatione
392 1023 616 1094 genuini
653 1023 941 1092 cujusdam
982 1021 1313 1092 exemplaris
1347 1029 1522 1076 ortam
1566 1029 1726 1088 puta-

127 1113 280 1168 bant
305 1114 447 1185 (26).
481 1112 810 1169 Novissimis
844 1127 975 1167 vero
1020 1112 1360 1182 temporibus
1396 1110 1462 1167 D.
1493 1108 1725 1163 Carolus

126 1205 335 1273 Beier,
362 1206 649 1276 theologia?
670 1203 949 1275 professor
970 1203 1280 1261 Giessensis
1310 1218 1485 1272 nuper
1507 1202 1726 1257 demor-

128 1308 306 1362 tuus,
349 1297 583 1369 longiori
625 1297 933 1354 recensioni
983 1285 1221 1368 palmam
1277 1295 1555 1360 tribuens,
1601 1308 1723 1348 eam

128 1391 254 1438 non
288 1385 453 1454 plane
482 1384 703 1455 quidem
742 1385 1008 1457 integram
1051 1396 1107 1441 et
1135 1384 1454 1456 genuinam,
1488 1382 1725 1439 breviori

129 1482 328 1531 tamen
363 1477 523 1548 longe
551 1475 944 1547 pta-ferendam
975 1492 1099 1533 esse
1124 1476 1410 1532 contendit
1435 1475 1573 1547 (27).
1618 1475 1724 1530 Sed

127 1577 361 1624 tantum
407 1569 620 1636 aberat,
672 1579 731 1624 ut
771 1570 1016 1624 virorum
1054 1570 1344 1624 doctorum
1380 1569 1646 1639 applausu
1673 1567 1727 1623 id

127 1659 369 1723 facemt,
400 1668 462 1715 ut
482 1661 778 1728 neminem,
804 1676 968 1732 quem
997 1660 1189 1727 sciam,
1218 1661 1272 1714 in
1302 1675 1458 1715 suam
1491 1661 1729 1717 traheret

125 1755 501 1821 sententiam,
531 1755 716 1825 plures
736 1771 886 1819 vero,
912 1771 971 1810 re
1004 1756 1201 1810 iterum
1237 1756 1292 1810 in
1316 1755 1464 1810 litem
1510 1766 1725 1824 vocata,

1826 560 2119 615 ferventem
2147 572 2177 610 a
2209 553 2404 624 frigida
2440 552 2687 620 duraque
2719 548 2957 619 epitome
2999 544 3174 616 possit
3198 541 3409 596 discer-

1825 664 1973 705 nere.
1997 646 2153 715 Quod
2184 645 2419 715 deniqne
2441 639 2794 697 obscuritatis
2815 635 3165 706 opprobrium
3193 631 3404 696 attinet,

1823 742 1875 796 id
1910 741 1978 796 de
2021 737 2298 809 corruptis
2335 744 2543 790 tantum
2586 732 2722 787 locis
2740 731 2945 784 dictum
2989 738 3168 798 putes,
3200 723 3404 794 quibus

1824 831 2125 901 saepissime
2150 827 2355 883 medela
2380 832 2559 896 potest
2595 821 2774 877 afferri
2800 820 2935 889 (55).
3398 820 3407 825 ’

1893 928 1948 997 e)
1978 926 2192 982 Testem
2219 937 2438 993 quoque
2466 920 2751 990 antiquum
2784 931 2899 971 suae
2933 911 3210 982 opinionis
3233 906 3405 962 addu-

1824 1022 1899 1078 cit
1928 1020 2184 1083 Meierus,
2215 1014 2527 1070 Chronicon
2572 1013 2695 1067 dico
2729 1005 3013 1081 paschale,
3058 1000 3400 1070 temporibus

1824 1112 2133 1172 Constantii
2162 1107 2509 1179 imperatoris
2533 1102 2905 1172 conscriptum
2930 1097 3020 1169 (ad
3047 1111 3098 1153 a.
3138 1093 3201 1149 D.
3225 1093 3316 1159 52,
3345 1106 3400 1160 p.

1826 1203 1953 1270 416,
1985 1200 2110 1255 Vol.
2146 1199 2187 1254 Ι.
2227 1199 2290 1254 ed
2322 1198 2497 1253 Bonn.
2543 1192 2729 1265 1852),
2771 1191 2825 1245 in
2856 1204 2970 1261 quo
3009 1185 3274 1258 longioris
3308 1199 3399 1239 re--

1827 1293 2104 1352 censionis
2130 1293 2284 1346 locus
2313 1290 2404 1360 (ad
2437 1286 2605 1342 Trall.
2646 1301 2696 1340 e.
2724 1283 2817 1355 10)
2859 1281 3133 1336 laudatur.
3162 1275 3269 1332 Sed
3304 1292 3403 1331 an-

1828 1386 2096 1458 tiquiores
2124 1384 2283 1438 nobis
2316 1390 2481 1437 testes
2502 1384 2705 1449 praesto
2730 1383 2879 1440 sunt,
2909 1370 3178 1427 Eusebius
3212 1367 3324 1440 (54)
3349 1375 3404 1421 et

1829 1477 2163 1534 Athanasius
2186 1472 2325 1546 (55),
2355 1472 2553 1543 quibus
2599 1468 2903 1533 breviorem
2929 1461 3304 1519 recensionem
3333 1458 3403 1513 ad

1830 1589 2028 1628 manus
2066 1571 2238 1627 fuisse
2289 1567 2415 1622 inde
2467 1563 2626 1619 facile
2667 1561 2910 1630 colliges,
2955 1555 3103 1628 quod
3136 1555 3297 1610 verba
3332 1554 3403 1607 ab

1828 1666 1966 1737 ipsis
1994 1665 2156 1719 citata
2184 1663 2238 1717 in
2259 1659 2496 1716 breviori
2527 1665 2884 1720 tantum,non
2913 1665 3065 1720 aeque
3095 1648 3150 1703 in
3169 1645 3405 1718 longiori

1832 1756 2186 1813 inveniuntur
2214 1751 2533 1807 recensione
2559 1748 2697 1817 (56).

126 1847 419 1903 brevioris
459 1847 797 1904 recensionis
840 1864 954 1903 rem
987 1855 1228 1919 agerent.
1276 1846 1587 1904 Laudemus
1636 1849 1725 1904 hic
1760 1827 1800 1880 Β
1901 1849 1958 1920 (1)
1998 1848 2242 1917 Denique
2272 1845 2326 1900 in
2370 1840 2601 1928 longiori
2631 1836 2947 1894 recensione
2978 1839 3172 1903 praeter
3195 1830 3408 1900 episeo-

129 1936 198 1993 ν.
227 1937 301 1995 D.
333 1936 671 1997 Riebardum
705 1937 882 1995 Bothe
921 1940 1072 2011 (28),
1108 1955 1259 1996 nunc
1302 1938 1726 2012 Heidelbergen-

128 2047 281 2099 sem,
313 2031 609 2087 Arndtium
642 2032 755 2103 (29)
785 2031 1305 2102 Ratzeburgensem,
1330 2031 1588 2087 Baurinm
1616 2031 1726 2086 Tu-

129 2125 468 2196 biagensem
494 2123 608 2195 (50)
654 2136 709 2180 et
749 2123 1089 2180 Fridericum
1131 2124 1486 2180 Diisterdieek
1528 2123 1729 2181 ﬂame-

131 2216 355 2272 lensem
382 2216 529 2288 (δι).
1108 2196 1115 2203 ’

201 2307 456 2365 Meierus
501 2308 678 2364 tribus
723 2308 1072 2377 potissimum
1123 2309 1463 2377 argumentis
1510 2319 1731 2367 senten-

131 2403 272 2457 tiam
297 2417 464 2456 suam
493 2401 709 2456 firmare
731 2410 965 2458 conatus
982 2413 1086 2458 est.

209 2495 273 2565 a)
302 2493 369 2548 ln
401 2494 663 2561 hreviori,
694 2493 894 2564 inquit,
922 2494 1242 2551 recensione
1266 2493 1486 2552 Nicmna
1515 2496 1584 2552 de
1609 2496 1729 2552 dei—

132 2596 250 2647 tate
277 2585 495 2641 Christi
520 2585 768 2641 doctrina
795 2593 1031 2652 tenetur,
1053 2601 1187 2657 ergo
1212 2586 1563 2656 postnicaanis
1594 2595 1730 2642 tem-

134 2675 377 2744 poribus
432 2683 660 2730 exarata
708 2684 964 2745 putetur;
1026 2675 1240 2747 longior
1293 2690 1423 2731 vero
1479 2677 1729 2732 recensio

138 2770 334 2824 minus
367 2767 619 2824 decisum
644 2767 713 2822 de
736 2768 840 2823 hac
863 2784 921 2822 re
946 2768 1162 2823 dicendi
1186 2783 1382 2839 genus.
1413 2769 1731 2839 apostolicis

138 2861 495 2931 teniporibus
544 2875 869 2930 congruum,
904 2858 1186 2931 praesefert
1211 2868 1265 2914 et
1287 2870 1487 2915 servat.
1518 2891 1588 2901 —
1622 2859 1729 2916 Ve-

140 2970 269 3009 rum
319 2952 514 3009 acrior
545 2952 837 3022 utriusque
870 2951 1214 3007 recensionis
1252 2946 1518 3021 inspeCtio
1551 2953 1731 3017 docet,

140 3045 454 3116 longiorem
479 3060 699 3116 quoque
714 3044 887 3100 octies
912 3043 1097 3099 decies
1119 3042 1402 3099 Christum
1430 3042 1598 3098 Deum
1633 3060 1733 3100 no-

1830 1914 1951 2006 pos,
1983 1914 2331 2006 presbjteros
2360 1942 2415 1987 et
2451 1914 2715 1985 diaconos
2747 1923 2942 1994 reliqui
2973 1935 3194 1995 quoque
3239 1914 3405 1973 clerié

1828 2044 2020 2083 eorum
2073 2026 2297 2081 ordines
2339 2022 2695 2078 nominantur
2740 2015 2974 2084 (Philad.
3021 2030 3070 2069 e.
3114 2014 3193 2068 ιε
3241 2011 3334 2065 καί
3377 2013 3406 2064 ὁ

1827 2121 2011 2186 λοιπὸς
2056 2118 2299 2191 κλῆρος),
2332 2117 2426 2188 qui
2454 2114 2511 2170 S.
2542 2111 2736 2184 lgnatii
2776 2108 3114 2179 temporibus
3155 2104 3399 2160 nondum

1828 2216 1882 2270 in
1920 2212 2153 2270 ecclesia
2183 2209 2532 2266 exstiterunt.
2870 2197 2875 2203 ’

1901 2303 2214 2358 Breviorem
2239 2314 2373 2370 ergo
2403 2295 2779 2353 recensionem
2805 2287 3000 2345 merito
3032 2284 3289 2357 longiori,
3321 2283 3408 2340 in-

1828 2397 2130 2468 terpolatae,
2162 2389 2555 2465 pratferendam
2578 2396 2857 2458 putamus.

1900 2487 1987 2543 Ill.
2013 2487 2151 2542 Cum
2194 2500 2225 2539 e
2274 2480 2515 2538 tenebris
2555 2479 2752 2533 iterum
2794 2476 2847 2530 in
2896 2475 3072 2529 lucem
3127 2468 3410 2540 prodirent

1828 2577 2073 2649 epistola:
2096 2573 2154 2628 S.
2194 2569 2409 2642 lgnatii,
2435 2568 2626 2639 primae
2664 2565 2911 2621 omnium
2940 2565 3167 2617 detectae
3189 2567 3244 2614 et
3266 2557 3409 2629 typis

1830 2673 2112 2740 impressa:
2135 2675 2265 2721 sunt
2285 2663 2513 2719 Parisiis
2527 2660 2668 2715 M95
2700 2657 2849 2711 falsa:
2874 2657 2990 2712 istae
3017 2665 3126 2709 tres
3142 2650 3408 2723 epistolae,

1830 2761 2024 2818 Latine
2055 2768 2269 2815 tantum
2302 2756 2541 2824 scriptae,
2572 2752 2641 2807 ad
2680 2749 2742 2804 Β.
2778 2748 3058 2820 Virginem
3100 2760 3205 2800 una
3256 2752 3311 2798 et
3341 2742 3410 2797 ad

1834 2853 1893 2909 S.
1920 2851 2185 2907 Joannem
2226 2850 2368 2905 duae.
2395 2846 2511 2902 Cfr.
2539 2860 2704 2916 supra
2737 2857 2888 2897 num.
2926 2839 2991 2895 11.
3031 2837 3232 2893 Tribus
3253 2836 3414 2891 annis

1832 2952 1957 3015 post
1987 2941 2230 2998 Jacobus
2249 2940 2421 2994 Faber
2439 2933 2803 3011 Stapulensis,
2832 2932 2917 2987 his
2945 2930 3240 3001 epistolis,r
3262 2926 3413 2997 quod

1833 3035 2070 3090 tenebris
2102 3033 2350 3088 omnium
2383 3028 2722 3100 dignissian
2750 3024 2956 3080 fuerint
2986 3043 3004 3075 ι
3033 3021 3279 3087 omissis,
3310 3035 3416 3075 un-

142 3110 388 3204 minare,
436 3110 560 3192 eam
610 3110 791 3207 magis
819 3134 1043 3191 definite
1091 3136 1159 3190 de
1205 3151 1431 3207 persona
1492 3134 1732 3206 Spiritus
1760 3180 1802 3207 μ
1835 3128 2011 3183 decim
2062 3125 2200 3181 alias
2236 3123 2292 3190 (7
2324 3121 2680 3190 interpolatas
2721 3126 2775 3172 et
2811 3117 2846 3172 4
2874 3114 3064 3184 falsas)
3092 3128 3123 3168 e
3162 3110 3416 3166 versione

142 3229 325 3287 sancti
375 3229 551 3302 loqui,
594 3226 940 3298 pleniorique
987 3226 1224 3282 formula
1275 3226 1560 3283 Trinitatis
1612 3245 1735 3285 esse

146 3338 306 3377 usam
332 3320 453 3391 (52)
479 3338 496 3384 ;
527 3336 639 3390 quo
662 3320 741 3386 lit,
771 3329 830 3375 ut
846 3318 1044 3375 merito
1074 3319 1472 3389 posterioribus
1501 3321 1576 3375 sit
1594 3329 1733 3375 tem-

146 3414 383 3486 poribus
414 3413 726 3470 tribuenda.

218 3510 281 3580 b)
316 3506 638 3563 Secundum
668 3513 1051 3586 argumentum
1079 3503 1312 3561 Meierus
1355 3520 1423 3560 ex
1450 3506 1575 3577 styli
1605 3505 1737 3561 cha-

148 3612 370 3657 ractere
400 3600 699 3671 depromit,
728 3613 982 3664 monens,
1014 3597 1320 3653 breviorem
1360 3598 1734 3653 recensionem

149 3694 429 3763 epitomes
468 3677 736 3747 deformis
775 3699 831 3746 et
871 3691 1122 3747 obscura;
1161 3688 1304 3745 ferre
1334 3702 1610 3755 naturam,
1647 3690 1736 3745 cui

152 3786 373 3856 longior
404 3793 556 3841 textu
594 3784 812 3840 meliori
856 3784 1041 3839 lumen
1083 3782 1326 3853 praebere
1385 3782 1597 3838 debeat.
1631 3782 1739 3838 Sed

152 3886 348 3932 contra
374 3876 563 3946 plures
596 3874 863 3946 longioris
897 3874 1236 3930 recensionis
1270 3874 1375 3929 loci
1411 3890 1445 3928 a
1490 3874 1742 3937 breviore

149 3965 378 4018 demum
411 3963 776 4018 illustrantur.
818 3961 973 4023 Illam
1004 3962 1159 4032 justo
1185 3977 1311 4018 esse
1340 3963 1738 4033 loquaciorem,

152 4055 526 4125 dietionisque
538 4055 802 4125 gravitate
818 4070 1028 4120 carere,
1047 4054 1208 4111 facile
1220 4052 1541 4111 videas.Nec
1558 4056 1740 4112 minus

154 4147 534 4207 additamenta
560 4146 756 4205 inertia
792 4156 848 4202 et
876 4147 1170 4203 citationes
1219 4145 1511 4216 superﬂuae
1558 4155 1609 4202 te
1660 4146 1741 4201 fu-

155 4239 326 4307 gient,
359 4238 566 4308 quibus
589 4238 951 4309 interpolator
976 4238 1276 4309 genuinum
1304 4245 1513 4293 textum
1538 4253 1740 4309 augere

155 4339 240 4388 est
260 4346 457 4386 ausus.
496 4329 807 4385 Breviorem
836 4345 966 4384 vero
984 4330 1358 4387 recensionem
1384 4344 1546 4385 nemo
1569 4329 1743 4398 epito-

159 4438 282 4479 men
315 4422 554 4494 putabit,
588 4422 684 4492 qui
737 4422 1081 4478 succinctum
1114 4430 1171 4478 et
1204 4422 1489 4477 concisum
1532 4435 1743 4475 sermo-

160 4513 588 4584 nem,gravibus
605 4512 892 4568 sententiis
913 4510 1198 4579 refertum,
1229 4510 1603 4583 grammaticis
1626 4510 1751 4581 qui-

1839 3225 2006 3282 veteri
2036 3223 2228 3279 Latina
2251 3219 2424 3276 edidit
2449 3217 2679 3272 Parisiis
2697 3212 2856 3268 1498.
2881 3211 3041 3265 Anno
3067 3217 3249 3264 autem
3280 3204 3419 3261 1556

1841 3315 2279 3389 Symphorianns
2330 3307 2717 3378 Cbamperius,
2782 3300 3188 3372 Lugdunensis,
3246 3296 3346 3351 bas
3385 3310 3419 3349 a

1837 3409 2019 3464 Fabro
2056 3407 2232 3462 editas
2260 3418 2387 3458 eum
2432 3401 2609 3455 tribus
2657 3396 2784 3452 aliis
2824 3394 2894 3450 ab
2941 3393 3035 3448 illo
3087 3389 3327 3460 rejectis,
3365 3396 3421 3442 et

1839 3509 2035 3573 quarta
2071 3498 2202 3569 (non
2229 3497 2414 3551 minus
2441 3491 2598 3559 falsa)
2645 3490 2712 3543 ad
2743 3487 2971 3542 Mariam
3001 3481 3418 3545 Cassabolitem,

1838 3609 2120 3664 nunquam
2153 3598 2280 3645 ante
2309 3588 2602 3659 publicata,
2626 3583 2713 3639 edi
2736 3580 3164 3646 euravit;atque
3190 3574 3267 3629 ita
3299 3582 3422 3628 tan-

1839 3686 1963 3741 dem
1994 3682 2061 3737 l5
2090 3678 2285 3751 lgnatii
2307 3677 2548 3747 epiStola:
2566 3673 2761 3728 Latine
2791 3669 3137 3726 exstiterunt.

1913 3772 2208 3828 Duodecim
2233 3785 2421 3825 earum
2454 3766 2509 3839 (7
2533 3764 2889 3834 interpolatas
2919 3769 2974 3815 et
2997 3760 3030 3815 5
3063 3756 3254 3813 falsas)
3277 3772 3307 3811 e
3328 3770 3424 3810 eo-

1842 3864 1966 3918 dice
1992 3860 2183 3916 Graeco
2215 3856 2557 3912 bibliotheca:
2580 3855 2912 3925 Augustana:
2938 3851 3151 3921 primus
3173 3847 3420 3901 omnium

1844 3953 2091 4023 Dillingae
2134 3949 2272 4005 1557
2306 3948 2479 4004 edidit
2528 3944 2852 4000 Valentinus
2906 3941 3226 4011 Ilartungus
3271 3937 3422 4005 Frid,

1844 4061 1942 4102 seu
1980 4043 2227 4110 Pacwus,
2272 4040 2496 4095 nomine
2526 4053 2626 4108 pro
2653 4036 2751 4091 aevi
2779 4033 3179 4091 consuetudine
3221 4032 3425 4087 immu-

1844 4145 1977 4194 tato.
2011 4135 2238 4206 Easdem
2273 4133 2340 4187 12
2363 4131 2621 4205 epistolas
2653 4129 2899 4183 Andreas
2936 4124 3213 4181 Gesnerus
3241 4125 3428 4180 Graece

1847 4238 1902 4285 et
1950 4227 2141 4283 Latine
2190 4225 2514 4297 (interprete
2556 4223 2767 4278 Joanne
2810 4222 3118 4291 Brunnero)
3159 4236 3190 4275 e
3227 4217 3420 4273 codice

1849 4320 2195 4393 bibliothecae
2224 4317 2284 4373 V.
2314 4318 2376 4373 C.
2410 4316 2638 4388 Gaspari
2670 4334 2700 4371 a
2725 4314 3031 4387 Nydpryek,
3067 4312 3259 4383 Tiguri
3290 4311 3428 4366 1559

1854 4413 2048 4469 edidit.
2077 4411 2214 4466 Cum
2253 4408 2428 4465 Pacaei
2464 4409 2632 4464 editio
2668 4408 2848 4478 ipsum
2897 4406 3112 4471 lateret,
3150 4403 3429 4458 Gesnerus

1858 4506 2095 4577 primum
2116 4518 2174 4558 se
2197 4502 2413 4559 Graecas
2430 4501 2619 4572 lgnatii
2634 4500 2894 4572 epistolas
2911 4495 3424 4567 edidissejactabat.

232 4680 350 4748 (24)
392 4677 621 4732 Versata]:
672 4677 801 4733 iiber
850 4678 935 4748 die
980 4677 1281 4748 gedoppelle
1326 4676 1614 4748 Recension
1659 4676 1754 4748 der
1785 4675 2148 4737 Dant/tentia,
2185 4669 2718 4748 etc..Commentatio
2760 4666 3031 4736 Gottingae
3063 4663 3289 4735 praemio
3336 4678 3425 4715 re-

163 4746 341 4831 B_r§efe
371 4749 464 4831 des
488 4748 823 4831 [gnatius
852 4768 864 4803 :
899 4746 1120 4831 Henelte
1143 4746 1397 4831 Magazti‘n
1418 4818 1429 4828 .
1446 4748 1537 4830 fur
1574 4746 1748 4831 βςιίθ.

162 4817 535 4889 ρΙιὶιόεορΙιὶε,
574 4828 710 4872 tom.
749 4817 840 4883 Ill,
891 4834 1014 4889 pag.
1060 4819 1123 4872 91
1165 4817 1589 4889 sqq.g_0pinion_i
1627 4817 1754 4889 huic

166 4886 508 4959 Sebmidtius
537 4898 728 4959 postea
772 4886 1028 4945 nuntium
1073 4886 1225 4945 misit
1252 4886 1482 4958 (Κὶὲειι.
1537 4886 1749 4951 Gesch.,

167 4974 204 5015 t.
234 4958 276 5023 1,
301 4977 358 5031 p.
388 4960 497 5031 209
528 4958 659 5031 ξςιγ).

232 5027 349 5101 125)
388 5030 447 5084 ln
486 5049 499 5083 :
529 5027 803 5098 Ullmann,
836 5028 1081 5085 Studien.
1108 5046 1164 5083 α.
1194 5028 1338 5083 Krit.
1374 5027 1534 5092 1855,
1568 5045 1620 5098 p.
1646 5027 1745 5082 881

168 5118 351 5242 ἡῗὲϐ)
382 5169 540 5242 [lane
574 5170 888 5240 Opinionem
928 5180 1151 5242 secutus
1182 5180 1266 5224 est
1294 5167 1359 5223 V.
1402 5168 1464 5223 C.
1513 5166 1747 5223 Carolus

170 5239 340 5308 ιιδευ,
371 5239 806 5310 Κὶτεὴεηρεεεήη
844 5255 896 5310 p_.
935 5239 1022 5304 70,
1055 5240 1247 5310 ed._7v.

1855 4741 2526 4825 siserHa'Pw-QQS‘N-

1924 4819 2038 4887 (52)
2080 4802 2195 4887 αἰξί
2222 4802 2416 4887 Arndt,
2453 4802 2524 4887 in,
2549 4830 2562 4864 :
2590 4806 2876 4887 pllmanni
2911 4803 3227 4887 St_u_d_.,_c,t_c.

1851 4908 1906 4961 p.
1927 4871 2224 4961 ‘teiqet;
2258 4871 2764 4961 [{otheauAnfdngfl
2786 4873 3193 4942 πωλῇ-751
3223 4882 3279 4929 et
3312 4871 3425 4925 un-

1849 4950 2142 5020 sterilieck,
2179 4957 2214 5009 Ι.
2243 4970 2318 5017 c.,
2344 4969 2398 5023 p.
2419 4951 2490 5006 26
2515 4966 2599 5023 sq.
2622 4961 2677 5023 et

1925 5030 2040 5099 (55)
2079 5015 2437 5090 ΑὲηιιιΛζῖλ,
2480 5038 2536 5092 p.
2562 5015 2811 5076 ’149-161
2836 5035 2850 5086 ;
2889 5026 2946 5073 et
2976 5015 3176 5081 Bothe,
3206 5015 3243 5069 1.
3274 5029 3347 5081 c.,
3374 5028 3429 5083 p.

1848 5102 1951 5159 756
1969 5114 2153 5168 δίμιᾏ
2365 5164 2375 5168 _
2558 5162 2624 5168 _._
3532 5122 3536 5125 Α

1923 5162 2038 5241 (5-1)
2054 5162 2068 5167 ’
2087 5165 2227 5241 (list.
2268 5164 2434 5241 ec‘cl.,‘
2454 5181 2539 5229 In,
2558 5162 2649 5217 56.

1927 5223 2043 5309 (55)
2080 5238 2155 5309 De
2172 5236 2375 5309 gynoda
2400 5223 2573 5288 Aricia.
2598 5240 2664 5301 ‘et
2692 5230 2923 5294 Saluum,
2956 5244 3013 5299 p.
3045 5224 3173 5290 922,
3211 5234 3249 5279 ι.
3279 5224 3300 5278 l
3340 5223 3430 5278 ed.

237 5306 354 5383 (2i)
392 5312 449 5365 In
485 5330 500 5366 :
538 5306 817 5366 Ullmanni
846 5306 1008 5364 Stud.
1052 5320 1102 5364 et
1138 5307 1318 5375 Krit.,
1355 5308 1523 5371 1856,
1556 5324 1608 5377 p.
1642 5306 1734 5361 54(

1853 5306 2030 5368 Paris.
2068 5307 2225 5383 1927⁸.

171 5398 356 5537 ςἷῖἶὲὸ)
387 5451 759 5537 υἱέ-έηῖᾱηςε
779 5452 873 5505 der
894 5450 1099 5504 chris-tl.
1116 5448 1333 5512 Kirche,
1366 5447 1747 5519 Wittemberg.

175 5522 328 5588 1857,
360 5538 415 5592 p.
451 5522 575 5577 759.

241 5595 359 5663 (29)
393 5591 450 5646 In
482 5612 496 5648 :
532 5591 805 5663 Ulltnanlii
839 5590 995 5645 Stud.
1026 5589 1256 5663 el__Krit.
1292 5590 1451 5663 1859,
1476 5605 1534 5663 p.
1566 5589 1685 5642 15ίί.

240 5657 355 5728 (50)
389 5663 653 5736 Tubing.,
682 5662 941 5716 Zeitschr.
963 5663 1048 5731 (ἢν
1070 5660 1255 5715 Theol.
1282 5662 1440 5726 1858,
1474 5660 1631 5715 Fase.
1662 5657 1747 5724 ill,

177 5736 768 5875 μ’(ὶῗύῡειεωὶθοιί,
826 5802 899 5857 De
951 5801 1358 5873 lgtutianarum
1404 5800 1750 5869 epistularum

1927 5365 2041 5452 (56)
2086 5378 2285 5452 Bothe,
2311 5376 2350 5452 ι.
2383 5390 2538 5449 _c.,p.
2580 5369 2857 5452 τίθη-μδ.
2890 5365 3305 5452 Fusiorilmodo
3341 5379 3435 5452 ar:

1857 5436 2113 5526 gumenta
2157 5436 2342 5501 Meieri
2383 5436 3079 5526 enervavit.Dusterdieek.
3125 5436 3160 5489 l.
3218 5436 3430 5515 c.,.qni

2079 5514 2805 5590 quoqueargntnentatitnte
2847 5508 3083 5590 breviori
3118 5504 3427 5590 recensioni

1859 5578 2634 5664 originis'prinritivae'landem
2664 5582 2943 5664 vindicare
2959 5578 3158 5664 studet,
3185 5585 3239 5631 et
3264 5578 3433 5628 inter-

1860 5649 2413 5736 politum-editionem
2452 5664 2579 5709 ante
2617 5653 2851 5736 medium
2879 5649 3141 5707 sacculum
3177 5657 3435 5717 quartum

1859 5722 2136 5791 exaratam
2173 5747 2291 5786 esse
2327 5737 2506 5799 negat,
2532 5742 2583 5796 p.
2620 5722 2810 5778 28-41.
