3772 6226
435 301 528 357 631

1426 303 1669 360 SANCTI
1710 302 1967 362 IGNATII
2009 303 2371 363 EPISTOLE
2406 305 2762 364 GENUINIE.

3575 317 3646 375 63'!

503 423 649 479 Pene
675 432 895 480 centum
921 423 1082 481 annis
1122 436 1247 496 post
1286 425 1564 483 breviores
1598 429 1818 484 demum
1847 437 1901 484 et
1927 444 2018 498 ge-
2047 433 2092 489 Α
2121 429 2396 484 casionem
2426 429 2729 500 praebuisse
2753 428 3210 500 perhibetur,esse
3235 434 3644 492 commentitium.

435 519 617 572 nuinae
642 517 699 572 S.
731 517 922 588 lgnatii
959 520 1204 590 epistolae
1235 520 1460 576 detectae
1495 530 1644 585 sunt,
1680 537 1883 592 easque
1903 522 2017 591 pri-

435 626 560 666 mus
612 609 798 665 Graece
845 610 1014 665 edidit
1055 612 1448 667 Amstelodami
1494 611 1632 667 1646
1676 615 1748 669 Is.
1786 611 2017 668 Vossius

433 717 500 754 ex
533 715 644 755 uno
675 701 968 770 superstite
997 701 1348 757 bibliothecae
1375 699 1630 758 Mediceaa
1677 703 1868 759 codice
1904 719 2010 759 ms.

433 791 620 847 smculi
655 809 732 858 χι,
765 803 1118 864 veteremque
1152 793 1403 850 Latinam
1435 797 1744 852 versionem
1786 796 2012 861 addidit,

433 903 597 960 quam
649 887 842 946 Graeco
877 893 1175 962 exemplari
1219 891 1618 963 propemodum
1671 893 1724 947 in
1756 891 2014 948 omnibus

431 983 852 1052 respondentem
882 986 1074 1039 Uxonii
1108 983 1246 1040 1644
1272 1001 1302 1040 e
1333 986 1549 1040 duobus
1581 986 1884 1051 codicibus,
1906 1001 2017 1041 uno

431 1076 871 1146 Cantabrigiensi
903 1085 956 1131 et
979 1079 1152 1133 altero
1173 1094 1238 1133 ex
1267 1079 1601 1135 bibliotheca
1647 1077 1867 1134 Ricardi
1899 1079 2015 1149 epi-

432 1169 578 1238 scopi
601 1166 971 1234 Norvicensis,
1001 1168 1237 1226 Jacobus
1259 1167 1540 1236 Usserius,
1570 1169 2016 1241 archiepiscopus

430 1262 837 1328 Armacbanus,
871 1262 1190 1331 vulgaverat
1218 1260 1357 1330 (37).

501 1347 703 1406 Verum
731 1367 855 1407 cum
889 1352 942 1405 in
975 1352 1070 1407 illo
1106 1354 1182 1422 (et
1216 1351 1404 1422 unico)
1437 1350 1626 1407 codice
1649 1349 1891 1407 Medieeo
1913 1367 2009 1408 seu

431 1441 750 1500 Florentino
778 1445 995 1499 deesset
1043 1445 1272 1515 epistola
1328 1444 1394 1500 ad
1428 1442 1732 1510 Romanos,
1782 1441 2012 1499 Vossius

430 1538 578 1594 illam
607 1554 675 1593 ex
714 1538 1169 1610 interpolatarum
1205 1539 1446 1596 editione
1470 1541 1840 1610 desumptam,
1872 1539 2011 1593 duce

427 1644 610 1688 vetere
636 1631 956 1704 interprete,
988 1647 1103 1687 suae
1135 1632 1437 1703 integritati
1465 1632 1755 1687 restituere
1781 1630 2012 1685 adortus

427 1733 531 1780 est.
558 1726 718 1780 Anno
741 1733 919 1780 autem
943 1725 1084 1780 I689
1108 1724 1394 1794 epistolam
1421 1725 1488 1780 ad
1511 1723 1812 1787 Romanos,
1840 1724 2010 1777 veteri

2187 521 2241 591 a)
2272 518 2569 589 Trajanum
2611 521 2760 576 enim
2805 522 3113 580 Antiochia:
3139 523 3424 580 biemasse
3452 525 3645 582 dubitari

2117 625 2222 666 non
2253 621 2447 681 potest.

2185 704 2243 773 b)
2276 702 2410 758 Eum
2441 702 2806 773 Christianos,
2843 706 2966 763 illos
2990 709 3298 777 prasertim
3329 710 3428 780 qui
3456 711 3595 767 delati
3615 725 3653 768 et

2117 797 2360 851 accusati
2397 806 2576 863 erant,
2613 799 2679 852 ad
2729 809 2964 854 mortem
3003 800 3326 866 damnasse,
3382 819 3533 859 nemo
3560 806 3653 875 jure

2117 889 2350 958 negabit.
2372 887 2492 944 Jam
2511 889 2689 945 Plinio
2717 891 2863 946 enim
2883 894 3197 962 proconsuli
3231 895 3527 964 imperator
3545 913 3655 952 man-

2114 981 2338 1036 daverat
2379 999 2393 1033 :
2425 980 2488 1037 Si
2513 983 2819 1052 deferantur
2845 993 2895 1038 et
2917 996 3236 1056 arguantur,
3269 989 3519 1056 puniendi
3545 1003 3654 1046 sunt.

2184 1078 2236 1146 c)
2278 1075 2456 1141 Plebs,
2495 1093 2687 1146 panem
2721 1085 2778 1132 et
2823 1079 3080 1132 circenses
3126 1080 3444 1150 postulans,
3484 1082 3654 1137 meliori

2115 1167 2266 1222 nullo
2295 1168 2458 1223 modo
2478 1169 2685 1238 placari
2714 1178 2949 1239 poterat,
2981 1185 3145 1240 quam
3163 1171 3596 1229 Christianorum
3609 1176 3659 1228 ad

2113 1259 2318 1316 bestias
2339 1261 2716 1318 damnatione.

2183 1352 2241 1418 d)
2277 1352 2668 1424 Imperatorem
2712 1355 3006 1414 damnatos
3055 1358 3413 1414 Christianos
3469 1357 3658 1414 Romam

2113 1443 2352 1512 misisse,
2406 1452 2468 1498 ut
2518 1443 2782 1500 Romanae
2816 1447 2960 1516 plebi
3008 1449 3149 1518 grati
3209 1447 3427 1519 aliquid
3471 1447 3660 1512 faceret,

2114 1535 2264 1590 nullo
2297 1536 2462 1591 modo
2497 1537 2714 1592 veritati
2746 1551 3032 1610 repugnat.

2188 1628 2240 1697 e)
2271 1628 2430 1695 Quod
2457 1628 2700 1701 Ignatius
2725 1629 2974 1702 Smyrnae
2997 1643 3052 1688 et
3080 1630 3299 1690 Troade
3324 1633 3522 1689 fratres
3561 1649 3663 1690 cen-

2113 1722 2330 1776 venisse
2377 1720 2560 1792 ibique
2605 1722 2870 1792 epistolas
2918 1724 3208 1794 scripsisse
3256 1725 3586 1794 perhibetur,
3624 1724 3664 1777 id

429 1811 638 1870 Latinae
690 1816 929 1872 versioni
975 1789 1312 1871 adamussim
1359 1814 1772 1885 aaquiparatam,
1811 1829 1841 1868 e
1885 1813 2008 1867 cod.
2046 1789 2085 1841 Β
2117 1812 2340 1867 minime
2386 1789 2718 1867 contradicit
2769 1789 3082 1868 crudelitati
3114 1789 3442 1882 custodum,
3488 1817 3551 1871 de
3579 1833 3663 1886 qua

433 1904 563 1962 1451
631 1908 977 1964 bibliothecae
1031 1908 1212 1979 Regia:
1274 1907 1606 1963 Parisiensis
1665 1909 2012 1962 membrana-

427 2016 525 2056 ιι,ῡο
563 2000 710 2070 (58),
752 1999 983 2057 Parisiis
1023 2002 1228 2072 publici
1270 2001 1416 2071 juris
1458 1999 1587 2056 fecit
1632 1997 2010 2055 Theodericus

428 2090 728 2147 Ruinartus
768 2092 820 2145 in
857 2093 1004 2146 Actis
1037 2101 1330 2163 martyrum
1363 2091 1619 2155 sinceris;
1650 2105 1815 2160 quam
1853 2090 2011 2144 dein-

425 2197 554 2252 ceps
591 2181 828 2238 Grabius
867 2193 921 2237 et
965 2183 1214 2239 Clericus
1239 2184 1473 2254 fprodire
1506 2183 1815 2253 jusserunt.
1849 2181 2009 2238 Anno

427 2273 567 2329 1709
594 2270 792 2328 Oxonii
819 2274 1019 2344 prodiit
1044 2276 1500 2344 prmstantissima
1524 2272 1752 2329 Thotna:
1787 2271 2005 2328 Smithii

422 2367 610 2433 editio,
645 2383 809 2438 quam
847 2369 1019 2424 secuti
1055 2378 1185 2423 sunt
1232 2368 1544 2423 Ludovicus
1572 2365 1733 2440 Frey,
1775 2367 2006 2421 Richar-

421 2457 528 2517 dus
546 2456 764 2526 Russel,
783 2459 1029 2517 Andreas
1052 2461 1371 2517 Gallandius
1393 2470 1446 2514 et
1467 2459 1790 2515 Guilielmus
1810 2457 2008 2514 Jacob-

424 2568 630 2620 sonus;
661 2568 803 2624 quos
830 2537 892 2608 et.
916 2569 1018 2609 nos
1041 2553 1211 2609 duces
1243 2553 1559 2608 habuimus.

491 2642 581 2701 IV.
608 2648 755 2702 Inter
770 2662 865 2702 eos
887 2646 981 2714 qui
1003 2662 1102 2717 pro
1127 2645 1377 2716 epistolis
1402 2645 1552 2699 hisce
1574 2643 1840 2698 vindicias
1856 2640 2008 2696 evul-

421 2749 622 2811 garunt
649 2739 1005 2796 Pearsonium
1035 2739 1147 2811 ('59)
1175 2740 1418 2794 eminere
1448 2753 1608 2792 nemo
1635 2737 1829 2791 nescit.
1859 2739 2007 2805 Opus

419 2831 542 2901 ejus
553 2845 869 2900 oppugnare
887 2840 1016 2886 sunt
1031 2832 1273 2902 aggressi
1291 2830 1574 2885 Matthaeus
1592 2827 2003 2899 Larroquanus,

423 2922 644 2978 Samuel
698 2921 1024 2994 Basnagius,
1073 2921 1380 2978 Casimirus
1430 2920 1712 2989 Oudinus,
1762 2921 2005 2976 Joannes

423 3011 654 3070 Dallteus
678 3023 731 3069 et
747 3014 1077 3084 alii,quibus
1109 3013 1365 3085 frequens
1392 3015 1773 3084 episcoporum
1798 3014 2006 3069 mentio

2114 1905 2231 1974 ipse
2261 1904 2314 1958 in
2345 1918 2433 1972 ep.
2460 1903 2530 1958 ad
2561 1903 2723 1958 Rom.
2765 1919 2814 1958 c.
2851 1904 2886 1960 5
2917 1904 3188 1975 queritur.
3223 1904 3388 1976 Apud
3420 1904 3663 1962 Romanos

2115 1996 2267 2052 enim
2284 1997 2540 2066 captivis,
2580 1996 2648 2051 ad
2680 1997 2882 2052 milites
2914 1998 3168 2068 alligatis,
3191 2000 3525 2069 permissum
3553 2011 3662 2065 erat,

2111 2089 2320 2145 amicos
2341 2092 2621 2159 suscipere
2647 2099 2704 2144 et
2729 2089 2898 2145 libere
2921 2089 3160 2160 colloqui
3186 2106 3318 2146 cum
3345 2092 3472 2147 illis.
3499 2091 3665 2147 Paulus

2109 2195 2158 2234 e.
2197 2197 2250 2250 g.
2303 2181 2356 2234 in
2391 2180 2627 2236 vinculis
2675 2180 2957 2236 Christum
3008 2183 3351 2252 praedicavit.
3407 2183 3518 2238 Cfr.
3567 2183 3663 2238 Act.

2112 2287 2307 2336 xxvm,
2359 2272 2449 2337 I6,
2479 2272 2571 2338 30,
2621 2270 2712 2326 51.
2758 2270 3028 2329 Praeterea
3062 2276 3373 2346 saepissime
3402 2275 3662 2331 Christiani

2109 2363 2318 2418 aditum
2349 2365 2418 2419 ad
2447 2373 2714 2435 martyres
2735 2374 2790 2422 et
2819 2367 3191 2426 incarceratos
3232 2379 3463 2442 argento
3486 2385 3514 2423 a
3543 2368 3663 2422 mili-

2109 2457 2256 2512 tibus
2277 2466 2551 2512 emerunt.
2579 2458 2796 2528 Optime
2810 2474 2942 2531 ergo
2968 2461 3307 2518 Pearsonius
3335 2462 3449 2534 (49)
3473 2462 3660 2518 scribit:
3758 2483 3759 2488 π

2111 2548 2241 2602 Haec
2264 2566 2383 2604 cum
2429 2551 2590 2620 fuerit
2640 2552 2999 2607 vetustissima
3045 2553 3303 2610 Ecclesia:
3355 2557 3661 2618 consuetudo,

2107 2642 2248 2695 idem
2275 2643 2437 2695 etiam
2460 2643 2514 2694 in
2547 2640 2750 2712 lgnatii
2781 2644 3006 2699 vinculis
3037 2645 3238 2714 factum
3266 2656 3502 2702 constat.
3534 2687 3547 2702 .
3569 2687 3580 2700 .
3608 2687 3619 2699 .
3650 2687 3660 2698 .

2111 2732 2367 2788 Omnibus
2424 2735 2589 2803 igitur
2619 2735 2788 2789 modis
2835 2735 3048 2790 diaconi
3097 2737 3296 2808 aliique
3327 2739 3394 2792 ab
3441 2738 3661 2793 Ecclesiis

2108 2827 2259 2880 missi
2298 2825 2513 2897 Ignatio
2542 2829 2597 2881 in
2631 2830 2818 2884 itinere
2861 2831 3259 2898 ministrabant,
3294 2833 3526 2904 adeoque
3566 2845 3663 2885 eum

2109 2937 2141 2972 a
2168 2922 2532 2976 vexationibus
2562 2921 3087 2994 militum,quantum
3122 2926 3177 2978 in
3208 2926 3344 2996 ipsis
3394 2937 3526 2993 erat,
3547 2941 3663 2996 pre-

2109 3012 2228 3065 miis
2262 3013 2609 3070 redimebant.
2649 3013 2793 3069 Hinc
2819 3025 2996 3071 autem
3023 3027 3158 3072 recte
3180 3020 3524 3090 intelligitur,
3552 3017 3665 3090 quod

421 3107 474 3161 in
509 3107 597 3162 his
634 3106 883 3176 epistolis
924 3116 1121 3176 praeter
1164 3105 1269 3162 alia
1307 3107 1534 3184 minime
1576 3105 1844 3176 placebat.
1894 3105 1999 3162 Sed
2031 3130 2077 3192 ρ
2105 3105 2169 3157 de
2202 3104 2491 3171 militibus,
2519 3122 2649 3176 quos
2685 3107 2965 3177 leopardos
3007 3118 3181 3176 vocat,
3230 3111 3423 3165 scribit
3457 3126 3475 3165 :
3509 3110 3554 3164 οἳ
3588 3111 3666 3163 καὶ

419 3199 488 3254 lis
505 3199 925 3269 responderunt,
948 3199 1284 3253 autlientiam
1310 3198 1666 3268 epistolarum
1688 3205 1998 3252 nostrarum

418 3290 804 3356 defendentes,
860 3288 1119 3346 Nicolaus
1155 3289 1424 3345 Nourrius
1473 3290 1608 3361 (40),
1662 3286 1817 3345 Remi
1854 3290 2002 3345 Ceil-

419 3379 522 3437 Iier
537 3380 676 3453 (41),
702 3379 943 3438 Thomas
970 3381 1138 3436 Maria
1169 3379 1508 3436 Mamaclzius
1551 3381 1664 3450 (42)
1689 3390 1742 3435 et
1763 3379 2000 3451 Lumpe-

418 3489 514 3530 rus
540 3474 676 3548 (45).
711 3473 924 3531 Nostris
953 3475 1293 3545 temporibus
1321 3475 1622 3544 praisertim
1650 3473 1712 3528 D.
1743 3473 1996 3538 Baurius,

418 3562 813 3638 Tubingensis,
839 3567 1178 3623 authentiam
1206 3568 1567 3637 epistolarum
1594 3566 1787 3638 lgnatii
1821 3567 1876 3620 in
1898 3567 2001 3622 du-

419 3661 568 3717 bium
606 3663 841 3727 vocavit,
887 3659 1193 3730 mediisque
1233 3659 1416 3716 saeculi
1448 3675 1489 3714 η
1529 3659 1874 3728 temporibus
1905 3674 1999 3712 eas

366 3763 370 3768 '
417 3749 606 3808 Romae
639 3768 668 3807 a
713 3753 938 3808 falsario
972 3752 1210 3823 quodam
1253 3753 1308 3806 in
1362 3751 1606 3806 favorem
1647 3752 1998 3821 episcopatus

416 3843 551 3900 idea:
573 3844 854 3900 confectas
888 3860 1012 3899 esse
1038 3845 1320 3899 contendit
1344 3843 1996 3914 (44),contradieentibus

415 3934 767 4005 potissimum
803 3935 1038 3991 Doctore
1081 3933 1260 3989 Rothe
1301 3936 1450 4005 (45),
1491 3933 1700 3989 Joanne
1740 3933 1997 3990 Eduardo

416 4027 662 4085 Iluthero
699 4028 835 4100 (46),
866 4027 1148 4085 Friderico
1195 4029 1548 4085 Diisterdieck
1578 4029 1706 4100 )(47)
1748 4038 1803 4084 et
1849 4032 1998 4084 Ano-

416 4141 584 4197 nymo
615 4125 853 4196 quodam
879 4126 932 4180 in
959 4124 1400 4195 ephemeridibus
1427 4139 1440 4174 :
1479 4121 1677 4176 Herold
1708 4121 1798 4177 des
1825 4121 1996 4177 Glau-

415 4219 538 4274 bens
575 4218 710 4289 (48).

493 4309 552 4366 V.
583 4311 717 4378 Quae
747 4325 869 4380 nos,
901 4311 1263 4382 epistolarum
1291 4307 1483 4381 lgnatii
1514 4324 1629 4364 rem
1664 4321 1845 4377 agere,
1877 4323 1996 4363 mo-

416 4413 596 4468 veant,
625 4404 753 4458 audi
787 4422 798 4456 :

2105 3195 2552 3269 εὐεργετούμενοι
2603 3200 2818 3272 χείρους
2848 3200 3106 3270 γίνονται,
3157 3202 3383 3268 scilicet,
3428 3219 3527 3273 quo
3565 3201 3664 3272 plus

2102 3290 2336 3358 pecunia:
2354 3308 2387 3344 a
2409 3291 2654 3360 fidelibus
2674 3295 2966 3360 acciperent
2992 3309 3087 3364 pro
3111 3293 3448 3348 relaxatione
3469 3295 3667 3350 vexatio-

2105 3383 2210 3448 nis,
2251 3401 2310 3436 eo
2341 3389 2521 3438 acrius
2558 3402 2624 3440 ea:
2661 3385 2943 3440 intervallo
2980 3386 3038 3441 S.
3071 3399 3366 3459 martyrem
3410 3387 3664 3453 vexabant,

2102 3491 2204 3541 quo
2240 3477 2494 3542 maiorem
2525 3481 2762 3548 pecunia:
2798 3481 2900 3534 vim
2935 3489 3303 3552 extorquerent
3337 3493 3391 3538 et
3419 3484 3662 3540 Christia-

2102 3586 2196 3622 nos
2227 3570 2491 3639 copiosius
2519 3581 2876 3642 emungerent.
2920 3571 3100 3637 Quare
3127 3591 3246 3628 cum
3283 3578 3443 3631 toties
3472 3573 3665 3646 Ignatio

2103 3663 2424 3730 contingeret
2451 3660 2790 3731 refrigeratio
2824 3671 2873 3716 et
2905 3663 2970 3716 ab
3008 3664 3290 3734 iniquitate
3335 3664 3564 3720 militum
3589 3678 3662 3716 re-

2102 3755 2354 3825 demptio,
2382 3763 2454 3817 et,
2489 3762 2548 3806 ut
2572 3753 2810 3824 loquitur
2830 3752 3215 3822 Tortullianus,
3241 3757 3478 3827 facultas
3507 3755 3667 3811 libera

2101 3846 2375 3911 custodite,
2404 3844 2563 3914 facile
2593 3845 2764 3914 potuit
2786 3844 2933 3912 illas,
2965 3863 3100 3917 quas
3127 3846 3402 3913 habemus,
3433 3846 3662 3917 epistolas

2100 3953 2340 4002 exarare,
2371 3951 2596 4006 quarum
2620 3936 2815 4007 aliqua:
2844 3953 2947 3992 non
2979 3937 3208 3992 multum
3235 3939 3498 4011 longiore,
3527 3951 3666 4009 quam

2101 4031 2259 4083 unius
2299 4030 2443 4084 hora:
2483 4029 2658 4098 spatio
2693 4028 2856 4083 scribi
2895 4039 3202 4099 potuerunt,
3247 4047 3414 4103 neque
3465 4047 3527 4087 ea:
3568 4029 3666 4084 illis

2101 4119 2215 4173 ulla
2241 4131 2350 4174 tam
2382 4121 2596 4190 prolixa
2639 4130 2738 4186 est,
2765 4132 2822 4175 ut
2853 4121 3032 4191 plures
3064 4139 3223 4193 quam
3256 4135 3366 4180 tres
3397 4127 3552 4180 horas
3578 4139 3664 4194 po-

2099 4213 2282 4268 stulet.

2173 4307 2215 4374 f)
2252 4304 2530 4377 Ignatius,
2571 4305 2807 4379 Smyrna
2843 4306 3106 4365 Romanis
3143 4311 3417 4376 scribens,
3449 4328 3554 4368 non
3576 4311 3664 4366 ab-

2099 4401 2288 4467 surda,
2321 4409 2379 4454 ut
2425 4401 2625 4457 Baurio
2667 4402 2903 4470 videtur,
2949 4405 3180 4475 peregit.
3235 4404 3366 4462 Dure
3402 4409 3543 4463 enim
3576 4406 3664 4459 vix

489 4494 789 4568 I)Minime
839 4495 902 4548 Ι).
952 4489 1186 4549 Baurius
1225 4494 1386 4550 nobis
1433 4491 1742 4564 persuasit,
1788 4489 1987 4546 Roma-
2020 4506 2069 4564 ι)
2098 4492 2329 4566 Smyrna
2377 4493 2607 4550 Romam
2637 4495 2930 4564 ducebant,
2975 4498 3145 4554 altera
3180 4501 3480 4565 maritima,
3509 4500 3660 4556 altera

414 4602 540 4642 num
571 4584 771 4658 lgnatii
807 4587 935 4653 iter,
975 4587 1123 4657 quod
1156 4585 1430 4641 scribendi
1469 4586 1568 4641 has
1594 4585 1854 4655 epistolas
1897 4600 1988 4640 oc—

487 4726 600 4800 (57)
641 4725 754 4787 Cfr.
786 4725 1158 4792 Dusterdieck,
1189 4727 1262 4781 De
1287 4720 1699 4800 Ignatianarum
1741 4725 1996 4800 epistola—

417 4813 536 4854 rum
568 4800 864 4855 authentia.
895 4807 1000 4852 etc.
1041 4800 1393 4868 Gottingzein
1427 4799 1642 4853 officina
1677 4799 1993 4862 Dieterich.,

453 4911 467 4923 .
502 4869 615 4934 1-5,
647 4879 700 4924 et
729 4868 923 4923 Russel
947 4871 1000 4923 in
1037 4867 1273 4924 editione
1301 4867 1530 4922 Patrum
1561 4869 1990 4938 apostolicorum.

461 4939 647 4993 ondini
674 4940 830 4993 1746.

486 5010 604 5081 (58)
640 5009 821 5064 Codex
854 5010 962 5074 hic,
1003 5011 1132 5064 olim
1159 5009 1508 5065 Colbertinus
1532 5008 1656 5070 460,
1682 5011 1813 5066 Acta
1846 5025 1992 5064 mar-

414 5079 538 5152 tyrii
576 5079 649 5152 ,S.
687 5081 877 5152 lgnatii
912 5082 1174 5146 continet,
1217 5083 1417 5151 quibus
1459 5082 1633 5150 capite
1678 5081 1712 5133 4
1758 5081 1990 5150 epistola

413 5149 606 5222 lgnatii
635 5151 704 5222 ad
740 5149 1016 5205 Romanos
1054 5149 1373 5222 interposita
1406 5162 1507 5205 est.

485 5223 600 5292 (39)
643 5221 699 5275 1η
756 5224 997 5278 secundo
1033 5221 1491 5277 tomo’editionis
1549 5223 1774 5275 Patrum
1815 5230 1985 5291 apost.

411 5293 787 5348 Cotelerianm.

415 5364 604 5487 78%;?!
649 5367 900 5435 Apparat.
929 5366 998 5419 ad
1025 5363 1280 5420 Biblioth.
1321 5379 1465 5418 mam.
1507 5363 1749 5429 Patrum,
1787 5375 1825 5419 t.
1861 5365 1905 5432 I,
1934 5382 1986 5436 p.

507 5454 627 5490 Sﬂﬂ.

649 5504 791 5560 "ist.
819 5506 1075 5576 général.,
1101 5514 1138 5559 t.
1177 5506 1219 5569 I,
1245 5522 1297 5574 p.
1332 5505 1458 5559 626.

487 5578 601 5648 (42)
647 5575 889 5648 Qrigizies
913 5588 959 5630 et
993 5579 1158 5646 antiq.
1203 5577 1429 5648 (.Iirist.,
1461 5587 1499 5630 t.
1535 5575 1622 5637 IV,
1662 5593 1714 5645 p.
1744 5577 1846 5630 37'?
1872 5594 1992 5648 sqq.

485 5647 599 5712 (45)
645 5646 782 5710 (list.
819 5648 977 5700 theol.
1013 5649 1160 5712 crit.,
1192 5657 1228 5700 t.
1267 5647 1306 5711 I,
1335 5662 1384 5714 p.
1418 5648 1681 5700 266-268.

485 5718 600 5788 (44)
645 5717 807 5788 Iinur.
853 5717 946 5769 Die
975 5728 1326 5788 sogcnanntcn
1370 5717 1784 5788 l’asloralbriefe
1802 5721 1890 5773 des
1926 5721 1992 5773 Α.

443 5783 642 5858 (cuius,
669 5787 1185 5861 aufrucuckritisch
1215 5789 1540 5856 untersucht,
1570 5806 1672 5845 von
1698 5783 1784 5846 Dr.
1804 5791 1989 5856 Baur..

2103 4586 2402 4650 terrestris,
2423 4594 2482 4640 ut
2513 4587 2648 4641 bene
2663 4588 2850 4644 docuit
2878 4588 2945 4646 V.
2970 4590 3033 4646 C.
3061 4589 3214 4646 Tafel
3245 4591 3385 4662 (50).
3413 4587 3660 4647 Terrestri

2145 4727 2282 4803 .87.
2318 4727 2708 4803 Abgengthigte
2751 4726 3074 4803 Erltlérung.
3130 4729 3262 4803 Tub.
3302 4727 3556 4786 Zeitscltr.
3585 4725 3665 4796 fur

2102 4743 2155 4850 πὶ.
2191 4743 2282 4782 δι.
2333 4743 2708 4799 .sogenomigte
2751 4743 3074 4803 brittarung.
3130 4743 3262 4785 "tuo.
3302 4743 3556 4786 lettscm‘.
3585 4743 3656 4796 [ut

2112 4798 2470 4871 __heol.183_6.
2508 4798 2760 4871 Fase.itt,
2790 4817 2845 4871 p.
2887 4802 2990 4858 I99
3031 4813 3087 4858 et
3123 4802 3279 4867 I858,
3320 4803 3572 4858 Fasc.m,
3611 4813 3656 4866 p.

2103 4869 2205 4943 149
2244 4885 2365 4943 sqq.
2413 4868 2600 4943 Baurii
2631 4868 2931 4943 sententias
2979 4874 3234 4943 repetivit
3275 4873 3658 4943 Schwegterus.

2102 4937 2218 5013 Das;
2236 4937 2723 5013 nae/ianostolische
2738 5012 2743 5013 ν
2761 4937 3057 5013 Ζεῇιαιιεν,’
3073 4953 3114 4998 t.
3138 4941 3202 5004 ll,
3231 4960 3284 5013 p.
3313 4937 3563 4999 159-179.

2172 5011 2286 5084 (46)
2326 5011 2453 5084 ᾼηῙ.
2485 5011 2539 5064 d.
2561 5012 2764 5084 christl.
2800 5012 3016 5080 Kirclie,
3047 5031 3101 5084 p.
3141 5011 3245 5068 715
3272 5031 3392 5084 sqq.

2171 5081 2283 5155 (46)
2325 5083 2679 5155 Betraclitung
2709 5083 2801 5137 der
2835 5081 3156 5155 wichtigsten
3204 5081 3474 5138 Bedenken
3519 5093 3653 5155 gggt’ﬂ

2101 5149 2188 5224 die
2209 5151 2480 5224 zEchtheit
2502 5153 2596 5224 der
2610 5149 3040 5224 lgnatianischen
3075 5155 3272 5220 Briefe.
3297 5155 3412 5209 Von
3438 5149 3652 5224 [ιι-..106

2102 5223 2464 5296 ΕρμΗυγιιιον,
2492 5224 2546 5277 in
2570 5219 2778 5294 Illgenii
2805 5224 3112 5294 Zeitschrift
3141 5219 3227 5296 fur
3259 5227 3445 5280 histor.
3468 5219 3652 5278 Theol..

2098 5303 2138 5348 t.
2165 5293 2259 5358 XI,
2292 5295 2448 5349 Fasc.
2483 5311 2558 5362 IV,
2585 5293 2826 5365 pili-7‘5.

2173 5366 2283 5436 (47)
2328 5365 2758 5438 pustcrdieekin
2788 5368 2931 5422 libro
2962 5367 3074 5434 jam
3102 5383 3266 5438 supra
3293 5368 3522 5426 laudato.

2197 5435 2288 5505 48)
2330 5435 2606 5506 Herbipoli
2639 5437 2798 5504 1859,
2837 5456 2894 5492 n.
2920 5438 3110 5493 40-45.

2198 5509 2289 5579 49)
2329 5506 2602 5579 Ῐίῃάὶεἱαξ
2630 5506 2953 5579 Ignatianw,
2980 5525 3110 5578 pars
3140 5526 3201 5571 ll,
3229 5525 3277 5562 c.
3314 5509 3401 5563 11.

2174 5577 2287 5648 (50)
2328 5576 2502 5643 Tafel,
2539 5579 2613 5632 De
2657 5576 2741 5632 uia
2780 5576 3008 5634 militari
3039 5579 3396 5634 Romanorum
3421 5577 3629 5648 Egnatia

2103 5665 2205 5719 qua
2252 5647 2554 5719 Illyricum,
2603 5649 2914 5704 Macedonia
2945 5660 2994 5704 et
3034 5651 3260 5704 Thracia
3296 5647 3647 5719 jungebantur.

2104 5715 2383 5796 :I‘ubingze,
2420 5717 2822 5796 Ir.atlpp.ﬂiS-i‘2.
2852 5721 2966 5778 Cir.
3013 5737 3232 5796 quoque
3260 5715 3565 5793 Martyrium
3599 5715 3652 5770 S.

2101 5786 2311 5861 lgnatii,
2355 5806 2508 5860 capp.
2538 5786 2594 5857 ὅ)
2631 5792 2681 5846 6.
