3772 6226
324 310 430 367 835

1289 303 1532 360 SANCTI
1568 303 1821 361 IGNATII
1874 302 2231 360 EPISTOLE
2267 299 2617 358 GENUINE.

3469 289 3566 342 εις

393 429 453 497 d)
479 427 650 484 Paulo
681 438 801 497 post
827 425 1088 482 Irenaeum
1119 423 1382 496 Origenes
1411 426 1523 495 (6t)
1563 427 1630 480 de
1659 426 1902 496 epistolis
1932 433 1978 486 Α
2007 424 2176 479 fuisse
2215 439 2280 478 ex
2323 425 2343 475 ι
2373 422 2500 476 Cor.
2533 437 2620 487 xv,
2644 416 2804 484 8-10,
2832 416 3116 488 EpheSJll,
3141 413 3194 478 8,
3221 420 3277 466 et
3304 413 3326 464 l
3356 407 3499 463 Tim.
3530 427 3565 470 ι,

326 519 519 589 lgnatii
549 519 711 573 verba
741 519 887 574 fecit.

397 611 455 681 α)
495 609 714 663 Memini
772 609 1000 673 aliquem
1032 621 1337 666 sanctorum
1377 608 1596 675 dixisse,
1633 607 1904 678 Ignatium

473 705 698 764 nomine,
723 704 788 756 de
817 702 1028 758 Christo
1059 719 1076 755 :
1116 721 1134 754 ι
1168 702 1315 756 Meus
1344 710 1518 754 autem
1548 717 1700 754 amor
1730 701 1905 754 cruci-

473 795 613 861 fixus
650 799 786 848 est.»
820 793 898 848 Ex
932 793 1029 864 Ep.
1059 792 1250 863 lgnatii
1288 793 1354 846 ad
1389 791 1546 846 Rom.
1582 808 1632 846 c.
1666 791 1716 845 7.

404 885 457 954 β)
489 884 801 940 Secundum
855 884 1108 955 Origenis
1139 883 1514 938 testimonium
1553 882 1675 936 vide
1717 896 1904 952 supra,

473 976 581 1030 col.
610 977 664 1030 9.

407 1066 461 1136 e)
487 1066 768 1121 Addamus
790 1067 938 1122 hisce
963 1065 1196 1120 testibus
1221 1062 1512 1118 Eusebium
1531 1063 1666 1133 (6‘2),
1683 1063 1775 1132 qui
1801 1078 1908 1118 non

335 1158 510 1212 solum
556 1159 622 1212 de
667 1157 918 1213 Romano
946 1159 1137 1228 Ignatii
1175 1160 1368 1214 itinere
1396 1158 1489 1212 sed
1523 1167 1579 1210 et
1610 1157 1677 1209 de
1705 1164 1910 1224 septem

333 1250 454 1320 ejus
491 1251 736 1320 episto!is
760 1252 1083 1305 nominatim
1117 1252 1250 1323 agit,
1300 1250 1542 1320 singulas
1593 1247 1782 1318 paucis
1816 1247 1914 1300 de-

336 1342 602 1406 scribens,
629 1358 692 1396 ex
717 1343 962 1412 epistolis
982 1359 1110 1398 vero
1143 1343 1207 1397 ad
1241 1342 1397 1397 Rom.
1416 1358 1466 1397 c.
1487 1341 1588 1396 5et
1603 1340 1666 1394 ad
1693 1337 1910 1410 Smyrn.

335 1447 386 1487 c.
420 1433 454 1486 ’5
484 1433 715 1502 plurima
749 1433 1098 1502 depromens.
1123 1432 1366 1500 (Eusebii
1411 1433 1764 1486 testimonium
1800 1427 1914 1482 vide

335 1538 518 1591 supra,
550 1523 649 1576 col.
684 1523 772 1586 ll,
796 1525 898 1578 sub
926 1540 1078 1578 num.
1115 1522 1207 1592 V.)

410 1612 450 1681 f)
482 1614 814 1669 Athanasius
853 1615 968 1683 (65)
1030 1630 1251 1686 quoque
1321 1612 1616 1685 Ignatianis
1670 1609 1916 1680 epistolis

339 1707 714 1760 testimonium
752 1705 1001 1776 perhibet
1025 1709 1231 1775 (supra,
1253 1705 1354 1758 col.
1385 1703 1470 1769 i5,
1500 1719 1648 1757 uum.
1675 1701 1790 1772 Vl).

2005 516 2170 570 12-15
2202 513 2517 583 perspicies.

2073 607 2131 678 d)
2160 605 2392 662 iactatio
2421 614 2474 658 et
2501 601 2774 672 superbia,
2800 599 3098 670 apostolico
3130 597 3251 650 viro
3293 592 3571 653 indecora,

2007 699 2061 752 in
2097 697 2423 769 cognomine
2455 695 2750 764 Θεοφόρος
2777 692 3008 746 inveniri
3039 704 3148 745 non
3178 694 3379 758 potest.
3417 682 3574 736 Tem-

2007 791 2232 862 poribus
2280 790 2426 844 enim
2482 787 2800 857 apostolicis
2848 786 3033 854 plures
3089 781 3331 836 ﬁdelium
3377 776 3574 829 talibus

2009 880 2325 936 honorificis
2376 879 2690 934 nominibus
2737 877 2840 948 ipsi
2875 884 3005 931 sunt
3044 873 3153 937 usi,
3182 882 3244 926 ut
3273 870 3331 922 Β.
3363 868 3578 931 Petrus,

2009 971 2306 1035 Barnabas,
2334 969 2600 1026 Barsabas
2620 968 2808 1023 Justus
2831 976 2886 1022 et
2905 967 3017 1021 alii.
3042 964 3305 1018 Praeterea
3339 959 3403 1014 S.
3429 960 3582 1027 lgna-

2010 1062 2120 1115 tius
2154 1078 2260 1116 non
2291 1061 2665 1116 immodestior
2683 1069 2766 1114 est
2794 1060 2950 1113 beato
2979 1055 3147 1110 Paulo
3172 1056 3240 1112 (ll
3272 1051 3407 1107 Cor.
3438 1067 3494 1114 ι,
3532 1050 3585 1104 Ι.

2015 1153 2101 1218 ll;
2129 1169 2179 1216 v,
2207 1152 2292 1218 ll,
2324 1151 2512 1205 2l-25.
2547 1150 2665 1206 Gal.
2693 1166 2752 1210 ιι.
2789 1150 2874 1216 Η,
2913 1148 3024 1219 l7),
3054 1161 3216 1216 quem
3254 1160 3357 1198 nec
3391 1156 3589 1197 censor

2012 1247 2312 1301 acerrimus
2340 1246 2411 1300 ob
2439 1261 2559 1300 eam
2599 1260 2711 1300 rem
2740 1245 2922 1314 ﬁctam
2970 1256 3260 1312 personam
3294 1236 3590 1294 nominare

2013 1337 2161 1390 velit.

2083 1426 2140 1498 4)
2171 1426 2447 1482 Falsarius
2481 1427 2532 1480 in
2566 1426 3002 1496 Pseudo-lgnatio
3060 1439 3161 1480 suo
3193 1421 3506 1477 excolendo
3545 1429 3598 1472 et

2015 1522 2448 1576 commendando
2477 1523 2565 1576 vix
2594 1521 2943 1593 neglexisset.
2961 1520 3028 1573 de
3056 1515 3382 1572 necessitate
3401 1512 3601 1582 lgnatii

2017 1627 2141 1665 cum
2178 1610 2391 1666 Joanne
2437 1613 2686 1682 apostolo
2719 1613 2880 1666 verba
2916 1610 3112 1664 facere.
3159 1606 3265 1662 Sed
3307 1605 3506 1660 nullibi
3545 1607 3601 1659 in

2018 1704 2265 1773 epistolis
2291 1705 2495 1759 nostris
2524 1705 2648 1759 talia
2673 1704 2911 1772 reperies
2936 1702 3070 1770 (67).

411 1795 464 1867 g)
501 1772 1163 1867 Denique'Hierouymum
1195 1795 1332 1865 (64),
1364 1795 1456 1864 qui
1490 1810 1597 1848 non
1622 1792 1728 1848 nisi
1757 1793 1918 1846 verba
1951 1772 1995 1832 Β
2055 1772 2064 1773 7
2093 1797 2148 1864 5)
2177 1797 2280 1861 Qui
2308 1796 2361 1850 in
2394 1795 2633 1850 favorem
2674 1794 3028 1865 explananda:
3067 1790 3422 1859 episcopatus
3470 1787 3606 1841 ideae

342 1885 561 1942 Eusebii
589 1887 870 1956 repetiissc
901 1887 1442 1952 videtur,audiamus
1474 1903 1487 1938 :
1527 1883 1788 1955 Ignotius,
1816 1886 1926 1939 Au-

344 1980 451 2032 tioc
462 1979 609 2034 liena:
632 1977 876 2035 Ecclesia:
903 1983 1087 2036 tertius
1115 1990 1231 2050 post
1265 1978 1480 2033 Petrum
1505 1977 1799 2046 apostolum
1817 1976 1926 2044 epi-

341 2081 671 2139 scopus,ete.
707 2072 952 2141 (Reliqua
975 2055 1095 2127 vide
1119 2087 1283 2142 supra
1307 2071 1424 2141 :col.
1458 2069 1553 2136 16;
1599 2085 1751 2124 num.
1789 2068 1922 2138 VII).

419 2161 790 2217 Posteriornm
840 2163 1061 2218 Patrum
1112 2164 1446 2226 testimonia,
1475 2163 1616 2216 inter
1643 2178 1704 2215 ea
1738 2163 1926 2216 decem

344 2252 653 2307 testimonia
704 2252 1054 2319 Theodoreti,
1083 2252 1224 2322 apud
1249 2251 1591 2306 Gallandium
1617 2259 1672 2304 et
1709 2250 1926 2304 Cotcle-

344 2343 488 2396 rium
542 2352 796 2410 congesta
867 2342 1144 2406 invenies,
1181 2341 1339 2394 initio
1397 2339 1562 2409 hujus
1608 2339 1923 2394 voluminis.

345 2431 506 2486 EB".
539 2422 778 2483 ΡΑιιιοι..

415 2524 475 2592 5)
515 2523 746 2579 Baurius
798 2524 1079 2579 contendit
1123 2525 1392 2595 lgnatium
1455 2524 1602 2578 omni
1653 2523 1813 2578 modo
1872 2522 1925 2575 in

347 2615 432 2670 his
463 2616 676 2678 litteris,
703 2625 816 2670 tum
850 2615 998 2686 justo
1028 2603 1306 2671 fervidiori
1331 2615 1609 2672 desiderio
1655 2617 1925 2688 martyrii,

345 2715 464 2762 tum
499 2707 704 2762 absona
741 2707 1074 2764 humilitatis
1101 2716 1156 2762 et
1187 2708 1466 2762 modestia:
1489 2724 1612 2762 cum
1632 2708 1928 2778 jactatione

344 2806 402 2853 et
425 2797 680 2867 superbia
709 2797 1097 2866 conjunctione
1125 2811 1183 2850 se
1209 2797 1371 2850 talem
1410 2795 1671 2865 praebere.
1704 2804 1763 2849 ut
1793 2811 1929 2864 apo-

347 2891 525 2946 stoiici
558 2890 662 2944 viri
697 2890 923 2960 vestigia
952 2889 1143 2945 nullibi
1171 2890 1415 2961 detegas,
1442 2890 1622 2946 ﬁctam
1654 2906 1783 2945 vero
1806 2906 1929 2960 per-

348 2998 540 3039 sonam
569 2981 728 3038 facile
754 2982 1016 3052 reperias.

489 3073 692 3130 Verum

420 3169 476 3235 a)
509 3167 811 3238 Singularis
829 3168 998 3223 animi
1021 3168 1174 3222 calor
1198 3174 1253 3222 et
1280 3168 1595 3233 commotio,
1620 3168 1925 3223 inaﬂ'ectala

349 3271 406 3316 et
430 3262 613 3314 nativa
650 3276 710 3315 se
739 3260 1014 3330 praebendi
1041 3260 1182 3315 ratio
1213 3260 1524 3314 omnimoda
1550 3260 1841 3316 sinceritas
1875 3267 1930 3313 et

350 3351 694 3420 simplicitas,
744 3352 1068 3418 scriptorem
1113 3365 1177 3402 ex
1207 3349 1403 3403 intimo
1440 3349 1604 3404 corde
1639 3349 1802 3403 verba
1829 3363 1927 3403 sua

354 3441 744 3511 proferentem,
776 3455 882 3494 non
919 3439 1198 3493 falsarium
1232 3439 1464 3508 produnt
1495 3439 1628 3508 (65).
1660 3437 1714 3490 In
1742 3438 1932 3507 primis

353 3547 514 3586 nemo
545 3531 1131 3600 falsariusprzeclarum
1169 3529 1300 3584 illud
1325 3545 1443 3599 cap.
1474 3530 1506 3582 4
1539 3529 1605 3582 ad
1630 3529 1934 3583 Trallianos

353 3625 682 3694 scripsisset,
710 3624 799 3676 ubi
829 3623 1072 3693 Ignatius
1106 3632 1288 3690 aperte
1323 3630 1574 3688 testatur,
1602 3629 1936 3690 quantopere

355 3715 483 3784 ipsi,
535 3716 600 3769 ad
659 3730 917 3768 coronam
967 3714 1212 3784 martyrii
1282 3713 1626 3782 properanti,
1682 3711 1936 3780 superbia

353 3807 602 3876 quaedam
645 3807 718 3862 sit
753 3806 1079 3876 periculosa.
1114 3808 1172 3858 ln
1208 3805 1486 3860 fervidiori
1511 3807 1656 3860 enim
1688 3806 1936 3876 martyrii

354 3898 626 3952 desiderio
653 3896 904 3952 falsarius
935 3898 1160 3967 gloriam
1195 3898 1378 3952 herois
1406 3898 1490 3952 sui
1517 3897 1810 3967 posuisset.

431 3989 488 4058 b)
526 3989 728 4043 Revera
757 3989 980 4042 minime
1025 3989 1187 4043 nobis
1227 3989 1426 4042 mirum
1451 3988 1686 4056 videtur,
1711 3988 1756 4042 si
1786 3989 1942 4058 lgna-

355 4083 488 4145 tius,
521 4096 782 4135 coronam
825 4081 1073 4151 martyrii
1110 4089 1456 4150 exspectans,
1481 4081 1670 4134 eadem
1703 4081 1811 4144 via,
1834 4096 1940 4149 qua

356 4175 582 4236 Paulus,
611 4173 840 4228 Romam
886 4175 1108 4239 ductus,
1139 4190 1169 4229 a
1217 4174 1480 4229 fratribus
1522 4175 1683 4243 longe
1727 4173 1942 4241 lateque

359 4267 633 4323 salutatus
696 4266 1059 4335 laudibusque
1118 4274 1366 4330 ornatus,
1423 4264 1740 4334 fervidoque
1813 4279 1941 4330 erga

356 4358 636 4412 Christum
664 4374 852 4412 amore
889 4357 1146 4428 flagrans,
1179 4357 1488 4411 vehementi
1525 4357 1764 4427 quodam
1798 4371 1944 4408 mar-

358 4452 484 4523 tyrii
514 4451 789 4506 desiderio
821 4451 1040 4505 ardebat
1075 4451 1210 4521 (66).

427 4546 482 4609 c)
510 4544 783 4599 Absonam
827 4543 1187 4597 humilitatem
1214 4543 1446 4598 Baurius
1475 4544 1527 4596 in
1571 4543 1638 4597 iis
1669 4542 1802 4597 locis
1839 4541 1936 4595 de-

359 4636 560 4691 texisse
616 4644 790 4706 putat,
825 4635 917 4688 ubi
965 4635 1209 4705 lgnatius
1259 4651 1316 4690 se
1361 4636 1538 4704 ipsum
1571 4635 1847 4688 minimum
1885 4643 1940 4688 ct

359 4728 634 4800 indignum
687 4729 960 4798 praedicat,
991 4737 1044 4782 et
1096 4744 1220 4781 cum
1274 4729 1523 4783 diacouis
1565 4737 1796 4792 tantum,
1829 4742 1935 4780 non

359 4835 487 4875 cum
519 4819 794 4888 episcopis
824 4833 882 4872 se
913 4828 1224 4887 comparat;
1257 4834 1308 4872 c.
1339 4835 1390 4886 g.
1425 4817 1490 4871 ad
1525 4818 1742 4887 Smyrn.
1785 4833 1833 4868 (ξ.
1875 4815 1931 4868 ll

359 4923 416 4966 et
443 4910 538 4977 12;
568 4911 632 4964 ad
664 4910 821 4965 Rom.
857 4925 906 4964 c.
942 4910 975 4963 4
1007 4920 1057 4964 et
1081 4911 1145 4972 9;
1175 4911 1240 4962 ad
1275 4909 1472 4978 Ephcs.
1518 4927 1568 4962 c.
1599 4910 1631 4962 8
1663 4921 1716 4962 et
1745 4908 1840 4972 i8;
1872 4907 1938 4960 ad

361 5002 533 5059 Trall.
565 5019 616 5059 c.
650 5004 738 5068 15,
773 5002 840 5056 ad
886 5001 1099 5056 Philad.
1130 5019 1178 5057 c.
1217 5002 1280 5066 4;
1309 5003 1374 5056 ad
1425 5001 1604 5071 Magn.
1647 5019 1696 5056 c.
1734 5001 1789 5053 ‘2.
1834 4999 1938 5054 Sed

361 5097 611 5155 eamdem
655 5096 1019 5151 humilitatem
1057 5096 1182 5150 divo
1216 5111 1434 5166 quoque
1465 5094 1637 5148 Paulo
1667 5095 1940 5164 propriam

457 5300 548 5366 61)
572 5297 786 5369 Prolog.
811 5298 864 5351 in
895 5297 1052 5352 Cant.
1085 5299 1341 5352 canticor.

457 5373 548 5434 62)
578 5370 718 5425 Hist.
745 5369 894 5433 eccl.,
925 5385 1009 5432 Ill,
1031 5369 1120 5422 3i.

435 5437 549 5510 (65)
586 5441 658 5494 De
685 5457 801 5510 syn.
838 5439 1008 5492 Arim.
1033 5448 1080 5490 et
1108 5437 1336 5510 Saeua,
1370 5455 1424 5492 ιι.
1457 5437 1525 5492 47

438 5507 552 5578 (64)
585 5507 762 5565 Catal.
794 5510 978 5576 script;
1011 5507 1160 5571 ρει-1.,
1188 5525 1236 5562 c.
1271 5511 1355 5578 lli.

435 5575 549 5648 (65)
570 5580 682 5635 Cfr.
718 5575 912 5639 Rothe,
934 5579 1080 5644 Auli,
1097 5587 1224 5648 etc..
1246 5593 1296 5631 0.
1317 5577 1418 5630 718
1435 5593 1556 5646 sqq.
1577 5575 1802 5643 l‘luther,
1819 5577 1857 5630 l.
1880 5593 1928 5631 c.

437 5652 551 5718 (66)
573 5649 686 5703 Cfr.
722 5648 916 5712 Bothe,
944 5648 978 5718 Ι.
1003 5663 1076 5708 c.,
1111 5663 1164 5714 p.

440 5717 554 5773 ΝΠ)
579 5721 692 5773 Cir.
731 5719 928 5783 Rothe,
965 5717 999 5769 Ι.
1039 5733 1112 5780 c.,
1139 5733 1190 5786 p.
1223 5717 1346 5782 7l8,
1377 5726 1488 5770 not.
1521 5717 1586 5783 5.

2027 1885 2125 1940 has
2175 1887 2436 1956 epistolas
2477 1887 2755 1943 confectas
2807 1896 2862 1942 et
2903 1885 3161 1940 confictas
3215 1895 3340 1935 csse
3380 1888 3604 1948 putant,

2023 1979 2308 2048 epistolam
2355 1980 2551 2049 lgnatii
2603 1981 2670 2034 ad
2729 1979 3008 2032 Romanos
3055 1992 3160 2030 non
3188 1975 3241 2030 in
3301 1973 3607 2027 coosilium

2023 2079 2250 2137 vocant,
2289 2071 2342 2125 in
2392 2088 2496 2141 qua
2564 2073 2710 2126 nulla
2761 2071 3105 2140 episcopatus
3134 2070 3194 2124 fit
3230 2068 3445 2124 mentio
3466 2063 3606 2133 (68).

2025 2159 2302 2217 Falsarius
2344 2164 2552 2233 utique,
2593 2163 2777 2216 Romae
2819 2178 2915 2217 sua
2985 2161 3212 2231 ﬁngens.
3242 2161 3310 2214 de
3356 2158 3611 2211 Romano

2026 2267 2246 2322 quoque
2277 2253 2595 2323 episcopatu
2633 2253 2795 2308 verba
2828 2252 3069 2308 fecisset.
3105 2250 3422 2306 Notandum
3456 2265 3609 2302 vero.

2027 2354 2310 2400 auctorem
2365 2345 2719 2414 epistolarum
2760 2360 2868 2398 non
2913 2344 2968 2398 id
2997 2343 3051 2396 in
3093 2342 3284 2412 primis
3309 2340 3521 2410 egisse,
3553 2347 3614 2392 ut

2029 2433 2389 2488 hierarchiam
2453 2433 2879 2488 ecclesiasticam
2942 2439 2998 2486 et
3054 2429 3442 2496 obedientiam,
3472 2437 3609 2489 etc.,

2027 2538 2158 2594 erga
2213 2523 2503 2593 episcopos
2553 2523 2979 2578 commendaret.
3030 2520 3196 2576 Multo
3237 2519 3386 2573 enim
3432 2519 3615 2588 magis

2029 2631 2175 2671 cura:
2208 2616 2258 2670 ei
2299 2614 2420 2680 fuit,
2455 2624 2513 2668 ut
2543 2615 2724 2669 fideles
2761 2631 2792 2668 a
2832 2629 3038 2669 veneno
3060 2613 3465 2682 judaizantium
3509 2609 3615 2665 Do-

2028 2719 2272 2762 cetarum
2313 2705 2714 2760 dehortaretur.
2749 2704 2828 2759 Ad
2882 2703 3192 2758 evitandam
3236 2702 3435 2756 deinde
3468 2702 3617 2756 hanc

2029 2799 2406 2869 eontagionem
2447 2798 2627 2851 unitas
2653 2795 3022 2852 ecclesiastica
3053 2803 3109 2849 et
3139 2794 3452 2850 arctissima
3483 2807 3616 2846 cum

2028 2893 2285 2963 episcopo
2315 2890 2631 2960 conjunctio
2661 2889 2967 2960 postulatur
2989 2887 3123 2957 (69).

2103 2983 2158 3052 6)
2187 2983 2428 3038 Ilzereses
2447 2998 2582 3052 quas
2609 2982 2800 3036 beatus
2820 2980 3060 3051 lgnatius
3092 2978 3429 3050 perstringit,
3455 2977 3612 3032 clare

2028 3074 2427 3136 demonstrant,
2481 3073 2739 3143 epistolas
2781 3075 2899 3141 ejus
2944 3071 3136 3140 primis
3165 3071 3347 3126 saeculi
3382 3069 3615 3125 secundi

2031 3168 2369 3237 temporibus
2416 3182 2538 3221 esse
2587 3166 2955 3222 ascribendas.
2985 3165 3103 3220 Duo
3142 3152 3354 3221 diversa
3386 3162 3612 3220 lucreti-

2028 3276 2218 3315 corum
2271 3275 2467 3329 genera
2506 3258 2758 3328 (Doeetas
2801 3268 2854 3312 et
2897 3257 3267 3320 Judaizantes,
3292 3257 3359 3310 ab
3405 3258 3618 3322 lgnatio

2031 3352 2337 3422 impugnari
2380 3352 2624 3422 plerique
2653 3351 3018 3405 crediderunt.
3055 3348 3468 3416 llutherus(70)
3513 3365 3614 3403 au-

2031 3453 2137 3498 tem
2168 3444 2304 3498 bene
2345 3443 2550 3507 docuit,
2583 3444 2843 3512 lgnatium
2891 3458 2996 3496 non
3031 3442 3134 3495 nisi
3164 3441 3216 3494 in
3251 3456 3412 3492 unum
3441 3455 3618 3506 genus

2034 3535 2446 3601 hwreticorum,
2493 3533 2890 3604 judaizantium
2927 3534 3052 3588 dico
3102 3531 3462 3591 Docetarum.
3508 3531 3618 3584 tela

2035 3628 2271 3682 acuisse.
2317 3626 2513 3682 Beatus
2562 3627 2707 3680 enim
2763 3626 2947 3695 Pater,
3003 3626 3049 3680 si
3098 3633 3286 3679 contra
3330 3623 3616 3678 Judaistas

2036 3735 2252 3790 quoque
2274 3719 2496 3788 proprio
2524 3735 2687 3774 sensu
2715 3727 3028 3790 pugnasset,
3051 3718 3258 3786 absque
3280 3717 3427 3771 omni
3451 3716 3622 3769 dubio

2037 3813 2197 3867 etiam
2224 3811 2290 3867 de
2318 3811 2736 3867 circumcisione
2770 3812 2931 3866 verba
2963 3809 3198 3876 fecisset,
3233 3810 3380 3880 quod
3424 3810 3618 3862 nullibi

2041 3905 2094 3959 in
2147 3904 2392 3973 epistolis
2437 3904 2556 3970 ejus
2605 3903 2892 3972 reperitur.
2940 3902 3222 3972 Ejusmodi
3271 3903 3439 3970 igitur
3485 3901 3621 3970 legis

2042 3997 2283 4052 fautores
2334 3995 2556 4064 intelligi
2605 3994 2801 4063 jubent
2847 3992 3124 4048 llutherus
3163 4001 3217 4047 et
3265 3991 3623 4046 Dﬂsterdieck

2044 4090 2193 4142 illum
2240 4104 2494 4158 sequens,
2522 4089 2714 4156 quales
2746 4085 2958 4140 Coloss.
3008 4101 3068 4149 ιι,
3106 4085 3170 4138 i6
3200 4100 3322 4153 sqq.
3353 4083 3620 4153 perstrin-

2045 4190 2262 4250 gantur.
2288 4195 2636 4249 quorumque
2667 4176 3150 4246 ascesisjudaismi
3173 4177 3346 4230 instar
3377 4176 3448 4230 sit
3482 4176 3618 4229 visa.

2048 4272 2275 4327 Unicum
2303 4273 2403 4326 hoc
2422 4269 2820 4340 judaizantium
2851 4269 3172 4322 Docctarum
3197 4282 3365 4336 genus
3397 4265 3623 4321 Duster-

2046 4363 2200 4417 dicck
2227 4364 2286 4430 (Ι.
2329 4378 2403 4426 c.,
2446 4378 2497 4430 p.
2539 4362 2628 4431 55)
2663 4361 2715 4414 in
2746 4361 2884 4415 duas
2915 4359 3148 4413 familias
3181 4359 3464 4428 disjungit,
3500 4375 3624 4414 eas-

1972 4459 2018 4516 1)
2045 4471 2150 4524 que
2169 4471 2198 4509 e
2219 4454 2459 4508 Cerinthi
2493 4454 2774 4507 erroribus
2802 4451 3071 4522 profectas
3095 4450 3343 4504 aliirmat.
3380 4451 3626 4520 Utraque

2039 4546 2396 4600 Cerinthiara:
2425 4545 2694 4599 hmrcseos
2716 4545 2981 4598 elementa
3015 4542 3300 4596 servabant
3353 4540 3620 4610 Magnesii

2038 4647 2092 4690 et
2116 4636 2615 4706 Philadctphenses,
2645 4651 2768 4689 cum
2795 4632 3166 4687 Gnosticismo
3191 4648 3284 4685 seu
3313 4630 3627 4684 Docetismo

2042 4729 2223 4783 minus
2235 4727 2798 4788 cxcultoJudaismum
2814 4725 2934 4794 conj
2945 4732 3204 4793 ungentcs
3219 4721 3298 4792 (cf
3299 4738 3340 4774 r.
3359 4723 3424 4774 ad
3439 4720 3622 4790 Magn.

2039 4825 2141 4886 (τοί),
2163 4825 2228 4878 ad
2251 4819 2514 4886 Philad,c.
2536 4819 3038 4891 6),Smyrna2onscs
3080 4830 3229 4876 vero,
3271 4813 3527 4882 Ephesini
3559 4829 3624 4866 ac

2042 4911 2322 4976 Tralliani,
2347 4911 2532 4966 Graeca
2553 4910 2896 4980 philosophia
2923 4907 3093 4976 magis
3132 4905 3346 4964 imbuti,
3383 4905 3618 4958 hmresin

2045 5004 2446 5058 Ccrinthiacam
2505 5005 2639 5056 adeo
2693 5002 3113 5070 perpoliverant,
3146 5011 3203 5054 ut
3251 4999 3480 5052 Judaieo
3532 4999 3625 5050 illo

2049 5096 2318 5150 elemento
2350 5093 2558 5157 relicto,
2590 5091 2881 5146 Gnostieas
2909 5093 3086 5144 solum
3119 5090 3426 5158 opiniones,
3453 5089 3626 5158 ipsius

2123 5295 2236 5364 (68)
2277 5293 2390 5364 Cfr.
2423 5291 2649 5358 Mbhler,
2681 5292 3023 5352 Athanasius,
3052 5299 3090 5344 t.
3127 5289 3166 5353 I,
3201 5306 3253 5358 p.
3297 5289 3380 5343 18.

2120 5357 2234 5433 (69)
2278 5363 2392 5419 Cir.
2445 5365 2584 5418 infra
2632 5357 2863 5432 primam
2910 5370 3153 5414 nostrain
3203 5357 3384 5413 notam
3416 5357 3483 5410 ad
3513 5358 3627 5425 epi-

2049 5437 2217 5490 stolas
2242 5435 2452 5503 lgnatii.

2120 5507 2235 5576 (70)
2268 5498 2746 5576 fietraclﬂunqdcr
2782 5503 3133 5576 udo/ilignea“
3153 5498 3626 5576 Bedcukenugegeu

2047 5567 2137 5629 die
2164 5567 2432 5628 Aeclttheit
2479 5573 2571 5626 der
2596 5567 3070 5641 'Igualiunischeu
3093 5570 3291 5637 Briefe,
3320 5571 3372 5620 in
3392 5567 3624 5641 _Illgeuii

2048 5645 2351 5712 Zeitsc/lrift
2385 5645 2471 5714 [ur
2496 5638 2680 5697 Ιιὶδιοὲ.
2711 5643 2913 5707 ΤΙιιύΙ.,
2936 5651 2974 5696 ι.
3003 5640 3092 5707 XI,
3114 5656 3165 5710 p.
3197 5656 3270 5704 tv,
3304 5654 3354 5708 ι).
3391 5638 3462 5691 3‘2.
3500 5652 3621 5705 sqq.
