3852 6210
257 291 328 345 37
1420 305 1482 361 C.
1517 305 1566 361 .l.
1603 305 1873 365 HEFELII
1925 310 2317 367 PRIEFATIO.

3377 321 3482 375 658

214 411 468 469 Cerintlii
495 415 716 470 modum
742 431 1088 490 superantes,
1111 424 1336 496 jamque
1365 429 1540 500 magis
1560 431 1626 485 ad
1652 446 1806 486 seve-
1834 443 1876 496 Α
1911 435 2149 504 writings
2182 435 2244 504 of
2263 433 2479 488 Severus
2503 435 2566 504 of
2577 435 2824 501 Antioch,
2860 436 3161 492 Timotheus
3177 440 3230 500 ot
3249 437 3482 492 Alexan-

214 503 423 560 riorem
450 510 815 566 recentiorum
835 511 1222 574 Gnosticorum
1248 519 1612 577 Docetismum
1640 540 1802 579 acce-

209 594 428 663 dentes,
470 597 682 656 ferrent
735 603 1114 677 foverentque,
1146 625 1259 679 quo
1292 609 1519 679 factum,
1554 625 1614 668 ut
1656 617 1808 685 lgna-

209 685 327 742 tius
376 689 432 744 in
475 692 725 760 epistolis
754 696 821 751 ad
851 696 1149 768 Ephesios,
1187 699 1521 774 Smyrnzeos,
1549 705 1804 779 Polycar-

207 794 346 849 pum
397 791 452 837 et
505 784 816 844 Trallianos
859 788 1231 848 Doeetismum
1279 797 1461 851 solum
1518 799 1805 871 impugna-

207 873 377 927 verit.
405 873 704 936 llaereticos
757 893 939 938 autem
978 886 1101 943 illos
1147 905 1256 944 non
1292 906 1321 944 e
1368 907 1598 947 numero
1629 903 1804 962 poste-

205 965 418 1019 riorum
481 968 868 1030 Gnosticorum
937 976 1140 1044 fuisse,
1201 981 1296 1052 qui
1354 983 1553 1040 mediis
1614 985 1800 1040 seaculi

203 1060 442 1114 secundi
499 1065 840 1134 temporibus
880 1067 1211 1136 floruerunt,
1248 1074 1395 1130 clare
1428 1091 1495 1130 ex
1531 1091 1598 1130 eo
1633 1093 1802 1146 appa-

201 1165 314 1218 ret,
347 1155 500 1224 quod
542 1155 787 1228 lgnatius
835 1160 1205 1218 Doeetismum
1241 1167 1419 1221 solum
1453 1169 1795 1238 perstringit,

199 1255 441 1302 caeteros
483 1259 666 1304 autem
723 1253 1088 1322 posteriorum
1144 1256 1528 1314 Gnosticorum
1581 1275 1798 1316 errores

200 1354 276 1393 ne
308 1341 540 1398 minime
562 1343 785 1412 quidem
820 1347 998 1417 tangit
1025 1347 1165 1417 (71).

275 1433 338 1503 7)
372 1432 571 1506 Negari
602 1437 840 1508 denique
863 1454 972 1494 non
996 1449 1197 1510 potest,
1223 1443 1502 1500 nonnullis
1532 1445 1794 1516 epistolas

199 1535 435 1582 nostras
467 1544 577 1582 non
609 1544 672 1584 ex
709 1530 940 1596 criticis,
969 1534 1063 1588 sed
1100 1549 1168 1588 ex
1212 1533 1539 1604 dogmaticis
1580 1544 1791 1591 tantum

195 1617 396 1672 causis
443 1618 815 1689 displicuisse.
860 1619 1186 1694 Quicunque
1231 1626 1376 1680 enim
1411 1636 1506 1682 aut
1548 1628 1792 1684 divinam

192 1711 558 1782 episcopatus
589 1713 1014 1781 institutionem,
1057 1727 1154 1773 aut
1181 1718 1521 1774 divinitatem
1551 1719 1787 1786 Christi,

1909 525 2050 590 dria,
2083 525 2187 576 and
2210 526 2402 587 others,
2431 523 2602 579 edited
2637 527 2758 579 with
2798 543 2866 580 an
2903 527 3104 598 euglish
3136 527 3479 594 translation,

1909 617 2015 670 and
2044 628 2211 673 notes.
2244 616 2371 669 Also
2403 617 2484 670 the
2515 617 2662 687 greek
2693 629 2798 672 text
2831 619 2892 688 of
2917 620 3054 674 these
3084 619 3222 672 three
3243 618 3476 688 epistles,

1908 707 2172 760 corrected
2216 707 2500 778 according
2549 720 2600 762 to
2635 711 2718 763 the
2752 709 3024 780 authority
3069 711 3133 779 of
3158 711 3242 763 the
3288 707 3478 778 Syriae

1905 801 2125 854 version.
2167 799 2248 868 By
2295 799 2531 854 William
2562 801 2811 864 δανείου,
2848 802 2924 856 Μ.
2969 803 3034 856 Α.
3083 801 3342 856 London:
3380 801 3474 853 Ri:

1904 893 2155 962 vinglons.
2242 894 2472 948 Berlin:
2523 892 2691 946 Asher
2736 902 2785 946 et
2813 892 2997 962 Comp.
3052 890 3472 947 MDCCCXLV.

1903 980 2070 1036 Libro
2100 984 2202 1038 hoc
2231 984 2312 1038 usi
2339 1000 2556 1038 onmem
2587 984 2848 1054 majorem
2905 983 3043 1036 inter
3067 983 3372 1036 versionem
3410 981 3476 1035 il-

1901 1073 2009 1127 lam
2052 1074 2328 1146 Syriacam
2352 1086 2405 1130 et
2433 1085 2638 1130 textum
2673 1085 2919 1130 nostrum
2945 1076 3193 1130 Crteeum
3220 1074 3474 1130 differen-

1901 1165 2032 1220 tiam
2077 1183 2178 1222 suo
2206 1168 2330 1223 loco
2368 1167 2769 1222 adnotavimus.
2807 1167 3117 1222 Cnretonus
3165 1168 3324 1222 nobis
3349 1181 3474 1235 per-

1897 1258 2126 1313 suadere
2152 1270 2404 1326 eonatur,
2433 1260 2736 1315 versionem
2767 1260 2910 1315 illam
2938 1259 3216 1331 Syriacam
3247 1259 3472 1329 genuino

1897 1351 2066 1403 textui
2095 1348 2376 1421 lgnatiano
2397 1352 2808 1407 accuratissime
2835 1352 3184 1422 respondere,
3209 1360 3263 1406 et
3283 1349 3470 1406 omnia

1895 1457 2017 1510 quae
2042 1441 2102 1496 in
2139 1454 2328 1498 nostro
2370 1443 2561 1498 Graeco
2601 1454 2744 1498 textu
2790 1444 2941 1514 plura
2975 1443 3356 1504 inveniuntur,
3400 1442 3483 1496 alt‘

1895 1534 2018 1588 aliis
2051 1535 2232 1588 addita
2262 1551 2384 1590 esse
2429 1546 2484 1590 et
2525 1537 2856 1590 introducta.
2893 1535 3125 1589 Tantum
3155 1551 3284 1590 vero
3316 1535 3471 1589 abest

1894 1634 1954 1680 ut
1981 1627 2028 1680 ei
2061 1627 2443 1696 astipulemur,
2475 1637 2533 1683 ut
2557 1629 2866 1682 versionem
2905 1628 3184 1699 Syriacam
3218 1643 3325 1682 non
3360 1627 3468 1681 nisi

1892 1719 2168 1787 epitomen
2216 1718 2623 1790 lgnatianarutu
2676 1721 3058 1790 epistolarum,
3116 1736 3145 1773 a
3196 1717 3469 1773 monacho

193 1813 298 1858 aut
329 1805 533 1860 realem
566 1805 785 1863 Domini
820 1810 874 1864 in
923 1808 1270 1866 Eucharistia
1304 1813 1654 1880 praesentiam
1690 1829 1786 1867 ne-
1821 1811 1862 1866 Β
1890 1812 2128 1884 quodam
2178 1811 2405 1883 Syriaco
2448 1812 2501 1867 in
2532 1814 2788 1882 proprios
2835 1828 2974 1866 usus
3005 1812 3128 1882 pios
3159 1809 3466 1865 confectam

193 1905 359 1968 gant,
393 1899 772 1955 auctoritatem
809 1901 1167 1970 epistolarum
1196 1903 1392 1972 lgnatii
1423 1903 1669 1958 minuere
1689 1921 1786 1960 co-

193 1999 410 2043 nentur
437 2000 671 2060 oportet.
707 1992 812 2046 Sed
855 1991 1046 2046 confer
1074 2008 1198 2062 qua!
1224 2001 1415 2048 contra
1448 1994 1550 2049 lios
1580 1992 1789 2052 Hutliea

192 2096 294 2136 rus
331 2081 372 2136 l.
403 2097 538 2152 c.,p.
568 2081 634 2136 12
664 2085 1058 2155 sqq.,monuit.

263 2173 365 2229 Vl.
402 2173 614 2232 Paucos
646 2186 772 2232 ante
811 2194 1028 2234 menses
1060 2177 1126 2234 γ.
1175 2178 1236 2234 D.
1267 2179 1593 2238 Guilielmus
1617 2181 1786 2238 Cure-

187 2276 316 2333 ton,
351 2267 583 2339 Anglus,
607 2277 845 2324 veterem
875 2271 1186 2326 versionem
1215 2259 1496 2344 Syriacam
1530 2275 1694 2329 trium
1723 2273 1782 2329 S.

189 2357 398 2430 lgnatii
448 2361 804 2431 epistolarum
849 2363 1056 2432 publici
1102 2364 1247 2434 juris
1291 2364 1441 2422 fecit.
1476 2366 1596 2421 lam
1641 2384 1785 2422 anno

188 2452 345 2506 1859
373 2449 644 2509 Henricus
670 2451 912 2521 Tattam,
956 2456 1306 2526 Copticarum
1347 2457 1652 2514 litterarum
1685 2473 1782 2529 pe-

188 2543 526 2610 ritissimus,
576 2544 870 2618 Egyptum
906 2563 1224 2618 peragrans,
1257 2550 1311 2603 in
1341 2548 1567 2620 Syriaco
1596 2547 1785 2605 Nitriae

188 2637 542 2692 monasterio
589 2639 832 2694 codicem
882 2639 1350 2710 antiquissimum,
1386 2650 1512 2696 ante
1543 2641 1782 2696 medium

187 2744 326 2785 saec.
361 2745 414 2783 vr
441 2740 750 2797 exaratum,
781 2732 1004 2797 detexit,
1039 2733 1133 2802 qui
1167 2731 1447 2804 Syriacam
1479 2734 1781 2789 versionem

186 2820 448 2890 cpistola:
480 2818 539 2874 S.
572 2819 765 2892 lgnatii
797 2823 863 2898 ad
910 2822 1272 2895 Polycarpum
1306 2826 1638 2880 continebat.
1681 2825 1784 2881 Pe-

187 2913 385 2968 cuniis
429 2914 628 2969 deinde
658 2915 891 2984 publicis
923 2916 1145 2986 adjutus
1191 2917 1546 2974 doctissimus
1590 2917 1782 2974 Tatta-

189 3021 323 3060 mus
368 3020 518 3061 armo
565 3007 704 3062 1842
735 3009 977 3064 secunda
1011 3009 1128 3064 vice
1172 3010 1223 3063 in
1259 3008 1553 3081 Egyptum
1599 3011 1781 3081 profe-

187 3108 325 3152 etus
361 3109 466 3163 est,
498 3109 554 3153 et
575 3115 836 3171 prospera
872 3100 1087 3157 fortuna
1117 3102 1373 3172 gaudenti
1409 3103 1613 3159 multos
1642 3105 1780 3158 alios

189 3192 520 3246 monasterii
549 3191 697 3247 illius
728 3194 946 3249 codices
978 3211 1159 3250 emere
1191 3196 1440 3267 contigit,
1472 3197 1614 3250 inter
1643 3213 1782 3266 quos

1889 1905 2014 1974 (efr.
2035 1906 2177 1960 infra
2198 1917 2312 1961 not.
2345 1907 2410 1961 ad
2435 1923 2556 1978 cap.
2585 1908 2620 1960 9.
2649 1908 2810 1977 epist.
2845 1907 2911 1961 ad
2938 1905 3188 1976 Epltes.),
3213 1912 3468 1972 reputare

1887 1999 2183 2068 possimus,
2214 1999 2516 2067 praesertim
2555 2015 2678 2054 eum
2711 1999 2875 2054 iidem
2905 1998 3121 2053 codices
3147 2012 3178 2050 a
3217 1995 3468 2049 Tattamo

1885 2085 2080 2140 detecti
2115 2096 2169 2141 et
2202 2088 2306 2142 alia
2337 2088 2490 2156 plura
2512 2100 2759 2158 excerpta
2787 2103 2853 2142 ex
2878 2086 3125 2158 epistolis
3147 2083 3466 2154 lgnatianis,

1886 2194 1987 2234 nec
2017 2194 2126 2234 non
2153 2180 2292 2234 alios
2331 2179 2544 2237 libellos
2572 2181 2860 2244 aseetieos,
2911 2191 2972 2233 ut
3012 2178 3322 2233 Cnretonus
3350 2177 3467 2246 ipse

1886 2270 2119 2338 fatetur,
2152 2273 2488 2327 contineant.
2533 2273 2798 2327 Prmtcrea
2847 2271 3048 2341 saepius
3097 2271 3224 2324 inde
3256 2285 3322 2325 ex
3362 2285 3464 2336 eo,

1885 2363 2030 2434 quod
2061 2380 2235 2420 nexus
2262 2365 2654 2420 sententiarum
2677 2366 2730 2418 in
2755 2364 3009 2419 versione
3035 2362 3255 2433 Syriaca
3285 2363 3467 2415 minus

1884 2463 1968 2509 est
2000 2465 2207 2522 arctus,
2243 2467 2488 2528 apparet,
2535 2458 2866 2511 monachum
2896 2456 3047 2509 illum
3081 2471 3189 2509 non
3226 2463 3334 2508 tam
3378 2453 3464 2506 in-

1889 2547 2158 2616 terpretis,
2205 2563 2368 2618 quam
2400 2549 2766 2619 epitomaloris
2799 2556 2982 2618 partes
3012 2547 3211 2618 egisse.
3263 2544 3468 2599 Confer

1884 2655 2006 2709 qua:
2057 2641 2121 2693 ad
2182 2641 2429 2711 singulos
2495 2642 2650 2695 locos
2705 2638 3025 2694 monuimus
3070 2657 3084 2692 :
3135 2638 3203 2692 ad
3261 2637 3462 2708 Ephes.

1884 2748 2040 2802 capp.
2074 2733 2128 2799 5,
2159 2735 2212 2796 8,
2244 2735 2298 2800 9,
2329 2736 2417 2801 14,
2451 2735 2547 2800 19;
2581 2735 2646 2788 ad
2681 2733 2848 2786 Trall.
2889 2733 2942 2785 in
2975 2731 3136 2786 titulo
3167 2739 3222 2784 et
3241 2745 3360 2799 cap.
3387 2729 3458 2794 ις

1884 2827 1949 2879 ad
1976 2822 2139 2880 Rom.
2171 2843 2294 2896 cap.
2325 2829 2387 2892 6;
2415 2827 2480 2881 ad
2511 2825 2697 2898 Polyc.
2727 2826 2780 2880 in
2814 2825 2974 2880 titulo
2998 2831 3054 2878 et
3071 2838 3195 2893 cap.
3229 2822 3290 2888 7;
3330 2819 3469 2874 Mar-

1886 2919 2087 2990 tyrium
2124 2916 2182 2972 S.
2219 2917 2411 2987 lgnatii
2449 2918 2502 2971 in
2536 2918 2715 2972 titulo.

1961 3009 2068 3064 \'ll.
2101 3009 2239 3064 Male
2270 3010 2434 3064 etiam
2471 3010 2537 3064 de
2570 3007 2878 3074 integritate
2909 3005 3265 3076 epistolarum
3307 3003 3465 3075 lgna-

1888 3101 1946 3153 Iii
1983 3101 2148 3153 dubia
2179 3109 2323 3153 mota
2367 3107 2497 3153 sunt
2528 3099 2664 3168 (72).
2697 3097 3003 3152 Praesertim
3037 3096 3220 3150 omnia
3251 3096 3318 3149 de
3347 3095 3464 3164 cpio

1885 3203 2109 3261 scopatu
2141 3201 2195 3246 et
2220 3193 2286 3246 de
2320 3192 2520 3245 deitate
2567 3189 2778 3244 Christi
2809 3188 2970 3243 eﬂ'ata
3008 3188 3388 3259 interpolatori
3431 3202 3463 3241 a

189 3287 364 3339 etiam
415 3287 485 3353 (e
521 3303 649 3342 szec.
698 3304 750 3341 vi
785 3289 866 3342 vel
908 3293 1024 3362 vn)
1077 3291 1300 3360 antiqua
1339 3290 1521 3344 versio
1559 3289 1781 3361 Syriaca
1879 3284 2208 3353 (IllibUStlam
2247 3282 2582 3336 ll'ibllunlur-
2625 3280 2731 3335 Sed

190 3379 366 3433 trium
401 3378 459 3433 S.
505 3378 698 3451 lgnatii
731 3381 1086 3451 epistolarum
1126 3382 1193 3437 ad
1232 3381 1520 3452 Ephesios,
1551 3383 1617 3437 ad
1667 3382 1777 3436 Ιῖυο

189 3485 396 3524 marios
428 3480 482 3525 et
513 3471 580 3525 ad
617 3469 1002 3542 Polycarpum,
1035 3489 1142 3526 una
1175 3487 1300 3526 eum
1340 3473 1588 3541 pluribus
1625 3471 1782 3542 lgna-

192 3563 477 3617 tiauarum
517 3563 872 3632 epistolarum
899 3561 1217 3633 fragmentis
1257 3573 1465 3634 reperta
1494 3575 1596 3619 est.
1642 3563 1779 3630 Qui-

192 3657 300 3712 bus
321 3655 608 3711 codicibus
631 3657 860 3712 detectis
887 3655 1211 3711 Guilielmus
1229 3654 1561 3720 Cnretonus,
1589 3655 1782 3712 Orien-

194 3749 389 3803 talium
423 3747 730 3804 litterarum
778 3749 1022 3818 apprime
1051 3763 1275 3819 gnarus,
1309 3748 1511 3819 optime
1536 3764 1592 3803 se
1621 3749 1687 3803 de
1723 3764 1782 3804 re

193 3838 485 3910 patristiea
529 3836 648 3892 fore
695 3838 1022 3893 meriturum
1055 3840 1339 3909 sperabat,
1389 3839 1433 3894 si
1469 3838 1779 3893 versionem

194 3930 349 3984 illam
370 3929 654 4000 Syriacam
686 3931 837 4000 prelo
861 3930 1161 4000 subjiceret
1184 3938 1242 3985 et
1259 3929 1568 3984 versionem
1594 3929 1784 3997 Angli-

193 4039 317 4078 eam
337 4023 584 4089 adderet,
602 4031 764 4092 atque
782 4031 988 4076 textum
1008 4020 1528 4092 Graccum,Syriac:e
1543 4019 1783 4076 versioni

195 4112 331 4174 (non
363 4115 642 4184 accurate)
674 4112 1089 4184 respondentem
1125 4127 1354 4167 exarare
1394 4120 1707 4165 conaretur.

264 4205 408 4260 Cum
446 4221 576 4260 vero
603 4203 886 4260 Tattamus
907 4206 1046 4260 duos
1067 4205 1286 4260 codices
1316 4205 1559 4274 epistolae
1589 4205 1656 4259 ad
1680 4201 1786 4258 Po-

193 4297 504 4369 lycarpum,
530 4306 586 4351 ut
613 4296 955 4362 diximus,ex
978 4295 1213 4367 Egypto
1231 4304 1587 4365 apportasset,
1615 4311 1782 4349 unum

193 4407 346 4446 anno
375 4390 533 4453 1859,
570 4390 801 4444 altermn
820 4403 967 4442 anno
998 4389 1170 4454 1842;
1203 4388 1514 4444 Curctonus
1545 4405 1652 4444 non
1678 4389 1784 4445 nisi

194 4486 464 4557 priorem,
494 4487 624 4555 quia
657 4483 1045 4553 antiquiorem,
1073 4483 1215 4554 typis
1237 4485 1657 4539 exscribendum
1682 4500 1780 4539 eu-
1815 4504 1858 4559 ι)

195 4577 361 4640 rat-it,
411 4575 734 4639 reeeutioris
767 4573 974 4629 codicis
1019 4574 1280 4629 lectiones
1322 4572 1600 4629 variantes
1645 4573 1781 4642 adji-

194 4667 372 4722 ciens.
421 4664 690 4721 Praeterea
737 4668 820 4721 vir
853 4667 1210 4722 doctissimus
1259 4680 1518 4734 magnum
1563 4679 1784 4735 quoque

197 4757 489 4829 Syriacum
535 4756 904 4829 fragmentum
955 4755 1197 4826 Martyrii
1243 4753 1300 4808 S.
1339 4753 1531 4822 lgnatii
1583 4761 1638 4808 et
1668 4752 1780 4822 epi-

197 4848 360 4905 stolre
407 4849 651 4919 ejusdem
699 4847 766 4903 ad
808 4846 1111 4912 Romanos,
1151 4845 1294 4915 quod
1329 4844 1638 4898 Cnretonus
1667 4844 1784 4912 ipse

198 4958 348 4998 anno
384 4941 522 4996 1859
551 4941 604 4995 in
639 4940 842 4995 Mqu
873 4939 1186 4993 Britannico
1224 4940 1522 5002 detexerat,
1570 4938 1623 4991 iu
1655 4938 1776 4991 vul-

199 5048 306 5103 gus
334 5031 498 5086 edere
526 5042 580 5087 et
617 5032 760 5086 libro
797 5046 901 5086 suo
934 5032 1131 5087 addere
1158 5031 1416 5087 decrevit.
1457 5029 1549 5084 Sic
1581 5029 1784 5100 prodiit

197 5123 438 5180 Londini
474 5125 614 5180 1845
641 5141 780 5195 opus
805 5124 925 5194 ejus
951 5126 1052 5180 sub
1082 5126 1240 5180 titulo
1267 5145 1280 5180 :
1311 5124 1414 5179 The
1443 5124 1650 5178 ancient
1681 5121 1783 5193 Sy-

199 5219 316 5272 riae
346 5219 551 5272 version
581 5218 644 5286 of
666 5219 750 5272 the
777 5217 986 5288 epistles
1035 5220 1100 5288 of
1135 5219 1280 5272 saint
1320 5216 1567 5287 Ignatius
1602 5226 1654 5270 to
1694 5213 1777 5270 St.

198 5310 492 5382 Polycurp,
518 5312 602 5363 tlte
624 5309 944 5380 Ephesians,
987 5311 1092 5364 and
1120 5311 1204 5364 the
1231 5311 1463 5364 Romans
1487 5326 1507 5374 ;
1545 5310 1779 5380 together

199 5400 328 5454 with
370 5410 605 5454 extracta
653 5402 794 5470 [rom
833 5400 914 5454 his
949 5402 1178 5470 epistles,
1226 5399 1477 5454 collected
1526 5399 1663 5468 from
1698 5397 1782 5452 the

275 5557 392 5629 (71)
417 5555 534 5629 er.
562 5555 754 5629 lluter,
782 5558 820 5611 1.
848 5575 898 5613 c.
923 5574 977 5629 p.
997 5559 1074 5629 42
1093 5569 1144 5613 et
1171 5557 1548 5624 Ditsterdicek,
1573 5560 1608 5613 l.
1640 5575 1692 5615 c.

275 5627 392 5700 (Τῇ)
421 5628 491 5700 E.
511 5627 947 5700 g.ga._l_‘eandr0,
979 5628 1387 5700 irchcngesch.
1438 5641 1478 5685 t.
1506 5630 1546 5695 Ι,
1575 5647 1626 5698 p.
1656 5630 1782 5692 758,

206 5707 316 5770 eta
344 5697 536 5770 Netzio
571 5697 937 5770 ianllmanu,
975 5699 1199 5754 Studien
1219 5697 1333 5770 'und
1370 5697 1684 5768 Krit.l855,
1729 5717 1782 5770 p.

206 5766 306 5824 881
341 5784 464 5841 sqq.
500 5769 608 5837 Qui
639 5769 917 5826 breviores
945 5775 1166 5843 quoque
1214 5771 1270 5826 S.
1311 5769 1504 5842 lguatii
1529 5766 1787 5844 epistolas

1951 3379 2006 3444 a)
2021 3377 2228 3430 nullum
2247 3385 2530 3430 externum
2552 3373 2991 3442 interpolationis
3007 3371 3163 3427 adest
3178 3371 3460 3426 indicium.

1952 3469 2006 3540 b)
2046 3467 2172 3523 Loci
2203 3485 2231 3522 a
2257 3468 2534 3522 veteribus
2563 3467 2765 3521 laudati
2802 3466 2919 3535 pari
2957 3465 3121 3519 modo
3148 3466 3200 3518 in
3228 3466 3462 3519 breviori

2022 3571 2210 3616 nostra
2237 3561 2557 3616 recensione
2581 3559 2856 3629 leguntur.
2881 3559 2996 3614 Cfr.
3027 3573 3192 3627 supra
3216 3559 3465 3613 testiino-

2024 3653 2115 3707 nia
2148 3663 2411 3707 veterum.

1953 3747 2005 3819 e)
2036 3747 2254 3801 Arctior
2288 3745 2528 3800 materiae
2568 3759 2622 3799 et
2659 3746 2925 3801 orationis
2969 3761 3143 3801 nexus
3175 3746 3324 3800 omni
3371 3747 3461 3800 in-

2026 3838 2402 3908 terpolationis
2445 3837 2747 3905 suspicioni
2796 3837 3048 3891 nuntium
3089 3838 3346 3902 mittunt;
3388 3835 3466 3890 ef-

2023 3930 2135 3984 1ata
2163 3931 2306 3984 enim
2341 3929 2431 3982 illa
2459 3929 2802 3998 displicentia
2847 3930 2968 3984 sine
3001 3929 3168 3984 totius
3195 3931 3464 3984 sermonis

2025 4022 2230 4093 pariter
2261 4037 2325 4077 ac
2355 4037 2551 4076 sensus
2581 4021 2955 4076 devastatione
2981 4023 3138 4077 evelli
3180 4038 3288 4076 non
3335 4039 3462 4093 pos-

2026 4124 2173 4168 Sillll.

1957 4207 2012 4275 d)
2040 4204 2308 4258 Praeterea
2337 4203 2582 4258 eamdem
2617 4203 2742 4275 styli
2775 4203 3038 4258 rationem
3070 4220 3193 4258 eum
3226 4205 3278 4258 in
3305 4221 3464 4274 repu-

2031 4295 2218 4361 diatis,
2251 4303 2366 4349 tum
2399 4295 2453 4349 in
2483 4296 2798 4365 approbatis
2819 4296 3182 4365 epistolarum
3214 4297 3462 4365 partibus

2027 4387 2290 4442 invenies.

1958 4480 2010 4552 e)
2045 4481 2202 4546 Quod
2238 4496 2286 4534 c.
2323 4479 2356 4534 8
2389 4495 2475 4550 ep.
2509 4480 2574 4534 ad
2610 4479 2789 4551 Magn.
2821 4479 2990 4550 Σιγῆς
3028 4479 3171 4534 facta
3203 4482 3274 4535 sit
3309 4497 3465 4536 men--

2027 4575 2124 4637 tio,
2160 4573 2595 4643 interpolationis
2626 4590 2732 4627 non
2760 4574 2958 4643 praebet
2989 4573 3274 4641 indicium,
3310 4583 3370 4630 ut
3408 4576 3463 4631 in

2028 4666 2173 4720 notis
2205 4665 2272 4720 ad
2307 4666 2360 4720 ll.
2395 4666 2431 4719 l.
2465 4666 2984 4720 demenstravimus.

1957 4757 1998 4826 ς)
2034 4756 2322 4811 Polemicis
2373 4766 2582 4810 tantum
2630 4757 2814 4812 causis
2865 4757 3014 4811 ducti
3063 4759 3311 4813 nonnulli
3357 4758 3462 4814 viri

2026 4849 2172 4904 docti
2228 4849 2593 4918 integritatem
2641 4849 2996 4917 epistolarum
3051 4859 3366 4906 nostrarum
3408 4851 3464 4906 in

2028 4938 2255 4992 dubium
2287 4945 2553 4991 vocarunt
2579 4937 2715 5007 (75).

1959 5035 2014 5102 g)
2055 5031 2160 5097 Qui
2193 5032 2539 5100 episcopatus
2569 5048 2733 5086 causa
2763 5033 3021 5102 epistolas
3049 5044 3268 5092 nostras
3293 5036 3461 5092 inter-

2028 5125 2239 5193 polatas
2263 5138 2384 5178 esse
2413 5132 2623 5192 putant,
2664 5123 2816 5178 nullo
2841 5126 3002 5178 modo
3037 5127 3304 5180 rationem
3334 5127 3460 5182 red-

2025 5217 2155 5271 dere
2181 5223 2414 5285 possunt
2437 5230 2533 5269 cur
2559 5216 2790 5284 epistola
2823 5217 2888 5269 ad
2924 5216 3201 5273 Romanos
3233 5219 3349 5273 sola
3393 5221 3463 5275 ab

2028 5306 2416 5376 iuterpolatore
2447 5320 2554 5359 non
2585 5305 2748 5360 fuerit
2779 5305 3002 5374 fmdata,
3036 5323 3161 5362 cum
3197 5324 3291 5364 sex
3334 5310 3465 5364 reli-

2026 5399 2152 5470 quis
2169 5399 2366 5468 impias
2382 5398 2501 5468 ejus
2532 5414 2728 5452 manus
2755 5415 2862 5453 non
2884 5401 3192 5469 pepercisse
3214 5402 3458 5459 credant.

1890 5561 2245 5631 interpolatas
2269 5567 2480 5631 putant,
2507 5557 2826 5631 novissimis
2849 5558 3042 5631 diebus
3062 5560 3458 5617 validissimum

1891 5628 2327 5700 interpolationis
2369 5628 2637 5700 ejusu‘mdi
2683 5629 3058 5700 testimonium
3101 5633 3339 5686 assecuti
3377 5635 3451 5686 vi~

1889 5697 2087 5758 dentur
2114 5701 2362 5754 versione
2397 5697 2642 5768 Syriaca,
2669 5714 2698 5768 a
2730 5698 2875 5751 Guil.
2907 5699 3147 5756 Curetou
3174 5703 3340 5758 edita.

1963 5773 2074 5843 (75)
2106 5770 2332 5838 notum,
2352 5765 2587 5834 PatroL,
2611 5765 2714 5838 t.jl,
2740 5783 2792 5839 p.
2825 5769 2928 5825 125
2951 5787 3070 5840 sqq.
