3852 6210
184 299 283 354 6H

1385 300 1446 357 C.
1481 301 1530 356 Ι.
1576 299 1851 355 HEFELII
1889 299 2282 356 PRxEFATIO.

3339 307 3446 363 652

188 419 386 476 'l'al‘elii
408 421 476 477 de
500 421 590 477 via
619 420 846 492 Egnatia
878 422 1294 479 dissertationes
1329 439 1526 478 novam
1559 423 1636 478 rei
1668 439 1760 477 no-
1796 421 2059 484 A‘Exstat
2085 431 2265 476 autem
2294 422 2565 488 posterior
2589 423 2678 478 illa
2705 424 2965 480 Actorum
2992 440 3141 496 pars,
3186 441 3217 481 a
3241 423 3445 481 Grabio

188 522 321 566 stra:
361 512 539 567 lucem
585 514 919 580 attulerunt;
960 529 1100 582 quas
1135 514 1229 582 qui
1290 515 1600 585 perlegerit,
1645 525 1770 569 tan-

189 613 307 658 tum
340 605 516 662 abest.
546 614 605 660 ut
628 605 793 671 viam,
817 619 926 674 qua
956 604 1014 659 S.
1037 615 1243 675 martyr
1273 605 1467 661 ductus
1498 620 1619 662 esse
1641 621 1771 660 nar-

189 705 369 760 ratur,
413 707 784 751 moustrosam
816 707 1011 766 putare
1047 697 1242 768 possit,
1282 707 1341 753 ut
1375 699 1522 753 clare
1555 700 1769 770 perspi-

186 789 321 853 ciat,
374 804 482 843 non
533 789 638 845 nisi
684 789 897 860 vulgari
947 788 1324 847 Romanorum
1369 793 1456 847 via
1501 792 1768 863 lgnatium

186 900 313 938 esse
339 899 499 939 usum
529 884 665 954 (9|).

262 976 320 1047 b)
362 977 626 1030 Actorum
673 985 952 1029 auctorem
1000 975 1096 1030 diu
1131 987 1253 1045 post
1287 975 1481 1047 lgnatii
1524 985 1771 1048 tempora

186 1069 419 1132 vixisse,
454 1067 686 1124 Dallaeus
730 1084 760 1124 e
796 1069 1148 1124 sermonibus
1183 1069 1437 1140 conjecit,
1463 1086 1605 1140 quos
1645 1086 1770 1126 cum

186 1159 433 1229 Trajano
480 1177 510 1214 a
555 1171 796 1232 martyre
849 1160 1066 1215 habitos
1117 1161 1253 1215 Acta
1320 1172 1510 1216 nostra
1575 1171 1774 1232 preter

185 1266 416 1305 onmem
457 1252 571 1305 veri
623 1266 687 1305 ac
720 1250 904 1305 decori
961 1251 1200 1320 speciem
1230 1251 1455 1306 tinxisse
1497 1261 1652 1322 putat
1689 1255 1774 1308 vir

185 1341 283 1394 ille
333 1341 583 1396 criticus.
644 1340 706 1395 Ei
756 1342 871 1412 jam
915 1340 1250 1396 Pearsonius
1293 1342 1408 1413 (9‘2)
1467 1344 1768 1414 respondit,

181 1449 457 1488 sermones
485 1435 620 1490 istos
647 1447 795 1489 certe
816 1450 994 1506 neque
1020 1437 1150 1503 ueri,
1179 1451 1355 1506 neque
1384 1437 1564 1491 decori
1604 1437 1773 1493 ratio-

183 1542 289 1582 nes
322 1527 544 1584 turbare
577 1528 934 1583 contendens.
978 1527 1098 1584 Una
1130 1537 1340 1585 tantum
1379 1545 1486 1585 vox
1516 1532 1774 1586 κακοδαί·

183 1635 309 1688 μων
350 1619 422 1689 (c.
448 1619 528 1688 2),
571 1635 599 1674 a
626 1618 867 1689 Trajano
901 1631 1185 1692 usurpata,
1229 1622 1520 1692 objectioni
1561 1623 1637 1676 illi
1678 1639 1775 1679 oc-

180 1711 476 1766 casionem
499 1714 801 1782 praebuisse
813 1714 1050 1779 videtur,
1080 1730 1242 1784 quam
1265 1731 1424 1770 nemo
1446 1717 1646 1773 dixerit
1675 1717 1774 1771 im-

179 1804 430 1873 peratori
471 1804 697 1858 minime
743 1806 1058 1872 convenire,
1090 1807 1182 1877 qui
1211 1822 1330 1862 eam
1379 1816 1526 1862 recte
1555 1808 1769 1863 intelle-

178 1896 352 1950 xerit.
379 1894 485 1961 Qui
513 1897 655 1950 enim
688 1898 858 1964 novit,
889 1899 1018 1968 quid
1046 1899 1118 1954 sit
1143 1899 1514 1970 κακοδαίμων,
1549 1908 1603 1955 et
1634 1916 1773 1970 quo-

177 1987 355 2042 modo
381 1987 728 2045 Christianos
775 1991 830 2045 in
856 1991 1066 2060 judicio
1101 1993 1432 2063 compellare
1473 1994 1620 2049 soliti
1653 1993 1772 2050 fue-

179 2080 306 2134 rint
344 2081 575 2145 ethnici,
620 2081 778 2137 facile
818 2084 1035 2150 sentiet,
1062 2093 1115 2138 et
1149 2101 1339 2139 verum
1386 2085 1492 2141 hoc
1527 2093 1582 2140 et
1608 2085 1772 2141 deco-

177 2191 314 2230 rum
365 2190 509 2232 esse.
565 2175 664 2232 Est
709 2187 891 2233 autem
942 2178 1309 2250 κακοδαίμων,
1362 2189 1422 2234 ut
1468 2195 1534 2234 ex
1581 2180 1772 2235 multis

176 2268 458 2338 exemplis
486 2267 819 2326 Pearsonius
859 2270 1065 2337 docuit,
1096 2271 1173 2325 nil
1209 2270 1356 2326 aliud
1383 2286 1549 2342 quam
1581 2271 1772 2341 infelix

178 2359 359 2414 homo
393 2360 532 2430 (95).

258 2451 532 2507 Praeterea
574 2451 946 2518 monendum,
996 2467 1280 2507 sermones
1325 2449 1522 2523 Ignatii
1567 2461 1622 2506 et
1644 2450 1774 2506 Tra-

174 2544 302 2615 jani
350 2559 383 2598 a
421 2544 690 2614 scriptore
728 2544 992 2599 Actorum
1029 2560 1132 2597 non
1177 2547 1244 2597 ad
1285 2543 1497 2597 verbum
1545 2544 1768 2609 relatos,

177 2645 588 2707 auctoremque
625 2644 874 2692 nostrum
923 2636 1112 2692 eadem
1154 2637 1374 2691 licentia
1425 2651 1585 2692 usum
1627 2652 1769 2701 esse,

179 2741 359 2796 quam
395 2727 622 2781 omnino
649 2727 900 2783 historici
944 2729 999 2781 in
1028 2727 1353 2784 enarrandis
1387 2727 1622 2783 aliorum
1655 2743 1771 2785 ser-

180 2817 452 2872 monibus
502 2819 606 2873 sibi
649 2819 1018 2874 vindicabant.
1063 2818 1221 2886 Quod
1271 2819 1316 2874 si
1367 2834 1417 2873 e.
1451 2835 1502 2890 g.
1532 2819 1708 2890 capite
1735 2821 1772 2874 Ξ

177 2901 218 2954 'l
235 2901 464 2970 rajanus
507 2902 639 2958 deos
695 2905 979 2974 gentilium
1012 2905 1273 2962 dtemones
1319 2909 1586 2979 appellat,
1629 2922 1774 2968 certe

173 2993 511 3063 scriptorem
540 2994 916 3053 Christianum
947 2999 1126 3055 verbis
1157 2999 1486 3057 Christianis
1533 3013 1771 3060 mentem

173 3087 410 3157 Trajani
444 3091 772 3160 exposuisse
803 3090 963 3148 facile
987 3094 1304 3164 perspicies.

255 3177 311 3244 (ε)
365 3175 676 3234 Autbentiaa
721 3189 1106 3251 argumentum
1161 3182 1286 3237 inde
1335 3198 1556 3253 quoque
1607 3183 1768 3240 nobis

175 3267 480 3336 petendum
519 3270 759 3337 videtur,
786 3271 933 3341 quod
967 3273 1097 3327 Acta
1130 3275 1244 3329 hate
1274 3289 1462 3344 pressa
1494 3275 1765 3343 simplici-

175 3373 294 3428 que
331 3360 582 3416 oratione
609 3363 721 3416 sint
767 3363 1098 3433 conscripta,
1144 3373 1309 3435 atque

252 3451 312 3522 d)
336 3453 476 3508 mire
503 3453 610 3508 illis
652 3455 1041 3524 respondeant,
1074 3472 1198 3526 quae
1227 3461 1296 3512 ab
1339 3457 1574 3515 Eusebio
1611 3470 1665 3515 et
1704 3460 1761 3516 S.

177 3541 398 3599 Joanne
447 3543 843 3616 Chrysostomo
900 3547 969 3601 de
1027 3549 1289 3618 martyrio
1352 3548 1544 3619 lgnatii
1605 3554 1765 3610 doce-

180 3650 315 3689 mur
334 3635 475 3707 (94).
865 3702 868 3704 γ

253 3726 307 3795 e)
349 3724 492 3780 Nihil
517 3725 755 3796 denique
782 3726 856 3781 ibi
883 3726 1100 3797 legitur,
1126 3743 1250 3782 cum
1277 3727 1501 3800 Trajani
1534 3731 1763 3787 historia

176 3834 437 3890 pugnans
466 3818 602 3889 (95).
1406 3893 1414 3903 _

252 3908 593 3967 Testimonia
624 3925 755 3966 vero
782 3909 1036 3965 Veterum
1067 3925 1167 3981 pro
1189 3911 1341 3967 Actis
1368 3912 1574 3968 nostris
1607 3928 1637 3968 e
1667 3929 1762 3969 sex

176 4003 380 4074 primis
396 4019 518 4058 terte
533 4002 864 4057 Christianas
879 4002 1095 4057 saeculis
1111 4002 1344 4057 inveniri
1377 4017 1488 4058 non
1506 4013 1758 4073 possunt.

250 4093 346 4150 1V.
372 4093 716 4150 Postremam
741 4095 1003 4147 Actorum
1029 4092 1223 4164 lgnatii
1254 4102 1464 4164 partem
1488 4097 1757 4166 spuriam,

175 4199 230 4243 et
266 4187 340 4242 ab
370 4186 760 4256 interpolatore
786 4186 1027 4256 quodam
1060 4195 1328 4253 assutam,
1353 4187 1603 4243 arbitrati
1631 4197 1763 4244 sunt

179 4281 468 4346 Usserius,
500 4278 740 4335 Grabius
770 4288 824 4334 et
854 4279 976 4346 alii;
1011 4279 1218 4344 causis,
1263 4289 1322 4333 ut
1362 4280 1499 4335 mihi
1522 4281 1756 4348 videtur,

175 4388 291 4428 non
323 4369 741 4426 sullicientibus.

1874 514 1926 566 in
1952 513 2176 567 dubium
2205 522 2416 578 vocata,
2448 514 2500 568 in
2519 516 2770 571 versione
2791 518 2996 574 codicis
3017 517 3284 584 Caiensis,
3311 528 3363 572 et
3389 534 3446 573 tn

1872 603 2062 661 Graeco
2097 605 2394 674 exemplari
2418 603 2736 662 Parisiensi.

1940 695 1998 766 b)
2039 693 2096 750 Si
2130 693 2392 749 Grabium
2434 697 2657 764 audias,
2701 708 2885 768 aperte
2923 698 3029 754 sibi
3070 699 3302 754 invicem
3356 715 3444 754 re-

1870 803 2116 858 pugnare
2141 789 2396 842 videntur
2430 787 2532 842 ista
2563 790 2728 843 verba
2777 810 2828 845 c.
2858 791 2908 854 7,
2936 807 3058 861 quae
3097 792 3150 845 in
3196 793 3448 847 versione

1870 889 2058 933 nostra
2085 879 2156 932 ita
2185 890 2419 935 sonant:
2451 881 2656 934 Horum
2690 898 2782 935 nos
2819 883 2920 952 ipsi
2945 893 3265 952 spectatores
3295 884 3444 953 facti,

1870 985 1987 1023 cum
2039 971 2095 1024 in
2147 969 2406 1041 lacrgmis
2479 982 2644 1026 totam
2707 983 2912 1027 noctem
2977 976 3351 1045 exegissemus,
3396 984 3447 1028 et

1871 1064 2085 1134 genibus
2131 1065 2284 1134 ﬂexis
2331 1066 2599 1136 multaque
2650 1069 2889 1121 oratione
2933 1066 3236 1132 Dominum,
3266 1079 3321 1121 ut
3355 1085 3448 1122 nos

1870 1157 2112 1226 inﬁrmos
2158 1157 2223 1210 de
2264 1158 2354 1224 iis,
2383 1173 2499 1227 qua:
2541 1158 2685 1227 facta
2731 1159 2976 1228 fuerant,
3014 1172 3182 1213 certos
3225 1161 3446 1229 faceret,

1871 1266 2101 1304 essemus
2147 1251 2366 1319 precati,
2415 1261 2522 1305 etc.
2577 1251 2634 1304 Si
2676 1252 2821 1305 enim
2863 1252 2979 1308 haec
3013 1253 3176 1320 facta,
3212 1253 3448 1310 Grabius

1873 1343 2086 1413 inquit,
2148 1343 2364 1413 ipsimct
2425 1354 2761 1413 spectatores
2793 1347 2968 1413 oculis
3026 1361 3446 1418 usurpaverant,

1874 1434 2004 1503 quid
2057 1450 2199 1504 opus
2255 1443 2406 1498 erat,
2465 1435 2780 1490 ulteriorem
2831 1438 2899 1494 de
2944 1439 3014 1494 iis
3061 1442 3447 1499 certitudinem

1875 1539 1904 1577 a
1943 1521 2054 1578 Deo
2099 1524 2376 1592 postulare
2397 1526 2506 1578 ?—
2533 1524 2637 1579 Sed
2674 1525 2910 1582 Grabius
2945 1527 3193 1584 Graecum
3237 1539 3446 1588 textum

1875 1614 2017 1668 male
2065 1614 2458 1684 interpretatus
2509 1616 2627 1672 haec
2675 1617 2912 1687 objecit;
2981 1621 3246 1675 αὐτόπται
3299 1624 3447 1678 enim

1877 1703 1956 1758 illi
1992 1718 2102 1758 non
2156 1704 2224 1758 de
2257 1712 2432 1759 morte
2469 1703 2680 1774 Ignatii,
2714 1705 2809 1759 sed
2838 1705 2905 1760 de
2939 1721 3005 1761 eo
3033 1709 3297 1764 certiores
3329 1710 3445 1765 ﬁeri

1799 1775 1844 1830 Β
1871 1793 2144 1858 volebant,
2175 1809 2306 1847 num
2339 1794 2657 1865 martyrium
2685 1795 2804 1865 ejus
2831 1795 2942 1852 Deo
2968 1808 3112 1854 esset
3141 1808 3446 1870 acceptum,

1875 1884 2067 1954 utjam
2099 1883 2346 1941 Clericus
2386 1885 2603 1940 monuit
2629 1885 2768 1957 (96).

1945 1977 1997 2048 c)
2037 1976 2263 2032 Falsum
2308 1993 2431 2032 esse
2483 1979 2768 2033 contendit
2815 1978 3086 2047 Grabius,
3140 1985 3284 2053 quod
3340 2000 3390 2040 c.
3419 1987 3450 2040 7

1871 2068 2116 2141 lgnatius
2161 2079 2415 2124 mortuus
2472 2068 2644 2125 fuisse
2689 2070 2906 2126 dicatur
2957 2074 3257 2130 consulibus
3307 2079 3449 2146 apud

1871 2160 2138 2215 Romanos
2181 2162 2373 2215 iterum
2405 2160 2546 2216 Sura
2581 2173 2630 2218 et
2657 2163 2960 2230 Senecione,
3001 2167 3038 2221 i.
3074 2183 3123 2222 e.
3149 2183 3295 2223 anno
3322 2170 3446 2224 107.

1873 2253 2111 2310 Grabius
2161 2256 2331 2319 enim,
2387 2263 2448 2308 ut
2495 2271 2659 2325 supra
2705 2256 2963 2324 vidimus,
3017 2275 3180 2314 unam
3237 2269 3447 2317 tantum

1873 2344 2097 2416 Trajani
2120 2344 2518 2416 expeditionem
2541 2345 2847 2401 Parthicam
2876 2351 3188 2418 admittens,
3217 2363 3447 2408 mortem

1877 2435 1935 2492 S.
1961 2437 2218 2510 martyris
2262 2452 2408 2492 anno
2439 2436 2540 2491 116
2573 2439 2844 2508 ascripsit.
2892 2438 3004 2495 Nos
3044 2455 3232 2497 contra
3279 2445 3450 2501 tutius

1872 2531 2206 2599 putavimus,
2232 2528 2385 2583 alteri
2421 2528 2680 2584 accedere
2710 2533 3009 2601 sententiae,
3037 2549 3158 2604 qua?
3181 2532 3447 2606 lgnatiutn

1873 2635 2020 2676 anno
2036 2619 2138 2673 107
2166 2635 2197 2674 e
2216 2621 2353 2676 vivis
2376 2620 2681 2675 decessisse
2713 2632 2916 2676 censet.

1943 2719 2000 2789 d)
2041 2715 2290 2788 Objectio
2343 2716 2574 2785 Usserii,
2628 2720 2843 2775 detecto
2903 2724 3200 2792 exemplari
3258 2724 3447 2781 Grazco

1872 2807 2068 2874 diluta,
2095 2810 2208 2879 jam
2237 2825 2267 2863 a
2298 2809 2498 2864 Grabio
2525 2818 2608 2865 est
2637 2810 2863 2865 omissa.
2897 2809 3154 2868 Usserius
3181 2816 3233 2868 in
3263 2815 3451 2872 codice

1872 2898 2090 2954 Caiensi
2146 2901 2359 2971 legebat
2395 2908 2470 2970 (c.
2500 2902 2556 2971 4)
2598 2920 2612 2955 :
2655 2919 2746 2971 per
2792 2918 3189 2960 rancenenrss
3238 2907 3449 2964 litteras

1869 2994 2075 3062 graths
2110 3010 2289 3065 agens,
2327 2999 2596 3067 appositas
2631 2998 2702 3051 ad
2731 2999 2896 3067 ipsas,
2919 3007 3030 3052 etc.
3065 2997 3203 3053 lliuc
3237 3000 3322 3054 vir
3350 3001 3451 3056 d0-

1796 3116 1840 3173 0
1873 3085 2154 3142 ctissimus
2201 3089 2500 3154 conclusit,
2556 3100 2888 3159 postremam
2928 3089 3193 3145 Actorum
3234 3101 3444 3161 partem

1872 3178 1943 3232 ab
1971 3178 2065 3231 illo
2094 3181 2361 3249 scriptore
2403 3181 2589 3236 saeculi
2623 3182 2804 3252 quinti
2840 3197 2962 3236 esse
2993 3180 3323 3249 confectam,
3351 3186 3448 3255 qui

1870 3268 2053 3325 Grazca
2078 3271 2212 3326 Acta
2243 3273 2295 3326 in
2321 3272 2573 3328 Latinum
2609 3289 2915 3329 sermonem
2945 3275 3242 3342 transtulit,
3268 3292 3450 3332 exem-

1868 3363 2117 3433 plarique
2151 3380 2253 3420 suo
2300 3366 2542 3436 syllogen
2585 3367 2944 3436 epistolarum
2999 3365 3190 3437 lgnatii
3233 3384 3444 3440 praepo-

1869 3453 2010 3518 suit;
2044 3470 2208 3524 quam
2237 3457 2616 3524 prwcedentem
2647 3458 3005 3526 epistolarum
3046 3458 3289 3529 syllogen
3317 3475 3444 3515 ver-

1866 3545 1952 3600 bis
1988 3547 2096 3601 illis
2131 3547 2480 3615 prccedentes
2525 3547 2733 3602 litteras
2779 3548 3011 3603 indicari
3051 3547 3305 3605 Usserius
3347 3567 3445 3606 su-

1867 3638 2110 3707 spicatus
2162 3648 2265 3694 est.
2298 3638 2402 3694 Sed
2428 3639 2614 3694 Graaca
2653 3658 2666 3694 :
2840 3639 2927 3693 διὰ
2961 3639 3069 3694 τῶν
3103 3641 3442 3712 ἡγουμένων,

1864 3728 2212 3800 γραμμάτων
2256 3729 2594 3801 εὐχαρίστων
2627 3730 3048 3801 ἐκπεμφθέντων
3093 3749 3146 3785 κ.
3184 3750 3233 3786 τ.
3270 3731 3320 3787 λ.
3368 3735 3443 3788 ita

1865 3819 2165 3874 reddantur
2212 3829 2621 3890 oportettutque
2634 3820 2904 3887 Ecclesiis,
2951 3837 3070 3891 quae
3100 3823 3203 3891 ipsi
3233 3839 3326 3892 per
3352 3839 3438 3878 rem

1864 3920 2030 3964 ctores
2077 3912 2462 3984 (ἡγουμένων)
2521 3929 2645 3966 suos
2703 3923 3080 3978 occurrerant,
3153 3917 3442 3970 mercedem

1864 4003 2121 4067 redderet,
2167 4005 2372 4073 gratias
2417 4020 2577 4075 agens
2614 4005 2808 4058 litteris
2837 4003 3222 4078 (γραμμάτων)
3258 4008 3328 4060 ad
3352 4023 3441 4067 eas

1863 4093 2040 4147 missis
2069 4091 2223 4162 (Cod.
2248 4092 2498 4150 Caiensis
2523 4095 2664 4148 male
2693 4111 2706 4147 :
2737 4095 3009 4164 appositas
3036 4096 3106 4149 ad
3142 4098 3332 4167 ipsas).

1931 4183 2067 4238 Cum
2097 4200 2183 4240 res
2213 4186 2286 4238 ita
2313 4201 2372 4240 se
2401 4185 2619 4247 habeat,
2645 4185 2963 4256 objectioni,
2992 4185 3199 4242 Usserii
3231 4189 3438 4244 nullam

1861 4274 1972 4329 vim
2013 4275 2195 4332 inesse
2240 4276 2400 4331 facile
2445 4276 2772 4346 perspicies,
2817 4292 2994 4348 neque
3029 4283 3096 4333 de
3133 4279 3442 4351 integritate

1859 4369 2120 4425 Actorum
2152 4371 2449 4438 dubitabis,
2486 4371 2614 4426 licet
2656 4370 2889 4426 fortasse
2925 4372 3258 4442 paucissima
3291 4391 3442 4443 quae-

247 4465 304 4535 a)
345 4461 688 4518 Postremam
720 4459 982 4515 Actorum
1017 4469 1226 4531 partem
1274 4460 1328 4513 in
1365 4460 1535 4515 altera
1565 4459 1757 4515 Latina
1791 4459 1834 4514 D
1863 4461 2011 4525 dam,
2050 4470 2142 4516 aut
2175 4462 2306 4516 vitio
2343 4462 2690 4517 librariorum
2733 4471 2988 4532 corrupta
3010 4504 3024 4530 ,
3062 4472 3155 4518 aut
3184 4465 3440 4521 manibus

173 4556 435 4611 versione
469 4552 678 4609 codicis
708 4551 1018 4608 Cottoniani
1067 4553 1290 4617 deesse,
1323 4553 1549 4608 minime
1587 4567 1754 4623 nega-

175 4663 324 4714 mus,
361 4647 456 4703 sed
494 4647 644 4702 hunc
678 4647 925 4702 codicem
974 4645 1181 4701 nullius
1225 4645 1569 4700 auctoritatis
1610 4659 1755 4711 esse,

174 4759 240 4796 ex
273 4743 366 4809 iis,
395 4757 521 4810 qua:
555 4756 720 4810 supra
766 4739 794 4812 ς
845 4739 864 4793 l
910 4739 1172 4806 diximus,
1205 4739 1341 4793 satis
1371 4747 1625 4808 apparet;
1671 4739 1757 4794 lu-

175 4851 354 4906 eeque
392 4844 479 4889 est
529 4833 738 4888 clarius
785 4833 1135 4903 interpretem
1184 4831 1374 4897 istum,
1419 4827 1612 4900 lgnatii
1659 4831 1756 4885 ad-

177 4934 342 4979 ventu
388 4923 443 4977 in
467 4921 615 4978 Urbe
653 4931 896 4987 narrato,
943 4939 972 4976 a
1003 4921 1242 4994 genuino
1264 4921 1526 4977 Actorum
1565 4936 1754 4976 exem-

175 5018 312 5087 plari
362 5016 430 5072 ad
472 5013 687 5071 fabulas
743 5015 1151 5084 interpolatoris
1206 5029 1328 5069 sese
1385 5015 1745 5070 convertisse.

241 5196 359 5268 (9|)
401 5193 546 5268 {ide
569 5192 858 5268 infra_not.
883 5193 918 5246 4
939 5193 1008 5249 ad
1032 5207 1082 5249 c.
1111 5191 1146 5246 5
1166 5189 1407 5268 M_a_rtyrii
1447 5189 1506 5247 S.
1530 5190 1645 5263 lgn.

241 5262 359 5337 (92)
409 5264 668 5320 Vindicio:
698 5262 842 5337 Ign.,
867 5273 1025 5336 parte
1047 5279 1109 5332 ιι,
1131 5277 1180 5318 c.
1201 5262 1290 5330 12,
1308 5262 1495 5334 supra.

243 5336 359 5410 (95)
397 5344 684 5405 Ρθειιεοηι,
713 5336 752 5391 l.
783 5350 834 5391 c.

1862 4551 2229 4621 posteriorum
2254 4553 2437 4608 addita
2464 4555 2593 4608 sint.

1935 4644 2000 4700 V.
2041 4646 2175 4700 Acta
2211 4644 2456 4717 Martyrii
2491 4645 2759 4717 S.lgnatii
2799 4643 3124 4716 interpolata
3166 4648 3438 4703 essecqu

1860 4740 2083 4795 circiter
2129 4748 2308 4804 sexto,
2353 4737 2543 4794 Graece
2594 4738 2757 4793 habet
2809 4737 3204 4808 Metaphrastes
3251 4740 3320 4794 ad
3366 4741 3437 4796 20

1862 4829 2016 4897 Dec.,
2050 4839 2104 4885 et
2137 4831 2334 4885 exinde
2365 4829 2559 4885 Latine
2590 4830 2791 4884 Surius
2829 4838 2885 4884 et
2912 4831 3227 4897 Bollandus,
3253 4833 3437 4886 calen—

1858 4922 1944 4977 dis
1995 4920 2194 4988 Febr.;
2253 4923 2440 4978 Graece
2498 4929 2551 4976 et
2577 4921 2770 4978 Latine
2817 4921 2872 4976 in
2925 4921 3161 4978 editione
3205 4921 3434 4976 Patrum

1858 5013 2272 5086 apostolicorum
2299 5014 2623 5070 Cotelerius.

1921 5189 2035 5262 (ἐμ)
2075 5188 2356 5262 ξλιιιηρθιυη
2386 5188 2546 5262 _Hist.
2567 5190 2893 5259 theol.crit.,
2926 5199 2964 5245 t.
2991 5189 3032 5258 l,
3070 5205 3124 5262 p.
3157 5191 3284 5248 453.

1923 5257 2038 5330 (95)
2079 5257 2359 5330 [διαιρεῖ-θ
2386 5260 2424 5313 l.
2451 5275 2500 5315 c.

1923 5327 2036 5401 (96)
2080 5327 2368 5386 Vide’not.
2397 5330 2466 5387 ad
2495 5343 2544 5386 c.
2574 5329 2604 5382 7
2637 5328 2861 5403 Martyr.
2895 5328 3074 5402 lgnat.
