3852 6210
189 328 300 384 αὖ
1393 323 1497 378 EPl
1508 321 1727 378 S'I‘OLA

1898 319 2252 376 EPllESIOS.
3343 323 3378 378 6
3391 323 3449 378 113

191 455 327 523 ευχῇ
368 451 522 522 ὑμῶν
555 452 829 522 ἐπιτυχεῖν
872 453 930 503 ὲν
981 449 1166 520 Ῥώμῃ
1197 447 1598 519 θηριομαχῆσαι
1622 486 1634 507 ,
1687 445 1760 496 ἵνα

1875 441 1997 514 stis]
2046 458 2131 497 me
2177 450 2490 511 Speranlem
2513 481 2526 505 ,
2558 440 2703 511 quod
2737 441 2932 496 vestris
2971 439 3226 510 precibus
3254 456 3451 497 conse-

187 543 404 605 διὰτοῦ
449 544 746 614 μαρτυρίου
784 544 1060 611 ἐπιτυχεῖν
1111 539 1322 610 δυνηθῶ
1357 538 1599 608 μαθητὴς
1633 532 1771 589 εἶναι

187 635 285 688 τοῦ
319 635 431 705 (15)
467 637 604 707 ὑπὲρ
637 634 794 706 ἡμῶν
828 634 1021 687 ἑαυτὸν
1056 632 1441 701 ἀνενεγκόντος
1467 630 1585 700 Θεῷ
1608 646 1774 701 προσ-

189 730 367 801 φορὰν
411 730 504 782 καὶ
537 728 744 781 Θυσίαν.
787 727 900 797 (14)
944 728 1094 779 Ἐπεὶ
1130 722 1222 780 οὖν
1259 723 1356 796 τὴν
1403 722 1774 793 πολυπληθίαν

187 820 350 890 ὑμῶν
400 824 458 874 ὲν
510 820 735 891 ὀνόματι
782 819 917 872 Θεοῦ
951 819 1230 886 ἀπείληφα
1270 817 1329 869 ἐν
1372 814 1664 886 Ὀνησίμῳ,
1695 811 1772 882 τῷ

189 914 252 964 ὲν
272 912 465 983 ἀγάπῃ
497 910 793 982 ἀδιηγήτῳ,
829 908 982 980 ὑμῶν
1023 909 1081 961 δὲ
1114 911 1172 961 ὲν
1207 907 1319 978 (15)
1354 905 1519 977 σαρκὶ
1547 901 1768 956 ἐπισκό-

190 1019 302 1073 πῳ·
337 1003 396 1056 ὃν
426 1001 654 1072 εὔχομαι
684 1003 823 1056 κατὰ
857 1000 1062 1073 Ἰησοῦν
1091 999 1325 1070 Χριστὸν
1355 998 1498 1067 ὑμᾶς
1525 994 1768 1064 ἀγαπᾷν,

189 1094 287 1146 καὶ
308 1095 516 1156 πάντας
543 1094 685 1164 ὑμᾶς
708 1092 855 1162 αὑτῷ
888 1094 944 1144 ἐν
975 1091 1249 1162 ὁμοιότητι
1282 1083 1440 1141 εἶναι.
1468 1085 1769 1156 Εὐλογητὸς

186 1185 300 1253 γὰρ
337 1185 366 1236 ὁ
397 1185 758 1256 χαρισάμενος
783 1183 912 1252 ὑμῖν
943 1181 1116 1248 ἀξίοις
1142 1175 1262 1233 οὖσι
1289 1177 1527 1232 τοιοῦτον
1557 1175 1771 1229 ἐπίσκο-

185 1291 292 1326 πον
320 1275 640 1345 κεκτῆσθαι.

1873 551 2033 602 quar,
2071 545 2128 588 ut
2172 534 2357 588 Romae
2408 535 2671 590 adversus
2721 535 2923 589 bestias
2968 549 3228 604 pugnem,
3267 545 3324 588 ut
3354 551 3450 604 per

1875 626 2196 696 martyrium
2246 626 2472 695 adipisci
2521 628 2724 696 possim
2769 626 3072 695 discipulus
3140 641 3263 682 esse
3305 627 3451 683 illius

1877 717 1969 786 qui
2012 733 2071 771 se
2118 717 2294 786 ipsum
2329 733 2428 788 pro
2461 720 2618 774 nobis
2645 720 2844 774 obtulit
2886 719 2994 774 Deo
3035 719 3366 774 oblationem
3397 728 3453 772 et

1878 809 2132 864 hostiam.
2170 808 2396 880 Suscepi
2427 826 2558 882 ergo
2580 812 2634 865 in
2671 812 2891 867 nomine
2923 812 3018 866 Dei
3044 813 3448 867 multitudinem

1874 911 2108 954 vestram
2152 901 2205 954 in
2236 901 2515 968 Onesimo,
2550 903 2938 959 inenarrabilis
2985 903 3272 958 charitatis
3305 904 3447 969 viro,

1875 1001 2056 1047 vestro
2088 1001 2268 1047 autem
2294 993 2347 1047 in
2375 1010 2540 1049 carne
2571 997 2862 1065 episcopo;
2890 1011 3051 1066 quem
3080 996 3234 1066 juxta
3259 995 3446 1052 Jesum

1873 1083 2151 1139 Christum
2183 1101 2213 1138 a
2247 1084 2403 1139 vobis
2429 1087 2624 1153 amari,
2655 1088 2856 1158 cuique
2879 1088 3087 1144 similes
3126 1103 3222 1143 vos
3253 1104 3447 1144 omnes

1874 1173 1991 1228 ﬁeri
2023 1182 2173 1244 0pto.
2206 1173 2530 1231 Benedictus
2563 1178 2732 1244 enim,
2765 1180 2859 1249 qui
2887 1181 3062 1249 gratia
3104 1196 3203 1236 sua
3243 1197 3340 1236 vos
3368 1191 3451 1237 ta-

1872 1264 1978 1320 lem
2007 1266 2321 1335 episcopum
2351 1267 2633 1336 possidere
2668 1269 2920 1338 dignatus
2955 1280 3058 1326 est.

417 1391 482 1446 ll.
519 1391 660 1446 Laus
691 1393 1011 1462 reliquorum
1040 1391 1354 1463 legatorum.
1389 1387 1713 1442 Exhortatio
1749 1385 1818 1438 ad
1851 1384 2204 1439 obedientiam
2232 1401 2357 1456 erga
2384 1387 2682 1456 episcopum
2722 1399 2770 1442 et
2804 1391 3209 1460 presbyterium.

261 1512 374 1582 (16)
405 1514 538 1585 Περὶ
567 1513 621 1566 δὲ
652 1511 744 1565 τοῦ
781 1512 1063 1566 συνδούλου
1107 1529 1206 1583 μου
1240 1510 1503 1582 Βούρρου,
1535 1507 1627 1562 τοῦ
1666 1524 1767 1561 κα-

179 1605 255 1657 τά
285 1603 422 1657 Θεὸν
465 1605 710 1658 διακόνου
743 1604 896 1675 ὑμῶν
943 1606 1001 1656 έν
1049 1606 1216 1656 πᾶσιν
1262 1603 1644 1672 εὐλογημένου,
1679 1599 1768 1652 εὕ-

1946 1505 2020 1560 De
2048 1520 2313 1560 conservo
2338 1515 2516 1561 autem
2549 1521 2672 1562 meo
2697 1507 2932 1573 Burrho,
2952 1511 3251 1566 secundum
3276 1510 3446 1566 Deum

1873 1597 2105 1652 diacono
2129 1607 2333 1662 vestro,
2365 1599 2416 1652 in
2440 1599 2698 1655 omnibus
2739 1601 3046 1666 benedicta,
3079 1618 3201 1671 oro,
3227 1612 3446 1658 utsem-

178 1713 356 1766 χομαι
410 1697 742 1768 παραμεῖναι
783 1695 944 1748 αὑτὸν
992 1696 1074 1757 εἰς
1128 1693 1292 1764 τιμὴν
1345 1692 1497 1763 ὑμῶν
1543 1692 1636 1745 καὶ
1673 1691 1760 1744 τοῦ

1873 1703 1970 1757 per
1991 1689 2146 1743 vobis
2171 1698 2226 1743 et
2258 1691 2516 1759 episcopo
2550 1690 2622 1744 sit
2667 1691 2884 1744 honori.
2927 1691 3033 1745 Sed
3059 1703 3110 1746 et
3135 1692 3364 1759 Crocns,
3391 1702 3448 1747 et

178 1787 510 1840 ἐπισκόπου.
550 1786 660 1838 Καὶ
691 1786 904 1857 Κρόκος
938 1784 1015 1847 δὲ,
1051 1785 1080 1836 ὁ
1111 1783 1248 1836 Θεοῦ
1282 1781 1431 1846 ἄξιος
1461 1782 1555 1835 καὶ
1589 1780 1764 1852 ὑμῶν,

173 1878 246 1931 ὃν
274 1877 636 1950 ὲξεμπλάριον
670 1877 768 1947 τῆς
788 1877 880 1945 ἀφ’
915 1874 1068 1946 ὑμῶν
1101 1875 1318 1945 ἀγάπης,
1345 1873 1636 1938 ἀπέλαϐον,
1669 1891 1767 1926 κα-

174 1967 254 2021 τὰ
288 1968 468 2021 πάντα
510 1985 575 2038 με
611 1966 722 2034 (17)
755 1965 1174 2029 ἀνέπαυσεν,ὡς
1206 1965 1300 2018 καὶ
1331 1964 1494 2018 αὑτὸν
1521 1965 1551 2016 ὁ
1579 1963 1764 2038 Πατὴρ

190 2058 376 2129 Ἰησοῦ
421 2057 659 2130 Χριστοῦ
709 2057 822 2128 (18)
866 2056 1160 2127 ἀναψῦξαι,
1209 2057 1326 2128 ἅμα
1367 2055 1639 2127 Ὀνησίμῳ
1672 2057 1766 2109 καὶ

175 2151 413 2223 Βούῤῥῳ
462 2150 557 2204 καὶ
605 2149 803 2221 Εὕπλῳ
843 2151 937 2205 καὶ
984 2150 1274 2220 Φρόντωνι,
1325 2149 1392 2202 δι’
1430 2147 1505 2203 ὧν
1558 2151 1764 2214 πάντας

172 2245 330 2314 ὑμᾶς
370 2244 511 2296 κατά
553 2242 773 2312 ἀγάπην
807 2237 963 2294 εἶδον.
1009 2241 1121 2310 (19)
1177 2241 1437 2312 Ὀναίμην
1485 2241 1640 2312 ὑμῶν
1679 2242 1768 2297 διὰ

172 2335 411 2398 παντὸς,
437 2335 637 2406 ἐάνπερ
661 2334 809 2398 ἄξιος
841 2327 905 2386 ὦ.
934 2332 1151 2405 Πρέπον
1180 2328 1272 2385 οὖν
1301 2335 1438 2397 ἐστι,
1475 2333 1616 2386 κατά
1641 2333 1771 2386 πάν-

169 2450 249 2484 τα
280 2431 484 2503 τρόπον
515 2427 756 2496 δοξάζειν
811 2426 1015 2498 Ἰησοῦν
1057 2426 1290 2500 Χριστὸν
1335 2426 1428 2478 τὸν
1468 2426 1768 2490 δοξάσαντα

171 2525 350 2593 ὑμᾶς,
381 2524 467 2576 ἵνα
491 2525 548 2576 ὲν
574 2522 670 2592 μιᾷ
690 2522 934 2589 ὑποταγῇ
959 2515 1058 2589 ἦτε
1081 2519 1502 2591 κατηρτισμένοι
1527 2517 1664 2589 [(εο)
1689 2518 1766 2590 τῷ

169 2614 337 2685 αὐτῷ
385 2613 466 2666 νοῒ
503 2615 596 2666 καὶ
634 2615 699 2683 τῇ
733 2613 870 2682 αὐτῇ
903 2610 1127 2684 γνώμῃ,
1179 2609 1272 2664 καὶ
1318 2610 1378 2663 τὸ
1409 2611 1542 2664 αὐτὸ
1569 2611 1767 2683 λέγητε

169 2708 388 2768 πάντες
429 2704 558 2776 περὶ
593 2702 686 2756 τοῦ
724 2701 934 2774 αὐτοῦ),
965 2701 1050 2754 ἵνα
1082 2699 1192 2770 (⁵2.1)
1234 2701 1662 2770 ὑποτασσόμενοι
1689 2699 1768 2772 τῷ

170 2798 472 2870 ἓπισκόπῳ
499 2797 592 2851 καὶ
612 2796 688 2868 τῷ
710 2794 1087 2868 πρεσϐυτερίῳ
1116 2793 1254 2848 κατὰ
1278 2794 1454 2848 πάντα
1479 2788 1577 2865 ἦτε
1610 2795 1767 2865 ήγια.

172 2889 395 2961 σμένος.

1871 1777 1978 1832 Deo
2011 1787 2065 1834 et
2089 1779 2246 1833 vobis
2275 1779 2497 1849 dignus,
2535 1795 2697 1860 quem
2727 1781 3006 1851 exemplar
3036 1795 3231 1838 vestra:
3261 1783 3447 1838 chari-

1865 1873 1997 1927 tatis
2029 1873 2233 1942 accepi,
2277 1888 2375 1943 per
2412 1873 2592 1927 omnia
2633 1889 2720 1929 me
2764 1875 3054 1941 recreavit,
3083 1877 3360 1945 quomodo
3389 1886 3446 1931 et

1867 1964 2044 2034 ipsum
2070 1963 2355 2034 refrigeret
2375 1963 2536 2019 Pater
2559 1964 2685 2020 Jesu
2727 1965 2955 2034 Christi,
2999 1984 3106 2022 una
3147 1984 3269 2022 cum
3302 1967 3446 2024 One-

1867 2057 2009 2110 simo
2032 2066 2085 2110 et
2107 2055 2322 2111 Burrho
2354 2067 2406 2110 et
2438 2056 2613 2126 Euplo
2637 2067 2691 2114 et
2712 2057 2988 2114 Frontone
3009 2099 3025 2123 ,
3058 2074 3154 2129 per
3178 2075 3316 2130 quos
3344 2076 3443 2116 vos

1867 2160 2061 2200 omnes
2089 2146 2268 2215 quoad
2294 2147 2618 2201 charitatem
2650 2148 2782 2202 vidi.
2812 2148 3147 2206 Fruarvohsi
3167 2160 3441 2221 perpetuo,

1865 2235 1910 2290 si
1942 2234 2142 2305 dignus
2193 2237 2369 2291 fuero.
2424 2235 2589 2291 Decet
2619 2237 2804 2308 itaque
2833 2255 2933 2294 vos
2961 2241 3220 2295 omnibus
3266 2242 3442 2296 modis

1862 2328 2168 2398 glorilicare
2196 2327 2383 2384 Jesum
2431 2330 2732 2397 Christum,
2762 2332 2857 2401 qui
2890 2332 3212 2402 gloriticavit
3241 2348 3360 2396 vos,
3386 2343 3445 2388 ut

1861 2421 1916 2474 in
1953 2421 2262 2476 ohedientia
2295 2438 2402 2476 una
2436 2423 2559 2478 sitis
2605 2423 2830 2493 perfecti
2880 2422 3094 2494 [eadem
3137 2435 3318 2479 mente
3343 2441 3438 2478 ea-

1862 2510 2096 2582 demque
2149 2512 2444 2577 sententia,
2485 2513 2736 2583 idemque
2772 2513 2970 2568 dicatis
3003 2514 3070 2568 de
3095 2515 3285 2569 eodem
3315 2530 3439 2569 om-

1861 2600 2010 2673 nes],
2050 2611 2110 2656 ut
2156 2602 2388 2672 subjecti
2424 2603 2681 2674 episcopo
2723 2613 2776 2659 et
2815 2604 3154 2676 presbyterio
3201 2622 3296 2678 per
3323 2622 3443 2663 om-

1870 2693 1963 2748 nia
1987 2693 2310 2749 sanctiﬁcati
2336 2693 2480 2750 sitis.

737 2980 825 3037 111.
868 2980 991 3036 Sine
1022 2983 1164 3036 omni
1191 2980 1437 3051 superbia
1463 3011 1534 3020 —
1569 2997 1746 3036 amore
1780 2981 1973 3038 ductus
1993 3015 2066 3025 —
2091 3001 2178 3039 vos
2207 2984 2464 3039 adhortor
2493 2985 2563 3040 ad
2591 2986 2868 3041 unitatem.

256 3100 373 3171 (22)
397 3099 473 3155 Οὐ
501 3100 862 3174 διατάσσομαι
896 3102 1044 3173 ὑμῖν,
1081 3102 1157 3165 ὼς
1186 3101 1260 3156 ὢν
1296 3101 1398 3166 τίς.
1439 3102 1503 3156 El
1531 3102 1639 3174 γὰρ
1668 3103 1760 3156 καὶ

1916 3104 2052 3161 .Non
2079 3106 2337 3177 praecipio
2364 3106 2539 3174 vobis,
2568 3107 2728 3178 quasi
2773 3108 2878 3164 sim
2913 3108 3136 3179 aliquis.
3175 3108 3441 3177 Quamvrs

1532 3221 1715 3282 Vetus
1743 3221 2084 3300 interpres.

169 3348 408 3418 ligatum
439 3363 466 3401 a
498 3345 654 3420 Syria
681 3363 782 3418 pro
820 3349 1096 3420 communi
1131 3350 1350 3404 nomine
1374 3358 1430 3404 et
1457 3364 1572 3420 spe,
1609 3358 1919 3420 sperantem
1961 3349 2208 3420 oratione
2233 3357 2410 3404 vestra
2440 3349 2624 3418 potiri,
2649 3349 2703 3403 in
2744 3347 2919 3403 Roma
2955 3363 3079 3403 cum
3116 3348 3308 3404 bestiis
3335 3365 3427 3420 pu-

170 3434 372 3488 gnare,
406 3427 468 3471 ut
502 3419 666 3488 potiri
708 3419 912 3488 possim
949 3420 1255 3488 discipulus
1291 3435 1432 3484 esse,
1485 3419 1668 3475 videre
1707 3419 2022 3476 festinastis.
2070 3419 2368 3474 Plurimam
2433 3421 2578 3474 enim
2631 3420 3037 3473 multitudinem
3089 3428 3325 3473 vestram
3381 3421 3435 3474 in

170 3489 404 3542 nomine
446 3488 539 3542 Dei
584 3489 796 3557 suscepi
837 3490 898 3559 in
955 3488 1235 3550 Onesimo,
1279 3491 1371 3559 qui
1406 3491 1458 3544 in
1509 3491 1776 3545 charitate
1803 3491 2185 3545 inenarrabilis
2213 3498 2317 3552 est,
2361 3499 2540 3545 vester
2574 3499 2754 3543 autem
2805 3491 2858 3543 in
2900 3503 3068 3543 carne
3095 3489 3384 3559 episcOpus
3422 3508 3436 3544 ;

168 3574 342 3626 quem
373 3573 472 3610 oro
499 3559 796 3629 secundum
828 3558 1013 3613 Jesum
1055 3558 1332 3613 Christum
1367 3575 1462 3615 vos
1521 3561 1766 3629 diligere,
1802 3569 1857 3615 et
1885 3575 2077 3615 omnes
2123 3575 2220 3613 vos
2259 3560 2361 3628 ipsi
2402 3561 2457 3614 in
2509 3559 2871 3616 similitudine
2912 3573 3056 3617 esse.

3172 3559 3440 3614 :nedictus

168 3629 328 3683 enim
357 3629 452 3698 qui
483 3628 672 3683 tribuit
703 3629 857 3684 vobis
896 3629 1074 3700 dignis
1101 3629 1491 3686 exsistentibus
1526 3628 1687 3685 talem
1710 3631 2027 3700 episcopum
2058 3630 2362 3700 possidere.

1649 3748 1878 3805 CAPUT
1917 3748 1982 3802 11.

251 3841 330 3897 De
357 3857 621 3897 conservo
647 3851 827 3898 autem
866 3859 987 3900 meo
1007 3843 1206 3910 Burro,
1248 3844 1549 3914 secundum
1579 3844 1749 3900 Deum
1782 3843 2015 3900 diacono
2045 3853 2234 3900 nostro
2267 3843 2321 3898 in
2347 3843 2604 3899 omnibus
2629 3843 2950 3911 benedicta;
2981 3858 3080 3899 oro
3115 3858 3436 3914 permanere

171 3912 364 3985 ipsum
389 3915 441 3985 in
480 3915 741 3985 honorem
769 3915 934 3969 vestri
965 3925 1018 3970 et
1047 3915 1310 3984 episcopi.
1338 3913 1442 3969 Sed
1473 3924 1528 3969 et
1551 3916 1783 3979 Crocus,
1824 3915 1934 3969 Deo
1961 3915 2156 3985 dignus
2194 3923 2250 3968 et
2285 3914 2456 3977 vobis,
2485 3930 2645 3985 quem
2680 3915 3075 3985 exemplarium
3109 3912 3231 3984 ejus
3257 3930 3379 3984 quae
3403 3930 3434 3967 a

169 3983 336 4036 vobis
356 3983 652 4055 Acharitatis
689 3985 928 4055 suscepi,
977 3983 1276 4040 secundum
1316 3985 1498 4055 omnia
1538 4000 1625 4039 me
1656 3986 1941 4055 quiescere
1978 3983 2124 4049 fecit,
2167 3993 2227 4038 ut
2253 3990 2306 4038 et
2341 3983 2520 4055 ipsum
2557 3983 2718 4038 Pater
2741 3983 2870 4039 Jesu
2898 3985 3103 4039 Christi
3137 3983 3438 4055 refrigeret,

170 4069 302 4125 cum
345 4050 626 4115 Onesimo,
653 4062 709 4125 et
746 4050 985 4117 Burrho,
1018 4065 1073 4109 et
1105 4054 1301 4125 Euplo,
1336 4063 1391 4109 et
1420 4050 1721 4125 Frontone;
1775 4071 1866 4124 per
1898 4070 2040 4124 quos
2071 4070 2170 4110 vos
2199 4050 2390 4109 omnes
2427 4057 2729 4108 secundum
2760 4055 3077 4109 charitatem
3107 4055 3238 4109 vidi.
3258 4053 3439 4125 _Fruar

172 4123 338 4195 vobis
373 4138 624 4192 semper;
655 4124 701 4195 si
737 4124 954 4194 quidem
987 4123 1493 4195 dignusfexsistam.
1531 4124 1734 4180 Decens
1758 4123 1929 4194 igitur
1956 4136 2038 4195 est
2069 4125 2367 4180 secundum
2399 4140 2614 4195 omnem
2654 4125 2890 4195 modum,
2916 4125 3219 4194 glorificare
3249 4123 3437 4178 Jesum

169 4191 610 4266 Christunuqui
636 4191 958 4266 glorilicavit
983 4191 1081 4251 vos
1116 4213 1130 4250 :
1164 4205 1223 4250 ut
1263 4196 1315 4249 in
1348 4211 1455 4251 una
1484 4191 1822 4266 subjection'e
1852 4193 2094 4264 perfecti,
2122 4195 2351 4265 subjecti
2379 4194 2639 4264 episcopo
2671 4203 2727 4249 et
2755 4191 3110 4266 presbyterio,
3137 4195 3437 4250 secundum

1630 4333 1860 4389 CAPUT
1898 4333 1985 4389 111.

247 4423 367 4480 Non
397 4425 630 4495 dispono
652 4426 827 4493 vobis,
863 4436 922 4482 ut
951 4428 1219 4484 exsistens
1248 4429 1468 4500 aliquis.
1503 4428 1561 4484 Si
1594 4431 1741 4484 enim
1767 4440 1822 4487 ct
1851 4431 1991 4502 ligor
2021 4431 2075 4485 in
2114 4429 2336 4485 nomine
2363 4428 2588 4496 Christi,
2619 4443 2965 4499 nequaquam
3010 4427 3284 4498 perfectus
3313 4444 3436 4483 smn

169 4264 365 4317 omnia
391 4264 513 4318 sitis
539 4264 890 4318 sanctilicati.

247 4577 365 4665 (15)
387 4577 729 4665 .Syrus'legi‘t
752 4580 847 4665 τοῦ
881 4581 1040 4665 Θεοῦ,
1075 4583 1418 4665 omnria~qiue
1449 4593 1753 4665 sequunth

1885 4583 2044 4665 ,(18)
2064 4583 2154 4665 ΔΙιιι
2185 4600 2313 4644 ms..
2337 4599 2519 4665 Reque
2541 4583 2853 4665 aliter-'legit
2878 4593 2980 4665 vet.
3014 4583 3139 4646 int.,
3158 4583 3295 4665 _dum
3319 4599 3440 4665 igr-

175 4649 347 4771 (ὑπξρ
377 4650 535 4729 ημῶν
566 4651 755 4705 ἑαυτὸν
787 4653 1166 4720 ἀνενεγκόντος
1187 4649 1642 4727 Θεῷ-προσφορὰν
1658 4655 1752 4709 καὶ

211 4729 397 4771 octavi
429 4731 708 4771 omlttens.

211 4719 397 4789 υσίαν)
429 4721 708 4789 omittens.

217 4787 559 4894 τμιιγῈπεὶ
591 4787 683 4844 οὖν
733 4799 817 4846 est
859 4793 980 4846 sine
1024 4791 1269 4860 apodosi.
1323 4791 1422 4848 Ms.
1474 4793 1753 4866 πολυπλη-

216 4876 323 4910 ιαν.

216 4877 323 4910 ιαν.

178 4877 364 5001 p(15)
393 4927 441 5001 1.
466 4944 514 5001 e.
545 4929 816 5001 episcopus
843 4929 1090 5001 visibilis,
1120 4931 1292 4986 vicem
1324 4947 1518 5001 gerens
1548 4933 1751 5001 episco-

176 4999 245 5072 pi_
259 4999 569 5072 invisibilis,
601 5000 820 5072 Christi.
858 4999 972 5054 Ct‘r.
1014 5001 1210 5072 Bothe
1233 4999 1493 5072 Anfdnge,
1529 4999 1660 5068 etc.,
1693 5019 1748 5072 p.

175 5067 304 5141 476.
336 5067 508 5141 Syrus
529 5070 690 5124 verba
722 5072 781 5123 ἐν
815 5075 977 5141 σαρκί
1006 5071 1258 5141 neglexit.

249 5138 598 5207 (ltiy'l‘otum
639 5152 802 5209 caput
843 5138 1143 5195 secundum
1198 5141 1351 5195 deest
1399 5140 1453 5194 in
1502 5141 1751 5195 versione

180 5207 441 5280 Syriaca;
479 5209 600 5280 pius
628 5207 772 5280 enim
822 5211 911 5264 ille
940 5213 1269 5270 monachus,
1305 5211 1398 5280 qui
1443 5212 1748 5266 versionem

180 5278 465 5360 Syriacam
494 5279 814 5359 elaboravit,
841 5281 1023 5360 omnia
1046 5278 1334 5360 .omisisse
1358 5281 1598 5360 videtur,
1628 5297 1751 5350 quae

178 5349 280 5418 ipsi
325 5359 381 5403 et
414 5349 536 5404 usui
579 5364 681 5403 suo
722 5351 946 5402 ascetico
987 5351 1168 5404 minus
1214 5366 1453 5419 congrua
1500 5349 1751 5407 minusve

179 5420 492 5475 necessaria
525 5420 768 5488 putabat.
815 5419 1172 5476 Paraeneticos
1216 5436 1341 5474 vero
1393 5422 1747 5489 epistolarum

180 5489 592 5560 lgnatianarum
616 5491 769 5544 locos
798 5505 1097 5559 omnesque
1123 5491 1188 5544 ad
1218 5491 1398 5560 vitam,
1419 5493 1554 5545 bene
1592 5491 1742 5544 insti-

180 5559 437 5615 tuendam
467 5560 876 5615 exhortationes
897 5561 1088 5615 sedulo
1121 5561 1355 5624 collegit.
1384 5559 1650 5615 Praeterea
1679 5561 1746 5614 ad

184 5633 284 5752 hinc
308 5632 740 5754 capg‘t)tl:onferas
767 5630 964 5697 Bothe,
997 5631 1238 5701 Anftinge
1265 5632 1359 5685 der
1385 5630 1592 5686 christl.
1626 5628 1750 5684 Κῖν-

184 5717 292 5754 cie.
332 5718 383 5754 ιι.
453 5739 464 5753 .
527 5741 539 5754 .

182 5704 292 5762 die,
332 5718 383 5762 p.
415 5704 539 5755 491.

349 5719 383 5752 ι.
452 5718 483 5753 :r
527 5741 539 5755 .

314 5718 364 5843 ί)
397 5718 510 5827 έυί
536 5771 791 5838 Paulina;
826 5772 842 5824 1
872 5772 996 5827 Cor.
1027 5788 1136 5840 xu,
1169 5773 1254 5838 IS,
1279 5783 1380 5827 etc.
1418 5770 1532 5827 Jac.

1863 4652 1948 4724 lit,
1994 4656 2281 4724 refrigeret.
2334 4652 2473 4708 Editi
2505 4673 2518 4708 :
2555 4652 2834 4724 ἀναψύξει.
2893 4653 3089 4724 ΡΕΑιιε.
3147 4652 3265 4708 Jac.
3315 4652 3436 4710 Cir.

1857 4722 1901 4846 111
1938 4722 2079 4780 Tim.
2115 4722 2152 4788 ι,
2181 4725 2245 4778 16
2273 4741 2286 4778 :
2317 4724 2576 4788 πολλάκις
2613 4722 2680 4794 με
2713 4722 2964 4792 aves/uas,
2998 4733 3052 4778 et
3077 4724 3198 4778 Act.
3237 4739 3318 4790 ιιι,
3347 4723 3433 4780 19.

1890 4809 1977 4846 ac.

1890 4809 1977 4848 AC.

1933 4864 2046 4932 (19)
2081 4862 2310 4918 Phrasin
2339 4863 2480 4918 hanc
2505 4863 2887 4932 apostolicam,
2917 4877 2947 4917 e
2980 4861 3039 4916 S.
3063 4861 3215 4915 Pauli
3244 4861 3341 4931 Ep.
3367 4862 3433 4916 ad

1858 4933 2090 5056 ἷηιίιυιιι.
2115 4942 2224 5057 ,Jut
2258 4934 2502 4999 videtur,
2550 4935 2925 5002 desumptam,
2969 4933 3169 5002 saepius
3207 4941 3438 5002 usurpat

1884 5013 2121 5057 :znatnus.
2183 5019 2267 5057 ac.

1923 5013 2121 5057 natius.
2150 5013 2267 5057 JAC.

1884 5021 2121 5074 gnanus.
2150 5021 2267 5057 ne.

1930 5072 2044 5138 (‘20)
2073 5073 2197 5128 Hzec
2221 5073 2453 5134 inclusa,
2481 5087 2510 5126 a
2544 5080 2648 5126 vet.
2682 5070 2781 5124 int.
2811 5086 2919 5124 non
2954 5071 3156 5140 agnita,
3188 5070 3330 5125 male
3353 5070 3437 5124 in-

1849 5153 1993 5198 serta
2023 5152 2238 5198 suntex
2270 5142 2435 5196 lCor.
2465 5157 2501 5206 ι,
2540 5142 2624 5195 10.
2652 5140 2850 5196 Ριςιιιε.
2872 5141 3041 5195 GALL.

1922 5213 2035 5282 (21)
2064 5212 2138 5282 lta
2175 5213 2341 5275 Gal|.,
2379 5213 2553 5282 Bothe
2585 5220 2636 5265 et
2675 5212 2787 5282 alii.
2826 5211 2926 5265 Ms.
2958 5209 3402 5279 ὲπιτασσόμενοι.

1918 5281 2031 5353 (22)
2061 5281 2100 5334 E
2125 5285 2300 5350 capite
2324 5285 2494 5353 tertio
2517 5281 2690 5353 Syrus
2718 5281 2792 5353 nil
2825 5282 2929 5334 nisi
2965 5282 3183 5335 unicam
3221 5286 3434 5353 sentent-

1849 5349 2348 5422 ιίιιιιι,⁷⁹Λλλ’“επεὶ
2390 5353 2422 5422 ἡ
2477 5349 2665 5422 ἀγάπη
2708 5352 2806 5404 οὐκ
2839 5353 3018 5422 ὲᾷλμε
3065 5349 3436 5422 σιωπᾷν-περὶ

1849 5421 2022 5492 ὑμῶν,
2053 5422 2142 5476 διά
2173 5421 2332 5475 τοῦτο
2365 5419 2674 5493 προέλαϐον-
2698 5419 3038 5493 παρακαλεῖν
3079 5419 3258 5489 ὑμᾶς,
3285 5419 3437 5481 ὅπως

1853 5489 2180 5563 συντρέχητε
2229 5495 2297 5563 τῇ
2348 5489 2541 5563 γνώμῃ
2581 5489 2675 5543 τοῦ
2710 5489 2846 5563 Θεοῦ
2895 5491 2949 5563 in
2977 5506 3122 5563 usus
3141 5505 3271 5543 suos
3297 5503 3434 5563 con-

1854 5558 2029 5632 vertit,
2050 5558 2296 5632 eamque
2319 5558 2442 5616 cum
2469 5558 2579 5614 ‘liiie
2604 5561 2799 5632 capitis
2830 5561 2990 5629 primi
3021 5560 3160 5632 male
3196 5558 3432 5632 coitiun-

1854 5633 1949 5685 xit.
1983 5631 2148 5686 Multo
2171 5629 2350 5702 aptius
2380 5641 2492 5686 tunc
2518 5631 2785 5685 sententia
2815 5647 2938 5684 cum
2967 5630 3148 5702 verbis
3184 5629 3434 5702 proxime

1849 5718 1971 5758 eam
2003 5698 2448 5759 antecedentibus
2495 5702 2602 5771 (vos
2644 5711 2984 5772 praeceptores
3031 5700 3130 5755 mei
3159 5698 3310 5770 estis)
3342 5712 3432 5752 co-

1853 5774 2040 5828 hatrct.
