3852 6210
479 281 576 335 651

1469 279 1714 335 SANCTI
1753 279 2008 337 IGNATII
2044 281 2401 338 EPISTULA-3
2437 280 2783 337 GENUINIE.

3609 272 3706 328 652

479 416 587 454 non
631 397 828 465 factus,
879 399 934 453 in
979 399 1198 454 homine
1237 400 1509 456 exsistens
1547 401 1724 467 Deus,
1769 402 1824 457 in
1874 412 2047 458 morte

2168 420 2327 474 νητος,
2365 404 2423 454 ὲν
2454 402 2618 474 σαρκὶ
2638 403 2927 472 γενόμενος
2951 398 3105 462 Θεὸς,
3136 397 3195 450 ὲν
3363 375 3579 460 θανάτῳ
3601 388 3702 458 ζωὴ

480 496 586 548 vita
619 510 768 559 vera,
793 502 849 548 et
877 509 942 548 ex
993 493 1162 548 Maria
1193 503 1247 548 et
1291 508 1358 548 ex
1407 493 1537 558 Deo,
1576 495 1814 564 primum
1863 495 2042 564 passi—

2144 491 2391 564 ἀληθινὴ,
2427 491 2519 544 καὶ
2552 494 2617 545 ὲκ
2642 491 2860 561 Μαρίας
2882 490 2973 543 καὶ
3005 491 3070 541 ὲκ
3093 485 3252 548 Θεοῦ,
3292 483 3508 554 πρῶτον
3537 479 3705 548 non.

479 587 605 641 bilis
631 595 686 640 et
716 594 846 641 tunc
877 586 1250 656 impassibilis,
1273 584 1434 642 Jesus
1461 587 1746 653 Christus,
1774 586 2040 642 Dominus

2168 584 2235 648 πδς
2277 584 2370 636 καὶ
2419 583 2543 636 τότε
2577 583 2688 655 (51)
2733 581 2970 652 ἀπαθὴς,
3006 578 3119 652 (52)
3154 574 3360 648 Ἰησοῦς
3402 572 3655 644 Χριστὸς,
3682 572 3708 626 ὁ

480 688 681 734 uoster.

2145 675 2347 748 Κύριος
2381 676 2415 746 ἡ
2423 675 2558 746 μῶν.

1089 813 1222 869 VIII.
1268 814 1348 869 Ne
1381 817 1728 871 seducamini.
1773 815 1873 870 Vos
1898 817 2024 871 estis
2053 818 2229 888 magni
2258 827 2306 870 et
2335 815 2664 886 spirituales,
2695 830 2787 884 ego
2811 813 3079 866 minimus.

551 930 630 987 Ne
652 932 776 1002 quis
808 933 973 1008 igitur
997 949 1094 988 vos
1118 934 1362 1002 seducat,
1390 936 1531 990 sicut
1561 952 1663 992 nec
1686 937 2044 1004 seducimini;

481 1025 579 1078 toti
611 1041 847 1096 namque
880 1026 1014 1081 estis
1055 1025 1167 1080 Dei.
1189 1027 1326 1081 Cum
1361 1028 1506 1082 enim
1552 1029 1700 1083 nulla
1740 1029 1832 1084 lite
1869 1029 2050 1099 impli-

481 1117 703 1177 cemini,
723 1133 844 1186 qum
871 1132 969 1171 vos
997 1117 1334 1173 discruciare
1362 1119 1554 1188 possit,
1579 1118 1824 1189 profecto
1850 1134 2050 1176 secun-

480 1209 612 1262 dum
660 1207 830 1262 Deum
856 1209 1060 1264 vivitis.
1111 1209 1537 1280 Purgamentum
1570 1211 1737 1266 vestri
1782 1226 1943 1280 sum,
1998 1220 2054 1267 et

482 1300 801 1354 lustrandus
852 1315 883 1353 a
929 1311 1111 1356 vestra
1162 1300 1520 1372 Ephesiorum
1575 1301 1851 1368 Ecclesia,
1905 1303 2050 1358 cele-

483 1393 724 1446 berrima
763 1393 818 1446 in
861 1393 1385 1448 saeculis.Carnales
1437 1394 1744 1463 spiritualia
1796 1409 2053 1451 exercere

483 1494 784 1554 nequeunt,
800 1501 977 1556 neque
1001 1486 1312 1556 Spirituales
1325 1487 1561 1542 carnalia
1583 1505 1596 1553 ;
1622 1487 1763 1542 sicut
1779 1502 1877 1543 nec
1898 1488 2053 1556 ﬁdes,

483 1594 606 1648 quae
632 1579 1023 1634 incredulitatis
1049 1588 1198 1647 sunt,
1224 1595 1325 1635 nec
1353 1580 1727 1646 incredulitas,
1752 1596 1874 1651 quae
1904 1582 2048 1636 ﬁdei.

485 1674 619 1738 Quae
643 1688 771 1726 vero
797 1681 851 1727 et
873 1673 1176 1729 secundum
1203 1687 1423 1728 carnem
1452 1671 1634 1743 agitis,
1653 1688 1718 1728 ea
1747 1673 2050 1744 spiritualia

494 1774 654 1831 sunt;
686 1765 738 1818 in
763 1763 891 1819 Jcsu
921 1764 1142 1820 Christo
1176 1764 1323 1819 enim
1352 1765 1536 1819 omnia
1565 1765 1746 1836 agitis.

2224 936 2334 1005 (55)
2373 936 2464 1007 Μὴ
2511 931 2604 989 οὖν
2649 951 2733 998 τις
2766 933 2908 1003 ὑμᾶς
2954 928 3312 995 ἐξαπατάτω,
3362 924 3551 995 ὥσπερ
3599 919 3710 975 οὒῶ

2154 1026 2530 1091 ἐξαπατᾶσθε,
2582 1025 2693 1079 ὅλοι
2736 1025 2886 1087 ὄντες
2917 1020 3075 1075 Θεοῦ.
3119 1021 3283 1073 Ὅταν
3326 1017 3434 1087 γάρ
3482 1011 3710 1085 μηδεμία

2154 1115 2269 1188 ἔρις
2315 1117 2609 1189 ὲνείρισται
2658 1118 2716 1169 ὲν
2748 1115 2906 1186 ὑμῖν,
2939 1115 2974 1184 ἡ
3006 1111 3276 1182 δυναμένη
3318 1109 3460 1179 ὑμᾶς
3505 1103 3712 1175 βασανί-

2158 1223 2276 1270 σαι,
2325 1206 2433 1276 ἇρα
2481 1204 2621 1260 κατὰ
2665 1205 2798 1258 Θεὸν
2843 1203 2992 1276 ζῆτε.
3041 1203 3150 1276 (54)
3193 1199 3488 1272 Περίψημα
3533 1194 3712 1266 ὑμῶν,

2157 1297 2250 1350 καὶ
2273 1297 2382 1368 (55)
2407 1297 2711 1368 ἁγνίζωμαι
2734 1296 2843 1368 (56)
2878 1295 3018 1368 [ὑφ’]
3052 1295 3205 1367 ὑμῶν
3236 1287 3712 1361 ἘφεσίωνἘικλη-

2157 1387 2315 1452 σίας,
2369 1387 2469 1457 τῆς
2514 1387 2798 1459 διαὸοήτου
2849 1391 2960 1451 τοῖς
3004 1386 3214 1442 αἰῶσιν.
3253 1386 3315 1436 υἱ
3360 1379 3617 1453 σαρκικοὶ
3652 1376 3715 1427 τὰ

2157 1480 2501 1551 πνευματικά
2533 1481 2797 1552 πράσσειν
2828 1480 2888 1533 οὐ
2921 1480 3172 1534 δύνανται
3198 1519 3212 1542 ,
3245 1475 3364 1530 οὐδὲ
3395 1475 3444 1526 oi.
3476 1487 3713 1540 πνευμα-

2155 1571 2299 1624 τικοὶ
2347 1571 2417 1625 τά
2475 1572 2747 1644 σαρκικάο
2795 1571 2982 1643 ὥσπερ
3023 1570 3144 1624 οὐδὲ
3189 1569 3223 1639 ἡ
3273 1566 3457 1628 πίστις
3508 1562 3580 1616 τὰ
3628 1561 3716 1629 τῆς

2155 1662 2433 1727 ἀπιστίας,
2467 1663 2588 1716 οὐδὲ
2621 1665 2654 1733 ἡ
2687 1663 2914 1717 ἀπιστία
2941 1663 3009 1716 τά
3042 1662 3139 1732 τῆς
3171 1659 3426 1720 πίστεως.
3456 1657 3526 1706 ‘A
3548 1653 3604 1706 δὲ
3636 1651 3716 1704 καὶ

2083 1787 2126 1842 Β
2156 1754 2297 1808 κατὰ
2333 1757 2511 1828 σάρκα
2544 1756 2840 1829 πράσσετε,
2874 1755 3044 1810 ταῦτα
3076 1749 3417 1823 πνευματικά
3453 1750 3631 1800 ἐστιν’
3668 1745 3718 1795 ἐν

2176 1843 2348 1914 Ἰησοῦ
2381 1848 2487 1918 γάρ
2519 1845 2738 1917 Χριστῷ
2763 1846 2938 1900 πάντα
2969 1845 3267 1916 πράσσετε.

1192 1946 1284 2001 IX.
1322 1945 1500 2001 Falsis
1531 1948 1832 2005 doctoribus
1859 1967 1958 2006 non
1997 1956 2298 2023 prazbuistis
2330 1977 2506 2028 aures,
2533 1978 2642 2026 vos,
2673 1961 2864 2030 templa
2897 1960 3016 2016 Dei.

558 2069 694 2124 Novi
717 2076 920 2131 autem,
937 2064 1230 2120 nonnullos
1249 2064 1396 2120 illinc
1419 2067 1722 2132 transiisse,
1745 2068 1838 2137 qui
1857 2069 2058 2125 habent

493 2178 804 2236 perversam
837 2161 1180 2225 doctrinam;
1212 2175 1354 2228 quos
1397 2175 1505 2214 non
1542 2162 1866 2230 permisistis
1895 2164 2058 2218 semi-

495 2271 626 2310 nare
653 2257 794 2308 iuter
820 2268 939 2319 vos,
970 2261 1025 2306 et
1060 2251 1358 2306 obturastis
1387 2267 1547 2306 aures
1567 2293 1582 2318 ,
1623 2267 1690 2307 ne
1720 2253 2054 2322 reciperetis,

492 2363 616 2418 qua:
646 2349 714 2402 ab
751 2346 883 2415 ipsis
916 2353 1043 2398 sunt
1069 2343 1447 2407 disseminata,
1481 2353 1540 2398 ut
1571 2344 1663 2413 qui
1696 2344 1902 2414 lapides
1939 2345 2059 2401 sitis

494 2445 680 2512 templi
721 2441 898 2495 Patris
919 2481 934 2503 ,
987 2440 1274 2508 praeparati
1308 2440 1363 2492 in
1393 2437 1489 2493 Dei
1539 2436 1718 2492 Patris
1748 2438 2058 2503 aedilicium,

496 2537 696 2594 sublati
733 2535 787 2588 in
818 2534 924 2587 alta
957 2547 1054 2600 per
1089 2531 1398 2584 machinam
1430 2528 1556 2584 Jcsu
1581 2528 1809 2594 Christi,
1838 2546 1960 2600 quae
1981 2539 2065 2584 est

495 2645 655 2693 crux,
695 2628 902 2696 Spiritu
939 2633 1130 2681 sancto
1179 2637 1279 2692 pro
1329 2621 1458 2675 fune
1507 2629 1752 2686 utentes;
1786 2623 1919 2676 lides
1969 2637 2068 2674 au-

497 2731 606 2775 tem
640 2730 817 2774 vestra
868 2734 966 2773 vos
1010 2730 1227 2771 sursum
1269 2713 1486 2779 trahit,
1525 2711 1766 2767 charitas
1808 2727 1940 2767 vero
1976 2713 2064 2766 via

497 2815 772 2870 deducens
817 2811 883 2866 ad
938 2809 1129 2863 Deum.
1189 2807 1336 2861 Estis
1375 2806 1539 2876 igitur
1593 2813 1646 2859 et
1697 2805 1798 2859 viae
1837 2806 2066 2860 comites

498 2921 713 2969 omnes,
746 2902 934 2958 deiferi
959 2910 1013 2955 et
1045 2898 1358 2968 templil‘eri,
1394 2896 1729 2962 Christil‘eri,
1762 2896 2064 2964 sanctiferi,

497 3015 595 3070 per
623 2997 808 3052 omnia
855 2992 1035 3047 ornati
1074 2991 1358 3060 prmecptis
1391 2987 1522 3043 Jesu
1572 2988 1812 3055 Christi;
1845 2998 2067 3058 propter

2234 2076 2347 2150 (57)
2385 2079 2592 2147 Ἐγνων
2622 2077 2680 2131 δὲ
2711 2077 3145 2148 παροδεύσαντάς
3175 2091 3324 2137 τινας
3361 2071 3474 2143 (58)
3500 2068 3715 2128 ἐκεῖθεν,

2163 2166 2384 2240 ἔχοντας
2407 2167 2580 2240 κακὴν
2613 2169 2852 2240 διδαχήνο
2886 2166 2981 2232 οὒς
3015 2167 3115 2220 οὐκ
3147 2165 3361 2218 εἰάσατε
3397 2163 3619 2233 σπεῖραι
3649 2160 3717 2218 εἰς

2163 2257 2326 2328 ὑμᾶς,
2364 2256 2624 2328 βύσαντες
2664 2258 2731 2312 τά
2762 2252 2896 2322 ὦτα,
2922 2259 3001 2320 είς
3019 2256 3079 2309 τὸ
3113 2255 3188 2327 μὴ
3231 2249 3631 2328 παραδέξασθαι
3661 2249 3718 2300 τὰ

2163 2350 2494 2421 σπειρόμενα
2527 2350 2616 2402 ὑπ’
2649 2348 2857 2414 αὐτῶν,
2883 2349 2958 2412 ὡς
2991 2349 3140 2411 ὄντες
3163 2347 3296 2400 λίθοι
3328 2345 3460 2400 ναοῦ
3499 2341 3716 2413 Πατρὸς.

2162 2441 2552 2512 ἡτοιμασμένοι
2583 2443 2662 2504 είς
2694 2441 2980 2514 οἰκοδομὴν
3013 2439 3148 2494 Θεοῦ
3186 2438 3432 2511 Πατρὸς,
3467 2434 3716 2505 ἀναφερό-

2163 2550 2314 2604 μενοι
2347 2535 2427 2597 είς
2458 2533 2528 2588 τά
2561 2532 2670 2604 ὕφη
2702 2533 2789 2587 διὰ
2820 2533 2921 2604 τῆς
2958 2533 3202 2604 μηχανῆς
3249 2530 3426 2602 Ἰησοῦ
3460 2525 3717 2601 Χριστοῦ,

2160 2624 2272 2695 (59)
2306 2625 2364 2688 ὃς
2406 2627 2552 2678 ἐστιν
2587 2625 2816 2698 σταυρὸς
2838 2665 2852 2690 ,
2888 2625 3103 2696 σχοινίῳ
3148 2623 3415 2696 χρώμενοι
3458 2621 3538 2691 τῷ
3571 2618 3720 2672 [πνεύ-

2163 2733 2294 2787 ματι
2324 2715 2402 2787 τῷ
2433 2717 2592 2788 άγίῳο
2617 2717 2726 2788 ἡδὲ
2759 2715 2938 2781 πίστις
2963 2716 3114 2788 ὑμῶν
3147 2716 3470 2784 άναγωγεὺς
3493 2712 3660 2784 ὑμῶν.
3690 2711 3718 2777 ἠ

2159 2806 2216 2858 δὲ
2247 2807 2434 2879 ἀγάπη
2487 2809 2604 2873 ὁδὸς
2647 2810 2680 2879 ἡ
2713 2808 3060 2881 ἀναφέρουσα
3109 2809 3191 2871 είς
3232 2806 3382 2859 Θεὸν,
3423 2805 3536 2875 (60)
3585 2800 3719 2855 Ἐστὲ

2160 2895 2257 2952 οὖν
2291 2900 2382 2953 καὶ
2418 2899 2623 2954 σύνοδοι
2656 2901 2877 2963 πάντες,
2913 2898 3159 2969 θεοφόροι
3192 2900 3284 2952 καὶ
3311 2896 3426 2967 (61)
3462 2895 3719 2965 ναοφόροι,

2159 2991 2537 3064 Χριστοφόροι,
2577 2991 2686 3064 (62)
2719 2992 3030 3064 ἁγιοφόροι,
3069 2990 3208 3049 κατά
3249 2988 3428 3042 πάντα
3470 3000 3722 3055 κεκοσμη-

499 3105 639 3161 quos
663 3087 895 3150 exsulto,
923 3081 1067 3153 quod
1091 3081 1291 3150 dignus
1321 3078 1537 3135 habitus
1561 3078 1686 3146 sim,
1713 3093 1809 3148 per
1831 3094 1916 3144 ea,
1945 3095 2061 3150 qua:

2172 3085 2322 3154 μένοι
2344 3084 2582 3148 ἐντολαῖς
2617 3085 2790 3154 Ἰησοῦ
2830 3083 3086 3156 Χριστοῦο
3115 3077 3196 3146 οἷς
3235 3083 3326 3136 καὶ
3355 3077 3720 3149 άγαλλιιῖιμιιι,

1910 3223 2085 3282 Vetus
2116 3223 2452 3303 interpres.

1964 3373 2193 3430 CAPUT
2244 3375 2380 3433 VIII.

574 3496 691 3553 Non
721 3497 884 3567 igitur
913 3494 1036 3564 quis
1062 3509 1160 3549 vos
1188 3493 1446 3567 seducat;
1475 3494 1934 3564 quemadmodum
1971 3512 2148 3566 neque
2185 3496 2543 3565 seducemini,
2569 3499 2667 3554 toti
2697 3503 3023 3555 exsistentes
3063 3499 3179 3555 Dei.
3210 3499 3346 3554 Cum
3375 3501 3528 3554 enim
3570 3513 3726 3567 neque

502 3586 610 3626 una
655 3570 722 3623 lis
748 3565 1050 3636 'complexa
1089 3575 1172 3640 est
1205 3566 1265 3640 in
1307 3565 1487 3640 vobis,
1518 3575 1857 3640 potens_vos_
1877 3575 2162 3640 torquere;
2197 3576 2339 3640 tunc
2354 3569 2664 3640 secundum
2691 3569 2860 3625 Deum
2916 3571 3120 3624 vivitis.
3160 3569 3466 3640 Peripsima
3495 3565 3665 3624 vestri
3683 3577 3726 3621 et

505 3640 774 3695 castilicer
813 3652 861 3708 ag
888 3635 1067 3708 vestra
1123 3635 1483 3708 Ephesiorum
1532 3635 1793 3708 Ecclesia,
1834 3635 2044 3691 famosa
2085 3637 2416 3708 insazculis.
2443 3637 2706 3694 Carnales
2743 3641 3046 3708 spiritualia
3077 3635 3302 3708 operari
3340 3656 3454 3694 non
3493 3649 3725 3708 possunt,

508 3724 684 3778 neque
711 3706 1045 3780 Aspiritualcs
1090 3705 1366 3770 carnalia;
1394 3705 1850 3780 quemadmodum
1892 3722 2066 3774 neque
2095 3707 2226 3762 lides
2257 3723 2377 3780 qua:
2400 3705 2965 3779 inﬁdelitatis—neque
2995 3705 3287 3780 inﬁdelitas
3314 3726 3438 3780 qua:
3471 3705 3727 3780 ﬁdelitatis

505 3790 561 3833 et
596 3774 745 3832 lidei.
771 3774 912 3842 Quae
965 3785 1146 3828 autem
1191 3786 1244 3829 et
1297 3774 1598 3830 secundum
1640 3790 1862 3830 carnem
1891 3787 2113 3846 operata
2149 3774 2316 3845 sunt,
2350 3779 2464 3834 haec
2520 3779 2822 3850 spiritualia
2870 3774 3031 3846 sunt;
3064 3781 3120 3834 in
3167 3778 3296 3835 Jesu
3332 3774 3494 3834 enim
3527 3778 3727 3833 Christo

507 3850 692 3903 omnia
723 3854 945 3917 operata
977 3854 1142 3916 sunt”

1947 3939 2177 3997 CAPUT
2216 3940 2305 3996 IX.

563 4079 566 4084 ·
617 4057 860 4130 Cognovi
904 4066 1083 4113 autem
1127 4067 1469 4115 transeuntes
1496 4060 1760 4130 quosdam
1791 4061 1935 4128 inde,
1965 4062 2225 4119 habentes
2253 4063 2451 4118 malam
2491 4064 2826 4130 doctrinam;
2899 4079 3000 4120 uos
3030 4079 3135 4117 non
3165 4063 3453 4118 dimisistis
3480 4063 3729 4120 seminare

563 4178 565 4185 .
599 4146 722 4188 vos.
746 4131 1086 4184 obstruentes
1116 4144 1298 4188 aures,
1331 4130 1398 4183 ad
1429 4145 1536 4184 non
1578 4133 1820 4188 recinere
1847 4134 2112 4186 seminata
2141 4135 2210 4188 ab
2235 4135 2397 4188 ipsis:
2433 4144 2492 4188 ut
2518 4136 2846 4188 exsistentes
2861 4081 3083 4188 (Iauides
3117 4135 3301 4188 templi
3341 4133 3546 4188 Patris.
3573 4133 3728 4188 parati

510 4132 565 4186 in
599 4131 1086 4203 vos,obs_truen_te_s
1108 4144 1298 4203 aures,
1331 4130 1407 4203 ad_
1429 4145 1536 4203 non
1578 4133 1820 4203 recipere
1847 4134 2112 4186 seminata
2141 4135 2210 4188 ab
2235 4135 2397 4203 ipsis;
2433 4144 2492 4188 ut
2518 4136 2846 4189 exsistentes

2897 4136 3083 4203 apides
3117 4135 3301 4202 templi
3341 4133 3546 4199 Patris,
3573 4133 3728 4203 parati

512 4203 568 4256 in
597 4201 953 4274 aediﬁcatione
987 4198 1079 4251 Dei
1108 4198 1307 4261 Patris,
1333 4201 1488 4274 relati
1515 4201 1568 4254 in
1591 4198 1806 4256 excelsa
1831 4217 1941 4274 per
1970 4198 2279 4258 machinam
2314 4198 2439 4259 JeSu
2455 4204 2682 4269 Christi,
2708 4221 2830 4274 quae
2855 4198 3266 4274 est-cruxJun—e
3298 4198 3727 4274 utentesS'piritu

509 4281 718 4344 saneto.
748 4269 907 4325 Fides
959 4277 1159 4344 autem
1181 4271 1529 4344 vestra__dux_
1547 4279 1755 4344 vester,
1795 4269 2034 4344 charitas
2063 4289 2191 4327 vero
2214 4274 2301 4328 via
2337 4275 2578 4329 referens
2612 4275 2666 4328 in
2699 4269 2889 4330 Deum.
2925 4273 3075 4330 Estis
3122 4269 3734 4344 igituretcouvialoiresi

507 4343 725 4410 deiferi,
765 4351 820 4396 et
873 4337 1186 4409 templiferi,
1221 4349 1278 4394 et
1331 4339 1678 4408 Christiieri,
1715 4342 2017 4408 sanctiferi,
2054 4344 2354 4399 secundum
2411 4344 2597 4399 omnia
2647 4346 2827 4400 ornati
2881 4345 2936 4399 in
2997 4337 3270 4400 mandatis
3323 4344 3456 4399 Jesu
3504 4348 3728 4407 Christi,

578 4521 691 4591 (50)
731 4519 832 4591 Ms.
861 4519 1130 4590 ἀθανάτῳ.

579 4589 694 4657 (51⁷)
735 4589 776 4662 I.
801 4606 851 4645 e.
876 4599 1000 4662 post
1015 4589 1492 4662 resurrectionem.

583 4662 693 4734 (52)
734 4658 1230 4734 llarc'restituenda
1260 4676 1324 4715 ex
1350 4659 1711 4728 Theodoreto,
1755 4658 1971 4715 Gelasio
2014 4669 2070 4716 et

508 4733 618 4788 vet'.
652 4728 962 4799 interprete.
997 4728 1156 4798 Voss.

581 4794 952 4872 (55)_lnitium
979 4794 1142 4872 hujus
1171 4799 1402 4869 capitis:
1439 4800 1549 4869 (Μὴ
1582 4794 1741 4854 οῦν...
1777 4799 1886 4853 ὅλοι
1918 4799 2070 4864 ὅντες

509 4870 675 4941 Θεοῦ)
705 4870 875 4941 Syrus
914 4871 1132 4932 omisit,
1164 4881 1218 4924 et
1243 4886 1304 4923 ea
1324 4886 1483 4938 ,quaa
1518 4880 1840 4939 sequuntur,
1878 4871 2068 4924 imme-

509 4943 653 4996 diate
680 4955 804 4995 cum
835 4941 997 4995 unica
1033 4941 1123 5020 illa
1147 4941 1436 5021 sententia,
1469 4956 1631 5021 quam
1656 4956 1687 4994 e
1711 4943 1887 5021 capite
1909 4942 2068 4994 tertio

507 5019 792 5066 mutuatus
825 5019 926 5076 est,
951 5011 1266 5078 conjunxit;
1320 5025 1428 5063 non
1480 5010 1677 5078 inepte.
1713 5010 1902 5064 Melius
1940 5026 2068 5065 vero

509 5097 596 5147 ea,
624 5095 746 5149 quae
772 5082 1049 5146 sequitur,
1077 5081 1384 5135 exhortatio
1419 5082 1488 5135 ad
1520 5081 1783 5135 unitatem
1815 5096 1939 5135 cum
1975 5095 2071 5135 ca-

511 5151 715 5222 pitibus
748 5150 895 5222 _4-87
928 5151 1184 5222 cohaeret.

583 5221 697 5290 (54)
737 5217 851 5274 Cl‘r.
884 5220 1025 5292 infra
1056 5236 1106 5275 c.
1136 5220 1294 5292 isiet
1322 5219 1341 5273 I
1372 5220 1498 5276 Cor.
1528 5236 1600 5287 tv,
1653 5221 1738 5275 15.
1784 5220 1954 5292 Syrus
1983 5235 2078 5275 vo-

510 5289 773 5363 cabulum
803 5289 1089 5362 περίψημα
1117 5291 1258 5345 male
1283 5290 1590 5363 intelligens
1630 5293 1791 5347 vertit
1811 5289 1838 5358 ,’
1865 5295 2075 5363 gavisus

509 5379 629 5416 sum
655 5361 820 5431 vobis,
846 5360 894 5414 et
927 5360 1100 5431 preces
1126 5377 1221 5430 pro
1257 5360 1399 5416 vobis
1433 5362 1616 5431 fundo.

583 5432 698 5503 (55)
733 5429 1178 5503 Μεεάγνξξομαις

584 5501 700 5575 (56)
735 5501 887 5575 Adde
901 5501 1018 5575 ὑφ’,
1035 5501 1183 5572 quod
1200 5501 1410 5575 incuria
1433 5502 1638 5556 librarii
1663 5501 1898 5557 deletum
1923 5511 2076 5572 puto.

511 5570 871 5641 Ye‘ttts'uenim
900 5570 1169 5641 interpres
1207 5573 1390 5637 habet,
1419 5591 1451 5626 a
1487 5581 1678 5639 vestra,
1720 5582 1825 5627 etc.
1874 5570 2082 5628 Sensus

513 5652 598 5696 est
625 5661 658 5716 :_
681 5639 783 5716 _Vos
809 5642 935 5694 estis
968 5639 1144 5716 magni
1174 5655 1223 5698 et
1259 5643 1561 5714 spirituales
1579 5656 1608 5716 ς
1630 5660 1721 5715 ego
1759 5645 2006 5698 minimus
2031 5652 2082 5698 et

517 5728 550 5764 α
579 5711 721 5767 vobis
751 5714 1134 5784 repurgandae.

2101 4529 2147 4585 ι)
2246 4522 2357 4594 (57)
2398 4520 2481 4594 Ex,
2506 4523 2610 4576 hoc
2639 4523 2816 4592 capite
2853 4513 3024 4594 Syrus
3062 4523 3138 4593 nil
3176 4523 3278 4576 nisi
3319 4522 3488 4577 verba
3525 4524 3734 4594 ἡτοιμα-

2175 4589 2426 4666 σμένοιὟ
2461 4589 2809 4666 ἀναφέροῦσα
2841 4589 2920 4656 εἰς
2966 4589 3188 4666 θεόν’ἱη
3227 4608 3398 4666 suam
3437 4589 3730 4666 versionem

2175 4663 2488 4733 transtulit,
2543 4663 2718 4733 eaq‘ue
2774 4680 2900 4718 cum
2952 4664 3060 4718 line
3110 4663 3316 4733 capitis
3372 4664 3560 4733 octavi
3619 4675 3735 4714 eon—

2167 4731 2368 4804 junxit.
2401 4731 2784 4788 Arctius’vero
2805 4732 3283 4804 ήτοιμασμένοιρκ.
3314 4731 3598 4804 τηλτίευῐη
3630 4744 3735 4804 ver-

2173 4801 2255 4856 bis
2305 4804 2554 4871 proxime
2594 4801 3155 4866 antecedenti'bus’tb;
3185 4803 3338 4866 ὄντες
3383 4801 3524 4856 λίθοι
3571 4801 3731 4856 colae-

2172 4881 2436 5023 η’(ξὲἒῌ.
2463 4958 2512 4998 e.
2545 4959 2576 4998 a
2609 4941 2863 5016 Smyrna,
2896 4943 2989 4999 ubi
3019 4943 3238 5014 vigebat
3272 4942 3600 4997 Docetarum
3631 4938 3729 4992 hae-

2174 5011 2484 5152 reisséfifal
2504 5099 2606 5138 ms.
2639 5082 2716 5138 De
2743 5083 2970 5139 relativo
2997 5084 3078 5139 sic
3103 5082 3304 5153 posito,
3337 5088 3399 5136 ut
3440 5095 3609 5153 genus
3628 5079 3734 5148 ejus

2175 5159 2231 5224 et
2254 5148 2517 5208 numerus
2547 5169 2672 5210 cum
2717 5155 3075 5224 sequentibus
3100 5148 3386 5224 congrum.
3413 5148 3512 5206 εῖτ.
3542 5148 3732 5224 Ἣίηςΐν

2178 5222 2452 5306 graium”
2494 5239 2619 5295 pag.
2661 5218 3030 5283 145.Ἐιι.ιη.
3094 5218 3413 5286 ΞΑοῘΙιιὶιΙη
3447 5236 3569 5291 pag.
3612 5220 3731 5279 I56.

2178 5292 2379 5433 balba.
2417 5360 2590 5433 'Eqré
2610 5357 2806 5424 οὗν,κ.
2835 5381 2887 5420 τ.
2921 5363 2972 5418 λ.
3003 5378 3179 5433 usque
3201 5361 3270 5416 ad
3295 5359 3454 5415 linem
3470 5359 3734 5433 huiusca-

2180 5428 2310 5504 pilis
2330 5428 2482 5504 apud
2500 5430 2701 5504 ‘Syrum
2727 5433 2947 5500 desunt,
2977 5436 3072 5504 qui
3091 5428 3256 5487 'hanc
3283 5428 3602 5504 sententiam
3629 5428 3734 5480 ideo

2183 5500 2437 5582 omisisse
2461 5501 2698 5570 videtur,
2726 5504 2928 5574 quippe
2963 5500 3087 5575 quae
3109 5504 3213 5574 ipsi
3235 5503 3418 5557 minus
3444 5500 3606 5556 fuerit
3627 5511 3734 5567 per-

2184 5586 2484 5782 spliﬁilIgbe
2502 5643 2774 5712 spirituali
2806 5645 3028 5715 templo.
3067 5643 3229 5700 Voss.

2259 5712 2349 5780 (62
2410 5712 2510 5770 Ms.
2543 5715 2852 5782 άγνοφόροι.

2259 5712 2371 5782 (62)
2410 5712 2510 5770 Ms.
2527 5715 2852 5788 ﬁyvocpépm.
