3852 6210
428 331 536 387 667
1389 332 1639 390 SANCTI
1678 333 1934 392 lGNATll
1969 334 2325 391 EPISTOLE
2361 336 2711 395 GENUINE.
3593 339 3708 394 οδε

428 450 519 505 bet
557 449 912 520 impositum;
946 452 1021 507 ita
1068 452 1315 510 infideles
1368 457 1558 511 mundi
1602 456 1790 526 hujus,
1827 457 1949 512 iidel

2186 475 2332 512 :tcrcm
2369 458 2465 513 τοῦ
2505 459 2711 531 κόσμου
2754 457 2965 521 τούτου,
3006 459 3056 512 οί
3102 458 3159 510 δὲ
3202 457 3382 511 πιστοὶ
3413 457 3473 510 ὲν
3505 458 3707 528 ἀγάπῃ

429 553 608 597 autem
639 543 694 597 in
725 543 992 599 charitate
1035 547 1407 603 characterem
1458 548 1553 603 Dei
1595 548 1775 605 Patris
1802 564 1898 619 per
1919 548 1948 604 J

2184 552 2435 622 ρακτῆρα
2483 551 2618 604 Θεοῦ
2641 551 2851 621 Πατρὸς
2891 550 2981 604 διὰ
3027 549 3205 622 Ἰησοῦ
3245 548 3502 620 Χριστοῦ,
3533 549 3603 602 δι’
3639 541 3705 600 οὗ

425 650 550 689 sum
579 635 857 691 Christum
892 638 1111 704 habent,
1143 656 1240 710 per
1275 657 1437 713 quem
1465 641 1568 697 nisi
1601 657 1876 712 propensa
1907 658 1942 697 n

2184 661 2211 697 ν
2247 643 2320 716 μὴ
2348 642 2682 714 αὐθαιρέτως
2714 642 2925 714 ἔχωμεν
2948 642 3009 695 τὸ
3035 643 3322 696 ἀποθανεῖν
3348 642 3426 707 είς
3447 641 3508 695 τὸ
3529 639 3705 696 αὑτοῦ

427 727 514 784 bis
547 736 630 784 est
659 730 912 786 voluntas
955 733 1095 786 mori
1134 733 1293 802 juxta
1335 733 1508 806 ipsius
1538 735 1876 806 passionem,
1909 750 1948 789 n

1736 751 1876 801 nem,
1909 749 2011 790 nec
2116 734 2306 799 πάθος,
2329 735 2389 788 τὸ
2425 733 2523 807 ζῇν
2548 733 2712 788 αὑτοῦ
2735 734 2834 787 οὐκ
2859 734 3004 789 ἐστιν
3026 736 3083 788 ὲν
3108 737 3257 805 ἡμῖν.

427 821 535 876 vita
562 821 736 892 ipsius
764 822 819 877 in
849 823 1004 880 nobis
1029 833 1132 881 est.

1690 945 1782 1002 Vl.
1815 945 2004 1001 Tenete
2031 940 2394 998 concordiam.

495 1058 633 1114 Cum
667 1060 852 1131 itaque
879 1061 935 1116 in
966 1063 1216 1132 personis
1249 1078 1414 1134 supra
1439 1062 1602 1120 dictis
1627 1080 1843 1120 omnem
1869 1065 2012 1119 mul-

2199 1057 2349 1110 Ἐπεὶ
2389 1049 2482 1109 οῦν
2512 1057 2569 1108 έν
2593 1058 2708 1118 τοῖς
2747 1056 3258 1127 προγεγραμμένοις
3285 1055 3606 1128 προσώποις
3645 1056 3707 1107 τὸ

427 1150 712 1206 titudinem
752 1152 806 1207 in
841 1153 947 1208 ﬁde
997 1162 1053 1208 et
1099 1154 1363 1210 charitate
1409 1154 1838 1226 conspexissem,
1881 1154 1948 1208 ho

2186 1151 2222 1202 ἰν
2253 1149 2456 1221 πλῆθος
2489 1148 2770 1220 ἐθεώρησα
2795 1150 2902 1219 (40)
2937 1151 2993 1202 ὲν
3015 1151 3196 1202 πίστει
3217 1151 3307 1203 καὶ
3340 1150 3453 1220 (Η)
3485 1149 3707 1222 ἀγάπῃ.

425 1263 533 1318 tor,
569 1261 630 1306 ut
657 1252 709 1306 in
743 1253 1035 1309 concordia
1058 1253 1243 1307 omnia
1283 1268 1542 1324 peragere
1575 1251 1861 1318 studeatis,
1895 1266 1946 1320 cl

2194 1238 2382 1310 ραινῶ,
2419 1240 2476 1292 ὲν
2515 1239 2737 1310 ὁμονοίᾳ
2768 1239 2904 1292 Θεοῦ
2953 1240 3277 1304 σπουδάζετε
3310 1243 3491 1294 πάντα
3525 1242 3711 1311 πράσ-

427 1361 596 1415 scopo
621 1344 944 1414 praesidente
993 1345 1115 1400 loco
1158 1344 1275 1410 Dei,
1317 1354 1373 1399 et
1407 1344 1737 1416 presbyteris
1766 1343 1890 1398 loco
1924 1356 1948 1396 s

2186 1349 2248 1394 ιν,
2283 1331 2696 1402 προκαθημένου
2739 1329 2832 1383 τοῦ
2879 1331 3176 1384 ἐπισκόπου
3223 1335 3301 1395 είς
3345 1333 3509 1385 τόπον
3538 1331 3707 1391 Θεοῦ,

427 1446 592 1492 natus
640 1437 968 1506 apostolici,
1017 1445 1073 1490 et
1119 1435 1400 1500 diaconis,
1455 1436 1591 1490 mihi
1641 1431 1948 1490 suavissimi

2185 1423 2210 1476 vi
2253 1424 2359 1476 τῶν
2391 1424 2775 1494 πρεσϐυτέρων
2808 1426 2888 1487 είς
2920 1425 3083 1478 τόπον
3117 1425 3391 1498 συνεδρίου
3423 1426 3534 1478 τῶν
3570 1427 3706 1479 ἀπο-

427 1528 803 1583 concreditum
852 1527 1184 1582 habentibus
1233 1527 1597 1582 ministerium
1627 1525 1755 1582 Jesu
1781 1524 1948 1580 Chrisl

2188 1515 2338 1580 ὀλων,
2381 1517 2474 1568 καὶ
2522 1515 2630 1569 τῶν
2679 1515 2960 1578 διακόνων,
2994 1515 3102 1569 τῶν
3152 1517 3275 1587 ἐμοὶ
3323 1517 3709 1585 γλυκυτάτων,

425 1623 519 1694 qui
568 1632 694 1679 ante
721 1622 920 1678 saecula
953 1623 1094 1692 apud
1124 1620 1341 1676 Patrem
1369 1628 1506 1683 erat,
1539 1626 1594 1673 et
1617 1617 1674 1672 in
1704 1617 1811 1672 ﬁne
1841 1631 1944 1686 app

2193 1606 2562 1678 πιστευμένων
2625 1605 2896 1660 διακονίαν
2940 1607 3114 1677 Ἰησοῦ
3171 1605 3426 1678 Χριστοῦ,
3477 1607 3537 1669 ὃς
3604 1607 3714 1676 πρὸ

426 1677 557 1769 ruit.
581 1711 786 1769 Omnes
817 1677 1008 1786 igitur;
1033 1711 1276 1782 acceptis
1307 1711 1501 1766 iisdem
1521 1709 1722 1764 divinis
1745 1707 1947 1763 moribu

2194 1696 2332 1754 bvwv
2364 1697 2517 1769 παρὰ
2548 1699 2721 1769 Πατρὶ
2751 1694 2840 1770 ἦν,
2877 1699 2972 1751 καὶ
3002 1701 3062 1751 έν
3093 1677 3235 1752 τέλει
3266 1699 3460 1770 ἐφάνη.
3494 1700 3715 1759 Πάντες

425 1822 526 1863 vos
550 1818 741 1861 mutuo
766 1805 1154 1871 revereamini,
1186 1813 1241 1859 et
1269 1819 1432 1858 nemo
1461 1802 1761 1858 secundum
1790 1814 1946 1855 carne

2190 1809 2231 1855 ν,
2257 1790 2547 1864 ὁμοήθειαν
2593 1789 2728 1843 Θεοῦ
2768 1791 3040 1873 λαϐόντες,
3071 1791 3393 1876 eligi-53:53:05
3428 1792 3711 1862 ἀλλήλοις,

427 1908 634 1970 spectet
660 1900 993 1970 proximum,
1023 1898 1115 1954 sed
1149 1897 1205 1952 in
1229 1896 1358 1952 Jesu
1395 1895 1616 1951 Christo
1648 1911 1746 1950 vos
1777 1894 1948 1948 invice

2188 1883 2214 1936 »ἱ
2255 1883 2448 1954 μηδεὶς
2487 1881 2629 1944 κατὰ
2678 1881 2854 1954 σάρκα
2882 1875 3709 1966 ’βλεπέτωμῇ-τᾷνλξτλη-σίον,

429 2006 643 2061 semper
670 1990 927 2062 diligatis.
960 1988 1108 2044 Nihil
1139 1988 1208 2044 sit
1233 1989 1287 2042 in
1316 1987 1492 2053 vobis,
1524 1985 1671 2057 quod
1705 1986 1877 2055 possit
1905 2000 1950 2037 νε

2190 1977 2224 2030 λ’
2253 1976 2315 2032 ὲν
2357 1973 2542 2046 Ἰησοῦ,
2565 1975 2784 2047 Χριστῷ
2818 1975 3396 2050 ἀλλήλουςηδιαπαντὸς
3409 1978 3711 2052 exigi};

426 2082 706 2149 dirimere,
737 2083 830 2137 sed
877 2080 1145 2136 uniamini
1195 2080 1453 2150 episcopo
1480 2086 1534 2133 et
1567 2077 1947 2148 praesidentibu

2173 2067 2294 2138 ηδὲν
2327 2066 2466 2119 έστω
2499 2068 2555 2119 ὲν
2589 2068 2737 2137 ὑμῖν,
2773 2065 2800 2119 ὂ
2826 2066 3110 2138 δυνήσεται
3144 2069 3286 2137 ὑμᾶς
3319 2069 3562 2138 μερίσαι,
3589 2069 3693 2120 ἀλλ

425 2176 484 2228 in
516 2185 703 2248 typum
732 2184 787 2230 et
811 2173 1337 2230 demonstrationem
1361 2170 1808 2227 immortalitatis.

2188 2157 2347 2231 ὓθητε
2369 2158 2446 2229 τῷ
2461 2160 2742 2230 ὲπισκόπῳ
2765 2161 2858 2212 καὶ
2879 2162 2990 2223 τοῖς
3011 2158 3469 2231 προκαθημένοις,
3490 2161 3572 2223 εἰς
3592 2160 3709 2231 (43)

2113 2251 2280 2304 τύπον
2313 2250 2406 2304 καὶ
2437 2250 2656 2321 διδαχὴν
2688 2249 3013 2322 ἀφθαρσίας.

973 2371 1089 2430 νη.
1145 2374 1300 2445 Agite
1331 2371 1463 2426 nihil
1491 2371 1606 2425 sine
1637 2373 1879 2441 episcopo
1912 2376 1962 2422 et
1996 2365 2341 2438 presbyteris;
2390 2364 2507 2420 sitis
2539 2381 2701 2418 unum
2732 2363 2984 2434 templum
3010 2363 3126 2418 Dei.

497 2517 968 2587 Quemadmodum
1017 2515 1184 2588 igitur
1239 2513 1505 2569 Dominus
1547 2512 1665 2568 sine
1695 2508 2008 2579 Patre,'ipsi

2191 2507 2394 2579 Ὠσπερ
2415 2502 2508 2560 οῦν
2535 2509 2564 2560 ὁ
2588 2506 2788 2577 Κύριος
2820 2505 2948 2560 ἄνευ
2980 2504 3074 2558 τοῦ
3107 2505 3320 2578 Πατρὺς
3341 2505 3493 2562 οὐδὲν
3515 2506 3712 2575 ἐποίη-

426 2613 636 2678 unitus,
673 2611 811 2665 nihil
851 2609 998 2674 fecit,
1034 2622 1212 2678 neque
1252 2622 1350 2675 per
1396 2605 1662 2674 seipsum,
1691 2617 1868 2671 neque
1912 2615 1947 2670 p

2188 2617 2229 2661 ν,
2281 2598 2557 2669 ἡνωμένος
2605 2597 2702 2663 ὢν,
2750 2596 2873 2651 οῦτε
2924 2599 2993 2651 δι’
3027 2597 3237 2659 ἑαυτοῦ,
3287 2597 3410 2650 οὔτε
3456 2597 3546 2650 διὰ
3594 2597 3709 2649 τῶν

426 2704 736 2775 apostolos;
763 2703 838 2758 ita
870 2716 1048 2771 neque
1079 2715 1179 2754 vos
1209 2698 1330 2754 sine
1363 2697 1620 2768 episcopo
1651 2704 1704 2750 et
1731 2693 1947 2764 presbyt

2187 2689 2458 2743 τοστόλωνο
2495 2689 2666 2752 οὕτως
2719 2689 2852 2760 μηδὲ
2905 2690 3063 2759 ὑμεῖς
3113 2690 3239 2743 ἄνευ
3273 2688 3365 2742 τοῦ
3400 2689 3708 2742 ἐπισκόπου

425 2799 506 2854 ris
559 2797 859 2867 quidquam
908 2795 1203 2865 peragatis.
1258 2789 1445 2860 Neque
1488 2787 1902 2861 aggrediamini,

2188 2782 2210 2834 ὶ
2240 2779 2349 2834 τῶν
2381 2781 2769 2853 πρεσϐυτέρων
2805 2781 2971 2852 μηδὲν
3004 2781 3296 2852 πράσσετε.
3321 2781 3475 2849 Μηδὲ
3509 2784 3709 2853 πειρά-

429 2889 724 2962 quidquam
759 2903 790 2942 a
819 2887 974 2942 vobis
1015 2885 1310 2954 separatim
1363 2882 1568 2936 factum
1612 2881 1812 2936 decens
1840 2893 1950 2949 app;

2191 2890 2249 2926 τε
2281 2872 2500 2942 εὔλογόν
2523 2893 2574 2928 τι
2608 2874 2890 2944 φαίνεσθαι
2924 2873 3036 2944 (Η)
3061 2873 3166 2944 ἰδίᾳ
3199 2873 3504 2943 ὑμῖν.Ἀλλ⁹
3530 2875 3627 2927 ἐπὶ
3650 2873 3710 2926 τὸ

426 2961 565 3037 reat.
611 2977 717 3034 Sed
759 2978 815 3032 in
850 2992 1020 3033 unum
1053 2973 1504 3030 convenientibus
1541 2988 1655 3027 una
1702 2971 1771 3026 sit
1805 2971 1945 3025 orati

2187 2965 2246 3019 τὸ
2280 2967 2376 3037 μία
2411 2965 2706 3038 προσευχὴ,
2745 2967 2842 3036 μία
2872 2961 3183 3036 δέησιςξείς
3212 2963 3353 3028 νοῦς,
3393 2964 3493 3035 μία
3527 2964 3708 3028 ἐλπὶς,

428 3090 536 3129 una
569 3072 831 3143 precatio,
862 3086 970 3125 una
1003 3085 1176 3132 mens,
1215 3083 1324 3122 una
1361 3081 1507 3136 spes,
1539 3066 1594 3120 in
1629 3064 1912 3128 charitate,

2203 3062 2412 3134 ἀγάπῃ,
2446 3064 2505 3115 ἐν
2535 3063 2601 3133 τῇ
2636 3063 2778 3134 χαρᾷ
2809 3065 2874 3134 τῇ
2909 3061 3143 3134 ἀμώμῳ.
3178 3055 3274 3124 Εἷς
3305 3061 3452 3112 ἐστὶν
3497 3058 3711 3129 Ἰησοῦς

426 3161 625 3232 gaudio
667 3168 877 3215 sancto.
907 3157 1061 3213 Unus
1092 3166 1179 3212 est
1218 3155 1378 3212 Jesus
1408 3154 1682 3220 Christus,
1716 3170 1827 3224 quo
1874 3153 1947 3208 nil

2189 3155 2369 3221 >ιστὸς,
2397 3151 2464 3213 οὗ
2496 3156 2716 3226 ἄμεινον
2761 3155 2918 3209 οὐθέν
2952 3158 3118 3210 ἐστιν.
3149 3155 3356 3217 Πάντες
3388 3147 3484 3206 οὖν
3517 3153 3595 3216 ὡς
3629 3154 3710 3215 εἰς

425 3254 773 3325 praestantius
801 3261 902 3308 est.
953 3250 1162 3306 Omnes
1197 3249 1380 3320 itaque
1407 3249 1556 3304 velut
1586 3249 1640 3302 in
1674 3263 1843 3302 unum
1874 3257 1946 3302 ter

2187 3267 2236 3303 ια
2264 3249 2398 3322 (45)]
2421 3249 2548 3302 ναὸν
2574 3248 2889 3319 συντρέχετε
2909 3247 3067 3314 Θεοῦ,
3091 3249 3166 3312 ὡς
3198 3249 3289 3302 ἐπὶ
3321 3248 3378 3300 ἓν
3411 3247 3708 3317 Θυσιαστή-

427 3350 576 3420 plum
630 3346 725 3402 Dei
769 3344 1102 3408 concurrite,
1138 3344 1286 3399 velut
1319 3343 1384 3397 ad
1419 3358 1586 3396 unum
1639 3342 1830 3405 altare,
1864 3342 1946 3395 vel

2187 3357 2256 3402 δν,
2290 3340 2366 3403 ὡς
2398 3341 2489 3393 ἐπὶ
2538 3339 2632 3394 ’ἐνα
2678 3339 2885 3412 Ἰησοῦν
2918 3340 3170 3412 Χριστὸν,
3195 3338 3283 3391 τὸν
3315 3339 3410 3406 ἀφ’
3445 3337 3566 3400 ἑνὸς
3601 3338 3708 3389 Πα-

427 3441 494 3496 ad
523 3456 690 3496 unum
719 3438 904 3496 Jesum
931 3438 1229 3504 Christum,
1259 3437 1352 3508 qui
1376 3437 1446 3491 ab
1484 3450 1596 3490 uno
1623 3432 1782 3489 Patre
1808 3434 1940 3504 prod

2188 3433 2243 3498 ὸς
2283 3433 2633 3506 προελθόντα,
2669 3435 2762 3488 καὶ
2808 3433 2921 3504 (46)
2963 3434 3044 3496 είς
3078 3432 3174 3486 ἕνα
3209 3431 3337 3484 ὄντα
3383 3431 3478 3484 καὶ
3526 3432 3709 3502 χωρίτ-

426 3545 482 3589 et
507 3533 576 3589 ad
606 3547 777 3588 unum
811 3545 1065 3588 reversus
1089 3540 1192 3599 cst,
1219 3538 1274 3584 et
1299 3544 1422 3585 cum
1456 3542 1568 3583 uno
1600 3533 1932 3598 perseverat.
2118 3541 2303 3578 σαντα.
2698 3531 2700 3533 ’

1787 3667 1968 3726 Vetus
2000 3666 2334 3743 interpres.

429 3799 698 3877 charitate
730 3798 1108 3877 characterem.
1137 3797 1227 3851 Dei
1253 3795 1429 3877 Patris
1460 3811 1558 3877 per
1586 3793 1775 3877 Iesum
1803 3795 2120 3854 Christum;
2152 3811 2249 3876 per
2269 3812 2432 3867 quem
2461 3797 2568 3853 nisi
2593 3795 2902 3852 voluntarie
2928 3795 3231 3851 habeamus
3258 3795 3401 3851 mori
3432 3794 3489 3850 in
3526 3795 3704 3867 ipsius

432 3871 769 3942 passionem,
796 3869 978 3924 vivere
1008 3869 1182 3939 ipsius
1211 3884 1321 3922 non
1352 3876 1437 3923 est
1461 3868 1517 3922 in
1544 3866 1726 3923 nobis.

1885 4010 2117 4068 CAPUT
2158 4011 2245 4067 Vl.

507 4133 643 4201 Quia
670 4132 836 4201 igitur
869 4133 922 4187 in
955 4132 1287 4202 praescriptis
1317 4131 1565 4202 personis
1603 4147 1818 4188 omnem
1859 4133 2262 4188 multitudinem
2290 4134 2603 4202 speculatus
2635 4149 2754 4188 sum
2791 4133 2847 4188 in
2877 4131 2981 4188 iide
3007 4140 3060 4188 et
3088 4131 3382 4202 dilectione
3407 4169 3424 4194 ,
3469 4143 3697 4202 moneo,

429 4205 484 4286 in
519 4197 1198 4286 eonco‘rdiaDei'sludete‘
1219 4197 1403 4283 omnia
1437 4204 1672 4286 operari,
1702 4203 2028 4286 praesidente
2057 4197 2550 4286 episcopo-inloco
2592 4203 2707 4286 Dei,
2741 4212 2797 4286 et
2841 4203 3172 4286 presbyteris
3208 4202 3260 4255 in
3301 4201 3439 4286 loco.
3475 4197 3700 4286 confes:

428 4276 602 4331 sionis
625 4274 1019 4344 apostolorum,
1043 4283 1098 4328 et
1125 4273 1374 4328 diaconis
1400 4269 1534 4327 mihi
1571 4269 1906 4329 dulcissimis
1938 4269 2264 4344 habentibus
2307 4275 2566 4330 creditam
2621 4269 3085 4328 ministrationém
3135 4271 3288 4344 ειεξξιιΔ
3313 4270 3520 4344 Christi
3548 4313 3562 4335 ,
3606 4269 3700 4338 qui

428 4361 555 4400 ante
581 4340 779 4400 saecula
815 4345 956 4413 apud
982 4343 1197 4398 Patrem
1219 4352 1357 4415 erat,
1386 4353 1441 4398 et
1475 4345 1530 4397 in
1561 4344 1668 4415 ﬁne
1697 4342 2205 4414 apparuit._0mnes
2241 4345 2404 4415 igitur
2432 4343 2678 4399 eamdem
2712 4344 3177 4415 consuetudinem
3197 4340 3291 4415 Dei
3333 4341 3698 4415 accipientes,

428 4415 764 4470 venerainini
811 4411 1147 4484 adinvicem;
1187 4414 1371 4468 nullus
1402 4411 1747 4484 secundum
1769 4411 1992 4470 earnem
2047 4411 2284 4484 aspiciat
2310 4415 2644 4484 proximum,
2694 4416 2787 4470 sed
2842 4415 2898 4468 in
2945 4412 3074 4469 Jesu
3119 4411 3340 4484 Christo
3385 4411 3699 4484 adinvicem

429 4501 644 4555 semper
672 4484 899 4556 diligite.
932 4483 1078 4556 Nihil
1107 4484 1178 4538 sit
1205 4484 1258 4537 in
1291 4483 1617 4556 vobisquod
1663 4485 1838 4555 possit
1879 4501 1976 4541 vos
2009 4480 2236 4555 pariiri;
2295 4480 2391 4542 sed
2438 4485 2709 4540 uniamini
2761 4484 3024 4556 episcopo
3049 4494 3105 4539 et
3141 4480 3597 4552 praesidentibus,
3643 4481 3699 4534 in

430 4554 618 4628 typum
649 4565 702 4611 et
731 4555 1037 4611 doctrinam
1067 4554 1513 4626 incorruptionis.
1665 4554 1678 4555 ί
2013 4554 2018 4555 “
2173 4558 2202 4564 "

1863 4673 2095 4732 CAPUT
2130 4673 2244 4730 VII.

496 4794 965 4862 Quemadmodum
1006 4793 1170 4865 igitur
1191 4795 1452 4850 Dominus
1483 4795 1602 4851 sine
1626 4794 1788 4851 Patre
1819 4797 1954 4851 nihil
1989 4796 2137 4862 fecit,
2166 4797 2370 4852 'unitus
2406 4797 2698 4860 exsistens,
2736 4808 2912 4863 neque
2943 4807 3049 4865 per
3083 4787 3350 4865 seipsum,
3376 4802 3568 4865 neque
3598 4801 3696 4865 pel:

429 4857 710 4936 apostolos
737 4885 750 4919 :
784 4867 866 4920 sic
894 4857 1070 4938 neque
1087 4881 1192 4938 vos
1215 4865 1615 4938 sineepiscopo
1635 4876 1689 4921 et
1712 4868 2044 4938 presbyteris
2072 4857 2274 4938 aliquid
2301 4868 2623 4938 operemini.
2649 4857 2837 4938 Neque
2867 4857 3085 4938 tentetis
3119 4857 3693 4938 rationabilealiqnid

430 4929 691 5008 apparere
731 4935 947 5008 proprie
966 4929 1163 5008 vobis;
1202 4936 1295 5008 sed
1343 4929 1403 4990 in
1442 4929 1678 5006 idipsum
1711 4929 1818 4992 una
1853 4929 2189 5008 o'ratioLuna
2223 4929 2554 5008 deprecatio,
2587 4929 3105 5008 unus_:intelle_ctus,
3139 4946 3246 4983 una
3262 4945 3428 5008 _spes,
3459 4929 3515 4981 in
3556 4929 3695 5008 icha-

426 5000 610 5074 ritate,
642 5006 694 5059 in
727 5000 924 5078 gaudio
948 5005 1372 5078 ilicoinquinato
1405 5024 1418 5060 :
1452 5000 1599 5078 qu'od
1627 5017 1710 5062 est
1742 5007 1994 5064 Christus
2034 5000 2223 5072 'Jesus,
2254 5000 2365 5078 quo
2399 5009 2595 5062 melius
2627 5005 2765 5078 nihil
2804 5013 2908 5058 cst.
2937 5004 3144 5078 anes
3176 5009 3234 5054 ut
3262 5000 3316 5053 in
3348 5013 3523 5052 unum
3551 5007 3698 5078 tem-

426 5068 922 5147 plum'concvurrite
947 5075 1068 5142 Dei,
1107 5068 1247 5130 ut'in
1284 5068 1683 5144 unum-altare,
1713 5088 1773 5134 ut
1812 5078 1867 5132 in
1902 5095 2071 5134 unum
2104 5068 2289 5136 Jesuni
2325 5078 2628 5142 Christum,
2673 5075 2741 5131 ab
2785 5089 2894 5129 uno
2937 5071 3100 5127 Patre
3147 5079 3466 5133 exeuntem,
3527 5077 3584 5123 et
3638 5068 3693 5121 in

428 5163 601 5202 unum
624 5148 978 5203 exsistentem
1007 5155 1062 5202 et
1081 5154 1471 5203 revertentem.

495 5302 610 5373 (40)
648 5301 690 5357 1.
741 5317 792 5357 e.
843 5302 999 5373 [idem
1053 5313 1103 5358 et
1153 5303 1494 5358 charitatem'
1532 5304 1694 5359 totius
1751 5302 2001 5360 Ecclesia
2031 5307 2076 5362 D
2105 5304 2367 5359 unitatem
2407 5312 2646 5358 vestram
2684 5316 2830 5373 cum
2874 5299 3133 5373 episcopo
3170 5293 3598 5364 conspicientes,
3624 5293 3692 5349 ad

385 5395 398 5432 ι
426 5369 852 5446 Μιιῃηεεξοναηιξ
873 5445 879 5446 γ
1206 5444 1219 5446 Α
1310 5442 1354 5446 __
1480 5445 1485 5446 ί
1894 5445 1897 5446 ,

1894 5445 1897 5446 ν
1938 5445 1943 5446 ί
2109 5376 2524 5446 persuasionem
2553 5374 2621 5428 de
2645 5371 2754 5426 vita
2780 5371 2870 5426 illa
2902 5369 3268 5446 adducuntur.

387 5449 400 5501 ί
486 5434 610 5516 (Π)
648 5444 748 5501 Ms.
780 5445 1062 5516 ἀγάπησα,
1114 5444 1276 5500 male.
1310 5442 1429 5500 Vet.
1477 5445 1705 5516 interpr.
1755 5446 1813 5499 in
1865 5445 1908 5498 d:

2179 5445 2292 5516 (44)
2331 5444 2371 5498 1.
2409 5459 2459 5500 e.
2493 5453 2647 5499 extra
2674 5441 3090 5516 communionem
3119 5434 3350 5505 episcopi
3395 5444 3443 5489 et
3478 5434 3700 5503 presby-

423 5510 615 5568 ctione.
830 5510 840 5513 ⁷
958 5510 969 5516 ’
1582 5519 1584 5521 ’
1621 5510 1638 5516 ’
2104 5510 2356 5578 tererem,
2388 5516 2445 5568 in
2472 5513 2866 5567 conventiculis.
2906 5510 3100 5578 Sami.

495 5583 616 5664 (42).
645 5582 720 5638 lta
769 5583 915 5664 dedi_
955 5601 1022 5640 ex
1065 5585 1474 5664 jnterpolatqre
1521 5594 1591 5664 et.
1621 5585 2001 5664 emendatione
2110 5654 2131 5664 -
2171 5585 2286 5664 (4.5)
2328 5573 2475 5638 Ἕνα
2506 5584 2816 5640 addendum
2847 5589 3043 5651 putant
3078 5575 3325 5642 Vossius,
3359 5573 3608 5644 Toupius
3638 5583 3689 5628 et

425 5651 1044 5728 Toupii,_consenticnte
1065 5651 1364 5728 Pearsono.
1397 5657 1514 5712 Jac.
1543 5655 1643 5712 Ms.
1675 5656 1771 5728 τῷ,
1799 5659 1965 5728 male.
2103 5651 2474 5728 Jacobsonus.

498 5715 690 5793 (5)1.
735 5739 787 5779 e.
833 5726 1014 5800 unitas
1036 5742 1170 5800 cum
1207 5727 1463 5800 episcopo
1490 5737 1574 5800 cst
1601 5715 1905 5800 typu's'vitae
1934 5726 1971 5800 il

2169 5727 2281 5798 (46)
2321 5729 2362 5782 1.
2401 5742 2456 5798 q.
2489 5726 2568 5791 εἰς
2599 5725 2697 5781 ἕνα
2727 5723 3052 5796 χωρήσαντα
3087 5719 3179 5773 καὶ
3211 5717 3341 5772 ὄντα
3377 5715 3476 5772 σῦν
3520 5715 3685 5790 αὐτῷ.

426 5792 554 5861 lius,
585 5792 750 5864 Quam
782 5797 953 5855 sancti
1001 5797 1187 5856 vivunt
1218 5792 1344 5875 .Dco
1375 5792 1532 5871 uniti,
1569 5792 1839 5870 simulque
1875 5797 1992 5867 eiii,
