3852 6210
168 359 283 413 689

1307 358 1649 417 EPISTOLA
1696 360 1786 416 AD
1827 359 2242 418 MAGNESIOS.

3339 357 3446 413 670

1132 480 1271 537 VIII.
1305 481 1495 538 Cauete
1526 499 1560 537 a
1586 482 1741 552 falsis
1767 482 2023 537 doctrinis
2055 481 2489 536 Judaizantt’um.

244 594 360 668 (47)
389 597 481 670 Μὴ
513 599 787 654 πλανᾶσθε
819 603 942 667 ταῖς
973 602 1331 675 ἑτεροδοξίαις
1364 603 1503 675 μηδὲ
1526 601 1637 675 (48)
1670 620 1771 674 μυ-

1941 603 2020 659 Ne
2044 602 2382 660 seducamini
2406 599 2600 657 alienis
2627 598 2918 666 doctrinis,
2959 614 3138 670 neque
3177 597 3451 654 veteribus

163 683 444 757 θεύμασιν
492 691 607 752 τοῖς
659 690 926 755 παλαιοῖς,
959 691 1290 760 ἁνωφελέσιν
1338 688 1508 747 οὖσιν.
1542 694 1607 746 EI
1658 693 1768 765 γὰρ

167 778 342 849 μέχρι
373 778 470 834 νῦν
497 780 639 834 κατὰ
671 781 780 854 (49)
816 780 1027 855 [νόμον]
1044 783 1376 854 Ἰουδαῖσμὸν
1407 783 1610 856 ζῶμεν,
1635 785 1767 856 ὁμο-

162 869 442 941 λογοῦμεν
473 872 632 944 χάριν
668 873 743 943 μὴ
777 859 1078 944 εἰληφέναι.
1106 875 1168 928 Oi
1197 872 1307 945 γὰρ
1333 873 1596 928 θειότατοι
1627 891 1764 947 προ-

163 962 345 1032 φῆται
377 961 518 1016 κατὰ
545 963 780 1034 Χριστὸν
822 964 1030 1035 Ἰησοῦν
1075 964 1294 1037 ἔζησαν.
1331 964 1430 1020 Διὰ
1471 965 1630 1021 τοῦτο
1672 967 1768 1021 καὶ

163 1051 532 1125 ἐδιώχθησαν,
566 1054 926 1127 ὲμπνεόμενοι
959 1056 1065 1109 ὑπὸ
1097 1057 1193 1127 τῆς
1224 1055 1446 1127 χάριτος
1477 1056 1663 1120 αὐτοῦ,
1687 1059 1769 1121 εἰς

159 1143 233 1197 τδ
282 1144 764 1217 τοληροφορηθῆναι
811 1147 938 1210 τοὺς
967 1146 1348 1212 ἀπειθοῦντας,
1387 1150 1470 1202 ὅτι
1515 1143 1596 1212 εἷς
1637 1149 1770 1212 Θεός

162 1240 344 1302 ἐστιν,
377 1239 407 1292 ὀ
451 1237 773 1310 φανερώσας
817 1239 1007 1292 ἑαυτὸν
1052 1238 1140 1293 διὰ
1183 1239 1358 1311 Ἰησοῦ
1404 1240 1640 1313 Χριστοῦ
1673 1239 1766 1294 τοῦ

164 1328 310 1384 Υἰοῦ
348 1329 535 1396 αὐτοῦ,
569 1331 629 1394 ὃς
673 1332 823 1386 ἐστιν
871 1331 1038 1386 αὑτοῦ
1083 1333 1254 1403 Λόγος
1301 1335 1490 1398 ἀΐδιος,
1523 1333 1622 1386 οὐκ
1660 1332 1769 1388 ἀπὸ

166 1420 288 1491 (50)
324 1421 486 1492 σιγῆς
515 1421 815 1493 προελθὼν,
836 1423 896 1488 ὃς
923 1425 1067 1480 κατὰ
1088 1427 1264 1482 πάντα
1295 1425 1656 1501 εὐηρέσττισεν
1688 1425 1765 1495 τῷ

164 1513 458 1584 πέμψαντι
490 1513 674 1568 αὐτόν.

1871 695 2092 760 fabulis,
2121 711 2244 766 quae
2270 702 2400 750 sunt
2431 693 2673 749 inutiles.
2706 690 2764 748 Si
2789 692 2935 747 enim
2970 691 3150 746 adhuc
3165 691 3320 761 juxta
3351 689 3454 762 [le-

1869 785 2013 858 gem]
2047 785 2389 841 Judaismum
2415 784 2676 845 vivimus.
2703 783 3046 846 confitemur,
3075 797 3179 837 nos
3218 781 3450 852 gratiam

1869 894 1982 933 non
2012 877 2310 948 accepisse.
2338 875 2678 932 Divinissimi
2709 889 2945 945 namque
2988 875 3268 944 pr0phetaa
3295 873 3452 944 juxta

1869 967 2056 1025 Iesum
2083 968 2364 1023 Christum
2392 967 2667 1023 vixerunt.
2691 963 2774 1021 0b
2811 967 2915 1020 hoc
2937 973 2992 1020 et
3017 966 3452 1036 persecutionem

1872 1061 2022 1133 passi
2064 1071 2212 1127 sunt,
2249 1061 2421 1132 gratia
2457 1061 2629 1131 ipsius
2655 1059 2927 1130 inspirati,
2959 1069 3038 1126 ut,
3062 1059 3154 1130 qui
3184 1070 3342 1117 erant
3364 1061 3452 1114 in-

1873 1154 2104 1219 creduli,
2136 1153 2270 1210 certi
2314 1151 2693 1213 redderentur,
2716 1149 2862 1219 quod
2892 1165 3036 1205 unus
3065 1150 3137 1205 sit
3165 1149 3330 1216 Deus,
3359 1149 3455 1219 qui

1873 1247 2114 1317 seipsum
2146 1242 2581 1300 manifestaverit
2607 1257 2706 1312 per
2727 1239 2916 1296 Jesum
2948 1241 3228 1296 Christum
3253 1241 3452 1295 Filium

1872 1353 2056 1401 suum,
2088 1337 2182 1408 qui
2211 1345 2294 1392 est
2328 1333 2566 1390 Verbum
2598 1332 2720 1402 ejus
2745 1341 3033 1399 aeternum,
3056 1350 3165 1389 non
3214 1341 3340 1404 post
3381 1336 3457 1388 si-

1871 1428 2098 1483 lentium
2149 1426 2524 1498 progrediens,
2575 1423 2782 1493 quique
2825 1424 2882 1479 in
2931 1425 3190 1482 omnibus
3241 1425 3315 1493 ei,
3359 1425 3456 1496 qui

1871 1519 2052 1590 ipsum
2082 1519 2328 1584 miserat,
2360 1514 2713 1586 complacuit.

1397 1632 1491 1690 IX.
1539 1634 1788 1692 Vivamus
1829 1653 1952 1692 cum
1989 1636 2224 1694 Christo.

244 1744 311 1798 EI
357 1741 453 1798 οῦν
500 1745 552 1798 οἱ
585 1730 656 1796 ’ὲν
703 1744 815 1817 (51)
862 1745 1109 1812 παλαιοῖς
1150 1749 1466 1822 πράγμασιν
1497 1753 1769 1824 ἀναστρα-

165 1837 371 1907 φέντες
411 1839 492 1901 εἰς
537 1837 834 1911 καινότητα
868 1833 1297 1914 ἐλπίδοςῆλθον,
1335 1844 1530 1914 μηκέτι
1566 1845 1771 1900 σαϐϐα-

1941 1752 1998 1807 Si
2028 1752 2215 1823 igitur,
2243 1754 2338 1822 qui
2389 1755 2445 1810 in
2493 1757 2663 1813 veteri
2717 1770 2901 1813 rerum
2949 1751 3141 1807 ordine
3168 1750 3455 1819 degerunt,

1869 1842 1938 1899 ad
1971 1859 2168 1899 novam
2205 1861 2356 1914 spem
2391 1856 2776 1916 pervenerunt,
2826 1859 2936 1900 non
2986 1842 3221 1912 amplius
3251 1839 3460 1895 Sabba-

163 1930 433 1996 τίζοντες,
468 1929 604 1983 ἀλλὰ
636 1930 777 1984 κατὰ
809 1913 1225 2004 (52)ῃκυριακὴν
1272 1913 1418 2006 ζώὴν
1452 1934 1674 2000 ζῶντες,
1712 1937 1770 1991 έν

1888 1951 1986 1989 .um
2017 1936 2281 2005 colentes,
2315 1939 2408 1994 sed
2431 1941 2589 2010 juxta
2614 1938 2952 1996 Dominicam
2981 1935 3248 1995 viventes,
3272 1931 3327 1985 in
3349 1945 3457 2000 qua

162 2019 204 2098 ᾖ
241 2024 340 2078 καὶ
369 2025 403 2094 ἡ
431 2021 552 2095 »ζωὴ
585 2021 741 2094 ἡμῶν
772 2023 1047 2077 ἀνέτειλεν
1077 2023 1144 2077 δι’
1165 2025 1330 2079 αὐτοῦ
1350 2027 1448 2079 καὶ
1477 2025 1572 2081 τοῦ
1605 2026 1772 2082 θανά-

167 2133 272 2170 του
322 2113 488 2168 αὑτοῦ
522 2143 588 2153 -
620 2115 681 2167 ὃν
731 2117 877 2177 τινες
921 2113 1231 2186 ἀρνοῦνται,
1265 2115 1333 2168 δι’
1365 2110 1426 2171 οὗ
1476 2117 1773 2189 μυστηρίου

163 2207 442 2279 ἐλάϐομεν
492 2207 554 2261 τὺ
600 2207 902 2274 πιστεύειν,
937 2209 1033 2262 καὶ
1076 2207 1166 2262 διὰ
1204 2207 1365 2262 τοῦτο
1405 2209 1771 2282 ὑπομένομεν,

165 2303 264 2356 ἴνα
308 2299 625 2371 εὑρεθῶμεν
675 2299 912 2374 μαθηταὶ
955 2298 1130 2371 Ἰησοῦ
1175 2298 1414 2372 Χριστοῦ
1462 2299 1557 2353 τοῦ
1605 2301 1772 2371 μόνου

163 2388 492 2446 διδασκάλου
529 2389 799 2462 ἡμῶν,-
831 2389 952 2452 πῶς
1002 2392 1168 2461 ἡμεῖς
1216 2391 1559 2464 δυνησόμεθα
1610 2392 1772 2464 ζῆσαι

165 2483 345 2555 χωρὶς
378 2481 565 2548 αὐτοῦ,
599 2476 662 2535 οὗ
694 2481 790 2536 καὶ
814 2482 865 2535 οἱ
898 2483 1174 2554 προφῆται
1211 2483 1448 2554 μαθηταὶ
1497 2484 1650 2550 ὄντες
1693 2486 1773 2558 τῷ

164 2574 451 2646 πνεύματι
481 2574 558 2638 ὡς
587 2573 908 2628 διδάσκαλον
933 2574 1095 2628 αὑτὸν
1126 2575 1521 2646 προσεδόκουν;
1544 2577 1656 2631 Καὶ
1683 2577 1773 2632 διὰ

164 2667 357 2732 τοῦτο,
389 2666 450 2720 ὃν
496 2666 720 2730 δικαίως
765 2666 1050 2738 ἀνέμενον,
1085 2666 1278 2740 παρὼν
1324 2668 1544 2741 ῆγειρεν
1575 2670 1768 2734 αὐτοὺς

165 2763 240 2815 ὲκ
270 2759 482 2832 νεκρῶν
497 2758 540 2814 ³.

1869 2038 1923 2086 et
1948 2029 2061 2084 vita
2093 2039 2280 2086 nostra
2306 2041 2497 2087 exorta
2521 2043 2604 2089 est
2628 2047 2726 2102 per
2753 2031 2932 2100 ipsum
2956 2036 3012 2082 et
3029 2032 3257 2080 mortem
3286 2021 3460 2092 ipsius

1869 2121 2077 2192 (quam
2107 2121 2332 2191 quidam
2369 2132 2592 2194 negant,
2625 2138 2722 2191 per
2748 2119 2896 2192 quod
2927 2116 3250 2189 mysterium
3298 2113 3458 2166 tidem

1867 2212 2202 2282 acceI’imus,
2227 2222 2282 2268 et
2322 2223 2544 2284 propter
2585 2214 2692 2269 hoc
2723 2211 3084 2272 sustinemus,
3123 2216 3182 2261 ut
3211 2203 3459 2259 invenia-

1868 2319 1994 2358 mur
2021 2303 2276 2374 discipuli
2308 2303 2437 2372 Jesu
2475 2305 2705 2371 Christi,
2737 2303 2911 2359 solius
2943 2301 3185 2356 doctoris
3221 2296 3389 2351 nostri
3418 2295 3460 2364 ),

1875 2397 2153 2467 quomodo
2204 2411 2306 2452 nos
2358 2398 2666 2468 poterimus
2715 2398 2897 2452 vivere
2944 2395 3065 2450 sine
3112 2391 3248 2461 ipso.
3297 2403 3459 2459 quem

1874 2487 2040 2542 etiam
2083 2489 2384 2558 prophetae,
2416 2504 2541 2544 cum
2589 2497 2776 2544 essent
2810 2486 3005 2557 spiritu
3035 2481 3288 2551 discipuli
3315 2479 3459 2550 ejus,

1873 2588 1935 2635 ut
1963 2581 2242 2636 doctorem
2274 2582 2704 2651 exspectabant?
2738 2581 2807 2635 Et
2831 2587 3051 2649 propter
3073 2575 3180 2630 hoc
3201 2574 3248 2629 is
3297 2588 3459 2644 quem

1873 2673 2350 2745 praestolabantur,
2381 2675 2676 2732 adveniens
2719 2673 3009 2731 suscitavit
3029 2672 3184 2742 ipsos
3206 2683 3274 2724 ex
3311 2680 3463 2720 mor-

1872 2765 2002 2823 tuis.

1545 2875 1613 2930 X.
1645 2876 1830 2934 Nolite
1855 2880 2157 2950 iudaizare.

247 2979 344 3065 Μὴ
377 2987 474 3046 οὖν
505 2990 917 3062 ἀναισθητῶμεν
946 2989 1057 3063 (55)
1079 2990 1182 3062 τῆς
1203 2991 1569 3064 χρηστότητος
1586 2991 1772 3046 αὐτοῦ.

1949 2998 2106 3053 Absit
2130 3013 2261 3069 ergo
2295 3013 2322 3052 a
2370 2999 2550 3063 nobis,
2576 3013 2683 3052 non
2708 2995 2918 3051 moveri
2957 2990 3289 3063 benignitate
3319 2991 3459 3073 ejus.

167 3087 278 3142 ’Δν
307 3085 419 3157 γὰρ
451 3084 602 3157 ἡμᾶς
635 3083 745 3155 (54)
783 3085 1100 3155 μιμήσεται,
1120 3083 1280 3138 ’καθὰ
1311 3085 1648 3155 πράσσομεν,
1675 3087 1775 3140 οὐκ

1888 3087 1938 3144 Si
1963 3091 2110 3145 enim
2156 3108 2258 3147 nos
2295 3092 2540 3147 imitetur
2575 3090 2879 3147 secundum
2919 3105 3007 3155 ea,
3037 3104 3160 3157 quae
3205 3085 3464 3140 facimus.

1534 3228 1714 3289 Vetus
1765 3229 2104 3308 interpres.

1602 3349 1833 3407 CAPUT
1869 3353 2006 3408 VIII.
2043 3383 2050 3388 -

245 3446 369 3502 Non
402 3446 601 3518 erretis
629 3447 909 3518 extraneis
945 3443 1319 3518 opinionibus,
1365 3459 1546 3518 neque
1585 3444 1788 3504 fabulis
1832 3451 2133 3516 veteribus,
2175 3451 2464 3507 inutilibus
2510 3448 2951 3506 exsistentibus.‘
2988 3447 3047 3502 Si
3091 3447 3239 3502 enim
3286 3462 3464 3518 usque

167 3534 330 3591 nunc
356 3515 1038 3591 secundumludaismum
1074 3515 1333 3591 vivimu§,
1374 3516 1702 3591 conﬁtemur
1746 3520 1978 3588 gratiam
2011 3515 2124 3576 non
2168 3522 2470 3591 recepisse.
2521 3520 2861 3591 Divinissimi
2899 3519 3043 3572 enim
3071 3519 3348 3591 propheta:
3373 3515 3463 3591 se:

168 3588 419 3661 eundum
442 3584 725 3661 Christum
756 3586 946 3643 Jesum
977 3587 1254 3661 vixerunt.
1281 3584 1512 3661 Propter
1545 3586 1651 3641 hoc
1678 3597 1732 3643 et
1750 3584 2208 3661 persecutionem
2239 3584 2389 3661 passi
2420 3600 2569 3656 sunt,
2595 3589 2850 3661 inSpirati
2882 3604 2913 3642 a
2950 3584 3126 3661 gratia
3167 3584 3361 3661 ipsius,
3394 3588 3464 3642 ad

169 3659 485 3731 certiticare
515 3657 1216 3731 impersuasos,_guoniam
1243 3670 1386 3710 unus
1415 3655 1560 3711 Deus
1601 3666 1706 3723 est,
1739 3655 1836 3731 qui
1870 3655 2259 3731 manifestavit'
2286 3662 2531 3731 seipsum
2556 3655 2909 3731 iper—{Iesum

2989 3651 3226 3712 Iit-istum
3259 3657 3460 3712 Filium

171 3729 358 3803 ipsius
381 3744 414 3803 ;_
440 3727 535 3803 qui
579 3726 665 3783 est
706 3727 884 3799 ipsius
926 3726 1164 3784 Verbum
1211 3733 1501 3794 aeternum,
1529 3740 1641 3781 non
1676 3745 1709 3783 a
1742 3726 1963 3786 silentio
1989 3732 2345 3803 progrediens
2365 3726 2388 3800 ;’
2409 3732 2505 3802 qui
2541 3726 2844 3787 secundum
2893 3728 3081 3785 omnia
3117 3728 3460 3798 beneplacuit

1631 3865 1863 3923 CAPUT
1900 3867 1988 3922 IX.

249 3961 307 4017 Si
342 3963 584 4044 igiturin
623 3961 1100 4044 veteribus'rebus
1137 3963 1472 4044 conversati,
1525 3963 1581 4044 in
1626 3964 1924 4019 novitatem
1969 3967 2084 4036 spei
2136 3978 2427 4044 venerunt,
2460 3983 2570 4024 non
2621 3968 2857 4037 amplius
2903 3965 3457 4044 sabbatizantes,_sed

172 4032 859 4120 secundumDominicam
893 4035 1160 4120 viventes,
1194 4033 1250 4085 in
1285 4048 1394 4114 qua
1426 4042 1481 4089 et
1512 4035 1622 4120 vita
1649 4045 1838 4120 nostra
1865 4045 1982 4090 orta
2000 4032 2095 4092 est
2123 4055 2220 4120 per
2246 4032 2430 4120 ipsum
2458 4049 2513 4093 et
2543 4032 2772 4092 mortem
2807 4040 2988 4120 ipsius.
3023 4037 3204 4108 (quod
3229 4035 3459 4120 quidam

171 3797 418 3854 mittenti
443 3797 646 3868 ipsum.

173 4112 403 4174 negant,
446 4118 546 4174 per
586 4103 732 4172 quod
772 4105 1094 4174 mysterium
1131 4118 1262 4158 acce

1303 4105 1446 4158 imus
1489 4105 1732 4176 credere,
1775 4113 1830 4159 et
1877 4118 2097 4176 propter
2123 4105 2655 4172 line—sustinemus,
2709 4120 2769 4162 ut
2812 4105 3155 4163 inveniamur
3210 4106 3461 4174 discipuli

173 4119 403 4174 negant,
446 4119 546 4184 per
586 4119 732 4172 quoa
772 4119 1094 4174 myStertum
1131 4119 1262 4158 acce
1303 4119 1446 4158 unus
1489 4119 1732 4169 creuere,
1775 4119 1830 4159 et
1877 4119 2097 4176 propter
2137 4119 2244 4164 hoc
2297 4119 2655 4172 sustinemus,
2709 4120 2769 4162 ut
2812 4119 3155 4163 inveniamur
3210 4119 3454 4174 dlSClpuIl

171 4173 311 4254 Jesu
341 4173 773 4254 Ch.risti,isolius
797 4175 1043 4254 doctoris
1087 4119 1321 4254 nostris;
1351 4174 1632 4254 quomodo
1666 4189 1768 4230 nos
1807 4177 2112 4254 p0teri_mus
2136 4179 2318 4234 vivere
2353 4181 2470 4254 sine
2504 4180 2655 4254 ipso;
2685 4179 2845 4254 cujus
2874 4189 2927 4234 et
2949 4178 3249 4254 prophetm,
3287 4176 3454 4229 disci-

172 4244 292 4314 puli
319 4244 667 4320 exsis_tent_es_
685 4244 907 4312 spiritu,
948 4245 1130 4320 ipsum
1157 4252 1220 4299 ut
1259 4244 1543 4300 doctorem
1573 4245 2003 4315 exspectabant?
2043 4257 2098 4304 et
2125 4258 2350 4320 propter
2377 4251 2485 4306 hoc
2511 4244 2659 4319 quod
2699 4244 2846 4319 ju'ste
2878 4244 3269 4318 exspectabant
3325 4261 3464 4316 pra:-

174 4313 309 4369 sens
335 4313 626 4369 suscitavit
653 4313 805 4384 ipsos
834 4329 902 4369 ex
927 4313 1185 4370 mortuis.

1649 4382 1884 4439 CAPUT
1922 4386 1988 4442 Χ.

246 4479 372 4535 Non
399 4480 568 4552 igitur
595 4496 704 4537 non
739 4481 1046 4537 sentiamus
1077 4479 1466 4552 benignitatem
1515 4479 1708 4552 ipsius.
1743 4479 1802 4536 Si
1833 4483 1978 4537 enim
2024 4500 2128 4541 nos
2172 4494 2532 4557 persequatur
2591 4485 2892 4542 secundum
2932 4481 3082 4554 quod
3133 4494 3453 4551 Operamur,

161 4604 172 4656 ξ
256 4622 280 4654 ³
317 4621 517 4678 Matth.
551 4638 731 4690 xxvn,
773 4620 863 4678 52.

255 4765 376 4837 (47)
415 4764 660 4836 lgnatius
709 4779 819 4822 non
870 4763 982 4818 duo
1029 4763 1250 4837 diversa
1280 4761 1777 4837 luereticorumgge—
1808 4773 1852 4829 υ
1881 4766 2105 4823 telcrius
2137 4765 2212 4834 (a.
2246 4765 2302 4820 li.
2328 4763 2391 4836 l.)
2415 4772 2468 4819 et
2490 4761 2666 4837 Bothe
2693 4760 2882 4833 (Anf.,
2910 4774 2964 4837 ῃ.
2997 4756 3160 4837 ἶὲϐ),
3185 4754 3459 4837 Egnatium

177 4826 478 4903 nera,'sed
511 4851 681 4890 unum
737 4844 948 4904 tantum
971 4850 1192 4904 igenus,
1221 4834 1620 4903 judaizantium
1653 4826 1777 4891 dico
1808 4826 1837 4829 —
1880 4839 2108 4903 dixisse,
2140 4826 2425 4892 monentes
2459 4853 2473 4888 :
2515 4826 2769 4888 Christus
2797 4826 2881 4904 est
2910 4826 3140 4904 Verbum
3182 4826 3276 4880 Dei
3305 4834 3463 4904 aeter-

178 4906 836 4976 Docetarum‘i‘mpttgnat.
861 4903 1199 4976 CI._P'roleg.i
1215 4912 1401 4976 nostra
1426 4905 1499 4976 ad_
1515 4905 1776 4972 epistolas

180 4977 242 5033 ὃ.
274 4975 474 5047 Ignatii
511 4971 714 5047 NrCV,
751 4975 784 5029 6
807 5017 822 5042 ,
861 4985 915 5030 et
948 4971 1330 5047 Diister'dieck,
1360 4973 1439 5028 De
1468 4971 1777 5044 Igriatiana-

180 5045 489 5116 rum'epist.
530 5046 828 5116 aut/tentia,
861 5061 916 5114 p.
947 5045 1019 5099 55
1041 5059 1164 5116 sqq.

166 5162 169 5187 ί
253 5113 373 5186 (48)
411 5115 498 5172 Cf.
531 5117 554 5169 ι
584 5115 728 5170 Tim.
758 5132 798 5180 ι,
827 5113 892 5187 4ξς
925 5131 999 5187 tv,
1027 5113 1297 5187 7;—Tiit.4l,
1324 5113 1413 5169 14.

255 5185 373 5259 (49)
412 5187 524 5241 Aut
550 5187 714 5258 νόμον
745 5194 843 5241 aut
869 5185 1771 5259 ’Iouba’iopov'interpretamentum

179 5256 326 5320 esse,
351 5256 581 5313 ’summo
619 5256 894 5312 consensu
924 5257 1264 5311 contendunt
1286 5256 1546 5312 editores.
1577 5257 1776 5313 Jacob-

180 5344 385 5386 sonum
412 5335 638 5398 secutus
681 5327 845 5398 νόμον
889 5326 1048 5382 uncis
1095 5327 1318 5398 inclusi,
1349 5327 1660 5398 quiavetus
1692 5329 1777 5398 in-

182 5410 398 5481 terpres
419 5396 764 5481 Judaisntnm
789 5405 999 5451 tantum
1015 5397 1264 5481 exhibet,
1282 5406 1336 5455 et
1359 5411 1460 5452 nos
1483 5396 1625 5453 infra
1642 5414 1692 5454 c.
1707 5397 1776 5453 I0

181 5464 441 5542 legimus,
473 5467 617 5542 κατὰ
648 5465 1072 5542 Χριστιανισμὸν
1105 5464 1225 5542 ζῇν.

255 5537 371 5609 (50)
409 5539 993 5609 Ignatiano-mastiges
1005 5537 1363 5609 contendunt,
1383 5537 1500 5592 ﬁeri
1516 5537 1606 5593 hic
1621 5553 1777 5593 men-

184 5606 390 5674 tionem
439 5606 607 5679 Σιγῆς
636 5606 908 5662 Valentini
956 5606 1236 5679 Gnostici,_
1255 5615 1311 5662 et
1334 5608 1460 5662 inde
1493 5623 1777 5678 apparere,

183 5681 473 5747 epistolam
525 5677 771 5733 uestram
815 5693 924 5731 non
967 5679 1037 5732 ab
1068 5677 1278 5747 Ignatio
1320 5693 1443 5732 esse
1470 5687 1772 5736 exaratam.

188 5747 782 5825 Respondet‘Vossius,
818 5747 1124 5825 respexisse
1141 5748 1420 5825 Ignatium
1453 5749 1518 5802 ad
1560 5747 1781 5825 Gnosti—

186 5817 609 5885 cus—Valentino
641 5817 1016 5892 antiquiores;
1051 5818 1246 5876 melius
1265 5827 1444 5876 autem
1473 5825 1642 5888 agunt
1668 5817 1776 5876 Co-

1879 4925 2034 4972 num,
2068 4894 2214 4978 quod
2245 4905 2568 4978 noniinstar
2597 4902 2819 4978 humani
2857 4899 3128 4978 sermonis
3155 4906 3268 4978 post
3297 4894 3460 4978 sitcu—

1881 4966 2130 5054 tium'séu
2151 4993 2178 5030 ε
2197 4977 2409 5030 silentio
2430 4973 2952 5054 progreditur,_non
2975 4969 3168 5054 junius
3189 4974 3273 5054 est
3295 4966 3461 5054 silen-

1877 5049 1976 5115 tio,
2006 5048 2099 5104 sed
2131 5057 2409 5102 (sternunt.
2428 5037 2606 5098 Simili
2630 5041 2792 5096 modo
2805 5041 2918 5112 jam
2941 5038 3295 5110 interpolator
3315 5037 3462 5090 hunc

1876 5119 2058 5174 locum
2093 5117 2371 5188 explicuit.

1951 5189 2065 5259 (51)
2102 5183 2221 5259 Ife.
2249 5188 2304 5241 in
2349 5185 2526 5259 Veteri
2558 5183 2925 5259 Testamento._
2998 5247 3011 5259 _
3218 5245 3233 5259 ἱ
3257 5245 3269 5257 θ
3319 5252 3331 5259 _

1950 5245 2065 5328 (52)
2102 5257 2234 5312 Post
2261 5258 2528 5328 κυριακήν
2558 5251 2868 5328 necessario
2901 5247 3126 5328 inligari
3150 5245 3460 5328 subintelli-

1877 5317 2113 5402 gendum
2141 5337 2243 5394 est,
2267 5317 2412 5402 quod
2434 5317 2501 5380 ei
2525 5323 2878 5402 sequentibus
2903 5317 3066 5389 patet.
3095 5317 3287 5399 Sumt.
3304 5317 3460 5402 Ztnﬁtt

1880 5387 1988 5455 Tum
2016 5413 2138 5453 cum
2163 5387 2455 5469 κυρίακήν,
2493 5395 2588 5450 sed
2604 5387 2744 5449 'cum
2781 5387 2983 5455 ζῶντες
3016 5387 3458 5459 conjungendum

1877 5479 1980 5526 est.
2014 5469 2277 5523 PEABSON.

1950 5540 2064 5609 (5'5)
2100 5536 2277 5609 Verba
2307 5535 2366 5591 S.
2405 5533 2556 5590 Pauli
2579 5532 2646 5589 ad
2675 5533 2839 5588 Rom.
2864 5546 2928 5599 ιι,
2953 5531 2987 5585 4
3015 5529 3068 5584 in
3097 5534 3279 5583 mente
3300 5527 3460 5594 Igna—

1877 5609 1941 5666 tii
1962 5608 2144 5664 fuisse
2162 5608 2436 5661 videntur.

1951 5680 2066 5750 (54)
2104 5677 2145 5732 I.
2169 5693 2219 5734 e.
2259 5678 2314 5750 si
2353 5676 2494 5750 Detts
2539 5673 2719 5750 eodem
2762 5672 2920 5726 modo
2953 5670 3218 5727 nobiscum
3259 5674 3432 5739 ageret

1879 5744 2111 5810 Vossius
2136 5757 2191 5806 et
2227 5747 2319 5804 alii
2341 5747 2552 5804 malunt
2574 5744 2879 5815 τιμήσεται.
