3852 6210
421 341 525 400 6³11
1392 338 1642 398 SANCTI
1676 339 1934 398 IGNATII
1963 338 2326 400 EPISTOLAE
2373 341 2722 403 CENUINE.
3595 341 3710 396 στε

417 465 533 536 jam
564 460 846 534 periimus.
902 457 1221 532 Propterea,
1242 460 1500 534 discipuli
1523 462 1644 534 ejus
1666 462 1863 530 eﬂ'ecti,
1889 463 2004 520 dis-
2034 469 2084 529 Α
2109 464 2136 518 ε

2147 482 2190 520 τι
2217 465 2406 538 ἐσμέν.
2443 465 2541 520 Διὰ
2571 465 2748 528 τοῦτο,
2778 461 3015 536 μαθηταὶ
3046 455 3210 517 αὐτοῦ
3240 460 3539 534 γενόμενοι,
3592 462 3710 533 μά-

423 569 619 609 camus
649 551 952 608 secundum
981 552 1465 609 Christianismum
1504 553 1707 610 vivere.
1732 553 1837 621 Qui
1863 555 2012 610 enim
2112 557 2137 612 θ

2147 576 2296 630 ωμεν
2329 559 2469 613 κατὰ
2500 557 2919 630 Χριστιανισμὸν
2950 555 3177 628 ζῇν.“ος
3202 555 3310 628 ﬁt.
3334 553 3713 636 ἄλλῳ,

424 645 533 699 alio
575 645 796 699 nomine
825 653 1052 699 vocatur
1085 654 1282 715 praeter
1317 645 1442 713 hoc,
1466 659 1576 701 non
1599 651 1683 700 est
1710 644 1829 702 Dei.
1858 644 2011 714 Abji-
2107 665 2137 720 τ

2147 665 2162 719 ι
2179 647 2684 726 ,ἕᾳλτὲἷῗΕιΞ-...ἓλέΩἊ
2697 645 3076 720 5.5130920»...
3091 646 3190 718 ρῦκ
3207 713 3214 718 .
3229 646 3374 725 ἐς,ιὲ
3381 644 3710 725 199.9325.

423 739 532 794 cite
574 737 739 809 igitur
767 737 972 792 malum
1005 736 1367 807 fermentum,
1407 739 1768 794 inveteratum
1797 748 1854 796 et
1887 741 2006 796 aci-
2107 737 2137 810 (ὲ

2147 735 2574 812 ἲ6)⁹Υπέρθεσθε
2621 734 2714 792 οὖν
2757 737 2856 809 τὴν
2890 737 3066 808 κακὴν
3099 737 3295 808 ζύμην,
3329 736 3426 808 τὴν
3455 737 3714 790 παλαιω-

422 829 577 895 dum,
603 839 658 884 et
697 830 1142 886 transmutamini
1173 830 1228 885 in
1261 846 1462 886 novum
1490 829 2003 902 fermentum,quod
2105 832 2134 888 0

2147 836 2291 887 εἷσαν
2306 831 2398 886 καὶ
2413 826 2871 896 ὲνοξίσασανδ,καὶ
2889 827 3249 898 μεταϐάλεσθε
3263 828 3342 890 εἰς
3355 828 3480 882 νέαν
3495 826 3710 897 ζύμην,

422 927 508 974 est
565 917 726 974 Iesus
766 919 1042 974 Christus.
1091 919 1378 976 Saliamini
1439 921 1495 976 in
1561 921 1717 992 ipso,
1780 928 1840 976 ut
1893 935 2004 975 non
2101 925 2131 981 δ

2165 927 2313 980 ἐστιν
2356 920 2560 994 Ἰησοῦς
2601 919 2856 991 Χριστός.
2875 918 3153 990 Ἀλίσθητε
3198 921 3257 973 ὲν
3280 919 3451 990 αὐτῷ,
3486 919 3581 972 ἵνα
3635 920 3714 988 μὴ

424 1021 809 1082 corrumpatur
857 1012 1060 1083 aliquis
1111 1028 1142 1068 e
1182 1013 1362 1081 vobis,
1409 1013 1671 1084 quoniam
1727 1011 1797 1068 ab
1839 1011 2010 1068 odore
2105 1013 2136 1068 δ

2147 1011 2379 1082 ιαφθαρῇ
2407 1025 2489 1071 τις
2521 1007 2580 1061 ὲν
2610 1006 2760 1077 ὑμῖν,
2801 1005 2922 1057 ἐπεὶ
2953 1005 3060 1058 ἀπὸ
3090 1003 3189 1074 τῆς
3224 1004 3400 1074 ὀσμῆς
3436 1003 3717 1073 ἐλεγχθήο

2107 1097 2545 1158 σεσθε.Ἀτοπόν
2601 1099 2768 1160 ἐστιν,
2803 1095 3035 1168 Χριστὸν
3080 1094 3286 1167 Ἰησοῦν
3333 1095 3446 1164 (57)
3495 1095 3712 1160 λαλεῖν,

2106 1195 2200 1250 καὶ
2256 1191 2560 1256 ἰουδαΐζειν.
2609 1188 2723 1261 (58)
2751 1189 2809 1243 '0
2853 1187 2962 1259 γὰρ
3008 1187 3433 1260 Χριστιανισμὸς
3481 1189 3592 1242 οὐκ
3633 1191 3718 1252 εἰς

2121 1282 2450 1356 Ἰουδαῖσμὸν
2473 1281 2809 1345 ἐπίστευσεν,
2827 1279 2965 1334 ἀλλὰ
2995 1279 3320 1350 Ἰουδαῖσμδς
3339 1282 3418 1343 εἰς
3441 1281 3717 1351 Χριστια-

2109 1373 2322 1446 νισμδν,
2355 1371 2431 1435 ὼς
2464 1369 2575 1441 (59)
2608 1369 2758 1423 πᾶσα
2806 1369 3028 1440 γλῶσσα
3072 1368 3411 1424 πιστεύσασα
3454 1372 3538 1434 εἰς
3573 1369 3719 1424 Θεὸν

2112 1465 2350 1539 συνήχθη
2360 1504 2374 1517 .

1281 1584 1376 1642 XI.
1411 1584 1537 1641 Non
1569 1586 1864 1656 castigans,
1897 1583 1988 1638 scd
2018 1596 2108 1636 vos
2133 1579 2489 1651 prmmuniens
2519 1584 2632 1632 haec
2657 1575 2851 1632 scribo.

425 1103 850 1174 redarguemini.
881 1104 1194 1160 Absurdum
1218 1113 1324 1171 est,
1345 1102 1630 1160 Christum
1657 1101 1844 1159 Iesum
1883 1115 2012 1172 pro-

424 1197 553 1263 fari,
581 1206 636 1252 et
663 1198 968 1268 judaizare.
995 1195 1456 1252 Christianismus
1489 1195 1637 1252 enim
1683 1210 1792 1250 non
1824 1194 1879 1249 in
1909 1191 2010 1248 Iu-

427 1293 707 1347 daismum
755 1290 1008 1349 credidit.
1053 1289 1151 1344 sed
1198 1287 1514 1344 Iudaismus
1566 1287 1623 1343 in
1673 1284 2011 1342 Christiani-

424 1399 630 1452 smum,
653 1391 712 1440 ut
741 1381 924 1438 omnis
949 1381 1136 1452 lingua
1166 1380 1398 1437 credens
1427 1379 1496 1434 ad
1525 1378 1697 1435 Deum
1719 1391 2016 1448 congrega-

424 1485 593 1532 retur.

494 1709 622 1765 Ilaec
651 1719 833 1764 autem
861 1706 1068 1772 scribo,
1098 1703 1284 1760 dilecti
1318 1704 1448 1770 mei,
1475 1719 1587 1758 non
1620 1702 1769 1774 quod
1799 1716 2008 1771 cogno-

2183 1693 2368 1750 Ταῦτα
2390 1693 2467 1758 δὲ,
2493 1692 2768 1764 ἀγαπητοί
2803 1709 2928 1764 μου,
2961 1692 3061 1746 οὐκ
3106 1692 3230 1747 utsi.
3271 1693 3445 1762 ἔγνων
3481 1693 3602 1766 (60)
3639 1713 3723 1750 τι·

425 1803 620 1868 verim,
651 1801 867 1871 aliquos
889 1807 1130 1855 vestrum
1157 1798 1261 1852 hoc
1281 1797 1469 1851 animo
1484 1794 1708 1850 all‘ectos
1730 1809 1875 1860 esse,
1891 1791 2010 1858 sed,
2113 1807 2137 1842 ν

2149 1789 2214 1852 ὰς
2234 1787 2294 1854 ἐξ
2313 1786 2468 1858 ὑμῶν
2493 1785 2665 1848 οὕτως
2679 1784 2924 1856 ἔχοντας,
2945 1785 3061 1841 ἀλλ’
3079 1787 3156 1848 ὼς
3181 1785 3505 1858 μικρότερος
3529 1787 3720 1856 ὑμῶν,

426 1905 490 1950 ut
517 1895 701 1950 minor
730 1891 889 1947 vobis
911 1929 928 1955 ,
970 1898 1195 1946 cautum
1223 1887 1377 1944 vobis
1425 1887 1587 1957 cupio
1607 1927 1624 1954 ,
1655 1901 1724 1941 ne
1762 1885 2019 1940 incidatis
2048 1897 2092 1952 Β
2119 1881 2137 1933 ε

2147 1881 2259 1935 πέλω
2291 1879 2766 1952 προφυλάσσεσθαι
2794 1879 2958 1950 ὑμᾶς,
2993 1878 3067 1950 μὴ
3100 1881 3360 1950 ἐμπεσεῖν
3387 1881 3470 1943 εἰς
3501 1881 3576 1935 τὰ
3615 1882 3694 1951 ᾶγ

431 1986 489 2041 in
534 1987 732 2042 hamos
760 1985 940 2041 inanis
971 1985 1266 2050 doctrinae,
1309 1982 1407 2039 sed
1452 1990 1513 2037 ut
1539 1981 1695 2053 plene
1726 1981 1864 2036 certi
1887 1979 2010 2034 red-
2113 1992 2137 2030 at

2147 1990 2313 2046 ,ιστρα
2343 1973 2444 2043 τῆς
2476 1973 2799 2038 κενοδοξίας,
2834 1973 2972 2028 ἀλλὰ
3004 1973 3524 2047 πεπληροφορῆσθαι
3558 1980 3624 2030 ἐν
3652 1979 3720 2047 τῇ

430 2079 639 2136 damini
683 2078 754 2132 de
791 2077 1079 2133 nativitate
1107 2085 1164 2132 et
1188 2075 1445 2147 passione
1492 2081 1550 2128 et
1588 2073 2011 2137 resurrectione,
2113 2082 2137 2136 γ

2147 2065 2362 2135 ηεννήσει
2383 2065 2478 2118 καὶ
2506 2064 2584 2135 τῷ
2611 2063 2772 2119 πάθει
2805 2066 2898 2118 καὶ⁵
2924 2067 2990 2136 τῇ
3022 2065 3312 2119 ἀναστάσει
3343 2069 3408 2137 τῇ
3435 2066 3724 2138 γενομένῃ

429 2186 555 2242 qua:
610 2169 837 2239 contigit
897 2177 1145 2240 tempore
1202 2168 1542 2240 praefecturae
1588 2165 1771 2222 Pontii
1813 2163 2012 2231 PiIati;
2112 2159 2137 2213 ὲ

2147 2175 2173 2210 ν
2205 2155 2379 2228 καιρῷ
2409 2157 2506 2227 τῆς
2530 2156 2825 2228 ἡγεμονίας
2843 2155 3065 2209 Ποντίου
3094 2156 3326 2211 Πιλάτου
3345 2174 3360 2188 ·
3394 2156 3509 2228 (Gl)
3568 2176 3724 2230 πρα-

429 2277 555 2332 qute
591 2278 721 2318 vere
751 2274 807 2320 et
831 2262 1206 2318 indubitanter
1236 2269 1387 2332 gesta
1414 2267 1544 2319 sunt
1563 2275 1592 2313 a
1620 2256 1748 2313 Iesu
1771 2255 2015 2320 Christo,
2115 2268 2137 2322 )

2147 2250 2313 2319 “vra.
2343 2249 2557 2321 ἀληθῶς
2589 2251 2682 2303 καὶ
2716 2248 2946 2320 βεϐαίως
2978 2249 3084 2304 ὑπὸ
3100 2249 3277 2323 Ἰησοῦ
3310 2251 3576 2323 Χριστοῦ,
3616 2252 3724 2323 τῆς

431 2369 531 2425 spe
554 2363 763 2423 nostra,
790 2370 822 2409 a
851 2368 962 2425 qua
989 2352 1163 2409 averti
1199 2351 1408 2409 nemini
1437 2359 1678 2408 vestrum
1710 2347 1941 2404 accidat.
2115 2345 2137 2396 ὲ

2147 2343 2332 2408 λπίδος
2362 2342 2542 2414 ἡμῶν,
2563 2338 2632 2414 ἦς
2663 2343 3002 2416 ἐκτραπῆναι
3035 2344 3224 2417 μηδενὶ
3255 2345 3407 2416 ὑμῶν
3435 2345 3683 2414 γένοιτο.

1568 2460 1683 2517 XII.
1727 2460 1832 2515 Vos
1864 2459 2006 2514 enim
2037 2459 2280 2514 meliores
2308 2475 2390 2513 me
2410 2460 2560 2514 estis.

502 2583 682 2640 Fruar
722 2585 880 2641 vobis
928 2583 984 2639 in
1021 2584 1302 2650 omnibus,
1330 2581 1600 2654 siquidem
1641 2581 1841 2653 dignus
1873 2595 2018 2636 sum.

2209 2581 2472 2653 Ὀναίμην
2503 2579 2658 2652 ὑμῶν
2709 2579 2849 2635 κατὰ
2881 2579 3079 2645 πάντα,
3114 2580 3322 2653 ἐάνπερ
3352 2580 3508 2646 ἄξιος
3539 2575 3611 2636 ὦ.
3649 2583 3719 2638 Ei

432 2671 549 2730 Etsi
599 2675 745 2729 enim
792 2673 997 2744 ligatus
1033 2691 1158 2731 sum
1202 2689 1312 2746 pro
1344 2673 1587 2740 Christo,
1616 2675 2021 2742 comparandus
2126 2692 2137 2706 -

2147 2674 2235 2748 τὰρ
2268 2675 2363 2729 καὶ
2414 2673 2652 2744 δέδεμαι,
2703 2673 2841 2747 πρὸς
2894 2671 2993 2728 ενα
3043 2671 3154 2726 τῶν
3205 2672 3519 2744 λελυμένων
3551 2675 3719 2746 ὑμῶν

441 2775 622 2821 tamen
658 2780 767 2822 non
812 2781 934 2822 sum
979 2765 1076 2820 uni
1115 2775 1382 2834 vestrum,
1415 2765 1509 2836 qui
1540 2763 1691 2836 ligati
1726 2779 1838 2818 non
1863 2762 2018 2818 estis.
2125 2786 2137 2822 t

2147 2768 2226 2822 u’m
2258 2766 2393 2837 είμί.
2431 2762 2582 2830 Οἶδα,
2616 2765 2698 2819 ὅτι
2730 2765 2792 2818 οὐ
2825 2763 3116 2834 φυσιοῦσθε
3140 2781 3155 2796 ο
3191 2764 3398 2838 Ἰησοῦν
3425 2767 3541 2838 γὰρ
3573 2769 3718 2838 Χρι-

435 2856 595 2920 Novi,
623 2857 771 2928 quod
812 2859 918 2914 hac
963 2858 1125 2914 laude
1151 2873 1260 2914 non
1301 2858 1630 2929 superbitis;
1664 2857 1850 2912 Iesum
1874 2855 2022 2911 enim
2127 2879 2137 2912 ι

2147 2859 2254 2913 ιτδν
2302 2858 2455 2929 ἔχετε
2512 2859 2571 2911 ὲν
2603 2857 2829 2919 ἑαυτοῖς.
2863 2855 2975 2910 Καὶ
3027 2855 3224 2928 μᾶλλον
3247 2897 3263 2922 ,
3305 2857 3435 2911 ὅταν
3499 2859 3718 2914 ἐπαινῶ

403 3004 407 3010 .
432 2949 716 3006 Christum
735 2950 948 3006 habetis
966 2951 1020 3006 in
1045 2951 1220 3008 vobis.
1248 2951 1314 3006 Et
1342 2951 1539 3024 magis,
1558 2967 1682 3007 cum
1711 2949 1874 3005 laudo
1894 2962 2014 3014 vos,
2130 2969 2137 2999 π

2147 2949 2296 3022 lude,
2331 2944 2468 3012 οῖδα,
2502 2948 2585 3000 ὅτι
2619 2944 2966 3016 ὲντρέπεσθε,
2999 2945 3077 3011 ὡς
3105 2945 3436 3020 γέγραπται,
3478 2948 3603 3002 ὅτι·
3652 2949 3720 3003 ⁸0

433 3043 588 3110 scio,
635 3044 784 3113 quod
824 3043 1188 3114 erubescitis,
1233 3043 1378 3101 sicut
1423 3044 1692 3116 scriptum
1731 3049 1862 3099 est:
1906 3038 2015 3095 Iu-
2122 3040 2137 3094 ἐ

2147 3041 2351 3106 lixam;
2385 3037 2603 3093 ἑαυτοῦ
2640 3035 2967 3107 κατήγορος
2995 3035 3038 3092 ⁸.

434 3145 548 3191 stus
577 3137 664 3192 sui
691 3147 771 3192 est
797 3147 1098 3194 accusator.
2057 3123 2102 3182 ο

1498 3229 1643 3286 XIII.
1677 3225 2079 3300 Conﬁrmemini
2109 3224 2164 3278 in
2193 3223 2297 3294 ﬁde
2323 3230 2374 3277 et
2403 3223 2613 3278 unione.

509 3341 736 3398 Studete
764 3343 932 3415 igitur
973 3343 1289 3400 conﬁrmari
1320 3343 1374 3398 in
1405 3343 1672 3400 doctrinis
1706 3342 1924 3398 Domini
1967 3353 2022 3399 et

2197 3344 2533 3409 Σπουδάζετε
2567 3338 2660 3398 οῦν
2695 3343 3058 3416 βεϐαιωθῆναι
3091 3346 3150 3400 ὲν
3179 3346 3295 3409 τοῖς
3323 3344 3597 3417 δόγμασιν
3620 3344 3719 3402 τοῦ

437 3435 838 3503 apostolorum,
858 3444 919 3490 ut
945 3436 1291 3506 omnia,quae
1315 3435 1517 3503 facitis,
1571 3451 1835 3506 prospere
1863 3435 2020 3492 vobis
2125 3436 2137 3490 l

2147 3435 2330 3506 {uptou
2373 3435 2466 3489 καὶ
2498 3435 2606 3489 τῶν
2639 3436 2976 3502 ἀποστόλων,
3017 3436 3103 3489 ῖνα
3135 3437 3332 3501 πάντα,
3365 3437 3469 3491 ὅσα
3497 3437 3718 3508 ποιῆτε,

437 3527 760 3597 succedant,
783 3543 951 3586 carne
977 3537 1034 3586 et
1055 3529 1278 3602 spiritu,
1300 3528 1408 3586 ﬁde
1426 3537 1482 3586 et
1503 3528 1861 3594 charitate,in
1889 3526 2026 3584 Filio
2135 3549 2137 3556 λ

2147 3527 2545 3599 ιιατευοδωθῆτι
2581 3526 2744 3598 σαρκὶ
2775 3526 2870 3581 καὶ
2902 3525 3193 3600 πνεύματι,
3227 3527 3409 3584 πίστει
3442 3529 3720 3600 uran-

1787 3624 1970 3686 Vetus
1996 3623 2334 3703 interpres.

439 3766 552 3836 non
580 3753 820 3836 amplius
847 3770 1061 3836 sumus.
1090 3753 1320 3826 Propter
1347 3754 1454 3836 hoc
1483 3752 1738 3836 discipuli
1771 3752 1894 3822 ejus
1925 3751 2134 3836 effecti,
2165 3753 2445 3836 discamus
2475 3748 3302 3836 secundum‘Christianismum
3338 3748 3579 3836 viveres
3600 3747 3717 3836 Qui

437 3823 586 3878 enim
617 3819 724 3878 alio
753 3825 977 3881 nomine
1009 3819 1238 3881 vocatur
1259 3825 1497 3894 amplius
1526 3825 1596 3879 ab
1626 3819 1751 3894 hoc,
1779 3819 1890 3877 non
1916 3832 2000 3878 est
2042 3823 2160 3894 Dei.
2203 3822 2466 3894 Deponite
2501 3823 2666 3894 igitur
2705 3820 2910 3894 malum
2945 3819 3286 3894 let-mentum
3326 3819 3717 3894 inveteratum

441 3839 586 3878 enim
617 3839 724 3878 auo
753 3840 977 3881 nomine
1009 3839 1238 3881 vocatur
1259 3839 1497 3894 amplius
1526 3839 1596 3879 an
1626 3839 1751 3889 noc,
1779 3839 1890 3877 non
1916 3839 2000 3878 εει
2042 3839 2160 3878 νει.
2203 3839 2466 3892 uepomte
2501 3839 2515 3876 ι
2557 3839 2666 3876 uur
2705 3839 2910 3875 malum
2955 3839 3286 3875 termenlum
3338 3839 3717 3874 Inveleralum

441 3901 496 3946 et
524 3909 835 3962 exacuens;
863 3904 920 3950 et
949 3897 1298 3966 transponite
1334 3896 1391 3950 in
1428 3911 1630 3966 novum
1664 3892 2020 3966 fermentum,
2070 3892 2165 3966 qui
2197 3901 2292 3966 est
2319 3891 2478 3947 Iesus
2504 3839 2773 3966 éhristus.
2813 3890 3200 3966 S_alvilicem_in_i
3241 3891 3294 3943 in
3326 3889 3472 3959 ipso,
3500 3898 3718 3966 utnon

442 3959 831 4035 corrumpatur
854 3966 1054 4035 aliquis
1079 3959 1132 4020 in
1159 3966 1337 4027 vobis,
1363 3965 1456 4034 qui
1489 3966 1558 4019 ab
1587 3964 1778 4035 odore
1803 3959 2237 4035 redarguemini.
2271 3961 2665 4035 Inconveniens
2713 3968 2808 4035 est
2835 3959 3021 4035 Iesum
3067 3960 3344 4035 Christum
3390 3959 3625 4029 perfari,
3667 3970 3722 4035 et

438 4029 744 4100 judaizai-e.
775 4029 1234 4091 Chrisiianismus
1250 4029 1396 4089 enim
1441 4050 1549 4088 non
1583 4034 1638 4087 in
1655 4029 2001 4089 Iudaismum
2033 4032 2287 4100 credidit,
2319 4030 2415 4088 sed
2445 4029 2765 4089 Iudaismus
2794 4030 2850 4085 in
2879 4029 3399 4098 Christianismum;
3440 4039 3505 4085 ut
3537 4031 3721 4086 omnis

441 4099 630 4174 lingua
661 4106 889 4172 credens
919 4107 974 4161 in
998 4106 1170 4162 Deum
1201 4113 1649 4180 congregaretur.

1908 4196 2140 4255 CAPUT
2173 4195 2270 4254 XI.

516 4293 643 4351 Huic
664 4302 868 4361 autem,
891 4296 1073 4353 dilecti
1099 4299 1228 4363 mei,
1261 4313 1369 4352 non
1389 4297 1518 4368 quia
1542 4295 1772 4368 cognovi
1799 4294 2017 4368 aliquos
2043 4310 2109 4349 ex
2151 4294 2309 4368 vobis
2332 4292 2413 4368 sic
2441 4292 2738 4368 habentes;
2768 4290 2885 4368 sed,
2916 4300 2978 4345 ut
3002 4289 3186 4346 minor
3210 4289 3390 4368 vobis,
3420 4289 3558 4344 volo
3582 4304 3724 4360 pra-

445 4367 655 4421 scrvari
687 4381 807 4430 vos,
839 4375 900 4420 ut
923 4384 1030 4422 non
1058 4361 1316 4424 incidatis
1343 4361 1804 4423 in'hamos'vana‘.
1834 4361 2051 4432 gloriae;
2089 4365 2184 4419 sed
2223 4363 2598 4419 certilicemini
2625 4365 2690 4416 e'in
2722 4363 3000 4416 nativitate
3038 4371 3093 4415 et
3133 4361 3477 4432 passioneet
3531 4376 3723 4415 resur-

447 4437 712 4503 rectione,
751 4429 895 4491 facta
939 4437 992 4492 in
1034 4448 1280 4507 tempore
1326 4439 1560 4494 ducatus
1605 4435 1790 4494 Pontii
1835 4429 1996 4491 Pilati
2040 4429 2062 4491 ἰ
2098 4449 2222 4505 qua
2263 4433 2407 4490 facta
2437 4442 2570 4489 sunt
2610 4448 2740 4488 vere
2764 4442 2820 4488 et
2859 4432 3088 4487 ﬁrmiter
3115 4429 3145 4486 a
3181 4429 3312 4487 Iesu
3347 4430 3581 4487 Christo
3629 4445 3725 4501 spe

446 4514 657 4573 nostra,
683 4523 715 4562 a
741 4522 850 4578 qua
873 4508 1045 4564 averti
1077 4509 1213 4563 nulli
1237 4517 1483 4564 vestrum
1512 4509 1626 4564 ﬂat.-
1662 4551 1692 4578 π

1884 4600 2116 4658 CAPUT
2156 4597 2271 4655 xu.
2348 4566 2354 4586 “

517 4691 696 4768 Fruar
721 4697 879 4753 vobis
915 4699 1219 4754 secundum
1249 4698 1458 4757 omnia.
1496 4697 1543 4756 si
1569 4696 1789 4768 quidem
1823 4699 2026 4768 dignus
2065 4697 2198 4768 sim.
2226 4693 2350 4768 Etsi
2384 4693 2532 4768 enim
2573 4693 2948 4768 ligatussutn,
2985 4693 3052 4768 ad
3078 4707 3255 4768 _unnm_
3301 4692 3617 4768 solthrum
3656 4693 3726 4768 de

445 4765 738 4843 vobis_non
777 4784 925 4843 sum.
947 4769 1088 4843 ‘Novi
1117 4771 1380 4840 quoniam
1414 4784 1523 4843 non
1556 4761 1818 4843 inﬂamini
1847 4761 2085 4843 :‘Iesutn
2113 4766 2260 4843 enim
2289 4764 2572 4843 Christum
2601 4761 2826 4843 habetis
2872 4765 2925 4817 in
2968 4763 3396 4843 vobismetipsis.
3442 4761 3723 4843 Et_r_nagis

447 4837 669 4960 quand?
715 4838 905 4962 utique
947 4839 1114 4896 laudo
1133 4834 1276 4910 'vos,
1326 4840 1456 4895 novi
1492 4838 1757 4912 quoniam
1796 4836 2285 4903 verecundamini;
2334 4835 2478 4892 sicut
2507 4835 2770 4906 scriptum
2804 4843 2911 4901 est,
2950 4834 3211 4904 quoniam
3226 4834 3409 4903 justus
3442 4835 3533 4888 sui
3553 4834 3721 4903 ipsius

447 4921 640 4961 accusa
666 4924 726 4962 or
753 4925 807 4962 es
836 4948 854 4962 .

445 4921 726 4962 αεσιιεαιοτ
753 4921 854 4966 εει.

1922 5002 2110 5060 APUT
2137 5000 2276 5058 XIII.

1922 5005 2110 5060 APUT
2137 5005 2276 5058 XIII.

529 5099 754 5158 Studete
782 5099 944 5170 igitur
973 5100 1180 5158 ﬁrmari
1211 5101 1269 5158 in
1296 5101 1644 5172 dogmatibus
1674 5005 1979 5159 Dominfet
2013 5096 2413 5172 apostolorum,
2440 5104 2503 5151 ut
2529 5095 2720 5152 omnia
2766 5108 3111 5165 quaecunque
3165 5091 3344 5148 facitis
3386 5106 3721 5164 prospereti-

517 5229 540 5260 ⁸
568 5228 590 5282 ι
617 5226 744 5282 Cor.
778 5240 833 5292 v,
861 5224 914 5280 7.

520 5348 635 5421 (55)
675 5346 717 5401 I.
748 5362 799 5403 e.
827 5346 1053 5421 quinos
1076 5345 1510 5417 Christianismi,
1539 5346 1632 5404 sed
1677 5345 1896 5404 heresis
1937 5362 2031 5402 cu-
2061 5345 2108 5404 D
2135 5347 2521 5421 οοῃεςιςιςηιηί-
2593 5416 2604 5421 _
2659 5405 2723 5421 Η
2880 5416 2931 5421 __
3251 5399 3384 5421 “MA,

437 5398 1048 5492 ιαὲἇιῖίηίτὶοῆᾱΐέιὶῖ
1084 5398 1627 5492 ’Ϊ
1940 5398 1997 5492 Ϊ
2062 5398 2095 5404 ⁷

2212 5412 2326 5492 (59)
2362 5409 2406 5465 l.
2454 5424 2515 5492 ε..
2547 5416 2605 5461 ut
2647 5398 3721 5492 ﬁdelesheaiomuihusﬂeutibx-ccafr

1231 5517 1305 5530 —
1347 5487 1642 5555 ἀπόθεσθε,
1680 5485 1830 5550 quOd
1868 5485 2034 5543 habet
2140 5467 2515 5574 parentur‘gd
2570 5467 2736 5532 unum
2786 5483 3048 5538 centrum,
3108 5467 3261 5542 quod
3283 5479 3364 5525 est
3405 5468 3571 5523 Deus.
3601 5467 3718 5522 Cir.

447 5560 826 5628 interpolator.

517 5629 631 5696 (57)
669 5632 749 5685 lta
779 5646 885 5687 ms.
919 5630 1084 5699 Editi,
1113 5630 1316 5686 καλεῖν.
1341 5628 1458 5687 Iac.

519 5695 632 5766 (58)
663 5701 703 5753 I.
753 5715 804 5754 θ.
853 5701 1053 5756 Christi
1070 5695 1307 5756 adventu
1333 5719 1439 5755 non
1469 5698 1763 5755 Christiani
1812 5695 2033 5753 Judais-

453 5785 595 5828 nium
641 5783 962 5841 receperunt,
999 5772 1094 5831 sed
1135 5770 1316 5828 ,Ιαάωὶ
1348 5772 1418 5828 ad
1465 5769 1937 5830 Christianismum
1976 5784 2032 5826 se

1018 5225 1042 5259 ⁸
1067 5223 1229 5281 Prov.
1260 5240 1418 5293 xvm,
1443 5224 1534 5280 I7.

2177 5478 2394 5538 urentur
2445 5478 2515 5532 ad
2570 5492 2736 5532 unum
2786 5483 3048 5538 centrum,
3108 5487 3212 5542 quo

2173 5549 2502 5699 ﬁguriﬁ'
2528 5633 2632 5699 non
2685 5615 2824 5699 quod
2870 5611 3200 5683 cognoverim
3242 5610 3446 5683 aliqua;
3494 5617 3716 5664 υιεεηιιη

2138 5684 2481 5752 Iudaismum
2519 5684 2732 5742 sectari.
2766 5684 2884 5739 IAc.

2214 5763 2328 5838 (61)
2351 5760 2522 5830 Quasi
2556 5758 2592 5817 ἃ
2621 5755 2995 5832 ἐπράχθησαν.
3020 5752 3156 5810 C01.

3845 525 3852 820 l
