3852 6210
419 315 525 370 675

1360 309 1607 367 SANCTI
1638 307 1894 366 IGNATII
1925 308 2283 367 EPISTULA}
2313 310 2665 369 GENUINE.
3576 319 3673 376 676

488 440 539 486 et
579 431 835 502 sanguine
864 438 914 484 et
953 431 1198 500 passione
1225 429 1354 484 Jesu
1383 430 1607 498 Christi,
1637 431 1746 501 spei
1776 440 1992 497 nostra,

2167 434 2323 503 ούσῃ
2338 433 2407 487 ἐν
2423 435 2604 504 σαρκὶ
2622 433 2718 490 καὶ
2737 435 2936 506 αἵματι
2953 435 3088 508 [(69)
3117 435 3240 508 καὶ]
3255 435 3336 503 τῷ
3360 437 3542 492 arridet
3580 439 3676 506 ’1η-

381 567 392 602 ._
489 520 702 588 quando
755 536 1080 590 resurgemus
1131 519 1201 573 ad
1245 535 1398 584 eum;
1438 537 1596 590 quam
1638 529 1689 575 et
1734 521 1910 574 saluto
1938 521 1996 575 in

492 610 823 678 plenitudine
853 611 910 663 in
941 611 1231 679 apostolico
1272 611 1601 679 charactere,
1632 612 1820 683 cuique
1871 611 1996 682 plu-

493 705 683 757 rimam
727 711 850 773 opto
878 702 1131 758 salutem.

2169 526 2288 582 σοῦ
2315 526 2595 594 Χριστοῦ,
2623 525 2734 595 τῆς
2751 527 3001 594 ἐλπίδος
3019 527 3189 598 ἡμῶν
3205 528 3275 582 ἐν
3289 527 3362 597 τῇ
3389 531 3482 595 εὶς
3496 531 3678 584 aeta.-

2173 617 2508 673 ἀναστάσει
2526 635 2541 649 ·
2575 617 2655 686 ἣν
2691 618 2791 674 καὶ
2821 618 3152 690 ἀσπάζομαι
3179 619 3248 674 ἐν
3279 620 3358 686 τῷ
3392 619 3512 692 (70)
3541 625 3680 688 πλη·

2167 709 2502 780 ρώματι,ἐν
2531 709 2642 782 (71)
2675 711 3061 779 ἀποστολικῷ
3085 711 3441 782 χαρακτῆρι,
3460 713 3565 767 καὶ
3583 711 3676 768 εὔ-

2171 817 2349 871 χομαι
2375 801 2633 856 πλεῖστα
2666 803 2917 872 χαίρειν.

1394 942 1436 1000 Ι.
1473 943 1616 1001 Laus
1645 953 1820 999 vestra
1846 961 1938 1015 per
1967 941 2253 1014 Polybium
2282 943 2414 998 mihi
2439 943 2688 999 innotuit.

491 1061 816 1117 Constanter
845 1061 1176 1132 inculpatam
1213 1069 1270 1117 et
1295 1061 1712 1134 inseparabilem
1755 1073 1993 1119 mentem

424 1154 658 1226 cognovi
702 1171 802 1209 vos
851 1155 1077 1221 habere,
1109 1169 1219 1209 non
1269 1171 1375 1210 usu
1426 1156 1625 1223 solum,
1659 1156 1752 1210 sed
1790 1155 1995 1222 indole,

423 1246 882 1315 quemadmodum
938 1246 993 1300 id
1039 1247 1176 1300 mihi
1215 1247 1503 1316 episcopus
1542 1257 1721 1303 vester
1741 1246 2000 1319 Polybius

423 1337 704 1404 indicavit,
734 1339 828 1408 qui
859 1338 1109 1409 Smyrna:
1139 1337 1312 1392 adluit
1339 1354 1436 1408 per
1460 1339 1796 1393 voluntatem
1828 1338 1921 1394 Dei
1946 1346 2003 1394 et

421 1429 553 1484 Jesu
599 1429 829 1497 Christi,
864 1429 1071 1500 quique
1120 1431 1257 1485 mihi
1292 1433 1474 1486 vincto
1509 1431 1562 1486 in
1601 1429 1730 1487 Jesu
1771 1430 2001 1486 Christo

424 1520 502 1575 ita
535 1522 948 1592 congratulatus
979 1529 1082 1587 est,
1115 1531 1176 1576 ut
1204 1535 1420 1576 omnem
1447 1521 1850 1576 multitudinem
1882 1535 2005 1575 ves-

424 1625 564 1669 tram
607 1615 663 1668 in
691 1630 758 1668 eo
787 1615 1186 1684 contemplatus
1236 1613 1362 1668 sim.
1390 1613 1682 1684 Excipiens
1716 1615 1862 1668 enim
1905 1628 2003 1684 per

425 1709 605 1777 ipsum
641 1717 906 1770 vestram,
956 1721 1079 1776 quae
1121 1706 1424 1761 secundum
1474 1705 1644 1761 Deum
1682 1715 1786 1772 est,
1831 1706 1984 1760 bene-

2172 1064 2437 1135 Ἀμωμον
2479 1063 2716 1119 διάνοιαν
2748 1064 2841 1119 καὶ
2861 1065 2974 1138 (72)
3007 1066 3318 1138 ἀδιάκριτον
3349 1069 3408 1120 ἐν
3436 1067 3676 1140 ὑπομονῇ

2097 1157 2268 1226 ἔγνων
2301 1158 2444 1228 ὑμᾶς
2477 1156 2714 1228 ἔχοντας,
2740 1158 2928 1229 (75)ού
2963 1159 3101 1214 κατὰ
3135 1160 3345 1232 χρῆσιν,
3369 1160 3514 1214 ἀλλὰ
3547 1163 3680 1214 κατὰ

2101 1249 2284 1320 φύσιν,
2319 1248 2500 1314 καθὼς
2557 1249 2820 1321 ἐδήλωσέν
2856 1268 2945 1322 μοι
2990 1251 3272 1316 Πολύϐιος,
3305 1253 3334 1304 ὁ
3382 1253 3678 1315 ἐπίσκοπος

2103 1339 2278 1410 ὑμῶν,
2313 1338 2372 1402 ὃς
2407 1339 2734 1410 παρεγένετο
2765 1338 3030 1412 θελήματι
3062 1339 3196 1394 Θεοῦ
3219 1343 3312 1395 καὶ
3343 1341 3531 1412 Ἰησοῦ
3562 1344 3680 1414 Χρι-

2101 1428 2196 1484 τοῦ
2231 1432 2288 1483 ὲν
2326 1429 2570 1503 Σμύρνῃ,
2594 1430 2684 1483 καὶ
2705 1429 2876 1494 οὕτως
2901 1449 2990 1502 μοι
3025 1433 3294 1505 συνεχάρη
3318 1433 3597 1505 δεδεμένῳ
3627 1437 3680 1488 ἑν

2115 1520 2289 1592 Ἰησοῦ
2335 1521 2576 1593 Χριστῷ,
2611 1521 2752 1576 ὥστε
2806 1539 2873 1593 με
2921 1523 2981 1576 τὸ
3031 1525 3138 1577 πᾶν
3198 1524 3405 1596 πλῆθος
3441 1525 3598 1596 ὑμῶν
3628 1528 3679 1579 ἐν

2101 1611 2262 1682 αὐτῷ’
2286 1610 2398 1682 (74)
2439 1612 2777 1685 θεωρεῖσθαι.
2826 1613 3247 1684 Ἀποδεξάμενος
3279 1612 3372 1670 οὖν
3407 1617 3513 1689 τὴν
3547 1617 3678 1670 κατὰ

2101 1696 2235 1757 Θεὸν
2267 1704 2478 1758 εὔνοιαν
2508 1705 2574 1757 δι’
2615 1704 2802 1768 αὑτοῦ,
2839 1705 2948 1776 (75)
2981 1705 3138 1774 ἔδοξα
3171 1708 3349 1780 εὑρεῖν
3404 1710 3577 1781 ὑμᾶς,
3611 1710 3679 1771 ὡς

423 1799 737 1862 volentiam,
766 1813 866 1852 vos
910 1797 1080 1867 ipsos,
1107 1812 1247 1869 quos
1277 1797 1532 1868 cognovi,
1571 1795 1876 1852 imitatores
1909 1793 2002 1850 Dei

2112 1794 2274 1864 ἔγνων
2294 1835 2309 1860 ,
2349 1795 2590 1866 μιμητὰς
2621 1794 2781 1860 ὖντας
2813 1795 2967 1849 Θεοῦ.

427 1891 703 1946 invenisse
727 1891 970 1945 videbar.

1285 2005 1350 2061 ll.
1384 2005 1568 2062 Estote
1592 2005 1812 2076 subjecti
1837 2006 2100 2077 episcopo,
2129 1999 2440 2073 presbyteris
2472 2007 2522 2052 et
2543 1998 2801 2053 diaconis.

491 2126 628 2182 Cum
650 2126 796 2184 enim
829 2125 1083 2196 episcopo
1111 2125 1340 2196 subjecti
1364 2127 1486 2183 sitis
1510 2136 1570 2182 ut
1591 2125 1720 2184 Iesu
1751 2126 1996 2192 Christo,

422 2218 683 2273 videmini
709 2219 867 2284 mihi,
893 2234 999 2273 non
1027 2219 1328 2274 secundum
1352 2219 1648 2283 hominem,
1681 2219 1774 2275 sed
1803 2234 2000 2275 secun-

422 2311 553 2364 dum
583 2309 767 2366 Jesum
794 2309 1073 2365 Christum
1116 2311 1316 2378 vivere,
1343 2311 1439 2381 qui
1479 2320 1698 2381 propter
1725 2326 1826 2366 nos
1856 2325 2005 2364 mor-

423 2413 554 2460 tuus
582 2412 687 2468 est,
731 2411 793 2457 ut
823 2403 1104 2460 credentes
1153 2404 1206 2458 in
1259 2413 1487 2458 mortem
1541 2403 1717 2473 ipsius
1770 2412 2001 2458 mortem

422 2496 716 2566 eﬂ‘ugiatis.
752 2493 1134 2551 Necessarium
1173 2496 1362 2564 itaque
1398 2502 1502 2562 est,
1541 2493 2004 2564 quemadmodum

423 2586 626 2651 facitis,
661 2595 720 2639 ut
743 2586 862 2640 sine
895 2585 1150 2654 episcopo
1178 2583 1317 2637 nihil
1344 2582 1538 2649 agatis,
1570 2581 1665 2637 sed
1700 2589 1754 2635 et
1779 2581 2007 2651 presby-

426 2679 564 2733 terio
591 2677 796 2733 subditi
837 2677 978 2742 sitis,
1025 2685 1086 2731 ut
1135 2674 1401 2744 apostolis
1434 2672 1565 2729 Jesu
1609 2671 1839 2737 Christi,
1889 2670 2002 2740 spei

425 2778 649 2834 nostra,
685 2769 738 2822 in
770 2783 880 2838 quo
926 2775 1315 2823 conversantes
1364 2764 1729 2820 inveniamur.
1779 2761 2004 2832 Oportet

423 2869 604 2914 autem
633 2868 689 2913 et
716 2859 1001 2924 diaconos,
1047 2858 1142 2927 qui
1187 2865 1318 2912 sunt
1355 2855 1572 2910 diaconi
1617 2855 1999 2925 mysteriorum

422 2948 550 3002 .lesu
593 2946 820 3013 Christi,
884 2946 1033 3002 omni
1085 2946 1250 3000 modo
1298 2945 1555 2998 omnibus
1603 2944 1834 3014 placere.
1878 2941 2001 2996 Non

2174 2122 2342 2175 Ὅταν
2373 2120 2481 2192 γὰρ
2543 2118 2621 2190 τῷ
2663 2119 2944 2191 ἑπισκόπῳ
2978 2119 3348 2177 ὑποτάσσεσθε
3381 2124 3466 2189 ὡς
3512 2126 3675 2197 Ἰησοῦ

2107 2214 2346 2287 Χριστῷ,
2369 2211 2619 2282 φαίνεσθὲ
2649 2228 2736 2282 μοι
2756 2211 2816 2265 οὐ
2847 2213 2984 2265 κατὰ
3003 2212 3114 2287 (76)
3137 2214 3430 2286 ἄνθρωπον
3465 2219 3672 2283 ζῶντες,

2103 2286 2240 2362 ἀλλὰ
2292 2304 2430 2358 κατὰ
2475 2302 2681 2375 Ἰησοῦν
2713 2303 2964 2375 Χριστὸν,
2998 2286 3090 2357 τὸν
3120 2306 3186 2359 δι’
3223 2307 3332 2378 (77)
3367 2311 3524 2382 ἡμᾶς
3555 2314 3676 2364 ἀπο-

2105 2398 2354 2459 θανόντα,
2394 2395 2480 2447 ἵνα
2530 2393 2919 2457 πιστεύσαντες
2967 2396 3047 2458 εἰς
3095 2396 3187 2449 τὸν
3220 2397 3458 2454 θάνατον
3498 2401 3668 2465 αὐτοῦ,

2103 2488 2164 2542 τὸ
2197 2485 2489 2541 ἀποθανεῖν
2522 2484 3148 2558 ὲκφύγητε.Ἀναγκαῖον
3179 2485 3272 2543 οὗν
3304 2494 3479 2555 ἐστιν,
3500 2492 3672 2566 (Lamp

2103 2583 2326 2641 ποιεῖτε,
2367 2577 2494 2631 ἄνευ
2527 2577 2620 2631 τοῦ
2655 2579 2954 2632 ἐπισκόπου
2991 2579 3154 2650 μηδὲν
3206 2582 3479 2652 πράσσειν
3517 2587 3670 2654 ὑμᾶς,

2103 2672 2217 2727 ἀλλ’
2267 2669 2380 2743 (78)
2432 2670 2830 2724 ὑποτάσσεσθαι
2881 2671 2973 2726 καὶ
3027 2672 3106 2743 τῷ
3153 2674 3554 2748 πρεσϐυτερῐῳ,
3603 2678 3669 2742 ὡς

2103 2766 2216 2827 τοῖς
2249 2761 2567 2824 ἀποστόλοις
2611 2761 2786 2832 Ἰησοῦ
2819 2763 3075 2835 Χριστοῦ,
3111 2765 3210 2836 τῆς
3252 2765 3473 2832 ἐλπίδος
3505 2768 3666 2839 ἡμῶν,

2103 2859 2161 2910 ὲν
2210 2847 2254 2922 ᾧ
2300 2853 2577 2922 διάγοντες
2605 2853 2715 2924 (79)
2749 2855 3175 2927 εὑρεθησόμεθα.
3223 2858 3334 2930 (80)
3375 2863 3471 2912 Δεῖ
3501 2860 3554 2913 δὲ
3584 2861 3668 2913 καὶ

2101 2948 2227 3010 τοὺς
2276 2945 2577 3008 διακόνους,
2615 2945 2774 3010 ὄντας
2797 2946 2909 3017 (81)
2965 2948 3276 3021 μυστηρίων
3324 2951 3503 3023 Ἰησοῦ
3541 2932 3669 3026 Χρι-

423 3043 569 3097 enim
594 3042 840 3097 ciborum
871 3052 924 3096 et
971 3049 1198 3110 potuum
1230 3038 1467 3094 ministri
1507 3045 1655 3104 sunt,
1690 3036 1784 3092 sed
1815 3035 2000 3092 Eccle-

2112 3035 2250 3100 ποῦ,
2285 3034 2425 3088 κατὰ
2475 3035 2651 3089 πάντα
2700 3037 2897 3109 τρόπον
2930 3042 3095 3092 πᾶσιν
3125 3042 3427 3112 ἀρέσκειν..
3467 3045 3541 3097 Ού
3571 3046 3667 3115 γάρ

1778 3179 1961 3241 Vetus
1992 3179 2332 3256 interpres.

425 3307 690 3380 lgnatius,
727 3309 816 3380 qui
847 3319 894 3362 et
929 3307 1286 3380 'l'heophorus,
1317 3308 1523 3362 dilecta:
1550 3306 1662 3380 (Deo
1691 3305 1843 3360 Patri
1872 3307 1998 3360 Jesu
2029 3306 2228 3380 Christi
2261 3305 2513 3380 Ecclesia:
2529 3309 3055 3380 sanctu:,_e:csistenti
3091 3309 3147 3362 in
3183 3309 3468 3365 Trallesiis
3514 3311 3662 3370 Asia’.

494 3381 670 3433 electae
702 3375 749 3423 οἱ
780 3379 884 3432 Deo
921 3375 1115 3447 dignae,
1142 3393 1321 3447 pacem
1347 3379 1644 3450 habentiin
1683 3394 1840 3450 carne
1869 3389 1919 3450 et
1947 3377 2201 3450 sanguine
2229 3387 2277 3430 et
2309 3378 2550 3450 passione
2577 3375 2705 3450 Iesu
2735 3377 2965 3443 Christi,
2992 3382 3101 3447 spei
3135 3391 3353 3445 nostra’,
3389 3383 3446 3434 in
3473 3398 3532 3435 ea
3558 3399 3662 3450 qua:

495 3453 553 3504 in
576 3454 745 3525 ipsum
775 3451 1154 3505 resurrectione
1191 3464 1392 3519 :quam
1419 3459 1468 3502 et
1493 3448 1666 3502 saluto
1697 3449 1750 3501 in
1780 3447 2128 3517 plenitudine,
2157 3447 2211 3500 in
2240 3447 2528 3517 apostolico
2559 3448 2880 3514 charactere,
2911 3459 2959 3503 et
2987 3466 3078 3503 oro
3098 3451 3393 3519 plurimum
3426 3447 3659 3521 gaudere.

1889 3588 2116 3645 CAPUT
2154 3589 2201 3644 ι.

494 3683 962 3755 lncoiuquinatam
996 3693 1234 3740 mentem
1267 3691 1319 3737 et
1350 3682 1769 3752 inseparabilem
1804 3681 1857 3736 in
1902 3683 2227 3755 sustinentia
2241 3681 2481 3755 cognovi
2512 3696 2616 3755 vos
2662 3677 2958 3746 habentes,
2989 3696 3101 3755 non
3147 3679 3454 3755 secundum
3489 3698 3659 3746 usum,

424 3757 519 3811 sed
551 3751 850 3810 secundum
883 3765 1132 3810 naturam
1169 3774 1181 3809 :
1216 3751 1675 3824 quemadmodum
1723 3752 1962 3807 ostendit
1982 3752 2126 3824 (mihi
2160 3751 2420 3821 Polybius
2441 3752 2728 3824 episcopus
2770 3760 2978 3824 vester,
3012 3752 3105 3821 qui
3137 3753 3362 3808 advenit
3393 3755 3659 3808 voluntate

425 3826 519 3879 Dei
546 3836 601 3878 et
623 3823 752 3880 Jesu
780 3827 1003 3890 Christi,
1038 3827 1090 3879 in
1123 3819 1387 3896 Smyrna;
1421 3833 1474 3877 et
1499 3824 1579 3896 s_ic
1602 3822 1736 3896 mihi
1767 3823 2093 3896 congavisus
2123 3830 2207 3876 est
2231 3819 2411 3874 vincto
2441 3819 2737 3896 iuChrihsto
2765 3819 2915 3884 lesu,
2945 3832 3005 3875 ut
3029 3819 3141 3896 ego,
3161 3839 3381 3878 omnem
3427 3825 3660 3878 multitu-

423 3896 606 3950 dinem
635 3907 870 3950 vestram
902 3896 955 3949 in
985 3898 1103 3964 ipso
1135 3890 1468 3965 specularer.
1502 3892 1789 3966 Recipiens
1814 3890 1977 3962 igitur
1997 3907 2140 3966 eam,
2165 3907 2287 3961 qua:
2313 3893 2613 3945 secundum
2638 3890 2828 3958 Deum,
2852 3890 3314 3962 aequanimitatem
3349 3910 3452 3965 per
3476 3896 3660 3966 ipsum,

425 3967 689 4036 gloriatus
720 3981 842 4021 sum
873 3961 1300 4032 inveniens—vos,
1331 3972 1390 4018 ut
1415 3961 1667 4034 cognovi,
1693 3961 1999 4017 imitatores
2031 3961 2149 4016 Dei.

1882 4102 2110 4159 CAPUT
2150 4103 2213 4159 ll.

493 4191 630 4248 Cum
663 4192 806 4248 enim
835 4193 1093 4264 episcopo
1118 4194 1349 4265 subjecti
1376 4194 1508 4251 estis
1538 4204 1594 4250 ut
1629 4192 1758 4251 Jcsu
1785 4195 2026 4265 Christo,
2058 4197 2318 4254 videmini
2353 4198 2487 4253 mihi
2521 4215 2630 4255 non
2664 4199 2962 4257 secundum
2992 4201 3245 4258 homines
3283 4203 3551 4271 viventes,
3574 4205 3657 4260 sed

495 4360 608 4431 (69)
631 4359 818 4431 lusere
858 4361 970 4415 καί.
1002 4361 1162 4418 Voss.
1195 4363 1399 4419 Sensus
1426 4383 1438 4417 ε
1467 4363 1598 4430 Quae
1638 4364 1903 4419 internam
1934 4374 1990 4420 et

2167 4367 2282 4438 (77)
2312 4367 2571 4440 Fortasse
2595 4369 2631 4423 Ι.
2658 4370 2802 4440 ὑμᾶς
2827 4383 2954 4440 cum
2981 4377 3089 4425 vet.
3115 4371 3241 4434 int.,
3258 4369 3353 4440 qui
3382 4369 3653 4424 babetvos.

423 4430 550 4508 eum
614 4430 734 4508 _Deo
804 4448 992 4502 pacem
1067 4435 1276 4488 obtinet
1341 4435 1574 4490 adventu
1630 4445 1686 4489 et
1733 4438 1987 4505 passione
2019 4443 2063 4498 D
2163 4430 2277 4508 (78)
2311 4439 2387 4494 Ita
2421 4430 2836 4495 Sntith.et'lac.
2869 4439 2970 4494 Ms.
3005 4430 3403 4494 ὑποτάσσεσθε.

423 4501 649 4555 Christi.

429 4637 468 4694 S
472 4571 620 4694 (Ἦ).
639 4567 681 4623 1.
711 4585 763 4626 e.
795 4571 952 4642 cujus
993 4571 1246 4629 Ecclesia:
1279 4573 1462 4628 omnia
1516 4574 1693 4630 saluto
1719 4576 1984 4632 membra.

472 4656 620 4695 Il'l'll.

496 4707 732 4790 (7i)_Uti
775 4711 867 4767 hic
899 4712 1000 4790 sibi
1033 4712 1461 4790 (episcopg),_i_ta
1488 4713 1714 4779 infra,c.
1759 4714 1816 4790 2,
1862 4731 1984 4786 pre-

429 4779 661 4850 sbyteris
690 4795 908 4850 quoque
956 4779 1210 4837 Ecclesiae
1242 4779 1551 4839 'Tralliana:
1602 4779 1985 4842 auctoritatem

426 4849 719 4919 quamdam
752 4853 1105 4920 apostolicam
1143 4853 1332 4906 tribuit
1363 4853 1620 4924 lgnatius.
1643 4853 1760 4909 Jac.
1785 4855 1984 4922 Rothe,

426 4919 579 4987 Anf.,
608 4935 660 4988 p.
693 4919 817 4974 499.
851 4922 977 4985 Alii,
1007 4937 1058 4976 e.
1089 4937 1139 4988 g.
1177 4922 1465 4986 Smithius,
1511 4925 1858 4988 apostolicam
1896 4943 1984 4980 sa-

426 4937 579 4987 Ληι.,
608 4937 660 4988 p.
693 4937 817 4974 qua.
851 4937 977 4985 Alll,
1007 4937 1058 4976 e.
1089 4937 1139 4991 g.
1177 4937 1465 4986 nummus,
1511 4937 1792 4994 apostolica

422 4989 701 5064 lutationis
716 4989 964 5064 formam
996 4991 1398 5064 intelligendam
1423 5009 1542 5049 esse
1581 5002 1792 5064 putant.

492 5059 1000 5134 (Zg)._‘A5téxpt19_V.
1035 5061 1151 5134 Cl'r,
1175 5059 1282 5134 ἐι).
1311 5062 1478 5134 lgnat.
1523 5059 1596 5118 ad
1615 5063 1812 5133 Ephes.
1844 5080 1893 5119 c.
1925 5066 1978 5120 5.

491 5127 606 5198 (75)
633 5127 880 5185 Sensus:
910 5129 1035 5184 Non
1073 5127 1242 5184 solum
1264 5132 1317 5184 in
1335 5127 1458 5187 bitw
1487 5127 1794 5188 commercio
1825 5135 1984 5189 talem

422 5209 645 5252 mentem
693 5201 960 5255 ostendere
998 5201 1252 5266 studetis;
1279 5203 1367 5257 sed
1425 5220 1488 5257 ea
1533 5206 1753 5259 interna:
1800 5216 1983 5260 vestra:

423 5280 630 5338 natura:
653 5271 868 5338 propria
896 5283 994 5325 est.

650 5337 886 5416 μισ-ξπ.
927 5339 1354 5416 Μεκθεωρῇσθμε.
1382 5339 1648 5416 ἓνοεείιιε,
1685 5342 1979 5416 θεωρῆσαι.

493 5407 607 5476 (75)
650 5407 726 5486 lt_a
757 5409 913 5486 voss.
939 5423 995 5486 et
1016 5409 1134 5486 lac.
1166 5407 1265 5486 Ms.
1291 5410 1442 5486 ἔδοξα
1468 5407 1663 5486 εὑρών.
1700 5407 1865 5486 νωύέ
1892 5418 1978 5468 iu-

423 5483 629 5554 terpres
687 5479 896 5554 legebat
944 5481 1168 5547 ἐδόξασα
1208 5481 1400 5552 εὑρών,
1434 5479 1670 5554 vertens,
1721 5484 1977 5554 gloriatus

423 5548 858 5667 mistrbinveniens
893 5567 1001 5617 vos,
1046 5553 1190 5620 quod
1236 5548 1438 5621 placuit
1467 5548 1741 5609 Cotelerio
1768 5565 1822 5609 et
1847 5553 1980 5610 Wo-

496 5681 609 5801 (j76)
650 5683 749 5740 Ms.
810 5689 1027 5744 exhibet
1068 5692 1274 5754 ΑΝΟΝ,
1320 5691 1356 5746 i.
1402 5708 1452 5746 e.
1510 5693 1811 5765 ἄνθρωπον,
1866 5709 1977 5748 non

531 5767 782 5801 οωπινον,
802 5767 860 5801 ιη
883 5774 913 5801 ρ
934 5757 1124 5801 νῆαςίη
1149 5761 1272 5801 liln-i
1299 5763 1542 5801 nlm-innm
1565 5764 1810 5801 imm-neci
1854 5764 1946 5801 JAI‘

428 5749 782 5824 ἀνθρώπινον,
802 5767 860 5812 ut
883 5774 913 5815 e
934 5757 1124 5817 Vossio
1149 5749 1274 5817 libri
1299 5763 1542 5833 plerique
1565 5749 1832 5835 impressi.
1852 5764 1968 5820 Jac.

1075 5667 1260 5678 .—-—

2163 4506 2276 4582 (79)
2307 4509 2384 4582 Ita
2415 4526 2517 4582 ms.
2552 4509 2715 4566 Forte
2746 4511 2852 4582 leg.
2885 4510 3334 4582 εὑρεθησοίμεθα.
3373 4508 3509 4566 Male
3536 4506 3653 4563 editi

2091 4579 2538 4652 εὑρεθησῲμεθα-

2164 4646 2288 4719 (80)
2341 4646 2521 4716 Dicit,
2569 4665 2676 4705 non
2729 4649 2927 4706 debere
2968 4666 3091 4706 esse
3153 4665 3518 4720 quemquam,
3569 4646 3650 4720 cui

2088 4718 2200 4774 non
2224 4721 2471 4789 placeant
2502 4722 2757 4775 omnibus
2784 4721 2961 4776 modis
2981 4718 3220 4774 diaconi.
3246 4718 3407 4774 Voss.
3433 4718 3651 4774 Woche-

2088 4806 2184 4845 rus
2209 4790 2261 4842 in
2291 4791 2376 4844 his
2400 4791 2578 4846 verbis
2608 4791 3044 4845 adhortationem
3083 4791 3149 4844 ad
3177 4791 3442 4844 diaconos
3469 4790 3605 4842 videt
3633 4804 3645 4839 :

2089 4858 2203 4930 Ipsi
2229 4861 2479 4930 studeant
2523 4859 2762 4914 omnibus
2797 4861 3024 4930 placere,
3059 4870 3110 4914 et
3147 4862 3251 4913 sibi
3288 4878 3319 4913 a
3355 4857 3649 4930 criminibus

2086 4945 2287 4984 cavere.
2321 4929 2478 4984 Male.
2529 4931 2768 5000 lgnatius
2800 4929 2948 4984 enim
2972 4946 3082 4984 non
3104 4930 3172 4985 dc
3210 4930 3403 4984 olIiciis
3430 4929 3645 5000 clerico-

2087 5015 2210 5054 rum
2259 5015 2387 5070 erga
2431 4996 2713 5071 populum,
2739 5002 2833 5056 sed
2859 5001 2927 5056 de
2953 5000 3145 5056 ciliciis
3184 5000 3372 5071 populi
3395 5014 3518 5069 erga
3547 4996 3647 5052 cle-

2087 5085 2207 5123 rum
2247 5070 2514 5123 louuitur.

2084 5085 2207 5124 rum
2249 5079 2514 5124 loauitur.

2157 5086 2207 5123 m
2249 5086 2514 5138 loquitur.

2157 5139 2268 5221 (81)
2309 5139 2366 5221 In
2395 5141 2586 5221 codice
2614 5156 2718 5221 ms.
2750 5139 2947 5210 legitur
2973 5141 3291 5221 μυστῄριον,
3315 5138 3460 5221 quod
3482 5133 3643 5221 Arndf

2084 5209 2193 5264 tius
2248 5209 2652 5278 interpretatur,
2682 5209 2904 5280 imago,
2965 5209 3280 5265 similitudo.
3338 5209 3480 5264 Cum
3526 5220 3644 5280 vero

2083 5280 2201 5334 bzec
2224 5277 2470 5334 vocabuli
2496 5277 2829 5349 μυστήριοὺ
2842 5281 2991 5350 notio
3021 5281 3090 5335 ab
3113 5281 3320 5350 lgnatio
3346 5288 3486 5333 certe
3508 5277 3617 5344 ejus

2083 5365 2192 5418 que
2218 5358 2374 5404 aetate
2399 5350 2574 5420 aliena
2605 5349 2694 5411 sit,
2737 5365 2864 5404 cum
2894 5349 3091 5406 Vossio
3116 5349 3345 5420 aliisque
3373 5351 3638 5417 legendum

2080 5428 2164 5474 est
2183 5419 2522 5491 μυστηρίων,
2563 5420 2900 5491 quodetiam
2930 5421 3073 5491 apud
3104 5419 3536 5491 interpolatorem
3563 5429 3638 5466 re-

2081 5486 2307 5558 peri'tur.
2332 5486 2447 5544 Cir.
2480 5486 2854 5557 Dusterdieck,
2881 5491 2919 5545 Ι.
2947 5486 3026 5558 (Ξ.,
3053 5506 3108 5560 p.
3141 5486 3470 5560 2‘2.'§eatus
3497 5486 3638 5560 Pater

2081 5561 2405 5632 respexisse,
2420 5560 2643 5632 videtur
2661 5561 2731 5632 ad
2747 5562 2911 5632 verba
2934 5558 3180 5632 Apostoli
3212 5560 3230 5613 Ι
3261 5559 3404 5632 Tim.
3432 5572 3517 5632 (In,
3538 5558 3567 5608 9
3590 5563 3637 5606 et

2081 5630 2101 5681 ι
2129 5627 2256 5709 Cor.
2285 5645 2359 5694 tv,
2385 5631 2437 5685 1.
2476 5629 2533 5684 lu
2567 5630 2736 5709 priori
2766 5627 3005 5688 editione
3039 5641 3094 5688 et
3123 5646 3222 5688 nos
3251 5630 3532 5687 Arudtium
3563 5640 3636 5678 se-

2080 5705 2190 5754 cuti
2223 5714 2433 5758 sumus.
2650 5705 2670 5714 ·’

3815 1223 3817 1304 Ι
