3852 6210
204 281 315 336 677

1289 288 1632 346 EPISTULA
1665 291 1756 345 AD
1783 291 2254 354 TRALLIANOS.

3353 306 3460 362 678

201 401 515 476 βρωμάτων
547 404 641 457 καὶ
673 406 851 459 ποτῶν
882 409 1020 462 εἰσιν
1039 409 1297 474 διάκονοι,
1323 413 1436 464 ἀλλ’
1463 411 1786 483 Ἐκκλησίας

1889 417 1984 472 size
2025 417 2115 472 Dei
2169 418 2423 474 ministri.
2467 417 2691 490 Oportet
2722 421 2908 493 igitur,
2941 431 3002 477 ut
3040 422 3143 478 sibi
3169 437 3396 480 caveant
3428 441 3457 479 a

195 493 334 546 Θεοῦ
369 495 658 566 ὑπηρέται.
695 497 821 551 Δέον
852 494 944 553 οὖν
967 501 1166 565 αὐτοὺς
1199 502 1566 570 φυλάσσεσθαι
1591 503 1658 557 τὰ
1691 505 1782 570 ὲγ-

195 585 456 657 κλήματα
489 588 565 652 ὡς
598 589 728 661 πῦρ.

1887 509 2208 565 criminibus
2239 519 2492 581 tanquam
2522 513 2590 566 ab
2608 512 2750 581 igne.

1075 709 1166 766 III.
1206 710 1476 769 Honorate
1497 715 1772 782 diaconos,
1795 716 2094 786 episcopum
2118 724 2165 769 et
2191 716 2539 786 presbyteros.

278 821 530 891 Ὁμοίως
577 825 779 890 πάντες
827 829 1279 902 ὲντρεπέσθωσαν
1330 833 1458 897 τοὺς
1502 834 1784 899 διακόνους

187 912 266 976 ὡς
287 913 404 986 (8‘2)
424 916 646 988 ἐντολὴν
662 919 834 990 Ἰησοῦ
866 921 1124 994 Χριστοῦ,
1160 925 1253 976 καὶ
1285 923 1376 977 τὸν
1396 925 1690 981 ἐπίσκοπον
1706 926 1783 991 ὡς
1807 965 1818 977 .

202 1006 414 1077 Ἰησοῦν
474 1009 729 1082 Χριστὸν,
783 1011 912 1065 ὅντα
945 1013 1074 1067 Υἱὸν
1135 1014 1229 1068 τοῦ
1281 1015 1512 1089 Πατρδς,
1546 1019 1674 1080 τοὺς
1720 1017 1778 1069 δὲ

185 1099 596 1175 πρεσϐυτέρους
644 1103 721 1166 ὡς
775 1101 1050 1176 συνέδριον
1112 1104 1270 1171 Θεοῦ,
1323 1107 1416 1160 καὶ
1464 1107 1540 1170 ὡς
1596 1106 1779 1160 σύνδε-

187 1208 328 1262 σμον
393 1193 732 1246 ἀποστόλων.
772 1193 884 1267 (85)
917 1195 1102 1268 Χωρὶς
1149 1197 1354 1251 τούτων
1387 1197 1682 1270 Ἐκκλησία
1713 1200 1774 1252 οὐ

185 1282 453 1338 καλεῖται.
489 1285 625 1358 Περὶ
657 1279 733 1340 ὧν
765 1287 1068 1358 πέπεισμαι
1103 1288 1249 1360 ὑμᾶς
1280 1288 1453 1353 οὕτως
1498 1289 1661 1360 ἔχειν.
1698 1289 1773 1342 Τὸ

183 1377 296 1450 γὰρ
330 1375 694 1452 ἐξεμπλάριον
727 1378 825 1450 τῆς
856 1380 1080 1452 ἀγάπης
1112 1380 1267 1451 ὑμῶν
1304 1380 1514 1445 ἔλαϐον,
1536 1381 1629 1435 καὶ
1664 1381 1773 1453 ἔχω

187 1469 311 1540 μεθ’
345 1469 459 1542 (84)
493 1469 689 1523 ἑαυτοῦ
724 1473 784 1524 ὲν
814 1471 893 1541 τῷ
926 1472 1209 1544 ὲπισκόπῳ
1242 1472 1420 1544 ὑμῶν,
1454 1467 1515 1527 οῦ
1547 1473 1680 1527 αὐτὸ
1712 1475 1772 1528 τὸ

1897 871 1900 874 ~
1951 836 2146 891 Cuncti
2175 835 2427 891 similiter
2457 846 2814 892 revereantur
2849 836 3114 891 diaconos
3139 844 3200 890 ut
3224 836 3450 890 manda—

1881 937 1996 982 tum
2018 925 2146 982 Jesu
2176 925 2398 991 Christi,
2429 934 2482 980 et
2509 925 2822 995 episcopum
2852 935 2911 980 ut
2937 925 3122 980 Jesum
3149 924 3450 988 Christum,

1879 1017 2080 1071 Filium
2115 1016 2312 1081 Patris,
2358 1025 2413 1071 et
2454 1017 2800 1087 presbyteros
2856 1025 2916 1070 ut
2972 1025 3219 1070 senatum
3264 1016 3358 1070 Dei
3398 1027 3453 1072 et

1881 1109 2175 1163 concilium
2216 1107 2606 1174 apostolorum.
2654 1103 2784 1161 Sine
2821 1107 2907 1161 his
2941 1105 3180 1161 Ecclesia
3218 1122 3325 1160 non
3354 1123 3453 1161 vo-

1880 1209 2057 1255 catur.
2098 1198 2174 1254 De
2229 1198 2314 1253 his
2358 1213 2456 1254 vos
2500 1197 2575 1252 ita
2620 1199 2821 1254 sentire
2869 1213 3191 1268 persuasum
3247 1199 3448 1254 habeo.

1877 1293 2166 1364 Exemplar
2188 1293 2333 1348 enim
2362 1291 2643 1348 charitatis
2682 1298 2877 1345 vestra:
2913 1289 3096 1358 accepi
3139 1300 3193 1343 et
3232 1303 3446 1342 mecum

1878 1385 2053 1441 habeo
2095 1385 2149 1439 in
2177 1385 2435 1454 episcopo
2465 1392 2680 1449 vestro;
2727 1381 2885 1451 cujus
2928 1382 3043 1450 ipse
3085 1380 3302 1434 habitus
3330 1395 3448 1434 ma-

1879 1492 1980 1548 gna
2011 1477 2293 1547 disciplina
2320 1483 2424 1542 est,
2455 1474 2818 1530 mansuetudo
2845 1488 2977 1527 vero
3006 1471 3125 1540 ejus
3166 1472 3442 1542 potentia;

185 1562 516 1632 κατάστημα
571 1561 779 1634 μεγάλη
835 1563 1125 1635 μαθητεία,
1154 1566 1188 1635 ἡ
1242 1564 1297 1617 δὲ
1330 1565 1574 1638 πραότης
1606 1565 1772 1620 αὐτοῦ

1873 1585 2058 1640 quem,
2086 1578 2146 1624 ut.
2169 1568 2441 1632 existimo,
2469 1559 2524 1623 et
2550 1567 2701 1636 impii
2743 1566 2848 1636 ipsi
2883 1573 3220 1626 reverentur,
3244 1564 3444 1635 quibus

181 1654 414 1726 δύναμις
436 1672 448 1684 ·
485 1654 544 1708 ὃν
576 1654 861 1726 λογίζομαι
895 1656 989 1710 καὶ
1021 1657 1147 1720 τοὺς
1178 1657 1370 1721 ἀθέους
1391 1657 1766 1730 ἐντρέπεσθαι,

182 1746 534 1814 ἀγαπῶντας,
567 1746 644 1810 ὡς
694 1747 754 1801 οὐ
807 1748 1057 1819 φείδομαι
1091 1748 1204 1820 (85)
1237 1749 1452 1804 ἑαυτοῦ.
1488 1749 1602 1822 (86)
1659 1751 1768 1804 Πό-

181 1857 340 1911 τερον
371 1839 668 1910 δυνάμενος
686 1840 915 1912 γράφειν
949 1841 1086 1914 ὑπὲρ
1121 1841 1329 1907 τούτου,
1365 1843 1447 1906 εἰς
1478 1842 1634 1896 τοῦτο
1655 1842 1766 1914 (87)

181 1933 390 2004 ᾠήθην,
429 1932 519 1986 ἵνα
565 1932 642 1986 ὢν
692 1933 1024 2006 κατάκριτος
1055 1932 1132 1997 ὡς
1163 1935 1460 1999 ἀπόστολος
1493 1935 1622 2007 ὑμῖν
1653 1935 1768 1989 δια-

181 2024 475 2095 τάσσωμαι
495 2041 512 2091 ;

1873 1663 2038 1718 etiam
2070 1663 2262 1732 placet,
2306 1660 2452 1731 quod
2503 1673 2605 1729 ego
2652 1657 2788 1712 mihi
2829 1672 2938 1712 non
2986 1672 3230 1726 parcam.
3276 1655 3440 1717 Num,

1873 1772 1997 1812 cum
2028 1755 2128 1810 hac
2157 1755 2222 1808 de
2252 1769 2310 1808 re
2339 1751 2578 1808 scribere
2601 1750 2734 1805 mihi
2765 1750 3000 1817 licuerit,
3026 1751 3080 1804 in
3105 1759 3309 1804 tantam
3335 1749 3441 1802 mei

1873 1845 2328 1900 existimationem
2366 1843 2580 1908 deveni,
2616 1849 2698 1907 ut,
2738 1841 2989 1911 quamvis
3023 1840 3441 1907 condemnatus,

1870 1936 2018 1992 velut
2040 1935 2317 2005 apostolus
2338 1929 2492 1988 vobis
2513 1931 2858 2004 praeciperem
2876 1931 2921 1983 2-

1105 2119 1194 2178 IV.
1227 2115 1620 2178 Humilitate‘et
1647 2117 2051 2176 mansuetudine
2079 2113 2206 2167 mihi
2231 2128 2361 2183 opus
2395 2119 2498 2166 est.

254 2234 658 2305 (88-89)’Πολλὰ
694 2237 876 2310 φρονῶ
907 2240 964 2293 ὲν
985 2239 1124 2312 eaq»
1150 2240 1265 2294 ἀλλ’
1286 2243 1518 2313 ἐμαυτὸν
1559 2241 1762 2314 μετρῶ,

182 2326 269 2379 ἵνα
306 2326 380 2398 μὴ
413 2329 472 2380 ὲν
502 2331 764 2401 καυχήσει
797 2330 1104 2402 ἀπόλωμαι.
1127 2331 1241 2386 Νῦν
1265 2332 1375 2404 γάρ
1403 2351 1468 2403 με
1500 2333 1580 2386 δεῖ
1602 2333 1762 2386 πλέον

181 2417 484 2485 φοϐεῖσθαι,
514 2420 606 2473 καὶ
653 2420 728 2492 μὴ
775 2421 1061 2492 προσέχειν
1114 2425 1227 2487 τοῖς
1265 2425 1544 2493 φυσιοῦσίν
1580 2443 1666 2496 με.
1699 2427 1763 2480 Οἱ

181 2506 290 2576 γὰρ
315 2507 567 2575 λέγοντές
603 2525 691 2580 μοι
737 2509 1088 2580 μαστιγοῦσίν
1122 2529 1208 2582 με.
1257 2513 1480 2581 Ἀγαπῶ
1526 2515 1623 2585 μὲν
1654 2515 1763 2588 γὰρ

179 2600 239 2653 τὸ
293 2601 510 2654 παθεῖν·
559 2601 671 2656 ἀλλ’
727 2603 829 2655 οὐκ
875 2598 1010 2668 οῖδα,
1071 2606 1119 2658 εἰ
1173 2604 1323 2670 ἄξιός
1363 2609 1496 2678 εἰμι.
1553 2609 1612 2662 '0
1655 2609 1764 2682 γὰρ

180 2688 342 2758 ζῆλος
375 2690 592 2755 πολλοῖς
617 2693 714 2762 μὲν
735 2693 795 2746 οὐ
830 2692 1096 2761 φαίνεται,
1127 2696 1228 2767 ἐμὲ
1253 2695 1309 2749 δὲ
1331 2696 1491 2750 πλέον
1513 2698 1758 2770 πολεμεῖ.

180 2776 843 2864 Χεῄέηφνρέξέπρηιότητος,
877 2778 1008 2861 ἐνῇ
1043 2785 1368 2864 καταλύεται,
1391 2789 1419 2840 ὁ
1447 2788 1630 2866 ἄρχων
1667 2789 1761 2843 τοῦ

179 2872 375 2952 αξῶνς
407 2873 624 2950 τοῦτου,

1942 2235 2108 2292 Multa
2138 2233 2292 2304 sapio
2315 2233 2369 2286 in
2399 2229 2544 2297 Deo;
2578 2229 2673 2285 sed
2704 2228 2840 2284 mihi
2883 2227 2984 2299 ipsi
3027 2226 3247 2282 modum
3280 2226 3436 2282 adhi-

1869 2329 1994 2396 beo,
2044 2342 2114 2382 ne
2163 2324 2446 2396 gloriando
2492 2336 2728 2393 peream.
2761 2319 2918 2375 Nunc
2958 2319 3103 2374 enim
3150 2319 3272 2387 plus
3305 2318 3438 2372 mihi

1869 2422 2168 2478 timendum
2197 2427 2304 2486 est,
2341 2435 2440 2474 nec
2479 2432 2637 2472 aures
2677 2415 2784 2470 illis
2815 2423 2944 2470 sunt
2992 2412 3314 2484 praebenda,
3345 2412 3438 2482 qui

1869 2527 1958 2567 me
1994 2511 2203 2566 inﬂant.
2249 2507 2354 2576 Qui
2396 2508 2542 2563 enim
2589 2523 2678 2564 me
2721 2507 2964 2571 laudant,
3009 2505 3284 2576 ﬂagellant
3329 2520 3437 2559 me.

1869 2599 2006 2659 Nam
2025 2603 2190 2674 diligo
2213 2601 2431 2673 quidem
2458 2599 2600 2671 pati;
2632 2600 2726 2655 sed
2752 2599 2963 2662 nescio,
2993 2612 3061 2652 an
3088 2597 3283 2666 dignus
3313 2595 3439 2650 sint.

1868 2695 2223 2752 Veltementia
2253 2694 2398 2749 enim
2428 2708 2549 2748 mea
2585 2692 2774 2749 multis
2801 2690 3022 2762 quidem
3057 2705 3166 2744 non
3195 2697 3438 2760 apparet,

1867 2803 1954 2843 me
1976 2802 2106 2843 vero
2131 2787 2313 2842 acrius
2337 2786 2636 2856 impugnat.
2657 2783 2806 2855 Opus
2823 2785 3007 2854 itaque
3022 2782 3153 2837 mihi
3179 2796 3439 2836 mansue-

1789 2892 1835 2955 c
1868 2879 2076 2944 tudine,
2106 2893 2214 2949 qua
2242 2878 2492 2948 princeps
2516 2877 2702 2933 seculi
2731 2875 2896 2944 hujus
2928 2874 3250 2930 destruitur.

1547 3022 1728 3082 Vetus
1753 3022 2086 3100 interpres.

180 3140 482 3224 secundum
513 3140 698 3224 desum
733 3145 1036 3213 Christum,
1063 3158 1289 3224 propter
1325 3166 1433 3224 vos
1455 3159 1729 3224 mortuum
1754 3169 1785 3224 ;_
1816 3159 1875 3204 ut
1919 3150 2204 3224 credentes
2237 3147 2291 3202 in
2331 3156 2561 3224 mortem
2608 3147 2820 3224 ipsiu_s,_
2840 3148 2979 3224 mori
3010 3144 3300 3224 ell'ugiatis.
3329 3141 3436 3224 Neg-

178 3215 685 3292 cessari_um_igltu!_
706 3225 825 3292 est,_
846 3215 1304 3292 quemadmodum
1333 3220 1535 3285 facitis,
1564 3221 1684 3276 sine
1703 3222 1961 3292 episcopo
1983 3219 2120 3292 nihil
2148 3219 2360 3292 operar-i
2386 3235 2482 3273 vos
2506 3236 2520 3283 ;
2559 3215 2652 3273 sed
2679 3217 2952 3292 subjiciet
2982 3215 3339 3292 presbyterio,
3373 3223 3434 3266 ut

175 3282 445 3360 apostolis
474 3281 602 3338 Iesu
625 3281 992 3360 Christi,'spei
1017 3299 1248 3360 nostrae:
1279 3291 1334 3344 in
1357 3307 1466 3360 quo
1489 3281 1877 3346 conversantes
1892 3281 2274 3360 'inveniam'ur.
2305 3281 2528 3360 Oportet
2541 3296 2731 3360 autem
2761 3281 2820 3360 et
2839 3281 3434 3360 diaconos,_:ministros

173 3355 506 3437 essistentes
532 3355 1065 3437 mysteriot-utn'Jesu
1089 3358 1315 3437 Christi,
1350 3355 1647 3437 secundum
1675 3375 1892 3437 omnem
1929 3359 2154 3437 modum
2201 3355 2457 3437 omnibus
2503 3357 2734 3426 placere.
2775 3355 2894 3410 Non
2920 3357 3066 3437 enim
3092 3355 3340 3435 ciborum
3375 3362 3432 3407 et

175 3428 408 3488 potuum
433 3432 564 3478 sunt
582 3425 813 3482 ministri
834 3445 850 3495 ;
871 3435 967 3484 sed
993 3427 1248 3486 Ecclesiae
1277 3429 1372 3486 Dei
1402 3430 1658 3488 ministri.
1683 3428 2058 3500 Opportunum
2085 3429 2249 3500 igitur
2278 3444 2375 3483 vos
2404 3424 2694 3484 observare
2713 3427 3109 3494 accusationes,
3137 3433 3200 3480 ut
3225 3424 3427 3496 ignem.

1633 3581 1862 3638 CAPUT
1901 3580 1990 3636 III.

249 3696 518 3752 Similiter
539 3706 595 3752 et
617 3713 808 3755 omnes
837 3709 1184 3756 revereantur
1208 3701 1488 3765 diaconos,
1517 3711 1576 3754 ut
1602 3700 1918 3754 mandatum
1945 3697 2072 3754 Jesu
2097 3697 2301 3754 Christi
2324 3715 2338 3762 ;
2369 3705 2424 3752 et
2447 3697 2784 3767 episcopum,
2816 3704 2876 3752 ut
2907 3696 3092 3752 Jesum
3124 3693 3427 3767 Christum,

175 3768 529 3843 exsistentem
566 3768 764 3823 Filium
802 3769 980 3843 Patris
1005 3788 1019 3837 ;
1055 3771 1400 3843 presbyteros
1428 3780 1630 3834 autem,
1653 3771 2032 3843 utconcilium
2055 3769 2170 3834 Dei,
2195 3765 2733 3843 _et_conjutictionem
2757 3768 3151 3843 apostolorum.
3185 3765 3320 3843 Sine
3344 3767 3428 3821 his

177 3836 424 3909 Ecclesia
472 3853 583 3892 non
632 3849 859 3894 vocatur
888 3857 901 3892 :
928 3836 1235 3909 deq—uibus'
1270 3841 1473 3896 suadeo
1501 3857 1598 3895 vos
1620 3841 1701 3895 sic
1732 3841 1948 3895 habere.
1985 3836 2410 3908 Exemplarium’
2430 3838 2574 3909 enim
2600 3836 2899 3909 icharitatis
2921 3846 3116 3892 vestra:
3140 3836 3344 3909 accepi,
3373 3846 3427 3890 et

177 3907 355 3987 habeo
385 3923 510 3961 cum
542 3909 751 3987 meipso
775 3911 829 3963 in
859 3906 1115 3987 episcopo
1140 3921 1356 3987 vestro;
1388 3911 1546 3987 e_ujus
1578 3911 1694 3980 ipsa
1727 3910 2051 3987 compositio
2074 3906 2270 3987 magna
2299 3916 2384 3962 est
2419 3907 2807 3987 disciplinatio,
2839 3906 3199 3987 mansuetudo
3239 3914 3424 3960 autem

175 3977 352 4050 ipsius
384 3977 667 4050 potentiaf
693 3996 852 4049 quem
893 3977 1156 4034 existimo
1205 3991 1258 4036 et
1301 3980 1498 4049 impios
1527 3977 1782 4043 revereri,
1813 3977 2098 4050 diligentes
2125 3977 2271 4048 quod
2307 3994 2414 4032 non
2453 3993 2617 4050 parco
2647 3977 2822 4050 ipsum
2849 3977 3175 4050 aliqualem;
3230 3984 3426 4045 potens

175 4048 419 4102 scribere
448 4063 551 4117 pro
579 4049 673 4103 illo
695 4046 724 4114 ,⁷
745 4050 801 4104 in
826 4049 932 4105 hoc
951 4049 1251 4117 existimer,
1282 4060 1343 4105 ut
1368 4046 1640 4106 exsistens
1663 4046 2079 4116 condemnatus,
2101 4046 2251 4104 velut
2274 4049 2554 4118 apostolus
2581 4047 2737 4103 vobis
2760 4046 3113 4118 przecipiam?

1627 4201 1856 4259 CAPUT
1886 4201 1977 4259 IV.

198 4390 210 4400 .
243 4319 415 4390 Multa
445 4321 600 4391 sapio
631 4321 687 4376 in
714 4321 855 4400 Deo;
884 4322 1277 4400 sedmeipsum
1307 4336 1589 4400 mensunro,
1623 4330 1686 4376 ut
1724 4337 1849 4400 non_
1877 4321 1934 4376 in
1967 4320 2536 4400 gloriationeperdar.
2574 4317 2732 4400 Nunc
2757 4319 2906 4400 enim
2932 4333 3022 4400 _t=ne
3062 4325 3275 4400 Oportet
3299 4317 3423 4400 plus

173 4388 389 4462 timere,
421 4401 476 4444 et
505 4388 610 4445 non
655 4388 933 4448 attendere
979 4388 1292 4448 inﬂantibus
1336 4409 1441 4448 me.
1483 4392 1734 4448 Dicentes
1764 4391 1909 4462 enim
1948 4388 2102 4457 mihi,
2135 4388 2411 4462 ﬂagellant
2461 4407 2566 4446 me.
2606 4390 2778 4462 Diligo
2816 4390 3032 4458 quidem
3077 4388 3224 4462 enim
3275 4389 3421 4462 pati;

173 4460 270 4541 sed
299 4477 408 4514 non
455 4463 582 4515 novi
613 4463 659 4515 si
677 4463 896 4541 _dignu_s
926 4463 1449 4541 sum.._Zelt_ts_enim
1478 4463 1683 4541 _multis
1714 4461 1935 4541 quidem
1964 4455 2350 4541 nonapparet,
2383 4477 2468 4517 me
2506 4469 2687 4516 autem
2709 4455 2848 4530 plus
2863 4466 3164 4529 oppugnat.
3195 4455 3418 4528 Indigeo

173 4532 339 4598 igitur
366 4533 818 4600 mansuetudine;
852 4534 908 4587 in
933 4549 1042 4603 qua
1068 4533 1387 4589 dissolvitur
1409 4533 1662 4603 princeps
1694 4533 1879 4588 saeculi
1913 4532 2097 4602 hujus.

245 4685 359 4756 (8‘2)
395 4685 474 4740 Ita
511 4703 575 4742 ex
612 4696 719 4743 vet.
753 4687 978 4758 interpr.
1008 4687 1246 4742 restituit
1276 4685 1562 4758 smithius,
1593 4687 1745 4742 simi-
1776 4689 1822 4744 D
1849 4685 1978 4758 dum
2013 4694 2172 4758 puto.
2190 4684 2452 4758 Arpdtius
2472 4683 2641 4758 vertit
2672 4701 2685 4737 :
2715 4681 2961 4758 Welclten
2997 4679 3237 4758 B_is_cltof,
3271 4679 3425 4734 acltte

171 4754 355 4828 liaque
387 4760 732 4826 reperiuntur
756 4754 914 4822 infra,
928 4774 976 4812 c.
1011 4759 1098 4818 15,
1119 4767 1171 4813 et
1213 4759 1280 4812 ad
1316 4757 1558 4828 Smyrn,
1605 4773 1653 4828 ς.
1685 4758 1739 4810 8.

172 4823 281 4898 Ms:
316 4823 463 4882 male
507 4829 668 4882 habet
717 4847 730 4883 :
773 4829 912 4892 Τοὺς
937 4829 1209 4891 διακόνους
1241 4829 1316 4890 ὡς
1372 4823 1576 4898 Ἰὴσοῦν
1615 4825 1750 4898 Χρι-

175 4896 318 5016 Ξτὺν,
340 4899 448 5019 λὼς
486 4901 580 4952 καὶ
605 4899 696 4952 τὸν
728 4899 1042 4963 ἐπίσκοπον,
1080 4899 1209 4952 δντα
1243 4899 1370 4951 Υἱὸν
1400 4896 1494 4950 τοῦ
1530 4896 1749 4968 Πατρὸς

211 5005 224 5018 .
261 4985 311 5019 τ.
378 5007 390 5019 .

169 4981 224 5018 κ.
261 4985 311 5019 τ.
341 4981 390 5020 Α.

246 5038 360 5109 (85)
407 5038 539 5094 Sine
586 5039 879 5109 episcopo,
921 5047 1054 5106 etc.,
1103 5039 1252 5094 nulla
1309 5036 1574 5093 Ecclesia.
1627 5035 1743 5092 Cfr.

173 5104 371 5179 Bothe,
396 5109 548 5179 sup,
581 5104 786 5179 pisse;

241 5173 364 5246 (84)
397 5173 605 5235 lta'ms‘.
642 5177 813 5234 Nemo
839 5178 1032 5243 nescit,
1057 5177 1250 5232 ἑαυτοῦ
1285 5191 1383 5246 pro
1416 5173 1656 5248 ἐμαυτοῦ
1689 5184 1745 5248 et

127 5280 132 5290 ι
171 5247 402 5302 σεαυτοῦ
437 5251 493 5302 in
521 5250 774 5304 omnibus
815 5250 1032 5304 casibus
1075 5247 1395 5303 tralatitium
1443 5261 1563 5302 esse
1593 5247 1741 5315 apud

169 5317 410 5374 Gnaeos.
435 5317 554 5374 Jac.
587 5319 812 5375 Vossius
834 5319 1141 5374 emendavit
1158 5315 1416 5389 ἐμαυτοῦ.

240 5389 356 5459 (85)
378 5389 439 5464 λι.
470 5408 525 5460 q.
558 5389 960 5464 spauroG._Cfr.
994 5404 1160 5464 supra
1188 5384 1281 5464 n_ot
1311 5384 1742 5464 '84.Genitivutn

168 5455 417 5528 reposuit
462 5455 743 5516 Arndtius.
791 5458 872 5516 Ms
939 5455 1150 5513 ἑαυτόν.
1201 5457 1408 5512 Sensus
1463 5474 1476 5510 :
1530 5455 1744 5526 Pagani

168 5545 388 5653 {tutaque
438 5532 803 5588 constantiam
842 5530 1302 5595 Christianorum,
1347 5542 1398 5582 e.
1438 5541 1490 5595 g.
1537 5541 1739 5594 meam,

185 5615 254 5653 an
297 5614 410 5653 ant.

109 5617 116 5642 ί
169 5614 410 5656 laudant.

237 5671 350 5742 (86)
378 5672 456 5728 Ita
477 5688 601 5728 cum
633 5671 856 5742 Arndtio
877 5669 1125 5739 (Studien
1149 5677 1214 5742 et
1231 5667 1280 5721 K
1287 5669 1376 5722 rit.
1393 5666 1586 5742 I859),
1605 5667 1735 5720 msti

168 5737 454 5799 lectionem
503 5745 790 5810 retinente,
827 5737 1316 5812 interpttngcndum
1357 5747 1411 5794 et
1447 5737 1742 5807 explicans

1851 4757 1958 4822 ich,
1985 4751 2116 4809 auch
2139 4757 2222 4810 die
2265 4755 2630 4822 Ungo'ttliclten
2673 4754 2914 4815 scheucn,
2953 4751 3139 4822 we_lclte
3176 4767 3228 4803 es
3270 4767 3424 4820 gerne

1810 4875 1821 4887 ,
1847 4818 2021 4888 selten,
2045 4827 2169 4880 dass
2196 4825 2278 4879 ich
2318 4818 2514 4878 nteiner
2554 4824 2699 4877 nis/tt
2739 4823 2949 4878 schone.
3003 4818 3170 4873 Sollte
3207 4818 3313 4881 icit,
3352 4830 3422 4872 aa

1844 4897 1930 4949 icit
1960 4895 2201 4950 hieruber
2219 4895 2487 4948 schreiben
2517 4893 2726 4957 konnte,
2766 4909 2820 4946 es
2862 4909 2922 4945 so
2959 4892 3181 4960 gemeint
3230 4891 3420 4950 haben.

1844 4966 1970 5019 dass
2005 4967 2110 5030 icit,
2149 4965 2375 5018 obsclton
2399 4966 2484 5018 ein
2532 4962 2928 5030 Verurtheiltcr,
2958 4959 3040 5014 als
3081 4961 3167 5012 ein
3203 4959 3422 5029 Apostet

1842 5035 1971 5088 euch
1994 5035 2317 5090 vorschreibe
2331 5037 2356 5089 ?
2997 5055 3000 5058 ’

1915 5105 2028 5175 (87)
2054 5105 2110 5159 In
2143 5107 2391 5160 versione
2418 5104 2570 5159 verbi
2612 5103 2796 5176 ᾠήθην
2835 5117 2946 5157 non
2977 5099 3287 5165 Arndtium,
3320 5099 3416 5154 sed
3480 5134 3485 5139 -

1838 5171 2175 5229 Pearsonum
2208 5184 2429 5231 secutus
2455 5190 2599 5229 sum.

1910 5245 2112 5315 (8889)
2167 5244 2385 5299 Initium
2429 5245 2624 5315 capitis
2665 5243 2870 5315 quarti,
2906 5241 3132 5310 quodin
3159 5238 3418 5315 versione

1845 5309 2069 5384 Syriaca
2095 5309 2342 5384 epistolae
2370 5315 2436 5369 ad
2462 5309 2740 5384 Romanos
2777 5309 3031 5384 adjuncta
3070 5319 3175 5384 est,
3210 5309 3415 5384 arctis-

1839 5377 1982 5440 simo
2011 5377 2153 5438 nexu
2185 5385 2423 5439 cohaeret
2468 5400 2592 5438 cum
2633 5383 2738 5437 line
2767 5377 2963 5451 capitis
2997 5381 3166 5451 tertii.
3207 5377 3418 5451 Sensus

1838 5464 1922 5509 est
1959 5473 1972 5509 :
2010 5453 2133 5507 Non
2174 5455 2232 5507 in
2283 5464 2487 5507 tantam
2518 5455 2620 5507 mei
2643 5448 3089 5507 existimationem
3123 5448 3323 5505 deveni.
3357 5456 3416 5499 ut

1836 5523 1980 5578 vobis
2003 5525 2137 5578 velut
2176 5526 2446 5592 apostolus
2474 5525 2734 5593 imperare
2773 5521 2948 5593 uelim.
2985 5519 3237 5593 Quamvis
3273 5517 3413 5593 enini

1835 5594 2003 5664 multa
2025 5595 2082 5648 in
2109 5587 2219 5648 Deo
2242 5595 2468 5664 sapiam,
2496 5587 2671 5647 tamen
2706 5592 2835 5646 mihi
2871 5593 2973 5661 ipsi
3013 5589 3227 5644 modum
3255 5587 3414 5640 adhi-

1835 5663 1948 5735 beo,
1981 5681 2042 5720 ne
2067 5665 2176 5735 ipse
2197 5665 2473 5736 gloriando
2497 5679 2730 5732 peream.
