3772 6226
131 366 248 422 831
1244 363 1585 420 EPISTULA
1621 362 1711 416 Al)
1746 360 2208 418 TRALLIANOS.
3334 363 3436 418 692

31 482 42 508 "
121 484 293 537 τοῦτ’
345 485 516 547 ἔστιν,
561 485 590 536 ό
646 485 813 555 χωρὶς
857 484 1158 538 ἐπισκόπου
1214 484 1305 537 καὶ
1353 485 1520 556 πρεσε

1946 485 2194 540 diaconis
2240 484 2517 555 quidpiam
2567 483 2696 554 agit,
2754 483 2800 536 is
2839 497 2948 536 non
2991 490 3075 537 est
3111 483 3348 539 mundus
3381 486 3435 538 in

123 577 249 644 καὶ⁴
274 575 527 629 διακόνου
564 577 826 647 πράσσων
857 593 934 641 τι,
967 571 1121 640 οὗτος
1147 576 1207 629 οὐ
1234 575 1474 650 καθαρός
1502 578 1612 629 ἐστι

719 593 826 629 σων
857 593 934 641 τι,
967 571 1121 640 οὗτος
1147 576 1207 629 οὐ
1234 575 1474 650 καθαρός
1502 578 1650 630 ἐστιν
1676 580 1744 647 τῇ
1852 577 2204 634 conscientia.

30 729 36 732 _
55 679 74 742 1_
127 668 482 740 συνειδήσει.
1759 651 1773 706 ί

69 747 74 764 τ
689 760 827 816 VIII.
865 761 1068 817 Contra
1096 761 1299 817 diaboli
1333 763 1560 818 insidias
1589 765 1907 818 muniamini
1933 758 2360 822 mansuetudine,
2392 757 2496 826 ﬁde
2522 765 2573 811 et
2607 756 2889 810 charitate.

213 853 337 910 Οὐκ
367 858 489 910 ἐπεὶ
517 857 690 927 ἔγνων
719 858 961 911 τοιοῦτόν
1001 876 1053 912 τι
1089 861 1146 911 ὲν
1180 859 1330 930 ὑμῖν,
1366 859 1502 914 ἀλλὰ
1536 877 1702 932 προφι

1944 856 2048 912 Non
2073 855 2220 926 quod
2246 853 2487 909 noverim
2514 855 2622 908 tale
2641 854 2771 922 quid
2797 853 2938 907 inter
2956 867 3076 916 vos,
3099 852 3213 906 haec
3229 851 3433 919 scribo;

118 947 332 1003 λάσσω
365 951 510 1020 ὑμᾶς
531 950 692 1014 ὄντας
717 968 817 1022 μου
845 951 1184 1023 ἀγαπητοὺς,
1222 952 1474 1025 προορῶν
1500 953 1601 1016 τὰς

1946 954 1951 1006 l
1979 947 2314 1019 praemunire
2341 947 2466 1001 volo
2491 962 2605 1012 vos,
2631 957 2689 1001 ut
2710 945 2854 1002 ﬁlios
2880 959 3032 999 meos
3054 942 3435 1012 charissimos,

118 1038 279 1110 δρας
320 1038 414 1092 τοῦ
449 1039 720 1094 διαϐόλου.
779 1041 966 1112 Ὑμεῖς
1000 1039 1092 1096 οὖν
1125 1042 1222 1113 τὴν
1256 1043 1331 1113 (5)
1367 1043 1607 1114 npaiimil

1948 1041 2198 1113 ispiciens
2232 1039 2461 1094 insidias
2497 1038 2718 1094 diaboli.
2764 1037 2873 1093 Vos
2919 1036 3126 1104 itaque,
3178 1050 3437 1089 mansue-

120 1130 513 1195 ἀναλαϐόντες
559 1131 924 1186 ἁνακτίσασθε
977 1133 1204 1195 ἑαυτοὺς
1254 1134 1312 1186 ὲν
1357 1133 1559 1198 πίστει,

1945 1133 2101 1187 linem
2153 1136 2520 1193 assumentes,
2575 1137 2896 1199 regenerate
2941 1132 3156 1182 vosmet
3190 1126 3340 1194 ipsos
3378 1127 3434 1180 in

119 1225 297 1278 ἐστιν
329 1225 465 1297 σὰρξ
499 1222 594 1278 τοῦ
633 1225 862 1296 Κυρίου,
893 1225 987 1278 καὶ
1012 1227 1070 1278 ὲν
1106 1226 1321 1299 ἀγάπῃ,
1357 1228 1386 1280 ὅ
1426 1229 1574 1280 ἐστιν
1607 1262 1608 1267 η

1949 1245 1975 1291 ε,
2009 1241 2134 1298 quae
2155 1233 2241 1280 est
2267 1239 2398 1279 caro
2428 1223 2666 1286 Domini,
2697 1235 2750 1276 et
2784 1223 2837 1276 in
2878 1221 3168 1287 charitate,
3204 1235 3325 1289 quae
3353 1227 3438 1275 est

139 1314 338 1384 Ἵησοῦ
371 1315 636 1388 Χριστοῦ.
671 1316 749 1386 (7)
784 1317 989 1388 Μηδεὶς
1030 1318 1182 1389 ὑμῶν
1216 1320 1356 1374 κατὰ
1393 1321 1485 1374 τοῦ
1520 1321 1627 1394 πλη

1947 1319 2076 1388 guis
2125 1316 2254 1372 Jesu
2323 1314 2552 1370 Christi.
2613 1313 2808 1368 Nullus
2870 1323 3115 1367 vestrum
3173 1313 3436 1366 adversus

124 1405 247 1477 [(8)
277 1406 356 1479 τι]
391 1407 586 1478 ἐχέτω.
624 1410 715 1480 Μὴ
760 1409 1017 1480 ἀφορμὰς
1048 1409 1218 1463 δίδοτε
1241 1413 1353 1475 τοῖς
1386 1411 1613 1477 ἔθνεσιν,

1945 1412 2163 1464 ιχίῐηυω
2188 1407 2394 1478 aliquid
2421 1407 2638 1461 habeat.
2668 1404 2746 1460 Ne
2777 1420 2965 1459 ansam
2994 1405 3134 1459 detis
3157 1403 3434 1474 gentibus.

124 1498 220 1570 μὴ
255 1499 325 1552 δι’
353 1499 567 1568 ὀλίγους
599 1500 839 1572 ἄφρονας
871 1501 930 1554 τὸ
955 1502 1012 1554 ὲν
1042 1501 1162 1572 Θεῷ
1192 1502 1398 1574 πλῆθος
1419 1503 1613 1575 βλασφτ

1954 1511 2175 1572 propter
2193 1514 2399 1570 paucos
2430 1498 2750 1568 insipientes
2778 1497 3093 1561 multitudo,
3124 1511 3247 1566 qua:
3271 1504 3354 1551 est
3379 1495 3433 1549 in

115 1607 250 1644 ται.
283 1593 434 1646 Οὐαὶ
467 1592 600 1663 γὰρ,
633 1592 708 1646 δι’
731 1592 802 1646 οὗ
824 1593 922 1646 ἐπὶ
941 1595 1289 1663 ματαιότητι
1321 1595 1386 1650 τὸ
1424 1595 1604 1665 ὄνομά

1945 1611 1988 1663 ),
2012 1595 2443 1664 blasphemetur.
2478 1590 2567 1646 Va:
2593 1592 2731 1644 enim
2768 1591 2816 1644 ei
2872 1607 2962 1660 per
3012 1605 3162 1659 quem
3193 1591 3249 1645 in
3283 1590 3434 1644 uani-

113 1683 241 1737 ἑπὶ
261 1702 444 1739 τινων
468 1685 929 1756 ,ϐλασφημεῖται
956 1687 996 1739 ⁸.
1417 1685 1421 1690 ’

1777 1697 1821 1752 Β
1851 1695 1959 1741 tate
1980 1701 2166 1740 nomen
2195 1698 2368 1736 meum
2390 1682 2530 1746 apud
2563 1681 2770 1751 aliquos
2795 1679 3209 1748 blasphematur.

761 1802 854 1858 1X.
899 1803 1084 1858 Nolite
1119 1805 1306 1858 audire
1338 1821 1453 1871 eos,
1479 1807 1571 1875 qui
1594 1806 1706 1868 sine
1743 1803 1955 1859 Christo
1978 1801 2280 1871 loquuntur.
2317 1797 2563 1852 Historia
2596 1795 2816 1853 Christi.

210 1919 290 1992 (9)
334 1921 655 1996 Κωφώθητε
681 1919 796 1988 οὖν,
830 1924 960 1977 ὅταν
1006 1925 1137 1995 ὑμῖν
1181 1925 1349 1996 χωρὶς
1387 1925 1560 1996 Ἰησοῦ
1605 1927 1699 1996 Χρη

1946 1924 2184 1978 )bturate
2225 1921 2392 1992 igitur
2435 1935 2597 1974 aures
2640 1929 2874 1985 vestras,
2925 1935 3051 1974 cum
3089 1917 3246 1972 vobis
3280 1917 3435 1987 quis-

121 2013 271 2067 οτοῦ
295 2014 435 2086 λαλῇ
462 2033 566 2081 τις,
593 2017 702 2086 (10)
744 2017 837 2070 τοῦ
873 2019 938 2070 ἐκ
968 2016 1166 2085 γένους
1189 2016 1374 2082 Δαϐὶδ,
1404 2017 1498 2070 τοῦ
1531 2019 1596 2070 ὲκ

1946 2033 1998 2070 In
2022 2015 2265 2086 loquitur
2292 2013 2413 2069 sine
2438 2011 2568 2069 Jesu
2591 2011 2834 2078 Christo,
2861 2011 2953 2080 qui
2980 2025 3045 2064 ex
3091 2023 3289 2079 genere
3331 2007 3434 2062 Da-

124 2107 288 2178 ρῐας,
327 2109 388 2170 ὃς
409 2107 628 2180 ἀληθῶς
658 2109 943 2181 ἐγεννήθη,
969 2108 1176 2178 ἐφαγέν
1197 2127 1256 2162 τε
1281 2109 1376 2162 καὶ
1404 2109 1576 2174 ἔπιεν,
1606 2131 1613 2162 l

2023 2107 2149 2178 ,qui
2176 2121 2245 2161 ex
2269 2103 2464 2168 Maria,
2497 2103 2591 2172 qui
2627 2117 2752 2156 vere
2786 2110 2949 2156 natus
2981 2109 3086 2166 est,
3122 2098 3232 2154 edit
3261 2107 3316 2152 et
3346 2098 3433 2153 bi-
3507 2096 3512 2103 ’

122 2198 249 2262 θῶς
275 2197 512 2272 ἐδιώχθη
540 2202 633 2255 ἐπὶ
656 2202 881 2256 Ποντίου
902 2203 1160 2266 Πιλάτου,
1185 2200 1402 2273 ἀληθῶς
1423 2203 1611 2273 ἐσταυε

1940 2241 1950 2266 ,
1972 2213 2102 2254 vere
2118 2197 2549 2268 persecutionem
2573 2210 2770 2266 passus
2791 2205 2876 2248 est
2897 2191 3000 2248 sub
3017 2189 3213 2245 Pontio
3233 2188 3429 2252 Pilato,

121 2291 236 2345 καὶ
283 2291 579 2358 ἀπέθανεν,
625 2293 930 2364 βλεπόντων
974 2295 1082 2348 τῶν
1128 2293 1468 2365 ἐπουρανίων
1501 2294 1610 2365 (11)

1943 2307 1978 2347 ’θ
2004 2291 2302 2348 cruciﬁxus
2325 2299 2380 2345 et
2415 2297 2667 2344 mortuus
2699 2295 2804 2352 est,
2848 2284 3159 2340 videntibus
3191 2282 3432 2338 coelesti-

123 2386 404 2454 ἐπιγείων
433 2386 528 2440 καὶ
557 2385 914 2456 ὑποχθονῖωνο
948 2385 1009 2450 ὃς
1034 2386 1129 2440 καὶ
1151 2383 1367 2456 ἀληθῶς
1401 2384 1612 2456 ἠγέρθη

1943 2402 1956 2441 5
1985 2394 2039 2440 et
2065 2381 2417 2439 terrestribus
2454 2390 2508 2436 et
2543 2378 2949 2444 subterraneis;
2992 2377 3086 2446 qui
3111 2384 3166 2430 et
3189 2391 3314 2430 vere
3342 2390 3432 2429 re-

124 2477 377 2548 νεκρῶν,
412 2475 725 2548 ἐγείραντος
749 2477 910 2529 αὐτὸν
941 2475 1036 2529 τοῦ
1067 2475 1279 2548 Πατρὺς
1305 2474 1493 2540 αὑτοῦ,
1526 2473 1613 2544 (ίὲ

1940 2479 2092 2534 τειίι
2121 2493 2151 2530 a
2173 2476 2428 2541 mortuis,
2455 2472 3013 2546 resuscitanteipsum
3043 2467 3205 2524 Patre
3234 2468 3429 2538 ipsius,

121 2570 236 2621 καὶ
268 2568 416 2621 κατὰ
445 2567 505 2620 τὸ
555 2567 664 2638 (15)
700 2568 954 2639 ὁμοίωμα
1000 2569 1170 2640 ἡμᾶς,
1211 2568 1340 2631 τοὺς
1389 2564 1610 2618 πιστεύο

1941 2565 2314 2624 amadmodum
2373 2564 2440 2620 ad
2502 2565 2622 2634 ejus
2660 2563 3074 2619 similitudinem
3124 2569 3179 2614 et
3225 2574 3349 2624 nos,
3381 2559 3430 2612 ei

123 2659 315 2730 αὐτῷ,
345 2657 520 2722 οὕτως
555 2659 740 2732 ἐγερεῖ
770 2659 798 2711 ό
836 2658 1033 2730 Πατὴρ
1071 2657 1238 2713 αὐτοῦ
1279 2660 1338 2712 ὲν
1375 2658 1599 2730 Χριστῷ

1946 2657 2156 2720 dentes,
2192 2653 2354 2708 Pater
2376 2653 2499 2722 ejus
2527 2653 2600 2707 ita
2638 2652 2985 2707 resuscitabit
3028 2651 3081 2704 in
3110 2649 3237 2705 Jesu
3275 2648 3435 2704 Chri-

130 2752 262 2818 σοῦ,
291 2751 404 2825 (14)
429 2747 488 2807 οὗ
511 2753 682 2825 χωρὶς
709 2753 770 2806 τὸ
795 2752 1046 2824 ἀληθινὸν
1071 2751 1170 2824 ζῇν
1192 2752 1292 2806 οὐκ
1313 2751 1528 2822 ἔχομεν.

1851 2757 1960 2814 sto,
1989 2748 2107 2802 sine
2132 2762 2243 2816 quo
2269 2762 2453 2801 veram
2484 2746 2650 2800 vitam
2686 2760 2792 2799 non
2826 2744 3111 2800 habemus.

892 2847 964 2902 Χ.
1004 2846 1064 2903 Si
1096 2847 1340 2903 Christus
1367 2863 1469 2900 non
1507 2863 1622 2901 vere
1649 2861 1836 2916 passus
1862 2855 1962 2909 est,
1993 2843 2201 2914 frustra
2231 2858 2324 2913 ego
2350 2843 2562 2896 vincula
2595 2843 2727 2911 fero.

217 2946 284 2998 ΕΞ
309 2943 387 3008 δὲ,
410 2941 602 3015 ὥσπερ
626 2944 788 3008 τινες,
813 2943 962 2998 ἄθεοι
981 2942 1155 3006 ὅντες,
1190 2943 1472 2996 τουτέστιν
1503 2940 1702 2994 ἄπιστο

1936 2936 1981 2993 5i
2037 2953 2190 3004 vero,
2245 2948 2306 2993 ut
2346 2937 2571 3007 quidam
2624 2936 2791 3003 athei,
2842 2937 2949 2991 hoc
2997 2945 3101 3002 est,
3165 2933 3425 2998 inﬁdeles,

153 3037 422 3106 ιέγουσιν,
447 3036 508 3090 τὸ
542 3039 720 3092 δοκεῖν
753 3037 1080 3091 πεπονθέναι
1114 3035 1296 3098 αὑτὸν,
1330 3033 1483 3088 αὐτοὶ
1508 3033 1642 3088 ὄντες

1943 3040 2021 3099 nt,
2060 3045 2186 3086 eum
2241 3030 2542 3086 secundum
2597 3029 2971 3100 apparentiam
3017 3043 3138 3083 esse
3187 3043 3432 3097 passum,

129 3129 354 3199 δοκεῖν,
379 3129 491 3198 ἐγὼ
525 3129 578 3184 τί
606 3129 850 3200 δέδεμαι,
879 3129 933 3182 τί
958 3129 1015 3182 δὲ
1043 3125 1274 3198 εὔχομαι
1305 3125 1618 3197 θηριομαχῆ

1943 3121 1953 3174 i
1992 3120 2296 3176 secundum
2336 3120 2709 3191 apparentiam
2729 3127 2939 3173 tantum
2969 3118 3329 3184 exsistentes;
3363 3119 3432 3171 ad

131 3221 368 3293 Δωρεὰν
395 3217 490 3276 οὖν
512 3215 880 3292 ἀποθνήσκως
909 3217 1020 3290 (15)
1054 3213 1202 3290 ’Δρα
1239 3217 1300 3271 οὐ
1339 3216 1620 3288 καταψεύδ

1944 3212 1977 3268 d
2004 3227 2106 3283 ego
2135 3213 2354 3268 vinctus
2389 3228 2532 3272 sum.
2567 3227 2668 3267 cur
2710 3219 2838 3281 opto
2867 3226 2991 3267 cum
3025 3210 3216 3266 bestiis
3258 3210 3433 3279 depu-

133 3313 241 3367 τοῦ
256 3314 504 3386 Κυρίου;
1849 3305 2054 3374 gnare?
2082 3303 2309 3360 Frustra
2341 3306 2526 3375 itaque
2562 3305 2805 3359 morior?
2831 3303 3025 3358 Nonne
3054 3318 3157 3374 ego
3196 3301 3336 3360 falsa
3365 3303 3434 3358 de

651 3390 656 3395 ⁷
1851 3398 2082 3454 Domino
2111 3397 2341 3468 loquor?

1469 3495 1652 3555 Vetus
1694 3496 2034 3574 interpres.

141 3607 266 3651 tare
297 3605 404 3670 est,
434 3611 547 3670 non
574 3596 815 3670 mundus
845 3605 952 3670 est,
979 3595 1086 3653 hoc
1112 3605 1219 3662 est,
1248 3596 1344 3667 qui
1375 3596 1496 3652 sine
1520 3599 1784 3668 episcopo
1811 3608 1868 3653 et
1907 3599 2252 3670 presbvterio
2283 3607 2339 3653 et
2367 3599 2598 3654 diacono
2637 3605 2896 3666 operatur
2926 3593 3153 3664 aliquid,
3187 3594 3290 3650 iste
3322 3609 3428 3650 non

144 3666 396 3724 mundus
421 3678 505 3722 est
535 3667 590 3721 in
624 3666 982 3723 conscientia.

1582 3731 1815 3789 CAPUT
1857 3731 1996 3787 Vlll.

216 3830 342 3885 Non
374 3831 504 3900 quia
535 3831 765 3901 cognovi
800 3831 908 3885 tale
935 3831 1069 3901 quid
1095 3831 1149 3885 in
1178 3833 1367 3898 vobis;
1415 3832 1513 3888 sed
1557 3843 1832 3900 praeservo
1860 3843 1981 3893 vos,
2015 3827 2345 3882 exsistentes
2377 3841 2531 3901 meos
2570 3827 2823 3901 dilectos,
2866 3831 3172 3898 praevidens
3199 3828 3430 3901 insidias

145 3897 523 3957 'liaholiJVos
549 3897 717 3966 igitur
741 3897 1085 3957 mansuetam
1124 3897 1443 3972 patientiam
1493 3897 1857 3972 resumentes,
1889 3908 2133 3972 recreate
2165 3898 2530 3972 vosmetipsos
2577 3898 2634 3950 in
2682 3897 2806 3972 ﬁde.
2838 3897 3004 3972 quod,
3035 3911 3122 3955 est
3159 3915 3292 3972 caro
3321 3898 3432 3953 Do-

150 3973 310 4044 mini,
342 3981 399 4026 et
431 3973 486 4026 in
519 3972 809 4044 charitate,
843 3973 987 4044 quod
1017 3982 1100 4028 est
1122 3967 1349 4044 sanguis
1381 3972 1510 4028 Jesu
1540 3970 1768 4026 Christi.
1802 3967 1996 4044 Nullus
2013 3978 2267 4044 _vestrum
2309 3967 2574 4044 adversus
2607 3967 2926 4044 proximum
2959 3971 3169 4044 aliquid
3209 3970 3429 4024 habeat.

152 4040 271 4114 Dion
296 4044 620 4097 occasiones
650 4043 788 4114 detis
809 4038 1063 4114 gentibus
1089 4087 1102 4110 ,
1143 4057 1206 4098 ut
1228 4038 1342 4099 Bon
1374 4051 1598 4114 propter
1623 4054 1830 4114 paucos
1864 4039 2187 4114 insipientes
2215 4054 2278 4092 ea
2305 4055 2427 4107 quae
2460 4039 2513 4091 in
2540 4038 2652 4092 Deo
2677 4039 2969 4094 multitudo
2997 4038 3430 4112 blasphemetur.

162 4111 256 4170 Vc
280 4115 443 4181 enim,
477 4130 570 4185 per
589 4129 743 4184 quem
769 4109 835 4168 ili
862 4113 1102 4169 vanitate
1132 4131 1321 4169 nomen
1349 4109 1521 4168 meum
1548 4113 1602 4166 in
1624 4109 1904 4178 aliquibus
1937 4109 2353 4178 blasphematur.

1617 4201 1849 4260 CAPUT
1889 4203 1980 4258 ΙΧ.

224 4302 617 4360 Obsurdescite
647 4301 838 4372 igitur,
872 4301 1095 4371 quando
1118 4303 1276 4358 vobis
1302 4302 1422 4357 sine
1452 4300 1582 4356 Jesu
1608 4297 1832 4372 Christo
1865 4298 2106 4368 loquitur
2135 4299 2293 4368 quis;
2325 4298 2511 4372 qui_ex
2554 4312 2750 4372 genere
2791 4295 2981 4362 David,
3013 4297 3106 4366 qui
3137 4311 3204 4372 εξ
3235 4295 3428 4364 Maria,

151 4376 248 4446 qui
279 4389 406 4428 vere
431 4384 594 4428 natus
624 4367 730 4438 est,
752 4367 996 4446 comedit
1025 4381 1079 4426 et
1110 4373 1250 4446 bibit
1273 4391 1301 4446 ;_
1326 4388 1453 4428 vere
1481 4370 1918 4446 persecutionem
1939 4367 2260 4446 passus’est
2296 4371 2397 4422 sub
2428 4367 2624 4446 Pontio
2650 4367 2845 4432 Pilato,
2871 4382 2997 4421 vere
3022 4367 3316 4446 cruciﬁxus
3345 4379 3432 4446 est

151 4437 205 4502 et
238 4454 492 4499 mei-tuus
517 4451 621 4507 est,
647 4443 1046 4514 aspicientibus
1073 4437 1392 4498 coelestibus
1414 4437 1934 4514 ct'terrestribuset
1952 4437 2329 4514 infernalibus
2357 4457 2370 4491 :
2399 4440 2493 4514 qui
2521 4448 2575 4492 et
2604 4454 2746 4514 vere.
2767 4437 3139 4514 resurrexita
3165 4441 3427 4514 mortuis,

154 4515 522 4572 resuscitante
549 4507 728 4583 ipsuni
759 4513 922 4568 Patre
948 4513 1124 4583 ipsius
1151 4531 1167 4569 :
1197 4514 1290 4583 qui
1321 4523 1375 4568 et
1404 4509 2172 4583 secundum_simi|itudinem
2210 4527 2310 4565 nos
2336 4507 2620 4563 credentes
2648 4508 2750 4578 ipsi
2781 4507 2860 4562 sic
2891 4507 3240 4563 resuscitabit
3267 4509 3430 4564 Pater

155 4587 331 4657 ipsius
358 4587 412 4639 in
441 4580 666 4640 Christo
689 4583 841 4653 Jesu,
875 4580 996 4662 sine
1021 4599 1132 4654 quo
1160 4580 1352 4640 verum
1379 4585 1562 4637 vivere
1586 4596 1696 4635 non
1725 4580 2014 4634 habemus.

1627 4674 1860 4731 CAPUT
1898 4673 1967 4728 Χ.

224 4773 280 4828 Si
310 4781 517 4836 autem,
535 4771 995 4843 quemadmodum
1019 4770 1383 4843 quidamgsine
1413 4767 1876 4843 peoexsistentes
1899 4767 2027 4843 (hoc
2047 4775 2149 4835 est,
2175 4765 2440 4843 inﬁdeles)
2459 4764 2674 4843 dicunt,
2695 4765 2991 4819 secundum
3017 4763 3184 4843 videri
3208 4779 3433 4843 passum

157 4859 274 4899 esse
302 4835 524 4910 ipsum;
553 4835 664 4910 ipsi
692 4842 1019 4897 exsistentes
1037 4835 1349 4897 secundum
1377 4839 1572 4900 videri,
1613 4853 1714 4908 ego
1747 4838 1877 4907 quid
1909 4835 2126 4910 vinctus
2160 4836 2323 4910 sum?
2344 4835 2473 4903 quid
2514 4847 2697 4888 autem
2725 4844 2779 4889 et
2807 4850 2906 4888 oro
2946 4850 3070 4889 cum
3105 4835 3299 4891 bestiis
3335 4852 3435 4897 uu-

157 4907 358 4984 gnare’?
395 4907 595 4967 Gratis
614 4911 780 4982 igitur
807 4913 1015 4967 morior
1049 4931 1062 4968 :
1096 4925 1227 4982 ergo
1260 4925 1370 4965 non
1394 4907 1769 4979 reprehendar
1807 4907 2076 4962 mendacii
2105 4923 2134 4960 a
2160 4907 2413 4961 Domino.

223 5038 244 5069 ⁸
268 5035 399 5091 lsai.
426 5049 524 5100 LII,
563 5034 618 5088 5.

222 5158 303 5227 (5)
345 5155 424 5210 Ita
462 5170 566 5209 ms.
608 5152 748 5208 Male
783 5152 1051 5211 Smithius
1088 5174 1100 5208 :
1153 5155 1394 5227 Πραείαν
1427 5152 1711 5205 εὐπάθειαι

1950 5150 2059 5227 12)-
2089 5149 2162 5204 lta
2225 5149 2511 5227 legendum
2564 5162 2687 5227 esse
2730 5155 2913 5227 [nonet
2959 5145 3257 5227 Smithius,‘
3294 5147 3435 5227 duce

159 5216 268 5282 hc.
286 5216 298 5227 ’
1206 5216 1216 5227 ’

1944 5216 2026 5276 eri
2049 5216 2357 5289 interprete.
2394 5217 2669 5290 Μδ.,κατὰ
2698 5216 2757 5269 τὸ
2777 5217 3048 5287 ὁμοίωμα,
3083 5216 3140 5278 ὃς
3174 5216 3268 5270 καὶ
3287 5217 3433 5288 ἡμᾶς

223 5300 303 5370 (ti)
345 5295 450 5350 Ms.
477 5297 558 5370 ὃς.
585 5296 878 5370 Salvianus
915 5294 1144 5370 coniicit
1183 5296 1242 5366 ἧ.
1288 5294 1539 5370 Vossius,
1581 5292 1712 5347 Cote

1138 5313 1144 5348 '.
1288 5294 1539 5370 Vossius,
1581 5292 1742 5370 Cote:
1850 5291 2379 5370 τοὺς-πιστεύοντας,
2410 5308 2463 5343 κ.
2493 5290 2627 5370 τ.

161 5360 322 5423 Ιει·ἷυέ
370 5378 427 5422 ει
469 5366 564 5421 alii
598 5387 612 5421 :
668 5368 718 5421 ὅ.
757 5365 873 5421 Cfr.
905 5367 973 5419 de
1016 5360 1121 5421 fide
1163 5360 1220 5420 et
1256 5367 1522 5420 charitate
1549 5380 1637 5433 ep.
1674 5363 1743 5418 ad
1924 5364 2037 5426 tl5)
2076 5361 2191 5433 Cir.
2228 5360 2401 5433 lCor.
2431 5360 2634 5433 xv,_:i9.

162 5440 469 5508 Ephesnic.
492 5436 596 5508 illi;
624 5439 693 5493 ad
733 5437 978 5508 Smyrn.,
1003 5451 1052 5491 ε.
1087 5439 1141 5491 6.
1584 5429 1599 5433 “

1926 5434 2038 5508 (μί)
2074 5432 2190 5508 Cir.
2224 5430 2495 5508 Joanzgn,
2520 5430 2621 5494 56;
2648 5429 2832 5508 v,_4_0;
2865 5429 3077 5508 x_tv.“6;
3111 5433 3324 5508 p.115.

224 5510 303 5578 (7)
340 5497 460 5563 Cir.
485 5497 680 5564 Matth.
719 5524 775 5574 ν,
809 5497 974 5578 ἷὸηί
1004 5576 1021 5578 ξ
1277 5576 1303 5578 Α
1434 5576 1442 5578 Α

2081 5503 2304 5578 Sensus
2319 5520 2336 5578 _:
2371 5499 2558 5578 Nonne
2587 5517 2678 5570 ego
2703 5500 2842 5570 falsa
2872 5499 2934 5552 de
2967 5498 3191 5551 Domino
3212 5497 3429 5578 loquor,

227 5569 305 5649 (8)
344 5580 412 5631 Τι
443 5580 626 5633 addidi
657 5595 723 5633 ex
743 5569 969 5649 :Paroll.
993 5576 1240 5649 Damase.
1265 5576 1471 5649 ﬁttpef.
1853 5577 1899 5631 si
1924 5569 2234 5649 illi,_verum
2265 5572 2465 5649 Christi
2497 5569 2719 5649 mortem
2754 5579 3022 5649 negantes,
3053 5586 3173 5622 vera
3205 5569 3434 5649 loquun-

349 5649 476 5705 llaac
500 5651 689 5706 laudat
718 5647 1048 5701 Theodorei.
1089 5648 1229 5719 Dial.
1263 5647 1304 5713 Ι,
1330 5639 1381 5718 p.
1414 5639 1505 5702 3|.
1856 5647 1982 5719 tur?
2007 5643 2150 5697 Mors
2183 5644 2437 5719 meajpsa
2485 5641 2640 5719 [alsia
2683 5641 2941 5694 doctrina:
2977 5649 3053 5692 est
3097 5639 3433 5719 prazdicutio.

234 5710 343 5789 (10)
383 5720 498 5774 Cfr.
536 5719 635 5788 Ep.
669 5720 736 5773 ad
762 5719 1082 5789 Sinyrn.,c.
1114 5718 1162 5772 1.
1292 5710 1347 5718 ”
1858 5717 1914 5789 Si
1943 5731 2072 5789 vero
2107 5723 2229 5783 post
2433 5714 2591 5789 colon
2640 5728 2834 5789 ponas,
2889 5712 3211 5789 vertendum
3258 5710 3366 5766 erit
3415 5728 3432 5765 :

237 5781 345 5859 (Η)
388 5792 494 5844 Καί
527 5781 709 5845 είδῐειῑ
738 5791 791 5842 in
826 5781 961 5842 nitu.
994 5781 1120 5845 'Jsc.
1861 5781 2125 5856 Profecto,
2153 5801 2254 5840 non
2289 5781 2426 5853 falsa
2457 5782 2643 5852 loquor
2676 5783 2737 5836 de
2768 5781 3010 5836 Domino.

482 5887 766 5947 PATROL.
808 5887 852 5946 (ἶ
868 5904 927 5945 n.
969 5887 1039 5945 γ.
1627 5956 1632 5960 _

3119 5879 3198 5938 9'2
