3852 6210
389 298 492 355 ωδ
1361 306 1606 366 SANCTI
1643 310 1900 368 IGNATII
1951 312 2314 372 EPISTOLA'I
2348 316 2696 374 GENUINE.
3577 324 3694 381 ιω

1333 429 1423 488 XI.
1457 432 1651 506 Fugite
1676 437 1982 506 mortiferas
2017 438 2333 494 Docetarum
2367 441 2745 510 plantationes.

475 546 668 620 Fugite
695 563 825 620 ergo
851 549 1025 606 malas
1060 551 1406 622 propagines,
1445 571 1567 625 quae
1591 557 1823 626 gignunt
1845 575 1957 613 mor

2164 562 2398 631 Φεύγετε
2423 558 2517 616 οὖν
2545 561 2643 626 τὰς
2670 559 2847 624 κακὰς
2873 559 3252 632 παραφυάδας,
3280 559 3378 624 τὰς
3406 561 3694 628 γεννιῖισας

404 638 627 694 tiferum
657 638 916 709 fructum,
947 657 1111 712 quem
1147 644 1192 700 si
1219 644 1344 714 quis
1367 647 1622 714 gustarit,
1655 649 1842 704 statim
1871 665 1957 705 mo

2098 653 2308 726 καρπὸν
2335 654 2726 726 θανατηφόρον,
2754 648 2816 708 οὗ
2851 653 2946 706 ἐὰν
2967 651 3227 724 γεύσηται
3264 669 3365 715 τις,
3388 654 3524 724 παρ’
3547 653 3696 706 αὐτὰ

405 730 570 784 ritur.
595 728 690 785 Isti
727 731 873 785 enim
912 747 1019 786 non
1051 742 1180 787 sunt
1203 735 1470 804 plantatio
1501 735 1700 793 Patris.
1748 739 1805 793 Si
1843 741 1957 795 enir

2098 744 2452 816 ἀποθνήσκει.
2482 740 2640 799 Οὗτοι
2671 743 2780 815 γὰρ
2807 745 2909 798 οὐκ
2938 745 3082 796 εἰσὶν
3105 742 3216 813 (16)
3245 742 3434 811 φυτεία
3450 743 3692 814 Πατρός.

405 832 610 886 essent,
635 834 962 893 apparerent
993 827 1181 898 utique
1218 831 1356 884 rami
1383 832 1584 896 crucis,
1620 845 1675 888 et
1712 843 1860 889 esset
1886 835 1957 889 uti

2097 841 2162 893 EI
2188 839 2298 910 γὰρ
2325 835 2485 910 ἦσαν,
2535 837 2817 907 ἐφαίνοντο
2850 837 2916 890 ἂν
2955 836 3140 890 κλάδοι
3167 835 3264 889 τοῦ
3294 835 3552 908 σταυροῦ,
3591 835 3694 888 καὶ

405 931 514 985 que
538 915 750 970 fructus
790 915 1008 972 illorum
1047 919 1508 992 incorruptibilis.
1550 923 1654 980 Per
1689 927 1831 982 hanc
1859 942 1957 983 cru

2096 926 2165 1001 ἦν
2194 930 2260 984 ἂν
2285 932 2314 984 ὁ
2339 929 2552 1001 καρπὸς
2577 928 2756 983 αὐτῶν
2781 927 3076 1000 ἄφθαρτος·
3109 927 3177 980 δι’
3218 923 3278 982 οὗ
3317 928 3374 980 ἐν
3414 928 3492 997 τῷ
3523 925 3694 979 πάθει

406 1025 522 1063 cem
555 1008 810 1064 Christus
847 1009 900 1062 in
942 1012 1201 1079 passione
1233 1027 1331 1068 sua
1359 1013 1556 1071 invitat
1577 1032 1696 1085 vos,
1726 1019 1820 1088 qui
1859 1019 1957 1073 esti

2099 1023 2268 1078 αὑτοῦ
2323 1021 2711 1095 προσκαλεῖται
2761 1023 2925 1094 ὑμᾶς,
2976 1022 3138 1086 ὂντας
3191 1022 3326 1093 μέλη
3369 1019 3556 1074 αὐτοῦ.
3607 1019 3696 1072 Οὐ

403 1102 649 1157 membra
678 1103 817 1174 ejus.
852 1102 971 1158 Non
1004 1113 1184 1174 potest
1215 1106 1379 1176 igitur
1412 1119 1577 1179 caput
1613 1125 1860 1166 seorsum
1897 1127 1957 1165 na

2101 1118 2323 1171 δύναται
2359 1114 2453 1170 οὖν
2497 1116 2709 1188 κεφαλὴ
2751 1117 2920 1188 χωρὶς
2957 1115 3284 1188 γεννηθῆναι
3315 1116 3442 1171 ἄνευ
3482 1114 3694 1186 μελῶν,

403 1195 482 1248 sci
513 1195 632 1249 sine
663 1195 948 1255 membris.
982 1196 1240 1253 unionem
1272 1200 1624 1270 promittente
1647 1200 1779 1268 Deo,
1797 1203 1892 1274 qui
1913 1219 1957 1258 et

2099 1207 2193 1262 τοῦ
2207 1207 2344 1262 Θεοῦ
2376 1208 2566 1261 ἕνωσιν
2595 1205 3064 1276 ἐπαγγελλομένου
3081 1205 3214 1276 (17),
3249 1205 3308 1267 ὃς
3333 1205 3476 1256 ἐστιν
3499 1203 3692 1265 αὐτὸς.

403 1300 542 1354 ipse.

1497 1404 1618 1464 XII.
1654 1408 1863 1464 Manete
1901 1410 1954 1463 in
1982 1412 2186 1465 unitate
2217 1423 2265 1466 et
2296 1411 2576 1464 charitate.

476 1523 668 1580 Saluto
704 1540 800 1579 vos
831 1540 862 1580 e
906 1525 1175 1596 Smyrna,
1220 1541 1331 1581 una
1381 1541 1507 1582 cum
1550 1526 1811 1584 Ecelesiis
1861 1526 1955 1582 Dei

2146 1528 2483 1600 Ἀσπάζομαι
2499 1530 2645 1602 ὑμᾶς
2658 1526 3052 1603 ἀπδΣμύρνης,
3074 1525 3190 1597 ἅμα
3212 1529 3332 1590 ταῖς
3361 1526 3691 1598 συμπαρού-

400 1631 524 1686 quae
557 1632 771 1672 mecum
813 1626 966 1683 sunt,
991 1632 1114 1687 qua:
1147 1617 1201 1672 in
1243 1618 1500 1674 omnibus
1544 1634 1633 1674 me
1669 1635 1957 1675 recreat-un

2089 1622 2330 1693 cat;(l8)
2348 1639 2436 1693 μοι
2454 1620 2798 1692 Ἑκκλησίαις
2820 1618 2914 1672 τοῦ
2945 1616 3104 1683 Θεοῦ,
3122 1618 3230 1690 (19)
3258 1619 3307 1671 οἳ
3334 1619 3474 1672 κατὰ
3500 1619 3694 1672 πάντα

401 1707 585 1778 quoad
646 1723 846 1777 corpus
905 1717 960 1763 et
997 1708 1272 1778 spiritum.
1349 1707 1580 1764 Vincula
1637 1725 1802 1776 mea,
1861 1726 1957 1780 qua

2093 1733 2158 1786 με
2207 1713 2522 1768 ἀνέπαυσαν
2568 1711 2732 1784 σαρκί
2779 1728 2837 1763 τε
2879 1710 2974 1764 καὶ
3018 1710 3306 1781 πνεύματι.
3364 1710 3698 1781 Παρακαλεῖ

398 1811 622 1872 propter
647 1799 834 1855 Jesum
860 1800 1138 1856 Christum
1165 1799 1307 1864 fero.
1357 1816 1455 1857 vos
1506 1802 1951 1872 obsecrant:per

2089 1808 2232 1876 ὑμᾶς
2283 1803 2352 1858 τὰ
2400 1803 2574 1874 δεσμά
2624 1820 2725 1874 μου
2767 1801 2878 1873 (20)
2925 1801 2960 1855 ὃ.
2997 1802 3182 1854 ἕνεκεν
3234 1801 3408 1872 Ἰησοῦ
3445 1798 3694 1873 Χριστδῦ

400 1903 623 1948 manete
672 1894 727 1948 in
780 1894 1076 1949 concordia
1133 1903 1317 1950 vestra
1362 1904 1418 1949 ct
1467 1895 1716 1950 oratione
1766 1904 1955 1949 mutua

2089 1896 2389 1968 περιφέρω,
2423 1894 2744 1965 αἰτούμενος
2779 1892 2916 1947 Θεοῦ
2963 1894 3257 1963 ἐπιτυχεῖν
3298 1892 3582 1963 διαμένετε
3627 1895 3696 1945 ἐν

404 1984 569 2042 Decet
597 1987 741 2040 enim
768 1985 1015 2056 singulos
1040 1993 1284 2040 vestrum
1305 2027 1320 2052 ,
1353 1994 1408 2040 et
1437 1988 1709 2056 praecipue
1748 1987 1957 2056 pres-by

2089 1993 2151 2061 τῇ
2209 1988 2432 2058 ὁμονοίᾳ⁵
2485 1986 2640 2057 ὑμῶν
2683 1986 2778 2039 καὶ
2823 1988 2891 2057 τῇ
2934 1986 3050 2056 μετ’
3095 1985 3342 2055 ἀλλήλων
3375 1988 3690 2056 προσευχῇ.

401 2087 569 2143 toros,
599 2091 847 2131 recreare
880 2076 1223 2146 episcopum,
1256 2078 1310 2130 in
1343 2077 1603 2132 honorem
1627 2077 1825 2144 Patris,
1851 2078 1957 2132 Jesl

2089 2081 2293 2153 Πρέπει
2347 2079 2455 2150 γὰρ
2499 2080 2627 2149 ὑμῖν
2673 2082 2786 2141 τοῖς
2817 2077 2938 2130 καθ’
2977 2077 3096 2141 ἕνα,
3130 2077 3240 2148 (21)
3265 2076 3562 2148 ἐξαιρέτως
3588 2079 3693 2130 καὶ

400 2170 606 2224 Christi
656 2180 710 2224 et
759 2169 1150 2240 apostolorum.
1184 2169 1355 2240 Opto,
1405 2179 1467 2225 ut
1502 2171 1558 2226 in
1591 2171 1857 2226 charitate
1896 2187 1957 2225 ml

2089 2177 2198 2236 τοῖς
2229 2171 2640 2244 πρεσϐυτέροις,
2664 2168 2960 2239 ἀναψύχειν
2981 2168 3072 2221 τὸν
3097 2169 3396 2238 ἐπίσκοπον
3417 2171 3496 2232 εἰς
3515 2170 3693 2239 τιμὴν

401 2263 663 2326 audiatis,
697 2277 786 2326 ne,
813 2263 929 2319 haec
965 2263 1238 2326 scribens,
1280 2264 1335 2317 in
1369 2264 1747 2318 testimonium
1789 2273 1957 2318 contr:

2089 2266 2318 2338 Πατρὸς,
2365 2263 2539 2334 Ἰησοῦ
2579 2260 2818 2333 Χριστοῦ
2859 2262 2955 2314 καὶ
2994 2261 3102 2312 τῶν
3133 2251 3465 2313 ἀποστόλων.
3505 2259 3690 2330 E610-

400 2370 500 2409 νος
531 2355 657 2408 sim.
687 2352 793 2409 Sed
832 2365 885 2409 et
929 2363 1082 2410 orate
1114 2370 1214 2424 pro
1244 2371 1365 2419 me,
1415 2355 1511 2426 qui
1537 2357 1592 2410 in
1635 2355 1729 2410 Dei
1763 2356 1957 2410 miseria

2089 2375 2186 2429 μαι
2213 2357 2358 2428 ὑμᾶς
2378 2357 2435 2407 ἐν
2460 2355 2650 2425 ἀγάπῃ
2679 2350 2910 2405 ἀκοῦσαί
2935 2369 3058 2422 μου,
3085 2351 3173 2405 ἴνα
3201 2351 3276 2422 μὴ
3299 2353 3377 2415 εἰς
3401 2350 3513 2422 (22)
3541 2369 3690 2423 μαρ-

401 2447 588 2501 cordia
607 2447 875 2502 charitate
895 2457 1075 2502 vestra
1103 2446 1340 2516 indigeo,
1359 2456 1419 2502 ut
1444 2447 1642 2518 dignus
1664 2449 1788 2501 liam
1815 2457 1957 2502 sorte

2089 2447 2273 2518 τύριον
2307 2439 2352 2499 ὦ
2396 2445 2454 2497 ἐν
2494 2446 2622 2514 ὑμῖν
2661 2441 2897 2514 γράψας.
2936 2442 3048 2494 Καὶ
3091 2441 3221 2512 περὶ
3245 2440 3380 2512 ἐμοῦ
3417 2441 3473 2494 δὲ
3511 2459 3692 2513 προσ-

402 2553 528 2608 qurr
550 2554 637 2593 me
665 2547 842 2593 morte
882 2539 1365 2609 appropinquante
1411 2539 1766 2602 circumstat,
1802 2553 1871 2593 ne
1896 2552 1954 2592 re

2089 2536 2336 2608 εύχεσθε,
2376 2535 2477 2606 τῆς
2522 2536 2616 2603 ἀφ’
2664 2531 2820 2604 ὑμῶν
2874 2532 3098 2602 ἀγάπης
3147 2530 3444 2604 χρῄζοντος
3493 2533 3554 2584 ἐν
3603 2532 3690 2604 τῷ

403 2633 614 2703 probus
644 2632 915 2688 inveniar.

2089 2629 2229 2682 ἐλέει
2260 2626 2356 2680 τοῦ
2385 2624 2544 2689 Θεοῦ,
2583 2627 2662 2688 εἰς
2683 2624 2744 2677 τὸ
2773 2622 3174 2692 καταξιωθῆναί
3208 2639 3274 2693 με
3309 2621 3404 2675 τοῦ
3450 2621 3688 2694 κλήρου,

2089 2720 2151 2779 οῦ
2197 2723 2308 2793 (25)
2361 2720 2680 2791 περίκειμαι
2727 2719 3021 2788 ἐπιτυχεῖν,
3053 2716 3140 2769 ἵνα
3185 2716 3259 2787 μὴ
3288 2716 3546 2786 ἀδόκιμος
3586 2717 3687 2769 εὑ-

2095 2815 2258 2888 ρεοῶ.

1355 2918 1492 2973 XIII.
1543 2917 1744 2982 Valete,
1778 2924 1926 2971 orate
1960 2929 2055 2984 pro
2085 2911 2326 2966 Ecclesia
2366 2906 2560 2978 Syriae,
2593 2916 2699 2962 etc.
3399 2950 3428 2980 .

471 3042 689 3100 Salutat
723 3058 824 3100 vos
875 3043 1116 3099 charitas
1159 3040 1570 3114 Smyrnaeorum
1625 3050 1681 3098 et
1713 3040 1952 3111 Ephesio

2171 3031 2502 3096 Ἀσπάζεται
2544 3031 2689 3101 ὑμᾶς
2723 3030 2757 3100 ἡ
2798 3027 2986 3098 ἀγάπη
3029 3027 3350 3098 Σμυρναίων
3377 3026 3475 3080 καὶ
3518 3027 3684 3097 Ἐφε-

399 3151 544 3191 rum.
561 3134 831 3192 Memores
855 3144 1032 3191 estote
1056 3135 1111 3190 In
1135 3135 1390 3190 omnibus
1417 3135 1760 3188 orationibus
1786 3132 1957 3187 vestris

2091 3127 2240 3181 σίων.
2285 3123 2669 3196 Μνημονεύετε
2694 3122 2751 3174 ἐν
2788 3123 2908 3184 ταῖς
2938 3122 3271 3191 προσευχαῖς
3301 3120 3455 3190 ὑμῶν
3487 3119 3594 3190 τῆς
3621 3122 3685 3174 ἐν

401 3229 658 3287 Ecclesiae
699 3244 822 3298 qua:
863 3239 948 3282 εει
996 3226 1050 3280 in
1097 3225 1288 3297 Syria;
1321 3225 1388 3278 de
1437 3240 1545 3294 qua
1587 3232 1641 3278 et
1688 3238 1794 3277 non
1847 3237 1957 3277 sum

2089 3220 2249 3292 Συρίᾳ
2292 3216 2639 3288 Ἐκκλησίας·
2669 3214 2790 3269 ὅθεν
2811 3214 2906 3268 καὶ
2936 3213 3037 3266 οὐκ
3065 3211 3214 3278 ἄξιός
3257 3214 3371 3284 εἰμι
3399 3211 3683 3280 λέγεσθαι,

401 3319 601 3392 dignus
629 3319 724 3397 qui
752 3319 933 3395 dicar,
975 3315 1066 3386 qui
1111 3316 1215 3371 sim
1271 3330 1462 3371 eorum
1511 3314 1757 3368 ultimus.
1793 3310 1957 3366 Valetl

2089 3309 2163 3364 ὢν
2211 3309 2436 3380 ἔσχατος
2479 3306 2723 3361 ἐκείνων.
2778 3303 3063 3376 Ἔρρωσθε
3110 3303 3169 3359 ἐν
3226 3301 3401 3373 Ἰησοῦ
3431 3301 3683 3374 Χριστῷ,

1722 3483 1899 3544 Vetus
1932 3481 2268 3560 interpres.

1861 3609 2091 3667 CAPUT
2133 3610 2224 3664 XI.

467 3733 660 3805 Fugite
690 3749 821 3806 ergo
853 3733 1029 3806 malas
1059 3733 1423 3806 propagipes,
1444 3742 1768 3806 generantes
1804 3731 2042 3788 fructum
2091 3731 2478 3806 mortiferum;
2509 3744 2672 3800 quem
2705 3729 2752 3806 si
2790 3737 2969 3806 gustet
3001 3726 3155 3797 quis,
3191 3724 3376 3806 statim
3412 3725 3677 3806 mpritnr.

397 3804 491 3859 Isti
515 3794 663 3859 enim
694 3794 803 3862 novn
832 3813 961 3860 sunt
984 3794 1264 3876 pla'nta'tio'
1281 3794 1480 3859 Patris.
1509 3803 1569 3876 Si
1597 3804 1742 3858 enim
1772 3812 1987 3876 essent,
2018 3813 2340 3876 apparerent
2374 3794 2562 3871 utique
2586 3801 2725 3856 rami
2755 3794 2960 3876 crucis,
2983 3794 3038 3852 et
3068 3806 3214 3876 esset
3247 3797 3432 3876 utique
3458 3794 3682 3876 fructus

397 3875 619 3929 illorum
654 3865 1088 3944 ineorruptibilis
1124 3893 1136 3928 :
1178 3890 1274 3944 per
1303 3889 1465 3944 quem
1489 3915 1502 3938 ,
1559 3875 1615 3928 in
1649 3874 1906 3944 passione
1949 3865 2124 3943 ipsius
2147 3915 2162 3938 ,
2216 3873 2447 3926 advocat
2474 3865 2590 3926 'vos
2613 3914 2629 3938 ,
2665 3871 2992 3944 essisurntes
3025 3867 3272 3923 membra
3317 3865 3515 3936 ipsius.
3550 3865 3678 3920 Non

395 3954 578 4013 potest
611 3946 772 4014 igitur
800 3940 965 4015 caput
999 3944 1151 4000 nasci
1179 3940 1303 3999 sine
1323 3940 1606 3998 —membris
1626 3940 1791 4010 {Deo
1819 3940 2077 3998 unionem
2107 3944 2545 4014 repromitteute,
2575 3940 2723 4010 quod
2753 3949 2839 3995 est
2867 3941 3001 4010 ipse.

1835 4113 2066 4170 CAPUT
2104 4114 2253 4199 xu._

467 4233 658 4290 Saluto
686 4248 784 4289 vos
816 4249 846 4288 a
882 4233 1136 4305 Smyrna,
1159 4249 1284 4305 eum
1325 4234 1816 4304 comprmsentibus
1861 4235 1997 4289 mihi
2047 4232 2309 4290 Ecelesiis
2366 4233 2641 4305 Dei;_qui
2678 4231 2982 4305 secundum
3017 4230 3202 4286 omnia
3250 4245 3341 4285 me
3361 4229 3676 4305 _quiescere

395 4302 639 4374 fecerunt
675 4319 839 4360 carne
865 4313 921 4359 et
967 4299 1180 4374 spiritu.
1212 4299 1581 4374 Deprecaiitur
1615 4321 1714 4360 vos
1762 4305 1974 4360 vincula
2012 4320 2154 4370 mea,
2204 4320 2327 4374 quae
2377 4299 2639 4374 pro'Je'su
2687 4302 2906 4374 Christo
2959 4301 3324 4374 fero,ipete_ns
3361 4299 3479 4356 Deo
3533 4300 3669 4374 I'rui.

393 4373 717 4430 Permanete
751 4374 804 4428 in
835 4371 1131 4430 concordia
1159 4371 1363 4440 vestra,
1397 4384 1447 4429 et
1479 4391 1542 4429 ea
1573 4391 1696 4445 qua:
1725 4390 1850 4430 cum
1883 4375 2190 4445 adinvicem
2222 4371 2508 4445 prati—one.
2560 4373 2723 4445 Decet
2765 4373 2911 4427 enim
2943 4387 3053 4445 _vos
3087 4371 3355 4445 singulos,
3387 4373 3671 4445 praecipue

371 4457 448 4500 vet
474 4446 839 4516 presbyteros,
871 4445 1200 4515 refrigerare
1226 4439 1544 4515 episcopum
1565 4439 1668 4511 ,'in
1701 4447 1965 4500 honorem
1997 4444 2199 4512 Patris,
2224 4443 2353 4500 Jesu
2391 4443 2597 4516 Christi
2619 4484 2634 4508 ,
2668 4451 2723 4496 et
2749 4442 3142 4512 apostolorum.
3176 4439 3288 4496 Oro
3314 4439 3414 4494 vos
3447 4443 3504 4495 in
3535 4439 3673 4516 elia-

393 4512 556 4571 ritate
588 4512 776 4570 audire
816 4530 924 4581 me,
976 4512 1035 4570 ut
1079 4529 1188 4569 non
1236 4512 1289 4569 in
1348 4512 1725 4570 testimonium
1770 4517 1874 4570 sim
1921 4517 1974 4568 in
2005 4516 2160 4571 vobis
2194 4516 2461 4570 scribens.
2489 4512 2596 4568 Sed
2624 4522 2676 4568 et
2717 4529 2819 4582 pro
2849 4528 2937 4566 me
2967 4523 3119 4567 orate
3141 4528 3227 4578 ea,
3252 4523 3376 4581 quae
3414 4526 3447 4565 a
3485 4513 3668 4576 vobis,

392 4587 662 4710 ﬁliaritate
691 4585 965 4666 indigente
990 4585 1050 4639 In
1075 4585 1451 4640 misericordia
1490 4585 1606 4653 Dei,
1641 4586 1708 4641 ad
1737 4586 2044 4657 digniﬂcari
2075 4602 2161 4642 me
2193 4582 2296 4657 [in]
2322 4585 2655 4642 haereditate.
2685 4598 2793 4653 qua
2821 4598 2995 4638 conor
3022 4583 3208 4653 potiri,
3239 4591 3301 4637 ut
3333 4595 3444 4636 non
3479 4597 3672 4653 repro-

435 4673 498 4710 us
536 4672 803 4710 inveniar.
908 4708 911 4710 _

435 4673 498 4711 us
536 4672 803 4711 inveniar.
897 4708 936 4722 ,,

1817 4769 2048 4827 CAPUT
2085 4771 2222 4827 XIII.

457 4892 678 4946 “Salutat
705 4891 1072 4963 voscbaritas
1103 4891 1510 4963 Smyrnaeorum
1535 4901 1588 4947 et
1619 4889 2005 4962 Ephesiorum.
2052 4892 2381 4948 Mementote
2413 4893 2466 4947 in
2498 4891 2843 4963 orationibus
2869 4890 3075 4963 vestris
3103 4889 3376 4963 ejusquas
3406 4889 3463 4963 in
3505 4888 3665 4961 Syria

390 4961 680 5030 Ecclesiae;
705 4961 852 5017 unde
878 4977 988 5017 non
1013 4960 1218 5030 dignus
1241 4979 1362 5017 sum
1389 4963 1494 5018 dici
1513 4960 1812 5024 ,exsistens
1838 4973 2116 5019 extremus
2145 4965 2385 5018 illorum.
2411 4963 2600 5019 Valete
2625 4964 2678 5017 in
2701 4961 2833 5017 Jesu
2856 4961 3100 5026 Christo,
3125 4960 3355 5028 subjecti
3372 4960 3665 5030 repiscOpo,

390 5041 452 5087 ut
487 5032 582 5088 Dei
633 5029 915 5099 mandato,
941 5029 1197 5088 similiter
1229 5041 1285 5088 et
1312 5033 1670 5104 presbyterio.
1720 5031 1787 5086 Et
1835 5034 2039 5104 singuli
2077 5035 2381 5090 adinvicem
2426 5034 2634 5105 diligite
2667 5033 2724 5087 in
2755 5031 3077 5103 impartibili
3125 5032 3309 5086 corde.
3344 5029 3667 5086 Castiticate

491 5211 574 5284 16)
611 5211 727 5284 Cl‘r.
760 5210 951 5266 Matth.
992 5227 1084 5284 xv,
1118 5211 1201 5266 15.
1312 5283 1321 5284 7
1456 5283 1461 5284 ί
1598 5283 1605 5284 ί
1692 5283 1721 5284 η
1993 5215 2039 5272 D
2077 5209 2364 5280 interpres,
2395 5213 2504 5284 qui.

487 5281 589 5357 I7)_
624 5281 859 5357 ltagmst,
889 5283 1261 5357 testimonium
1293 5283 1555 5338 doctrina:
1577 5283 1644 5357 de
1673 5283 1955 5357 divinitate
2139 5285 2253 5357 (20)
2284 5281 2415 5357 Cir.
2440 5284 2640 5354 Ephes.
2669 5299 2746 5357 vt,
2776 5283 2881 5348 2ος
2919 5283 3247 5357 Colpss._lv,
3279 5283 3333 5357 5.

387 5351 594 5409 Christi
634 5353 920 5426 exhibens.
956 5351 1076 5426 vet.
1125 5353 1416 5422 interpres,
1466 5354 1641 5426 quod;
1703 5355 1801 5426 sed
1831 5370 1955 5426 non
2131 5351 2246 5425 (21)
2284 5351 2595 5426 Legendum
2621 5356 2831 5426 videtur
2853 5355 2948 5426 καὶ
2981 5354 3292 5425 ἐξαιρέτως.
3321 5351 3442 5409 Jac.

388 5435 492 5546 elst,
525 5424 670 5563 (ιῆυού
705 5439 831 5479 eum
861 5421 1059 5479 Vossio
1092 5421 1368 5480 mutemus
1414 5421 1580 5490 ὕμνοι
1616 5439 1741 5479 cum
1779 5425 1957 5480 Aldri-

389 5510 418 5548 c
442 5509 514 5548 no
585 5531 599 5546 .

2134 5421 2248 5496 (22)
2287 5421 2400 5480 Cir.
2443 5424 2541 5496 Ep.
2579 5426 2648 5480 ad
2676 5423 2915 5490 Philad.,
2940 5440 2989 5479 c.
3025 5421 3111 5478 6f

2135 5497 2249 5563 (25)
2291 5497 2369 5552 Ita
2415 5512 2519 5552 ms.
2565 5497 2823 5553 Nonnulli
2877 5503 3184 5550 mutarunt.
3217 5492 3479 5550 Vedelius
3529 5493 3665 5563 legit

407 5511 514 5548 BIIIO
543 5511 599 5550 η.
2135 5511 2249 5550 120)
2291 5511 2369 5550 lla
2415 5512 2519 5550 ms.
2565 5511 2823 5550 nonnum
2877 5511 3184 5550 mutarunt.

459 5500 687 5639 ξῗὸῗιιδ
728 5574 876 5621 recte
913 5565 1116 5621 habent
1154 5566 1508 5637 interpolator
1555 5574 1606 5621 et
1637 5573 1746 5620 ver.
1791 5565 1957 5619 inter-

2135 5500 2249 5565 (25)
2291 5500 2369 5552 Ita
2415 5512 2519 5552 ms.
2565 5500 2823 5553 Nonnulli
2877 5503 3184 5550 mutarunt.
3217 5500 3479 5550 Vedelius
3529 5500 3663 5563 legit

2089 5567 2428 5639 ιαράκειμαι,
2457 5567 2496 5639 i.
2525 5583 2574 5622 e.
2600 5568 2926 5639 propinquus
2949 5582 3323 5639 sumzquam
3350 5566 3663 5639 propediem

385 5633 840 5709 ρι’φξιβίξειμουι
878 5705 898 5709 _
1026 5707 1039 5709 _
1297 5633 1316 5637 “
1537 5707 1547 5709 _
1713 5704 1732 5709 _
1874 5706 1884 5709 _

2093 5633 2394 5709 adsequar;
2449 5633 2716 5695 Smithius
2743 5677 2759 5704 ,
2800 5633 3124 5708 ’ὑπόκειμαι
3152 5633 3187 5704 ,⁷
3231 5637 3320 5691 cui
3352 5633 3665 5706 'subjaceo.

459 5674 914 5775 ἀςῖ,
950 5707 1042 5761 sed
1076 5717 1292 5762 nonest
1325 5707 1668 5761 mutandum.
1713 5704 1958 5775 lgnatius

384 5773 534 5829 enim
559 5774 624 5830 ad
654 5777 838 5830 missos
869 5775 1232 5834 Ecclesiarum
1268 5777 1484 5834 illarum
1513 5773 1763 5833 advertit}
1793 5775 1957 5832 Vetus
