3772 6226
345 351 447 406 687

1353 344 1598 401 SANCTI
1627 342 1883 401 IGNATII
1928 342 2291 400 EPISTOL/E
2331 342 2686 400 GENUINIE.
3525 344 3616 401 688

343 482 426 528 est
449 470 802 542 principium,
833 471 877 523 si
903 471 1133 538 gratiam
1163 484 1492 539 consequar,
1515 483 1720 524 sortem
1750 486 1925 524 meam

2095 469 2383 540 κονόμητός
2409 472 2576 534 ἐστιν,
2614 470 2724 541 (55)
2755 469 2850 523 ὲάν
2879 486 2982 542 περ
3012 469 3231 541 χάριτος
3254 468 3524 539 ἐπιτύχω,
3550 472 3622 534 εἰς

342 567 464 620 sine
499 564 893 634 impedimento
919 563 1242 632 accipiendi.
1274 561 1468 617 Timeo
1502 564 1645 618 enim
1689 573 1926 619 vestram

343 657 694 718 charitatem,
723 669 792 707 ne
839 668 904 723 ea
942 653 1076 707 mihi
1128 662 1344 707 noceat.
1377 651 1540 707 Vobis
1574 655 1720 709 enim
1769 653 1932 711 facile

343 757 450 815 est,
484 748 634 818 quod
673 746 841 800 vultis
871 745 1088 810 facere;
1116 745 1250 799 mihi
1284 761 1412 799 vero
1435 747 1651 801 difficile
1687 756 1774 802 est
1824 747 1938 802 Deo

341 839 530 912 potiri,
563 837 612 894 si
639 853 739 893 vos
770 836 904 890 mihi
933 850 1160 906 parcere
1191 836 1446 890 studetis.

2031 561 2092 613 τὸ
2120 561 2211 614 τὸν
2240 561 2441 634 κλῆρόν
2471 579 2572 633 μου
2601 563 3013 634 ἀνεμποδίστως
3042 562 3362 616 ἀπολαϐεῖν.
3393 562 3510 631 (56)
3533 563 3625 615 Φο-

2029 651 2232 724 ϐοῦμαι
2256 654 2368 726 γὰρ
2393 653 2493 725 τὴν
2529 653 2684 724 ὑμῶν
2707 655 2951 724 ἀγάπην,
2982 655 3058 726 μὴ
3097 655 3234 725 αὐτή
3265 671 3336 725 με
3369 653 3617 725 ἀδικήσῃ.

2037 743 2198 814 Ὑμῖν
2226 743 2333 816 γὰρ
2361 743 2587 815 εὐχερές
2613 747 2785 811 ἐστιν,
2824 745 2853 799 ὃ
2881 744 3065 799 θέλετε
3115 745 3346 815 ποιῆσαι
3366 761 3380 774 α
3417 743 3542 815 ἐμοὶ
3569 745 3623 797 δὲ

2023 834 2284 889 δύσκολόν
2309 838 2426 889 ἐστι
2452 834 2546 888 τοῦ
2579 835 2717 890 Θεοῦ
2749 839 3057 910 ἐπιτυχεῖν,
3084 836 3289 909 ἐάνπερ
3321 836 3489 906 ὑμεῖς
3518 834 3620 905 ('57)

2031 925 2298 998 φείσησθέ
2332 944 2458 997 μου.

1516 1039 1580 1092 Il.
1610 1037 1794 1094 Nolite
1822 1057 1902 1094 me
1931 1045 2188 1114 martyrio
2216 1045 2437 1113 eripere.

412 1162 550 1220 Nolo
577 1164 722 1219 enim
747 1162 903 1217 vobis
932 1170 1193 1231 tanquam
1219 1160 1539 1215 hominibus
1563 1160 1802 1231 placere,
1829 1163 1932 1217 sed'

343 1258 456 1312 Deo
489 1257 725 1328 placere,
757 1254 1225 1325 quemadmodum
1251 1264 1305 1307 et
1341 1269 1439 1308 vos
1465 1253 1515 1309 ei
1544 1254 1790 1322 placetis.
1817 1253 1931 1312 Nec

341 1349 487 1404 enim
530 1363 632 1421 ego
679 1362 921 1418 unquam
951 1346 1059 1401 tale
1086 1354 1304 1415 tempus
1340 1344 1453 1401 Deo
1488 1346 1730 1416 potiendi
1764 1348 1931 1402 attin-

339 1459 502 1513 gam;
560 1455 660 1496 nec
690 1454 789 1495 vos
813 1479 828 1505 ,
858 1439 906 1494 si
939 1438 1202 1494 silueritis
1224 1480 1238 1505 ,
1270 1438 1482 1493 meliori
1516 1439 1668 1508 operi
1705 1439 1929 1495 inscribi

338 1533 610 1606 poteritis.
642 1531 701 1587 Si
733 1531 881 1587 enim
912 1529 980 1586 de
1007 1545 1095 1586 me
1129 1530 1392 1586 silueritis
1412 1572 1428 1597 ,
1457 1546 1558 1602 ego
1619 1529 1713 1585 Dei
1760 1533 1924 1598 liam;

340 1628 387 1683 si
415 1636 596 1682 autem
623 1639 848 1681 carnem
879 1637 1058 1678 meam
1090 1623 1428 1692 amaveritis,
1452 1624 1633 1679 denuo
1663 1623 1797 1677 mihi
1824 1625 1928 1679 erit

341 1717 703 1774 currendum.
757 1716 943 1771 Nolite
984 1716 1108 1786 plus
1167 1715 1300 1770 mihi
1353 1716 1627 1786 praebere,
1669 1732 1835 1786 quam
1867 1726 1928 1772 ut

342 1811 596 1866 immoler
638 1809 787 1874 Deo,
829 1809 959 1864 dum
999 1809 1179 1863 adhuc
1229 1808 1403 1864 altare
1431 1816 1686 1878 paratum
1717 1819 1832 1875 est;
1865 1819 1926 1864 ut

2111 1163 2218 1237 (58)
2262 1165 2336 1217 Οὐ
2378 1165 2487 1236 γὰρ
2529 1163 2668 1219 θέλω
2707 1166 2835 1236 ὑμῖν
2871 1165 3411 1240 ἀνθρωπαρεσκῆσαι
3437 1208 3450 1227 ,
3497 1167 3629 1222 am

2035 1255 2155 1328 Θεῷ
2183 1256 2402 1327 ἀρέσαι,
2438 1256 2629 1330 ὥσπερ
2655 1263 2749 1313 καὶ
2777 1260 3061 1332 ἀρέσκετε.
3099 1260 3173 1312 Οὐ
3213 1260 3322 1333 γὰρ
3353 1257 3472 1328 ἐγώ
3502 1277 3630 1314 ποτε

2035 1352 2143 1420 ἔξω
2169 1355 2358 1428 καιρὸν
2395 1351 2637 1406 τοιοῦτον
2671 1351 2806 1405 Θεοῦ
2833 1355 3129 1423 ἐπιτυχεῖν·
3159 1351 3281 1406 οὔτε
3321 1354 3509 1422 ὑμεῖς,
3538 1354 3630 1406 ἐὰν

2039 1447 2376 1518 σιωπήσητε,
2404 1447 2674 1520 κρείττονι
2705 1444 2850 1516 ἔργῳ
2877 1445 3029 1515 ἔχετε
3059 1445 3455 1516 ἐπιγραφῆναι.
3506 1445 3631 1498 Ἐὰν

2038 1541 2148 1614 γὰρ
2192 1543 2508 1614 σιωπήσητε
2545 1541 2659 1613 (59)
2684 1539 2782 1594 ἀπ’
2818 1541 2986 1612 ἐμοῦ,
3020 1539 3130 1612 (40)
3167 1538 3277 1607 ἐγὼ
3323 1542 3631 1611 γενήσομαι

2037 1631 2205 1686 Θεοῦ’
2231 1634 2326 1688 ἐὰν
2350 1633 2408 1687 δὲ
2450 1632 2720 1705 ἐρασθῆτε
2763 1635 2860 1705 τῆς
2903 1634 3104 1707 σαρκός
3137 1649 3270 1704 μου,
3295 1631 3466 1685 πάλιν
3509 1632 3630 1685 ἐσο-

2039 1742 2138 1796 μαι
2167 1725 2280 1798 (41)
2309 1727 2539 1800 τρέχων.
2572 1725 2741 1780 Πλὲον
2766 1743 2854 1797 μοι
2890 1726 2962 1797 μὴ
2999 1723 3352 1796 παράσχησθε
3389 1725 3488 1779 τοῦ
3515 1725 3632 1795 (42)

2035 1818 2422 1889 σπονδισθῆναι
2438 1819 2578 1890 Θεῷ,
2599 1818 2676 1882 ὡς
2702 1817 2781 1871 ἔτι
2805 1816 3188 1890 Θυσιαστήριον
3212 1818 3432 1888 ἕτοιμόν
3451 1821 3632 1872 ἐστιν’

342 1904 398 1956 in
430 1903 702 1957 charitate
729 1902 934 1956 chorus
964 1899 1139 1955 effecti
1165 1901 1378 1956 canatis
1415 1899 1568 1956 Patri
1605 1901 1659 1955 in
1705 1880 1927 1957 Christo

2095 1929 2118 1965 κ
2169 1914 2228 1965 ἐν
2266 1880 2459 1986 ἀχάπῃ
2504 1880 2668 1983 χορὸς
2708 1913 2986 1983 γενόμενοι
3034 1880 3205 1984 ᾇσητε
3252 1880 3535 1984 τῷνηατρὶ
3570 1914 3635 1964 ὲν

338 1994 492 2062 Jesu,
525 1995 673 2065 quod
701 1993 846 2050 Deus
875 1996 1197 2065 episcopum
1243 1992 1415 2065 Syria:
1447 1994 1672 2065 dignum
1710 1995 1929 2064 judica—

339 2091 502 2155 verit,
541 2088 636 2158 qui
674 2087 743 2141 ab
781 2084 1004 2142 Oriente
1033 2087 1086 2141 in
1114 2086 1466 2142 Occidentem
1513 2087 1812 2144 arcessitus
1837 2089 1928 2142 inc

339 2183 640 2238 veniretur.
669 2179 881 2235 Bonum
909 2189 1010 2245 est,
1044 2195 1074 2234 a
1105 2181 1313 2234 mundo
1342 2179 1595 2236 occidere
1619 2182 1687 2236 ad
1731 2181 1926 2251 Deum,

341 2288 403 2333 ut
432 2277 486 2330 in
518 2277 639 2346 ipso
661 2275 835 2328 oriar.

2031 2002 2254 2075 Χριστῷ
2291 2004 2488 2077 Ἰησοῦ,
2526 2003 2638 2076 (45)
2661 2006 2744 2059 ὅτι
2779 2005 2869 2058 τὸν
2899 2006 3196 2058 ἐπίσκοπον
3215 2006 3414 2077 Συρίας
3434 2007 3466 2058 ὁ
3493 2005 3636 2067 Θεὸς

2031 2094 2372 2166 κατηξίωσεν
2416 2096 2706 2170 εὑρεθῆναι
2747 2099 2826 2161 εἰς
2868 2097 3019 2151 δύσιν
3057 2096 3167 2150 ἀπὸ
3199 2095 3468 2166 ἀνατολῆς
3511 2096 3632 2168 (Η)

2035 2187 2553 2260 μεταπεμψάμενος·
2591 2187 3636 2266 πέριλὲεκπὸὲἒνειεηᾴεεὸμκό,ιῐμρμ-τξέιδς

2897 2257 2982 2267 «ν...
2999 2247 3196 2264 ...τηρ-ησ-

2034 2276 2806 2364 Qithit,lu‘glgﬁggggyﬁvare
2814 2277 2929 2331 Οιω.

988 2391 1078 2444 lll.
1111 2390 1311 2461 Rogate
1339 2392 1516 2460 potius
1543 2390 1735 2457 Deum,
1769 2403 1827 2446 ut
1855 2392 1926 2446 ad
1957 2397 2278 2466 martyrium
2308 2399 2439 2452 milii
2471 2399 2603 2452 vires
2637 2397 2956 2468 suppeditet.

410 2513 558 2570 Nulli
618 2528 860 2585 unquam
912 2513 1218 2580 invidistis;
1291 2513 1428 2568 alios
1480 2513 1770 2568 docuistis.
1817 2512 1933 2585 Ego

2106 2519 2378 2573 Οὐδέποτε
2426 2518 2538 2591 (45)
2581 2518 2922 2573 ὲϐασκὰνατε
2963 2519 3183 2572 οὐδένα’
3216 2517 3410 2581 ἄλλους
3450 2517 3634 2570 ἐδιδά-

342 2619 473 2661 vero
521 2605 610 2660 illa
666 2620 888 2675 quoque
928 2607 1086 2660 ﬁrma
1122 2619 1244 2660 esse
1279 2605 1424 2671 volo,
1471 2620 1593 2675 quae
1624 2605 1833 2661 docetis
1876 2617 1927 2662 et

2095 2629 2183 2666 ιτε.
2217 2611 2330 2684 (46)
2359 2611 2499 2681 Ἐγὼ
2523 2612 2580 2665 δὲ
2602 2611 2760 2676 Θέλω,
2787 2611 2876 2665 ἵνα
2903 2613 3131 2665 κάκεῖνα
3153 2610 3346 2681 βέϐαια
3369 2606 3425 2684 ᾖ,
3452 2610 3491 2663 ἃ.
3511 2609 3635 2681 ζϊῑ)

345 2696 662 2768 praecipitis.
695 2695 854 2752 Vires
885 2706 1100 2754 tantum
1141 2696 1277 2750 mihi
1301 2705 1354 2751 et
1390 2697 1636 2752 internas
1667 2706 1722 2752 et
1749 2709 1931 2753 exter-

346 2807 450 2848 nas
472 2792 660 2862 petite,
695 2799 756 2845 ut
792 2806 902 2846 non
937 2791 1116 2846 solum
1159 2791 1378 2861 loquar,
1407 2790 1503 2845 sed
1535 2797 1592 2845 et
1632 2790 1832 2858 velim;
1868 2799 1929 2845 ut

344 2902 456 2943 non
506 2886 686 2940 solum
725 2883 882 2941 dicar
911 2885 1267 2941 Christianus
1291 2923 1306 2947 ,
1339 2885 1433 2939 sed
1479 2892 1534 2939 et
1569 2883 1837 2938 inveniar.
1866 2884 1926 2938 Si

338 2981 487 3035 enim
517 2980 773 3035 inventus
803 2976 978 3042 fuero,
1009 2979 1172 3034 etiam
1203 2977 1311 3032 dici
1340 2986 1532 3046 potero
1554 2975 1924 3042 Christianus,
1954 2959 1996 3016 C

337 3083 394 3130 et
442 3083 572 3128 tunc
609 3073 786 3128 ﬁdelis
824 3088 947 3128 esse
994 3073 1207 3136 valebo,
1257 3087 1380 3126 cum
1431 3069 1639 3124 mundo
1689 3070 1925 3140 amplius

2035 2704 2434 2776 μαθητεύοντες
2458 2702 2792 2758 ὲντέλλεσθε.
2817 2704 2994 2757 Μόνον
3021 2721 3111 2775 μοι
3131 2704 3359 2775 δύναμιν
3386 2702 3630 2757 αἰτεῖσθε

2031 2792 2232 2847 ἕσωθέν
2265 2811 2323 2847 τε
2352 2793 2446 2848 xui.
2473 2791 2694 2860 ἔξωθεν,
2719 2793 2805 2846 ἵνα
2845 2792 2919 2864 μὴ
2958 2794 3118 2864 μόνον
3147 2793 3311 2862 λέγω,
3351 2794 3491 2848 ἀλλὰ
3528 2793 3633 2848 καὶ

2031 2885 2191 2951 θέλω,
2228 2886 2464 2959 mea.
2489 2887 2651 2962 Way
2687 2887 2935 2969 λέχωμηι
2968 2886 3312 2964 Χριστιανὸςν
3343 2885 3508 2972 ei}?
3529 2887 3636 2953 καὶ

2305 2979 2566 3052 Ἐὰν-’,γὰρ
2599 2963 2840 3051 (48’)νκαὶ
2868 2977 3100 3050 εὑρεθῶ,
3137 2978 3228 3032 καὶ
3258 2963 3514 3050 kaq—acilia:
3539 2977 3636 3030 δύ-

2034 3085 2222 3139 ναμαι,
2252 3067 2344 3122 καὶ
2372 3067 2495 3120 τότε
2523 3068 2716 3130 πιστὸς
2751 3062 2912 3131 εἶναι,
2936 3067 3064 3121 ὅταν
3093 3067 3284 3141 κόσμῳ
3318 3068 3394 3140 μὴ
3418 3068 3632 3138 φαίνω-

1692 3219 1872 3279 ιέιαε
1912 3219 2246 3294 interpres.

339 3363 527 3408 mento
555 3351 782 3408 lucrari.
808 3349 1000 3404 Timeo
1034 3348 1180 3403 enim
1212 3347 1533 3402 charitatcm
1581 3357 1845 3412 vestram,
1879 3363 1949 3402 ne
1998 3347 2116 3417 ipsa
2159 3361 2246 3400 me
2274 3345 2456 3417 laedat.
2485 3343 2691 3417 rVobis‘
2731 3344 2879 3400 enim
2921 3343 3080 3401 facile
3125 3357 3226 3413 est,
3281 3344 3427 3416 quod
3453 3345 3630 3401 vultis

339 3423 556 3491 facere;
592 3421 728 3477 mihi
768 3431 950 3475 autem
983 3418 1200 3474 dillicile
1223 3426 1308 3471 est
1337 3417 1448 3472 Deo
1484 3418 1685 3487 potiri;
1722 3418 1996 3489 siquidem
2021 3415 2126 3473 vos
2157 3432 2268 3472 non
2299 3416 2526 3487 parcitis
2560 3415 2716 3470 mihi.

1792 3563 2023 3620 CAPUT
2064 3564 2128 3619 ll.

409 3667 528 3722 Non
577 3669 722 3722 enim
769 3667 897 3720 volo
926 3681 1024 3720 vos
1059 3664 1382 3734 hominibus
1409 3665 1646 3734 placere,
1681 3664 1778 3719 sed
1821 3661 1934 3718 Deo
1962 3661 2200 3734 placere,
2234 3659 2699 3734 quemadmodum
2731 3656 3470 3734 et_placeti_s..Neque_en_im
3497 3671 3610 3734 ego

343 3740 520 3793 habeo
549 3738 848 3808 aliquando
889 3745 1105 3808 tempus
1132 3735 1250 3808 tale
1271 3733 1383 3789 Deo
1404 3726 1686 3808 potiendi:
1720 3748 1899 3808 neque
1921 3726 2042 3797 vos,
2073 3732 2119 3786 si
2154 3726 2403 3794 taceatis,
2424 3731 2636 3808 meliori
2666 3730 2816 3799 operi
2830 3726 3062 3783 'habetis
3092 3726 3344 3808 inscribi.
3377 3726 3436 3781 Si
3467 3726 3626 3808 enim

338 3810 566 3864 taceatis
591 3824 620 3862 a
642 3797 761 3872 'me,
797 3822 898 3876 ego
924 3797 1020 3861 cro
1049 3806 1181 3870 Dei;
1207 3805 1252 3860 si
1287 3797 1825 3876 aute-mdesideretis
1856 3818 2077 3876 carnem
2109 3817 2311 3876 meam,
2341 3817 2535 3856 rursus
2566 3797 2743 3856 factus
2773 3815 2896 3876 sum
2935 3814 3063 3876 uox.
3089 3797 3220 3854 Plus
3243 3808 3432 3876 autem
3476 3798 3626 3876 mihi

342 3895 450 3933 non
486 3867 758 3938 tribuetis,
781 3867 946 3946 quam
975 3867 1277 3931 sacrificari
1302 3874 1434 3942 Deo,
1460 3875 1590 3930 dum
1621 3875 1802 3946 adhuc
1829 3873 2294 3946 sacriﬁcatorium
2322 3881 2573 3946 paratum
2590 3880 2714 3946 _est,
2742 3880 2802 3946 u_t
2825 3871 2878 3924 in
2910 3869 3412 3946 charitatenchorus
3439 3867 3627 3946 ell‘ccti

341 3946 571 4002 rantetis
603 3937 752 4001 Patri
778 3937 832 4000 in
876 3945 1004 4001 Jesu
1051 3947 1295 4011 Christo,
1329 3937 1591 4015 quoniam
1639 3945 1960 4015 episcopum
2001 3942 2176 4013 Syrias
2204 3937 2552 4015 digniticavit
2590 3939 2735 3998 Deus
2773 3939 3034 4007 inveniri,
3070 3939 3126 3994 in
3157 3937 3511 3996 Occidentem
3551 3937 3628 3993 ab

341 4020 561 4073 Oriente
589 4020 989 4072 transmittens.
1022 4016 1231 4070 Bonum
1259 4012 1512 4070 occidere
1542 4032 1571 4068 a
1607 4012 1814 4070 mundo
1831 4012 1892 4068 in
1925 4012 2119 4076 Deum,
2148 4022 2206 4068 ut
2240 4012 2293 4066 in
2325 4013 2447 4082 ipso
2475 4012 2645 4068 oriar.

1793 4159 2023 4216 CAPUT
2064 4159 2154 4214 Ill.

411 4257 1004 4330 Nunquaminvidistis
1045 4259 1099 4312 in
1125 4259 1343 4330 aliquo;
1380 4259 1518 4313 alios
1543 4258 1865 4330 edocuistis.
1896 4256 2013 4330 Ego
2034 4267 2214 4312 autem
2247 4257 2393 4322 volo,
2418 4265 2479 4311 ut
2502 4263 2558 4310 et
2579 4254 2674 4330 illa
2699 4255 2854 4330 li_r_ma
2880 4255 3014 4318 sint,
3042 4268 3169 4330 quae
3193 4252 3452 4330 docentes
3473 4267 3621 4323 pm-

342 4323 602 4411 cepistis'n
627 4328 815 4411 Solu‘u‘.
848 4328 982 4411 mihi
1013 4323 1311 4411 potentiam
1338 4330 1542 4411 petatis
1573 4329 1836 4411 abmintra
1869 4338 1924 4410 et
1944 4323 2036 4383 'ab
2069 4336 2473 4411 extra,‘ut.n.on
2511 4326 2691 4381 solum
2717 4325 2919 4411 dicam,
2961 4323 3365 4411 sedetvelim;
3416 4338 3536 4378 non.
3557 4331 3624 4411 ut

343 4395 521 4456 solum
551 4399 705 4454 dicar
732 4395 1101 4465 Christianus,
1131 4401 1225 4454 sed
1249 4409 1304 4454 et
1337 4395 1603 4454 inveniar.
1642 4398 1701 4454 Si
1732 4401 1876 4454 enim
1912 4399 2184 4463 inveniar,
2215 4407 2271 4452 et
2299 4398 2408 4453 dici
2446 4412 2733 4466 possum;
2759 4405 2814 4450 et
2847 4406 2975 4450 tunc
3006 4395 3353 4466 ﬁdelisiesse,
3386 4395 3624 4464 quando

343 4472 533 4540 utique
559 4470 764 4524 mundo
795 4484 904 4523 non
929 4463 1188 4538 appareo.
1228 4469 1372 4524 Nihil
1398 4471 1717 4540 apparentia
1751 4471 1959 4525 bonum
1987 4479 2092 4525 est.
2125 4469 2274 4525 Deus
2317 4463 2467 4524 enini
2496 4476 2686 4523 noster
2711 4465 2872 4523 Jesus
2907 4466 3162 4521 Christus
3185 4465 3240 4519 in
3267 4463 3431 4519 Patre
3458 4467 3622 4521 exsi-

413 4653 524 4726 (55)
568 4651 763 4726 Syrus,
792 4653 886 4722 qui
913 4652 1017 4726 hoc
1033 4661 1204 4726 caput
1230 4651 1414 4716 habet,
1438 4652 1636 4726 legisse
1662 4652 1916 4726 videtur:
1953 4657 1998 4712 D
2028 4650 2218 4726 ΜιιιιοΔ
2243 4647 2582 4726 pracfereuda
2625 4657 2708 4726 est
2759 4646 2918 4726 lectio
2949 4646 3145 4726 (ἕτεροί,
3173 4645 3625 4726 textus.__Sen_sus

353 4723 586 4798 ᾚὰνττερ
611 4723 853 4798 ἐττιτιξχω
885 4723 976 4776 τὸν
998 4723 1195 4795 κλῆρόν
1224 4739 1325 4792 μου
1356 4725 1435 4786 εἰς
1474 4723 1648 4794 πέρας
1676 4725 1921 4794 ἀνεμπο-

340 4795 536 4859 δίστως
557 4794 874 4849 ἆπολαϐεἰν.

419 4866 531 4936 (ᾇϋ)
574 4867 814 4936 lgnatius
857 4865 1145 4920 verebatur
1177 4880 1243 4919 ne
1271 4863 1527 4936 Romani,
1559 4868 1644 4920 vel
1669 4865 1922 4934 precibus

345 4937 411 4989 ad
444 4934 617 4988 Deuni
641 4944 695 4990 et
721 4936 989 5006 homines,
1013 4938 1095 4990 vel
1128 4935 1380 5006 pecunia,
1407 4945 1502 4989 aut
1525 4952 1622 5006 per
1651 4936 1760 4989 vim
1792 4951 1920 4991 eum

346 5024 376 5060 ιι
409 5007 679 5075 supplicio
717 5005 1038 5060 eximerent.
1069 5005 1207 5060 Cd'r.

420 5077 532 5148 (δῖ)
577 5077 615 5129 I.
655 5092 704 5148 eu.
751 5076 800 5129 si
841 5092 929 5148 vos
962 5077 1335 5148 impedimento
1382 5075 1512 5128 mihi
1556 5077 1679 5130 estis
1729 5086 1922 5130 conatu

347 5145 535 5218 uestro,
567 5163 646 5201 me
673 5146 953 5218 liberandi.
987 5145 1350 5218 Interpolator
1378 5155 1434 5199 et.
1468 5151 1646 5218 versio
1670 5151 1920 5216 antiqua,

345 5218 415 5270 ab
444 5215 667 5340 Usselrio
699 5217 867 5340 abdita,
902 5232 1004 5273 nec
1037 5215 1152 5272 non
1182 5217 1354 5289 Syrus
1390 5216 1532 5270 male
1559 5219 1821 5272 exhibent
1847 5219 1920 5288 μὴ

345 5301 471 5340 ωηο
508 5306 574 5340 ωε
604 5305 696 5340 σεσ
733 5306 781 5340 ε.

345 5301 471 5342 an"!
508 5301 781 5343 φεισεσυε.

421 5306 471 5342 ιιι
508 5306 781 5358 φεισεσυε.

417 5359 530 5429 (58)
558 5359 788 5432 initium
814 5358 1017 5432 capitis
1042 5359 1269 5415 secundi
1299 5356 1374 5410 Οὐ
1399 5357 1507 5428 γὰρ
1538 5357 1678 5412 θέλω
1704 5399 1716 5412 .
1755 5399 1767 5411 .
1793 5359 1926 5432 ἀρέ-

349 5444 520 5501 σκετε,
539 5431 691 5501 deest
722 5431 778 5483 in
811 5428 970 5501 Syro.

418 5499 532 5570 ('59)
571 5499 610 5571 Ι.
639 5516 693 5570 q.
727 5497 1045 5571 περῖὲμοῦ.
1077 5497 1272 5555 Sut'rn.

416 5571 532 5640 (40)
575 5569 746 5642 Syrus
776 5569 938 5641 legit:
976 5571 1209 5640 Ἐσομαι
1233 5571 1388 5640 λόγος
1406 5569 1564 5634 Θεοῦ,
1592 5569 1736 5640 quod
1762 5585 1927 5625 sensu

344 5651 512 5694 caret.

417 5710 531 5778 (M)
585 5710 757 5782 Syrus
804 5719 865 5782 et
916 5719 1073 5765 vetus
1121 5713 1390 5782 interpres
1415 5711 1641 5766 Latinus
1680 5712 1930 5782 legerunt

349 5781 538 5849 ἔσομαι
584 5778 735 5847 ἠχώ,
784 5781 956 5848 factus
989 5798 1101 5834 sum
1139 5778 1281 5848 vox;
1307 5793 1365 5838 ut
1407 5783 1675 5850 interpres
1721 5778 1923 5836 reddit.

2029 4733 2147 4776 est:
2176 4717 2361 4775 Denuo
2403 4720 2533 4772 mihi
2561 4721 2664 4772 erit
2691 4719 3012 4773 currendum
3037 4720 3093 4771 in
3125 4717 3222 4771 hoc
3257 4719 3438 4771 stadio
3471 4720 3621 4784 uiue,

2031 4792 2183 4862 cujus
2210 4801 2562 4862 metam__pene
2585 4789 2916 4862 attigi.VCfr.
2947 4787 2968 4842 l
2996 4788 3127 4845 Cor.
3161 4803 3239 4854 ιι,
3270 4787 3363 4842 24.

2107 4862 2219 4932 (te)
2261 4861 2374 4932 cn.
2409 4859 2450 4912 ll
2480 4859 2623 4932 'l‘im.
2660 4877 2732 4925 ιν,
2765 4861 2819 4932 6.

2105 4928 2218 5000 (45)
2260 4929 2432 5002 Syrus
2471 4931 2686 5002 legisse
2732 4931 2946 5002 videtur
2980 4948 2996 4984 :
3039 4931 3121 4984 ὅτι
3175 4928 3265 4982 τὸν
3314 4928 3622 4983 ἐπίσκοπον

2030 5000 2369 5074 κατηξίωσεν
2403 5000 2666 5074 τοῦΫΘεοῦ
2690 5000 2998 5073 εὑρεθῆναι.

2103 5071 2215 5144 (Μ)
2261 5072 2367 5127 Aut
2399 5072 2636 5144 medium
2667 5071 2767 5144 pro
2792 5071 3017 5144 paSsivo
3043 5071 3281 5144 positum
3311 5077 3495 5144 putes,
3523 5080 3621 5125 aut

2031 5140 2210 5200 vertas
2241 5163 2254 5199 :
2291 5143 2444 5213 Quod
2479 5143 2618 5195 Deus
2640 5140 2941 5213 episcopum
2966 5141 3140 5213 Syria:
3167 5141 3393 5194 inveniri
3423 5140 3621 5208 digna—

2033 5226 2116 5268 tus
2143 5225 2242 5279 est,
2275 5215 2338 5268 ab
2375 5212 2589 5267 Oriente
2617 5213 2672 5275 in
2713 5212 3050 5268 Occidentem
3080 5227 3198 5265 eum
3231 5225 3527 5263 arcessens.

2106 5287 2217 5355 (45)
2261 5284 2300 5339 l.
2335 5300 2384 5339 e.
2420 5283 2554 5337 nulli
2589 5284 2851 5337 invidistis
2873 5283 3119 5354 gloriam,
3138 5297 3233 5351 pro
3259 5279 3474 5334 Christo
3504 5296 3620 5334 mo-

2027 5358 2222 5411 riendi.
2257 5357 2452 5410 Sum].

2096 5428 2210 5496 (46)
2267 5425 2492 5496 Ἐγὼς-
2518 5423 2832 5478 ἑντέλλεσθε
2863 5423 3017 5496 deest
3047 5422 3106 5475 in
3133 5419 3303 5496 ASyro.

2099 5491 2212 5568 in)
2254 5497 2296 5551 l.
2328 5491 2378 5568 ἐξ.
2415 5493 2766 5568 Exemplum_
2788 5504 2843 5549 et
2871 5491 3207 5568 adhortatio;
3233 5493 3435 5568 quibus
3465 5491 3616 5568 alios

2026 5563 2465 5693 gd‘m’artyrium
2519 5563 2869 5621 subeundum
2897 5566 3175 5620 —animare
3219 5565 3366 5618 soliti
3399 5563 3613 5619 fuistis.

2073 5655 2227 5693 ll'l‘ll.

2073 5655 2227 5693 ll'l‘ll.

2098 5710 2212 5778 (48)
2251 5709 2528 5763 Particula
2559 5707 2673 5772 καί,
2699 5722 2799 5762 nec
2832 5724 2864 5764 a
2885 5716 3071 5765 vetere
3093 5706 3410 5776 interprete,
3449 5718 3554 5761 nec
3585 5718 3615 5757 a

2029 5779 2172 5849 Syro
2197 5781 2400 5850 agnita,
2427 5779 2659 5834 delenda
2681 5788 2787 5836 est.
