3852 6210
311 242 414 300 695

1248 231 1498 290 SANCTI
1539 229 1799 289 lGNATll
1843 227 2201 285 EPISTOLAS
2235 223 2590 284 GISNUINAE.

3464 214 3586 273 696

293 369 402 416 tem
430 350 555 423 ﬂet,
580 359 628 413 si
657 371 756 412 vos
782 355 1088 411 volueritis.
1118 353 1334 420 Velitis,
1367 371 1581 426 precor,
1615 365 1673 409 ut
1703 364 1757 409 et
1782 369 1880 409 vos

1998 350 2038 402 Ξὲ
2074 349 2256 413 ἔσται,
2307 349 2402 402 ἐὰν
2450 349 2608 419 ὑμεῖς
2653 345 2940 416 θελήσητε.
2983 340 3291 412 Θελὴσατε,
3335 337 3428 392 ἵνα
3475 336 3584 391 καὶ

294 450 726 507 benevolentiam
760 448 1074 508 inveniatis.
1104 447 1301 504 Paucis
1327 448 1521 504 litteris
1546 457 1672 518 pcto
1708 464 1738 502 a
1770 463 1870 501 vo-

1998 444 2130 512 ιμεῖς
2181 439 2461 510 θεληθῆτε.
2520 439 2599 491 Δι’
2652 437 2850 505 ὀλίγων
2904 433 3247 507 γραμμάτων
3306 429 3580 500 αἰτοῦμαι.

297 543 414 608 bis;
444 540 650 598 credite
692 540 849 597 mihi.
893 538 1058 594 Jesus
1086 538 1344 594 Christus
1383 539 1540 594 vobis
1578 540 1694 594 haec
1721 549 1874 609 pate-

1998 536 2152 606 ιμᾶςο
2197 533 2531 588 πιστεύσατε
2583 548 2695 602 μοι.
2761 529 2971 600 Ἰησοῦς
3024 529 3080 582 δὲ
3144 527 3380 598 Χριστὸς
3439 525 3581 595 ὑμῖν

296 633 476 698 faciet,
525 629 671 701 quod
707 646 834 684 vera
883 631 1112 700 loquar;
1173 630 1291 700 ipse
1327 645 1390 683 os
1452 644 1639 695 verax,
1675 630 1728 683 in
1761 645 1872 698 quo

295 723 456 779 Pater
484 737 612 777 vere
659 721 875 776 locutus
923 728 1029 774 est.
1067 718 1240 775 Petite
1271 734 1372 790 pro
1419 732 1525 786 me,
1572 730 1633 775 ut
1683 735 1877 776 consc-

293 830 454 885 quar.
502 812 620 866 Non
654 812 953 867 secundum
985 827 1232 876 carnem,
1261 811 1356 867 sed
1385 814 1686 867 secundum
1719 828 1876 866 men-

293 917 404 963 teru
430 907 522 961 Dei
549 905 708 960 vobis
753 903 969 973 scripsi.
1014 902 1072 958 Si
1117 906 1320 975 patiar,
1362 904 1503 959 bene
1534 904 1670 958 mihi
1704 904 1878 958 volui-

294 1002 426 1065 stis;
469 1000 555 1055 sin
582 998 822 1069 rejieiar,
855 997 1070 1051 odistis.

1983 627 2156 681 ταῦτα
2212 625 2549 697 φανερώσει,
2607 624 2690 677 ὅτι
2733 620 2950 693 ἀληθῶς
2993 620 3164 688 λέγω·
3225 617 3284 671 τὸ
3339 615 3581 686 ἀψευδὲς-

1986 719 2185 790 στόμα,
2222 721 2279 771 ὲν
2311 711 2356 786 ᾧ
2387 719 2416 770 ὁ
2447 715 2642 786 Πατὴρ
2681 713 2942 784 ἐλάλησεν
2987 709 3223 781 ἀληθῶς.
3257 705 3577 778 Αξτήσασθε

1980 809 2108 882 περὶ
2142 809 2299 880 ἐμοῦ,
2337 809 2422 862 ἵνα
2452 805 2714 878 ἐπιτύχω.
2750 806 2824 859 Οὐ
2857 803 3000 858 κατὰ
3035 803 3214 874 σάρκα
3246 801 3376 872 ὑμῖν
3403 799 3578 868 ἔγρα-

1984 906 2082 976 ψα,
2135 905 2272 960 ἀλλὰ
2314 903 2455 958 κατὰ
2499 901 2726 972 γνώμην
2772 898 2929 953 Θεοῦ.
2978 897 3102 951 Ἐὰν
3152 896 3331 960 πάθω,
3371 893 3574 964 ἠθελή-

1988 1013 2115 1049 σατε
2136 1013 2148 1025 ·
2187 995 2283 1049 ἐὰν
2312 991 2756 1064 ἀποδοκιμασθῶ,
2784 991 3102 1061 ἐμισήσατε.

1279 1111 1371 1168 IX.
1405 1113 1566 1168 Orate
1596 1129 1691 1182 pro
1724 1111 1962 1168 Ecclesia
2003 1113 2195 1185 Syriw.
2235 1111 2525 1167 Salutatio.

363 1211 635 1268 Memores
679 1218 855 1266 estote
899 1212 953 1265 in
985 1211 1237 1281 precibus
1264 1211 1461 1265 vestris
1495 1208 1747 1264 Ecclesia!
1776 1207 1878 1280 Sy-

292 1301 408 1367 riae,
438 1314 562 1370 qum
592 1298 698 1352 mei
751 1299 872 1353 loco
902 1297 1012 1353 Deo
1039 1307 1254 1369 pastore
1285 1300 1476 1353 utitur.
1531 1299 1693 1353 Solus
1717 1297 1876 1354 Jesus

291 1388 548 1444 Christus
593 1387 738 1440 illam
785 1387 904 1442 vice
953 1389 1196 1458 episcopi
1256 1397 1427 1458 reget,
1483 1398 1647 1460 atque
1696 1399 1876 1444 vestra

292 1481 554 1536 charitas.
600 1477 714 1548 Ego
758 1488 938 1533 autem
972 1480 1261 1546 erubesco,
1302 1497 1366 1535 ex
1413 1497 1604 1534 eorum
1648 1496 1878 1535 numera

293 1573 436 1637 dici;
471 1587 580 1626 non
612 1571 758 1626 enim
784 1587 906 1627 sum
931 1571 1150 1641 dignus,
1177 1581 1365 1643 utpote
1389 1576 1484 1644 qui
1516 1575 1618 1629 sim
1652 1575 1877 1630 ultimus

2051 1210 2162 1280 (85)
2204 1204 2589 1278 Μνημονεύετε
2632 1206 2689 1256 ὲν
2737 1205 2804 1274 τῇ
2850 1201 3124 1274 προσευχῇ
3168 1195 3324 1267 ὑμῶν
3366 1192 3468 1264 τῆς
3515 1193 3576 1244 ἐν

1983 1302 2157 1373 Συρίᾳ
2205 1299 2548 1371 Ἐκκλησίας,
2582 1297 2704 1368 ἣτις
2735 1296 2856 1350 ἀντὶ
2900 1292 3033 1365 ἐμοῦ
3081 1290 3297 1362 ποιμένι
3339 1287 3416 1358 τῷ
3450 1285 3576 1355 Θεῷ

1979 1394 2202 1466 χρῆται.
2235 1393 2413 1456 Μόνος
2443 1389 2612 1462 αὐτὴν
2653 1388 2863 1460 Ἰησοῦς
2904 1385 3138 1458 Χριστὸς
3182 1382 3574 1451 ὲπισκοπήσει.

1979 1485 2074 1537 καὶ
2119 1486 2152 1554 ὴ
2183 1482 2338 1554 ὑμῶν
2370 1481 2578 1552 ἀγάπη.
2627 1476 2769 1552 Ἐγὼ
2813 1477 2869 1531 δὲ
2922 1475 3247 1545 αἰσχύνομαι
3293 1473 3353 1539 ἐξ
3386 1471 3573 1525 αὐτῶν

1979 1575 2234 1645 λέγεσθαι
2260 1591 2273 1604 ·
2310 1573 2432 1627 οὐδὲ
2466 1572 2577 1645 γὰρ
2610 1571 2760 1638 ἄξιός
2790 1572 2927 1641 εἰμι,
2962 1568 3074 1640 (86)
3106 1567 3182 1620 ὢν
3209 1565 3440 1637 ἔσχατος
3472 1564 3574 1616 αῦ-

293 1680 484 1720 corum
522 1673 575 1719 et
601 1663 901 1718 abortivus.
939 1662 1141 1746 \[erum
1194 1666 1626 1721 miscricordiam
1675 1684 1870 1723 conse-

1998 1667 2078 1719 ’ὧν
2111 1666 2204 1720 καὶ
2232 1664 2512 1736 ἐκτρωμα.
2561 1663 2698 1716 Ἀλλ’
2727 1659 2965 1734 ὴλέημαί
2997 1678 3078 1724 τις
3101 1655 3258 1721 εἶναι,
3294 1657 3397 1710 ἐὰν
3426 1651 3573 1706 Θεοῦ

295 1767 457 1812 cutus
493 1773 638 1824 sum,
684 1766 739 1811 ut
780 1775 954 1815 essem
1004 1759 1227 1829 aliquis,
1268 1760 1311 1814 si
1339 1758 1507 1813 Deum
1545 1775 1874 1830 consequar.

299 1847 514 1905 Salutat
541 1868 637 1907 vos
670 1869 827 1908 meus
870 1850 1102 1921 spiritus
1133 1859 1186 1903 et
1209 1849 1452 1904 charitas
1485 1849 1878 1917 Ecclesiarmn,

296 1956 418 2010 quae
446 1958 532 1998 me
570 1954 902 2013 exceperunt
944 1942 998 1996 in
1038 1942 1255 1996 nomine
1303 1939 1429 1996 Jesu
1467 1939 1704 2005 Christi,
1759 1958 1866 1996 non

297 2043 358 2087 ιιι
396 2044 788 2090 transeuntem.
823 2035 1034 2089 Etenim
1070 2033 1348 2097 Ecclesiae,
1373 2050 1496 2104 qua:
1537 2034 1673 2088 nihil
1701 2033 1767 2088 ad
1796 2049 1882 2088 me

297 2125 662 2193 pertinebant,
706 2126 758 2180 in
786 2125 895 2189 via,
929 2141 1050 2195 qum
1081 2125 1381 2180 secundum
1408 2140 1628 2180 carnem
1660 2135 1765 2192 est,
1793 2139 1880 2178 me

298 2232 394 2286 per
423 2216 670 2273 civitates
696 2217 1121 2273 comitabantur.

1979 1760 2244 1831 ἐπιτύχω.
2299 1759 2630 1822 Ἀσπάζεται.
2681 1758 2827 1830 ὑμᾶς
2873 1757 2934 1810 τὸ
2980 1755 3114 1827 ἐμὸν
3154 1752 3372 1824 πνεῦμα
3403 1749 3501 1803 καὶ
3535 1751 3573 1820 ἡ

1977 1852 2167 1922 ἀγάπη
2200 1850 2308 1903 τῶν
2352 1849 2686 1921 Ἑκκλησιῶν
2714 1849 2822 1902 τῶν
2852 1847 3160 1918 δεξαμένων
3191 1864 3258 1917 με
3292 1843 3575 1912 εῐςςῦνομα.

1995 1941 2170 2014 Ἰησοῦ
2201 1941 2462 2013 Χριστοῦ,
2495 1941 2607 2011 (87)
2645 1942 2746 2012 οὐχ
2774 1940 2850 2004 ὡς
2879 1938 3266 2012 παροδεύοντα.
3302 1935 3414 1990 Καὶ
3456 1936 3572 2004 γὰρ

1982 2037 2038 2088 αἱ
2075 2033 2148 2104 μὴ
2184 2032 2295 2105 (88)
2330 2033 2706 2104 προσήκουσαί
2739 2050 2850 2103 μοι,
2908 2034 2973 2102 τῇ
3015 2030 3140 2102 ὁδῷ,
3178 2031 3287 2101 (89)
3325 2033 3390 2100 τῇ
3423 2028 3571 2082 κατὰ

1988 2125 2187 2196 σάρκα,
2223 2124 2366 2178 κατὰ
2400 2125 2554 2178 πόλιν
2591 2141 2660 2195 με
2694 2124 2806 2194 (90)
2841 2124 3098 2196 προῆγον.

1670 2312 1736 2366 Χ.
1778 2312 2078 2371 Conclusio.

373 2424 564 2481 Scribo
593 2438 775 2484 autem
812 2431 927 2485 hzec
957 2433 1112 2487 vobis
1143 2450 1174 2487 c
1203 2432 1436 2504 Smyrna
1481 2449 1576 2503 per
1601 2432 1875 2504 Ephesios

299 2518 680 2588 dignissimos,
715 2522 808 2590 qui
854 2522 994 2576 beati
1027 2523 1415 2593 praedicentur.
1458 2523 1670 2580 Mecum
1710 2525 1875 2580 etiam

299 2622 386 2667 est
427 2628 552 2668 cum
600 2615 721 2672 aliis
780 2617 967 2674 multis
1015 2617 1259 2684 Crocus,
1318 2620 1688 2676 desideratum
1741 2621 1876 2675 mihi

302 2719 521 2759 nomen.
595 2704 672 2760 De
721 2707 808 2762 his
866 2708 960 2778 qui
1015 2724 1102 2762 me
1157 2724 1187 2764 a
1231 2708 1386 2781 Syria
1433 2709 1662 2766 Romam
1706 2727 1881 2782 usque

300 2807 701 2865 praecesserunt
752 2801 816 2854 ad
863 2800 1090 2869 gloriam
1141 2801 1258 2869 Dei,
1307 2803 1492 2869 credo,
1522 2820 1619 2860 vos
1658 2819 1756 2860 eos
1786 2820 1879 2860 co-

2053 2434 2168 2505 (9i)
2204 2433 2408 2506 Γράφω
2439 2433 2496 2486 δὲ
2530 2433 2660 2504 ὑμῖν
2693 2431 2864 2487 ταῦτα
2897 2430 3006 2485 ἀπὸ
3027 2427 3283 2500 Σμύρνης
3307 2426 3375 2478 δι’
3412 2423 3574 2493 Ἐφε.

1982 2527 2112 2581 σίων
2145 2526 2255 2581 τῶν
2300 2523 2794 2602 ἁξιομακαρίστων.
2835 2524 3023 2577 Ἔστιν
3058 2523 3115 2576 δὲ
3151 2520 3248 2575 καὶ
3282 2519 3398 2589 ἅμα
3442 2519 3574 2587 ἐμοὶ

1982 2621 2080 2673 σὺν
2133 2618 2312 2682 ἄλλοις
2363 2617 2580 2682 πολλοῖς
2614 2616 2726 2687 (92)
2777 2616 3023 2687 Κρόκος,
3075 2613 3135 2667 τὸ
3188 2611 3423 2681 ποοητόν
3477 2627 3574 2680 μοι.

1982 2713 2174 2783 δνομα.
2227 2710 2362 2783 Περὶ
2415 2708 2524 2763 τῶν
2577 2706 2948 2779 προελθόντων
3001 2723 3068 2778 με
3114 2704 3221 2759 ἀπὸ
3254 2703 3452 2775 Συρίας
3486 2705 3573 2764 εἰς

1995 2803 2216 2875 Ῥώμην
2247 2805 2328 2866 εἰς
2360 2801 2518 2866 δόξαν
2551 2800 2644 2853 τοῦ
2677 2799 2836 2862 Θεοῦ,
2875 2797 3116 2854 πιστεύω
3149 2797 3293 2866 ὑμᾶς
3327 2797 3575 2862 ἐπεγνω-

302 2891 586 2958 gnovisse;
639 2894 961 2949 annuntiate
1008 2911 1229 2965 quoque
1279 2897 1368 2963 iis,
1419 2913 1506 2953 me
1534 2913 1702 2968 prope
1731 2914 1874 2954 esse.

1998 2895 2156 2961 ιέναι,
2189 2891 2271 2960 οἷς
2303 2895 2398 2950 καὶ
2435 2892 2714 2964 δηλώσατε
2746 2891 2912 2961 ἐγγύς
2950 2909 3016 2963 με
3048 2891 3193 2944 ὄντα.
3217 2890 3427 2952 Πάντες
3458 2889 3575 2959 γάρ

301 2982 504 3041 Omnes
550 2987 698 3042 enim
727 2986 822 3042 Dei
857 2998 911 3044 et
943 3002 1184 3045 vestrum
1231 2992 1379 3062 digni
1404 3001 1552 3055 sunt,
1591 3002 1645 3047 et
1685 3007 1781 3048 eos
1824 2994 1879 3047 in

307 3078 566 3133 omnibus
594 3095 843 3135 recreare
867 3097 965 3136 vos
993 3083 1168 3138 decet.
1198 3082 1323 3138 Haec
1355 3083 1546 3154 scripsi
1571 3083 1728 3138 vobis
1755 3089 1882 3137 aute

303 3170 448 3224 diem
505 3187 558 3224 Ix
593 3155 874 3228 Kalendas
923 3175 1262 3245 Septembris
1313 3175 1442 3247 [hoc
1488 3183 1573 3230 est
1620 3175 1878 3229 vicesima

307 3260 464 3312 tertia
494 3259 768 3331 Augusti].
803 3259 1007 3326 Valete,
1043 3263 1212 3318 fortes
1249 3278 1421 3332 usque
1463 3267 1514 3316 in
1542 3263 1728 3328 linem,
1763 3279 1904 3344 sus-p

307 3348 539 3405 tinentes
567 3367 664 3421 pro
683 3350 808 3407 Jesu
843 3351 1081 3410 Christo.
1125 3352 1321 3410 Amen.

1986 2992 2123 3043 εἰσιν
2171 2988 2312 3053 ἄξιοι
2360 2987 2454 3041 τοῦ
2503 2984 2640 3039 Θεοῦ
2688 2985 2784 3038 καὶ
2833 2985 2986 3056 ὑμῶν
3013 3001 3027 3014 υ
3071 2982 3166 3047 οὒς
3197 2983 3406 3054 πρέπον
3437 2982 3578 3052 ὑμῖν

1988 3085 2134 3137 ἑστιν
2185 3081 2326 3136 κατὰ
2389 3080 2567 3134 πάντα
2630 3070 2959 3133 ἀναπαῦσαι.
3031 3075 3284 3148 Ἔγραψα
3333 3075 3389 3128 δὲ
3439 3075 3577 3145 ὑμῖν

1987 3173 2158 3227 ταῦτα
2207 3175 2271 3242 τῇ
2326 3170 2431 3243 πρὸ
2481 3169 2640 3224 ὲννέα
2675 3167 2970 3222 Καλανδῶν
3004 3165 3396 3239 Σεπτεμϐρίων
3430 3164 3576 3237 [(95)

1986 3265 2260 3318 τουτέστιν
2309 3264 2618 3334 Αὐγούστου
2670 3266 2842 3321 εἰκάδι
2879 3265 2988 3336 (94)
3023 3263 3227 3336 τρίτῃ].
3284 3261 3578 3336 Ἔρρωσθε

1987 3357 2066 3419 εἰς
2098 3356 2270 3420 τέλος,
2306 3358 2365 3410 έν
2396 3357 2642 3429 ὑπομονῇ
2673 3357 2847 3429 Ἰησοῦ
2869 3355 3127 3429 Χριστοῦ.
3163 3355 3352 3427 Ἀμήν.

1645 3473 1824 3532 l’etus
1875 3474 2210 3552 interpres.

308 3573 688 3642 acceptemini.
727 3571 836 3627 Per
863 3587 1067 3642 paucas
1093 3572 1300 3627 litteras
1325 3571 1588 3641 deprecor
1625 3587 1762 3627 vos:
1799 3571 2002 3642 credite
2054 3572 2208 3626 mihi.
2237 3571 2398 3628 Jesus
2441 3583 2621 3629 autem
2653 3575 2911 3631 Christus
2976 3575 3130 3630 vobis
3180 3573 3560 3630 manifestabit

309 3641 449 3703 haec,
480 3645 742 3765 quoniam
773 3641 900 3697 vere
931 3643 1088 3709 dico;
1125 3659 1233 3696 non
1272 3643 1504 3696 mendax
1530 3658 1614 3706 os,
1647 3643 1699 3696 in
1729 3658 1839 3712 quo
1872 3641 2032 3697 Pater
2058 3657 2186 3697 vere
2213 3645 2431 3700 locutus
2453 3656 2569 3699 est:
2603 3645 2774 3700 Petite.
2805 3662 2903 3715 pro
2928 3661 3038 3708 me,
3064 3656 3122 3699 ut
3143 3647 3425 3715 attingam.
3453 3645 3578 3701 Non

309 3728 474 3765 secun
520 3731 608 3765 um
641 3729 863 3765 carnem
894 3713 1054 3765 vobis
1087 3713 1306 3765 scripsi.
1338 3713 1431 3765 sed
1463 3713 1764 3765 secundum
1802 3714 2134 3765 sententiam
2174 3713 2293 3765 Dei.
2337 3713 2395 3765 Si
2430 3715 2628 3765 patiar.
2660 3717 2943 3765 voluistis:
2971 3716 3017 3765 si
3052 3716 3322 3765 reprobus
3343 3716 3576 3765 eﬂiciar-

309 3728 474 3768 secun

310 3783 586 3840 odivistis.

520 3731 608 3786 um
641 3729 863 3769 carnem
894 3713 1054 3768 vobis
1087 3713 1306 3784 scripsi,
1338 3713 1431 3768 sed
1463 3713 1764 3769 secundum
1802 3714 2134 3767 sententiam
2174 3713 2293 3769 Dei.
2337 3713 2395 3768 Si
2430 3715 2629 3786 patiar,
2660 3713 2943 3781 voluistis;
2971 3716 3017 3771 si
3052 3713 3322 3786 reprobus
3343 3716 3576 3783 eﬂiciar,

1740 3851 1971 3908 CAPUT
2009 3851 2101 3906 IX.

383 3947 708 4023 Mementote
731 3947 784 4000 iu
804 3948 1049 4023 oratione
1076 3957 1254 4023 vestra
1289 3950 1432 4019 ejus,
1459 3965 1582 4018 qua:
1612 3951 1667 4023 in
1693 3948 1872 4023 Syria,
1893 3949 2181 4023 Ecclesiae;
2213 3966 2335 4021 quae
2361 3967 2460 4021 pro
2482 3969 2592 4017 me,
2616 3962 2838 4023 pastore
2861 3953 2974 4007 Deo
3017 3955 3212 4008 utitur.
3249 3953 3413 4008 Solus
3453 3952 3579 4022 ipse

305 4016 472 4094 ‘Jcsus
499 4016 752 4094 Christus
775 4018 894 4072 vice
919 4018 1159 4088 episeopi
1187 4021 1278 4094 sit,
1314 4016 1369 4075 et
1395 4016 1574 4074 vestra
1622 4016 1884 4094 charitas.
1924 4016 2254 4094 Ego_autem
2291 4016 2558 4094 erubesco
2581 4016 2665 4078 ex
2722 4025 2857 4094 ipsis
2895 4025 3028 4080 dici.
3080 4023 3196 4078 Non
3244 4025 3391 4078 enim
3446 4016 3576 4078 sum

311 4091 532 4160 dignus.
563 4088 836 4160 exsistens
883 4097 1164 4142 extremus
1209 4090 1476 4159 ipsorum,
1505 4099 1560 4145 et
1587 4091 1935 4155 abortivum;
1970 4088 2064 4144 sed
2117 4092 2550 4148 miscricordiam
2581 4088 2911 4150 consecutus
2943 4111 3064 4150 sum
3097 4095 3302 4160 aliquis
3332 4109 3487 4160 esse,
3525 4094 3577 4148 si

312 4156 426 4213 Deo
455 4157 627 4212 fruar.
663 4156 879 4210 Salutat
918 4173 1025 4233 vos
1038 4175 1192 4233 meus
1222 4156 1468 4229 spiritus,
1501 4170 1553 4214 et
1575 4163 1816 4216 charitas
1848 4161 2214 4233 Ecclesiarum
2246 4179 2368 4232 quae
2391 4174 2712 4233 receperunt
2733 4181 2819 4218 me
2852 4165 2907 4219 in
2931 4165 3152 4221 nomine
3185 4156 3314 4220 Jesu
3343 4156 3578 4230 Christi,

313 4239 375 4282 ut
405 4244 512 4282 non
545 4237 942 4282 transeuntem.
988 4228 1199 4283 Etenim
1253 4228 1361 4285 non
1399 4233 1754 4286 advenientes
1789 4232 1922 4285 mihi
1964 4231 2020 4284 in
2055 4231 2142 4285 via
2171 4228 2296 4301 quae
2342 4228 2644 4290 secundum
2676 4251 2921 4302 carnem,
2953 4237 3256 4292 secundum
3292 4228 3575 4291 civitatem

1777 4371 2008 4426 CAPUT
2047 4371 2116 4426 X.

312 4313 402 4352 me
431 4307 846 4368 praeesserunt.

385 4458 581 4536 Scriba
616 4467 797 4536 a_utem
823 4461 1128 4536 vobisth
1163 4481 1190 4518 ιι
1232 4464 1465 4536 Smyrna
1498 4481 1596 4536 per
1634 4466 1902 4536 Ephesios
1944 4466 2106 4535 digne
2145 4465 2358 4521 beatos.
2398 4465 2488 4520 Est
2525 4477 2706 4521 autem
2745 4478 2796 4523 ct
2832 4469 2994 4524 simul
3037 4485 3250 4524 mecum
3289 4485 3414 4524 cum
3449 4469 3578 4526 aliis

318 4530 506 4609 multis
537 4538 592 4609 et
627 4531 858 4592 Crocus,
900 4530 1440 4609 desideratumhmihi
1499 4530 1718 4609 nomen.
1760 4536 1835 4609 De
1872 4530 2291 4591 advenientibus
2333 4552 2546 4591 mecum
2602 4539 2836 4609 a_Syria
2880 4540 2933 4593 in
2976 4539 3206 4593 Romam
3246 4541 3312 4594 ad
3338 4540 3574 4609 gloriam

314 4600 440 4680 Dei,
465 4601 627 4655 credo
665 4617 764 4680 vos
807 4604 1156 4672 cognovisse;
1195 4607 1394 4680 quibus
1416 4615 1470 4662 et
1498 4606 1886 4680 manifestatis,
1921 4621 2090 4680 prope
2119 4621 2207 4680 me
2233 4609 2617 4680 _exsistentem.
2643 4600 3008 4680 Onineseuim
3030 4620 3158 4663 sunt
3187 4600 3491 4680 digni'Deo
3521 4620 3579 4664 et

317 4671 475 4760 gobis
510 4687 696 4760 :“qnos
723 4671 922 4760 decens
945 4683 1030 4728 est
1055 4690 1152 4755 vos
1188 4671 1717 4760 secundum'mnn'i‘a
1744 4671 2248 4760 quieta'reCScripsi
2281 4686 2465 4731 autem
2496 4679 2653 4732 vobis
2684 4681 2819 4744 haec,
2851 4679 2906 4733 in
2937 4694 2999 4735 ea
3031 4696 3154 4749 quae
3179 4671 3305 4735 ante
3349 4697 3406 4734 lx
3433 4677 3574 4749 LKal.

316 4740 466 4810 Scpt.
511 4741 699 4797 Valete
738 4743 794 4796 in
833 4743 1018 4809 tinem,
1058 4744 1110 4798 in
1143 4747 1466 4800 sustinentia
1497 4746 1623 4803 Jesu
1651 4740 1876 4803 Christi.

317 4861 642 4941 apostolica.
669 4862 935 4919 Punson.
968 4864 1082 4919 ειν.
1112 4865 1269 4922 Rom.
1306 4883 1389 4933 ιιι,
1421 4869 1454 4922 5
1475 4911 1489 4934 ,
1523 4867 1690 4924 lCor.
1724 4886 1800 4930 ix,
1833 4870 1888 4937 8;
1922 4873 1966 4929 D
1995 4869 2137 4941 grai-rat
2168 4871 2346 4941 σάρκα
2368 4889 2437 4920 -_-
2457 4870 2596 4922 viam
2621 4878 2940 4941 terrestrem,
2973 4870 3173 4939 opponi
3203 4869 3304 4924 via:
3337 4871 3437 4935 illi,
3464 4886 3578 4940 qua

317 4933 438 4986 Gal.
473 4948 552 4997 ιιι,
581 4934 664 4986 15.

391 5002 504 5081 (8_5)
546 5003 765 5081 Initium
805 5003 968 5081 hujus
999 5006 1196 5075 capitis
1243 5023 1418 5078 usque
1465 5008 1533 5063 ad
1563 5010 1807 5081 ἐπιτύχω
1841 5011 1893 5064 in

320 5075 577 5144 versione
595 5072 818 5144 Syriaca
850 5077 1021 5130 deest.

393 5144 507 5212 (86)
548 5143 660 5198 cn;
692 5143 712 5196 1
739 5145 864 5198 Cor.
902 5162 992 5211 xv,
1024 5145 1080 5211 8,
1108 5146 1160 5201 9.

391 5213 504 5282 (87)
535 5215 574 5287 l4.
607 5229 657 5287 θ.
688 5231 790 5267 non
821 5227 1071 5287 tanquam
1097 5217 1372 5279 advenam,
1405 5216 1668 5274 Ecclesias
1695 5221 1817 5274 illas
1842 5222 1900 5274 in

320 5284 507 5358 itinere
531 5285 722 5353 festino
746 5284 1275 5358 prmtergredienlent,
1300 5291 1389 5341 sed
1412 5300 1560 5343 tanta
1582 5307 1698 5344 cum
1723 5308 1900 5344 amore

321 5367 367 5406 et
392 5354 523 5431 zelo,
543 5372 612 5431 _ac
635 5358 682 5410 si
703 5373 866 5431 essent
892 5354 1111 5431 illarum
1132 5360 1423 5431 episcopus.
1453 5359 1645 5415 Suum.
1692 5362 1802 5431 Οὐχ
1824 5361 1900 5426 ὡς

323 5425 692 5500 παρορεῥοντα
720 5429 862 5500 apud
892 5426 1091 5500 Syrum
1121 5425 1230 5483 non
1259 5425 1472 5500 legitur.

394 5497 507 5562 (88)
528 5496 570 5551 1.
593 5512 643 5550 e.
673 5513 774 5549 non
795 5498 863 5550 ad
887 5496 1023 5551 vihm
1046 5499 1164 5552 sitae
1183 5496 1351 5553 erant.
1378 5501 1550 5554 Aliter
1565 5499 1898 5568 Pearsonus,

324 5563 392 5615 ad
408 5567 1039 5636 meamjnrisdictionem
1063 5585 1165 5622 non
1185 5581 1498 5636 spectantes.

398 5635 512 5702 (89)
563 5635 735 5691 Voces
769 5642 833 5707 τῇ
866 5640 1006 5692 κατὰ
1039 5635 1217 5710 σάρκα
1252 5640 1530 5695 Ruchatus
1563 5641 1771 5695 librarii
1806 5658 1891 5695 as-

329 5717 638 5760 sumcntum
672 5723 792 5762 esse
825 5718 1026 5765 censet.
1059 5709 1173 5764 Jac.
1219 5710 1346 5765 Mihi
1374 5711 1605 5767 videtur.
1639 5713 1734 5784 τὴν
1779 5712 1896 5766 ὁδὸν

1995 4939 2250 5010 lgnatius
2279 4956 2375 5009 per
2415 4940 2736 5010 martyrium
2781 4943 2847 4995 ad
2889 4939 3064 4996 Deum
3111 4941 3400 5010 pervenire
3451 4958 3583 5012 spe-

1996 5012 2170 5063 raltat.

2066 5081 2180 5148 (9t!)
2221 5081 2492 5151 ῌροάγειν
2512 5099 2583 5132 =
2604 5080 2969 5151 προπέμπειν.
3002 5081 3109 5136 Tit.
3139 5097 3223 5147 Ill,
3253 5080 3341 5135 15.
3375 5079 3578 5137 Ρελιιε.

2067 5151 2182 5220 (91)
2223 5149 2370 5222 Lo_co
2397 5151 2586 5222 hujus
2621 5149 2819 5222 capitis
2848 5149 3018 5222 Syrus
3050 5167 3209 5222 capp.
3242 5152 3276 5205 4
3307 5160 3362 5205 et
3390 5151 3424 5205 5
3453 5153 3580 5220 epi-

1995 5219 2253 5277 stolae'ad
2283 5219 2590 5276 Trallianos
2624 5221 2860 5276 versioni
2891 5219 3004 5277 sua:
3039 5219 3276 5286 addidit;
3325 5237 3355 5275 e
3399 5219 3584 5290 capite

1993 5307 2124 5372 vero
2150 5301 2348 5372 _nostro
2365 5292 2448 5372 Dnil
2475 5291 2815 5372 elegit,__nisi~
2829 5293 2987 5372 verba
3035 5294 3226 5372 lrltima
3246 5309 3287 5372 _z
3311 5291 3584 5372 ,ἔρρωσθε

1993 5364 2073 5425 εἰς
2101 5361 2332 5435 τέλος-εν
2357 5362 2601 5434 ὑπομονῇ
2623 5362 2819 5435 κ’ξῃσοῦ
2849 5363 3082 5435 Χριστοῦ
3099 5361 3274 5435 (Θεοῦ
3301 5361 3506 5433 ἡμῶν].

2072 5433 2184 5499 (92)
2223 5433 2339 5486 Cir.
2373 5431 2540 5500 supra
2571 5431 2636 5487 ad
2663 5431 2965 5501 Ephes.,’c.
2993 5433 3049 5487 2.

1995 5511 2004 5523 ’
2073 5503 2183 5574 (95)
2225 5501 2529 5565 Glossema,
2552 5503 2698 5573 quod
2728 5518 2828 5557 nec
2845 5513 3000 5558 vetus
3029 5504 3298 5574 interpres
3321 5501 3580 5568 Latinus,

2002 5588 2101 5627 nec
2129 5573 2481 5642 interpolator
2517 5574 2757 5642 agnovit.

2071 5644 2182 5711 (94)
2219 5640 2343 5715 Log.
2384 5640 2644 5715 τετάρτῃ,
2677 5652 2888 5715 quarta.
2938 5640 3035 5715 Hic
3061 5644 3205 5715 crnim
3233 5643 3451 5715 videtur
3481 5644 3581 5696 dc-

2071 5659 2182 5711 (94)
2220 5659 2343 5712 Leg.
2384 5659 2653 5767 τεταρττ(ἱ
2677 5659 2888 5712 quarm.
2939 5659 3035 5697 mc
3061 5659 3205 5696 enim
3233 5659 3451 5696 vmctur
3481 5659 3578 5696 ιιοο

1997 5715 2201 5786 signari
2231 5714 2348 5784 ipsa
2377 5715 2492 5770 dies
2525 5731 2575 5769 ix
2633 5713 2725 5769 'al.
2754 5712 3055 5783 Septemb.,
3090 5714 3140 5768 id
3173 5725 3257 5770 est
3283 5713 3348 5768 9.4
3387 5714 3578 5783 Augu-
