  <div class='ocr_page' id='page_1' title='image "/cluster/home/n/w/nwhite01/storage/ocr_20150623/5/nnc1.0046978607/363.png"; bbox 0 0 3852 6210; ppageno 0'>
   <div class='ocr_carea' id='block_1_1' title="bbox 458 353 558 408">
    <p class='ocr_par' dir='ltr' id='par_1_1' title="bbox 458 353 558 408">
     <span class='ocr_line' id='line_1_1' title="bbox 458 353 558 408; baseline 0.02 -2"><span class='ocrx_word' id='word_1_1' title='bbox 458 353 558 408; x_wconf 74' lang='grc'><strong>711</strong></span> 
     </span>
    </p>
   </div>
   <div class='ocr_carea' id='block_1_2' title="bbox 1453 343 2798 406">
    <p class='ocr_par' dir='ltr' id='par_1_2' title="bbox 1453 343 2798 406">
     <span class='ocr_line' id='line_1_2' title="bbox 1453 343 2798 406; baseline 0 -4"><span class='ocrx_word' id='word_1_2' title='bbox 1453 345 1702 403; x_wconf 75' lang='grc' dir='ltr'><strong>8ΑΝΟἸΊ</strong></span> <span class='ocrx_word' id='word_1_3' title='bbox 1753 343 2012 403; x_wconf 77' lang='lat' dir='ltr'><strong>lCNATll</strong></span> <span class='ocrx_word' id='word_1_4' title='bbox 2052 344 2412 404; x_wconf 70' lang='grc' dir='ltr'>ΕΡιδτοιΑε</span> <span class='ocrx_word' id='word_1_5' title='bbox 2450 347 2798 406; x_wconf 73' lang='lat' dir='ltr'><strong>GENUINA&#39;I.</strong></span> 
     </span>
    </p>
   </div>
   <div class='ocr_carea' id='block_1_3' title="bbox 3666 349 3759 401">
    <p class='ocr_par' dir='ltr' id='par_1_3' title="bbox 3666 349 3759 401">
     <span class='ocr_line' id='line_1_3' title="bbox 3666 349 3759 401; baseline 0.011 -1"><span class='ocrx_word' id='word_1_6' title='bbox 3666 349 3759 401; x_wconf 70' lang='lat' dir='ltr'><strong>7i!</strong></span> 
     </span>
    </p>
   </div>
   <div class='ocr_carea' id='block_1_4' title="bbox 457 467 2042 544">
    <p class='ocr_par' dir='ltr' id='par_1_4' title="bbox 457 467 2042 540">
     <span class='ocr_line' id='line_1_4' title="bbox 457 467 2042 540; baseline -0.003 -12"><span class='ocrx_word' id='word_1_7' title='bbox 457 481 533 528; x_wconf 78' lang='lat' dir='ltr'><strong>sit</strong></span> <span class='ocrx_word' id='word_1_8' title='bbox 563 486 616 526; x_wconf 82' lang='lat' dir='ltr'><strong>tn</strong></span> <span class='ocrx_word' id='word_1_9' title='bbox 649 469 874 526; x_wconf 89' lang='lat' dir='ltr'><strong>nomine</strong></span> <span class='ocrx_word' id='word_1_10' title='bbox 908 467 1038 524; x_wconf 81' lang='lat' dir='ltr'><strong>Jesu</strong></span> <span class='ocrx_word' id='word_1_11' title='bbox 1067 468 1293 524; x_wconf 86' lang='lat' dir='ltr'><strong>Christi.</strong></span> <span class='ocrx_word' id='word_1_12' title='bbox 1329 467 1399 523; x_wconf 91' lang='lat' dir='ltr'><strong>Ut</strong></span> <span class='ocrx_word' id='word_1_13' title='bbox 1447 469 1614 524; x_wconf 86' lang='lat' dir='ltr'><strong>simul</strong></span> <span class='ocrx_word' id='word_1_14' title='bbox 1665 485 1792 524; x_wconf 92' lang='lat' dir='ltr'><strong>cum</strong></span> <span class='ocrx_word' id='word_1_15' title='bbox 1840 469 1935 524; x_wconf 93' lang='lat' dir='ltr'><strong>illo</strong></span> <span class='ocrx_word' id='word_1_16' title='bbox 1963 485 2042 540; x_wconf 72' lang='lat' dir='ltr'><strong>pa«</strong></span> 
     </span>
    </p>
   </div>
   <div class='ocr_carea' id='block_1_5' title="bbox 2171 467 3762 544">
    <p class='ocr_par' dir='ltr' id='par_1_5' title="bbox 2171 469 3762 544">
     <span class='ocr_line' id='line_1_5' title="bbox 2171 469 3762 544; baseline -0.001 -22"><span class='ocrx_word' id='word_1_17' title='bbox 2171 471 2344 525; x_wconf 79' lang='grc' dir='ltr'>πάντα</span> <span class='ocrx_word' id='word_1_18' title='bbox 2365 471 2645 542; x_wconf 83' lang='grc' dir='ltr'>ὑπομένω,</span> <span class='ocrx_word' id='word_1_19' title='bbox 2671 471 2838 525; x_wconf 88' lang='grc' dir='ltr'>αὐτοῦ</span> <span class='ocrx_word' id='word_1_20' title='bbox 2863 488 2929 543; x_wconf 88' lang='grc' dir='ltr'><strong>με</strong></span> <span class='ocrx_word' id='word_1_21' title='bbox 2955 469 3382 544; x_wconf 82' lang='grc' dir='ltr'>ὲνδυναμοῦντος</span> <span class='ocrx_word' id='word_1_22' title='bbox 3417 469 3522 524; x_wconf 81' lang='grc' dir='ltr'><strong>τοῦ</strong></span> <span class='ocrx_word' id='word_1_23' title='bbox 3563 469 3762 522; x_wconf 67' lang='grc' dir='ltr'>τελεία)</span> 
     </span>
    </p>
   </div>
   <div class='ocr_carea' id='block_1_6' title="bbox 460 552 2059 634">
    <p class='ocr_par' dir='ltr' id='par_1_6' title="bbox 460 552 2059 634">
     <span class='ocr_line' id='line_1_6' title="bbox 460 552 2059 634; baseline -0.002 -14"><span class='ocrx_word' id='word_1_24' title='bbox 460 567 586 632; x_wconf 89' lang='lat' dir='ltr'><strong>tiar,</strong></span> <span class='ocrx_word' id='word_1_25' title='bbox 622 565 810 621; x_wconf 88' lang='lat' dir='ltr'><strong>omnia</strong></span> <span class='ocrx_word' id='word_1_26' title='bbox 842 552 1112 625; x_wconf 79' lang='lat' dir='ltr'><strong>sustineo,</strong></span> <span class='ocrx_word' id='word_1_27' title='bbox 1163 562 1284 632; x_wconf 88' lang='lat' dir='ltr'><strong>ipso</strong></span> <span class='ocrx_word' id='word_1_28' title='bbox 1323 563 1622 618; x_wconf 87' lang='lat' dir='ltr'><strong>roborante</strong></span> <span class='ocrx_word' id='word_1_29' title='bbox 1665 577 1775 632; x_wconf 75' lang='lat' dir='ltr'><strong>me,</strong></span> <span class='ocrx_word' id='word_1_30' title='bbox 1808 563 1903 634; x_wconf 88' lang='lat' dir='ltr'><strong>qui</strong></span> <span class='ocrx_word' id='word_1_31' title='bbox 1932 579 2059 634; x_wconf 82' lang='lat' dir='ltr'><strong>per-</strong></span> 
     </span>
    </p>
   </div>
   <div class='ocr_carea' id='block_1_7' title="bbox 458 655 1164 715">
    <p class='ocr_par' dir='ltr' id='par_1_7' title="bbox 458 655 1164 715">
     <span class='ocr_line' id='line_1_7' title="bbox 458 655 1164 715; baseline -0.006 -2"><span class='ocrx_word' id='word_1_32' title='bbox 458 657 633 715; x_wconf 80' lang='lat' dir='ltr'><strong>fectus</strong></span> <span class='ocrx_word' id='word_1_33' title='bbox 657 658 822 714; x_wconf 90' lang='lat' dir='ltr'><strong>homo</strong></span> <span class='ocrx_word' id='word_1_34' title='bbox 851 655 1033 712; x_wconf 84' lang='lat' dir='ltr'><strong>factus</strong></span> <span class='ocrx_word' id='word_1_35' title='bbox 1059 663 1164 710; x_wconf 90' lang='lat' dir='ltr'><strong>est.</strong></span> 
     </span>
    </p>
   </div>
   <div class='ocr_carea' id='block_1_8' title="bbox 2165 561 2810 637">
    <p class='ocr_par' dir='ltr' id='par_1_8' title="bbox 2165 561 2810 637">
     <span class='ocr_line' id='line_1_8' title="bbox 2165 561 2810 637; baseline 0 -19"><span class='ocrx_word' id='word_1_36' title='bbox 2165 561 2458 637; x_wconf 81' lang='grc' dir='ltr'>ἀνθρώπου</span> <span class='ocrx_word' id='word_1_37' title='bbox 2490 564 2810 635; x_wconf 85' lang='grc' dir='ltr'><strong>γενομένου.</strong></span> 
     </span>
    </p>
   </div>
   <div class='ocr_carea' id='block_1_9' title="bbox 1587 745 2612 805">
    <p class='ocr_par' dir='ltr' id='par_1_9' title="bbox 1587 745 2612 805">
     <span class='ocr_line' id='line_1_9' title="bbox 1587 745 2612 805; baseline -0.003 0"><span class='ocrx_word' id='word_1_38' title='bbox 1587 747 1656 805; x_wconf 81' lang='lat' dir='ltr'><strong>V.</strong></span> <span class='ocrx_word' id='word_1_39' title='bbox 1695 747 2008 804; x_wconf 77' lang='lat' dir='ltr'><strong>Periculum</strong></span> <span class='ocrx_word' id='word_1_40' title='bbox 2037 747 2234 804; x_wconf 86' lang='lat' dir='ltr'><strong>erroris</strong></span> <span class='ocrx_word' id='word_1_41' title='bbox 2269 745 2612 802; x_wconf 86' lang='lat' dir='ltr'><strong>Docetarum.</strong></span> 
     </span>
    </p>
   </div>
   <div class='ocr_carea' id='block_1_10' title="bbox 528 870 2055 942">
    <p class='ocr_par' dir='ltr' id='par_1_10' title="bbox 528 870 2055 942">
     <span class='ocr_line' id='line_1_10' title="bbox 528 870 2055 942; baseline -0.001 -15"><span class='ocrx_word' id='word_1_42' title='bbox 528 872 666 928; x_wconf 90' lang='lat' dir='ltr'><strong>Eum</strong></span> <span class='ocrx_word' id='word_1_43' title='bbox 700 872 850 928; x_wconf 90' lang='lat' dir='ltr'><strong>stulti</strong></span> <span class='ocrx_word' id='word_1_44' title='bbox 883 871 1106 942; x_wconf 86' lang='lat' dir='ltr'><strong>quidam</strong></span> <span class='ocrx_word' id='word_1_45' title='bbox 1132 870 1426 941; x_wconf 76' lang='lat' dir='ltr'><strong>abnegant,</strong></span> <span class='ocrx_word' id='word_1_46' title='bbox 1451 871 1634 941; x_wconf 88' lang='lat' dir='ltr'><strong>potius</strong></span> <span class='ocrx_word' id='word_1_47' title='bbox 1665 879 1850 926; x_wconf 88' lang='lat' dir='ltr'><strong>autem</strong></span> <span class='ocrx_word' id='word_1_48' title='bbox 1880 871 1950 926; x_wconf 90' lang='lat' dir='ltr'><strong>ab</strong></span> <span class='ocrx_word' id='word_1_49' title='bbox 1986 885 2055 926; x_wconf 91' lang='lat' dir='ltr'><strong>eo</strong></span> 
     </span>
    </p>
   </div>
   <div class='ocr_carea' id='block_1_11' title="bbox 457 960 2050 1033">
    <p class='ocr_par' dir='ltr' id='par_1_11' title="bbox 457 960 2050 1033">
     <span class='ocr_line' id='line_1_11' title="bbox 457 960 2050 1033; baseline -0.001 -18"><span class='ocrx_word' id='word_1_50' title='bbox 457 963 819 1033; x_wconf 78' lang='lat' dir='ltr'><strong>abnegantur,</strong></span> <span class='ocrx_word' id='word_1_51' title='bbox 844 963 1062 1032; x_wconf 80' lang='lat' dir='ltr'><strong>patroni</strong></span> <span class='ocrx_word' id='word_1_52' title='bbox 1107 962 1302 1016; x_wconf 83' lang='lat' dir='ltr'><strong>mortis</strong></span> <span class='ocrx_word' id='word_1_53' title='bbox 1330 961 1526 1030; x_wconf 78' lang='lat' dir='ltr'><strong>magis,</strong></span> <span class='ocrx_word' id='word_1_54' title='bbox 1557 977 1724 1031; x_wconf 88' lang='lat' dir='ltr'><strong>quam</strong></span> <span class='ocrx_word' id='word_1_55' title='bbox 1761 960 2010 1016; x_wconf 81' lang='lat' dir='ltr'><strong>veritatis</strong></span> <span class='ocrx_word' id='word_1_56' title='bbox 2036 978 2050 1027; x_wconf 94' lang='lat'><strong>;</strong></span> 
     </span>
    </p>
   </div>
   <div class='ocr_carea' id='block_1_12' title="bbox 456 1051 2054 1125">
    <p class='ocr_par' dir='ltr' id='par_1_12' title="bbox 456 1051 2054 1125">
     <span class='ocr_line' id='line_1_12' title="bbox 456 1051 2054 1125; baseline 0 -19"><span class='ocrx_word' id='word_1_57' title='bbox 456 1053 660 1123; x_wconf 86' lang='lat' dir='ltr'><strong>quibus</strong></span> <span class='ocrx_word' id='word_1_58' title='bbox 704 1069 804 1107; x_wconf 90' lang='lat' dir='ltr'><strong>nec</strong></span> <span class='ocrx_word' id='word_1_59' title='bbox 854 1053 1155 1123; x_wconf 71' lang='lat' dir='ltr'><strong>prephetia:</strong></span> <span class='ocrx_word' id='word_1_60' title='bbox 1204 1069 1546 1123; x_wconf 88' lang='lat' dir='ltr'><strong>persuasere,</strong></span> <span class='ocrx_word' id='word_1_61' title='bbox 1577 1068 1676 1107; x_wconf 91' lang='lat' dir='ltr'><strong>nec</strong></span> <span class='ocrx_word' id='word_1_62' title='bbox 1712 1052 1914 1125; x_wconf 83' lang='lat' dir='ltr'><strong>Moysis</strong></span> <span class='ocrx_word' id='word_1_63' title='bbox 1947 1051 2054 1120; x_wconf 83' lang='lat' dir='ltr'><strong>lex,</strong></span> 
     </span>
    </p>
   </div>
   <div class='ocr_carea' id='block_1_13' title="bbox 456 1143 2057 1216">
    <p class='ocr_par' dir='ltr' id='par_1_13' title="bbox 456 1143 2057 1216">
     <span class='ocr_line' id='line_1_13' title="bbox 456 1143 2057 1216; baseline 0 -16"><span class='ocrx_word' id='word_1_64' title='bbox 456 1145 551 1200; x_wconf 83' lang='lat' dir='ltr'><strong>sed</strong></span> <span class='ocrx_word' id='word_1_65' title='bbox 599 1161 700 1200; x_wconf 91' lang='lat' dir='ltr'><strong>nec</strong></span> <span class='ocrx_word' id='word_1_66' title='bbox 750 1143 1106 1216; x_wconf 83' lang='lat' dir='ltr'><strong>Evangelium</strong></span> <span class='ocrx_word' id='word_1_67' title='bbox 1159 1145 1212 1198; x_wconf 88' lang='lat' dir='ltr'><strong>in</strong></span> <span class='ocrx_word' id='word_1_68' title='bbox 1267 1145 1413 1199; x_wconf 88' lang='lat' dir='ltr'><strong>hunc</strong></span> <span class='ocrx_word' id='word_1_69' title='bbox 1459 1160 1634 1215; x_wconf 90' lang='lat' dir='ltr'><strong>usque</strong></span> <span class='ocrx_word' id='word_1_70' title='bbox 1678 1145 1846 1212; x_wconf 89' lang='lat' dir='ltr'><strong>diem,</strong></span> <span class='ocrx_word' id='word_1_71' title='bbox 1879 1161 2057 1214; x_wconf 89' lang='lat' dir='ltr'><strong>neque</strong></span> 
     </span>
    </p>
   </div>
   <div class='ocr_carea' id='block_1_14' title="bbox 456 1232 2052 1307">
    <p class='ocr_par' dir='ltr' id='par_1_14' title="bbox 456 1232 2052 1307">
     <span class='ocr_line' id='line_1_14' title="bbox 456 1232 2052 1307; baseline -0.001 -16"><span class='ocrx_word' id='word_1_72' title='bbox 456 1246 660 1292; x_wconf 74' lang='lat' dir='ltr'><strong>nostra:</strong></span> <span class='ocrx_word' id='word_1_73' title='bbox 691 1237 1032 1307; x_wconf 79' lang='lat' dir='ltr'><strong>singulorum</strong></span> <span class='ocrx_word' id='word_1_74' title='bbox 1067 1235 1375 1306; x_wconf 85' lang='lat' dir='ltr'><strong>passiones.</strong></span> <span class='ocrx_word' id='word_1_75' title='bbox 1399 1232 1536 1289; x_wconf 87' lang='lat' dir='ltr'><strong>Nam</strong></span> <span class='ocrx_word' id='word_1_76' title='bbox 1561 1245 1614 1290; x_wconf 90' lang='lat' dir='ltr'><strong>et</strong></span> <span class='ocrx_word' id='word_1_77' title='bbox 1635 1236 1703 1290; x_wconf 92' lang='lat' dir='ltr'><strong>de</strong></span> <span class='ocrx_word' id='word_1_78' title='bbox 1730 1235 1888 1291; x_wconf 81' lang='lat' dir='ltr'><strong>nobis</strong></span> <span class='ocrx_word' id='word_1_79' title='bbox 1909 1237 2052 1290; x_wconf 87' lang='lat' dir='ltr'><strong>idem</strong></span> 
     </span>
    </p>
   </div>
   <div class='ocr_carea' id='block_1_15' title="bbox 455 1329 2055 1400">
    <p class='ocr_par' dir='ltr' id='par_1_15' title="bbox 455 1329 2055 1400">
     <span class='ocr_line' id='line_1_15' title="bbox 455 1329 2055 1400; baseline -0.001 -13"><span class='ocrx_word' id='word_1_80' title='bbox 455 1333 717 1387; x_wconf 88' lang='lat' dir='ltr'><strong>sentiunt.</strong></span> <span class='ocrx_word' id='word_1_81' title='bbox 749 1329 893 1398; x_wconf 85' lang='lat' dir='ltr'><strong>Quid</strong></span> <span class='ocrx_word' id='word_1_82' title='bbox 941 1330 1088 1384; x_wconf 90' lang='lat' dir='ltr'><strong>enim</strong></span> <span class='ocrx_word' id='word_1_83' title='bbox 1140 1329 1274 1384; x_wconf 89' lang='lat' dir='ltr'><strong>mihi</strong></span> <span class='ocrx_word' id='word_1_84' title='bbox 1305 1332 1548 1400; x_wconf 77' lang='lat' dir='ltr'><strong>prodest,</strong></span> <span class='ocrx_word' id='word_1_85' title='bbox 1582 1331 1632 1384; x_wconf 92' lang='lat' dir='ltr'><strong>si</strong></span> <span class='ocrx_word' id='word_1_86' title='bbox 1663 1329 1790 1400; x_wconf 88' lang='lat' dir='ltr'><strong>quis</strong></span> <span class='ocrx_word' id='word_1_87' title='bbox 1819 1346 1905 1384; x_wconf 86' lang='lat' dir='ltr'><strong>me</strong></span> <span class='ocrx_word' id='word_1_88' title='bbox 1935 1331 2055 1385; x_wconf 88' lang='lat' dir='ltr'><strong>lau-</strong></span> 
     </span>
    </p>
   </div>
   <div class='ocr_carea' id='block_1_16' title="bbox 455 1420 2056 1490">
    <p class='ocr_par' dir='ltr' id='par_1_16' title="bbox 455 1420 2056 1490">
     <span class='ocr_line' id='line_1_16' title="bbox 455 1420 2056 1490; baseline -0.001 -12"><span class='ocrx_word' id='word_1_89' title='bbox 455 1422 570 1488; x_wconf 87' lang='lat' dir='ltr'><strong>det,</strong></span> <span class='ocrx_word' id='word_1_90' title='bbox 605 1421 901 1478; x_wconf 91' lang='lat' dir='ltr'><strong>Dominum</strong></span> <span class='ocrx_word' id='word_1_91' title='bbox 935 1433 1118 1477; x_wconf 89' lang='lat' dir='ltr'><strong>autem</strong></span> <span class='ocrx_word' id='word_1_92' title='bbox 1151 1437 1334 1476; x_wconf 89' lang='lat' dir='ltr'><strong>meum</strong></span> <span class='ocrx_word' id='word_1_93' title='bbox 1370 1420 1733 1490; x_wconf 89' lang='lat' dir='ltr'><strong>blasphemet,</strong></span> <span class='ocrx_word' id='word_1_94' title='bbox 1766 1437 1893 1475; x_wconf 91' lang='lat' dir='ltr'><strong>eum</strong></span> <span class='ocrx_word' id='word_1_95' title='bbox 1934 1437 2056 1476; x_wconf 87' lang='lat' dir='ltr'><strong>car-</strong></span> 
     </span>
    </p>
   </div>
   <div class='ocr_carea' id='block_1_17' title="bbox 411 1512 2055 1586">
    <p class='ocr_par' dir='ltr' id='par_1_17' title="bbox 411 1512 2055 1586">
     <span class='ocr_line' id='line_1_17' title="bbox 411 1512 2055 1586; baseline 0 -17"><span class='ocrx_word' id='word_1_96' title='bbox 411 1540 414 1544; x_wconf 86' lang='lat'><strong>-</strong></span> <span class='ocrx_word' id='word_1_97' title='bbox 455 1531 580 1570; x_wconf 91' lang='lat' dir='ltr'><strong>nem</strong></span> <span class='ocrx_word' id='word_1_98' title='bbox 613 1515 982 1585; x_wconf 88' lang='lat' dir='ltr'><strong>assumpsisse</strong></span> <span class='ocrx_word' id='word_1_99' title='bbox 1012 1514 1257 1586; x_wconf 78' lang='lat' dir='ltr'><strong>negans?</strong></span> <span class='ocrx_word' id='word_1_100' title='bbox 1296 1512 1400 1581; x_wconf 88' lang='lat' dir='ltr'><strong>Qui</strong></span> <span class='ocrx_word' id='word_1_101' title='bbox 1437 1529 1567 1568; x_wconf 89' lang='lat' dir='ltr'><strong>vero</strong></span> <span class='ocrx_word' id='word_1_102' title='bbox 1598 1513 1650 1567; x_wconf 88' lang='lat' dir='ltr'><strong>id</strong></span> <span class='ocrx_word' id='word_1_103' title='bbox 1684 1529 1791 1569; x_wconf 92' lang='lat' dir='ltr'><strong>non</strong></span> <span class='ocrx_word' id='word_1_104' title='bbox 1827 1513 2055 1584; x_wconf 74' lang='lat' dir='ltr'><strong>profite-</strong></span> 
     </span>
    </p>
   </div>
   <div class='ocr_carea' id='block_1_18' title="bbox 458 1605 2050 1678">
    <p class='ocr_par' dir='ltr' id='par_1_18' title="bbox 458 1605 2050 1678">
     <span class='ocr_line' id='line_1_18' title="bbox 458 1605 2050 1678; baseline 0.001 -16"><span class='ocrx_word' id='word_1_105' title='bbox 458 1619 567 1676; x_wconf 92' lang='lat' dir='ltr'><strong>tur,</strong></span> <span class='ocrx_word' id='word_1_106' title='bbox 598 1607 646 1663; x_wconf 93' lang='lat' dir='ltr'><strong>is</strong></span> <span class='ocrx_word' id='word_1_107' title='bbox 697 1623 927 1678; x_wconf 84' lang='lat' dir='ltr'><strong>prorsus</strong></span> <span class='ocrx_word' id='word_1_108' title='bbox 977 1623 1104 1662; x_wconf 91' lang='lat' dir='ltr'><strong>eum</strong></span> <span class='ocrx_word' id='word_1_109' title='bbox 1149 1607 1390 1678; x_wconf 73' lang='lat' dir='ltr'><strong>negavit,</strong></span> <span class='ocrx_word' id='word_1_110' title='bbox 1427 1606 1546 1674; x_wconf 86' lang='lat' dir='ltr'><strong>ipse</strong></span> <span class='ocrx_word' id='word_1_111' title='bbox 1589 1605 1758 1661; x_wconf 81' lang='lat' dir='ltr'><strong>funus</strong></span> <span class='ocrx_word' id='word_1_112' title='bbox 1802 1616 2050 1676; x_wconf 86' lang='lat' dir='ltr'><strong>portans.</strong></span> 
     </span>
    </p>
   </div>
   <div class='ocr_carea' id='block_1_19' title="bbox 455 1697 2051 1765">
    <p class='ocr_par' dir='ltr' id='par_1_19' title="bbox 455 1697 2051 1765">
     <span class='ocr_line' id='line_1_19' title="bbox 455 1697 2051 1765; baseline -0.001 -12"><span class='ocrx_word' id='word_1_113' title='bbox 455 1697 690 1754; x_wconf 81' lang='lat' dir='ltr'><strong>Nomina</strong></span> <span class='ocrx_word' id='word_1_114' title='bbox 718 1714 848 1754; x_wconf 90' lang='lat' dir='ltr'><strong>vero</strong></span> <span class='ocrx_word' id='word_1_115' title='bbox 877 1714 1098 1765; x_wconf 90' lang='lat' dir='ltr'><strong>eorum,</strong></span> <span class='ocrx_word' id='word_1_116' title='bbox 1131 1714 1257 1754; x_wconf 89' lang='lat' dir='ltr'><strong>cum</strong></span> <span class='ocrx_word' id='word_1_117' title='bbox 1288 1698 1398 1752; x_wconf 84' lang='lat' dir='ltr'><strong>sint</strong></span> <span class='ocrx_word' id='word_1_118' title='bbox 1426 1699 1688 1762; x_wconf 85' lang='lat' dir='ltr'><strong>inﬁdelia,</strong></span> <span class='ocrx_word' id='word_1_119' title='bbox 1733 1713 1842 1753; x_wconf 89' lang='lat' dir='ltr'><strong>non</strong></span> <span class='ocrx_word' id='word_1_120' title='bbox 1873 1697 2051 1752; x_wconf 87' lang='lat' dir='ltr'><strong>visum</strong></span> 
     </span>
    </p>
   </div>
   <div class='ocr_carea' id='block_1_20' title="bbox 2236 862 3764 940">
    <p class='ocr_par' dir='ltr' id='par_1_20' title="bbox 2236 862 3764 940">
     <span class='ocr_line' id='line_1_20' title="bbox 2236 862 3764 940; baseline 0.002 -19"><span class='ocrx_word' id='word_1_121' title='bbox 2236 868 2336 921; x_wconf 76' lang='grc' dir='ltr'>’ον</span> <span class='ocrx_word' id='word_1_122' title='bbox 2368 885 2514 931; x_wconf 88' lang='grc' dir='ltr'>τινες</span> <span class='ocrx_word' id='word_1_123' title='bbox 2537 868 2860 936; x_wconf 81' lang='grc' dir='ltr'><strong>ἀγνοοῦντες</strong></span> <span class='ocrx_word' id='word_1_124' title='bbox 2881 866 3191 940; x_wconf 80' lang='grc' dir='ltr'><strong>ἀρνοῦνται,</strong></span> <span class='ocrx_word' id='word_1_125' title='bbox 3216 865 3417 937; x_wconf 79' lang='grc' dir='ltr'>μᾶλλον</span> <span class='ocrx_word' id='word_1_126' title='bbox 3450 863 3514 918; x_wconf 77' lang='grc' dir='ltr'>δὲ</span> <span class='ocrx_word' id='word_1_127' title='bbox 3540 862 3662 935; x_wconf 64' lang='grc' dir='ltr'>(ΤΞ)</span> <span class='ocrx_word' id='word_1_128' title='bbox 3682 864 3764 934; x_wconf 64' lang='grc' dir='ltr'><strong>ἡρ-</strong></span> 
     </span>
    </p>
   </div>
   <div class='ocr_carea' id='block_1_21' title="bbox 2161 955 3759 1033">
    <p class='ocr_par' dir='ltr' id='par_1_21' title="bbox 2161 955 3759 1033">
     <span class='ocr_line' id='line_1_21' title="bbox 2161 955 3759 1033; baseline -0.009 -19"><span class='ocrx_word' id='word_1_129' title='bbox 2161 959 2405 1033; x_wconf 78' lang='grc' dir='ltr'>νήθησαν</span> <span class='ocrx_word' id='word_1_130' title='bbox 2457 960 2551 1014; x_wconf 83' lang='grc' dir='ltr'><strong>ὑπ’</strong></span> <span class='ocrx_word' id='word_1_131' title='bbox 2602 959 2792 1025; x_wconf 83' lang='grc' dir='ltr'>αὐτοῦ,</span> <span class='ocrx_word' id='word_1_132' title='bbox 2829 960 2986 1024; x_wconf 75' lang='grc' dir='ltr'>ὄντες</span> <span class='ocrx_word' id='word_1_133' title='bbox 3040 961 3325 1031; x_wconf 80' lang='grc' dir='ltr'>συνήγοροι</span> <span class='ocrx_word' id='word_1_134' title='bbox 3376 957 3473 1012; x_wconf 87' lang='grc' dir='ltr'><strong>τοῦ</strong></span> <span class='ocrx_word' id='word_1_135' title='bbox 3535 955 3759 1008; x_wconf 48' lang='lat' dir='ltr'><strong>Gavisa:</strong></span> 
     </span>
    </p>
   </div>
   <div class='ocr_carea' id='block_1_22' title="bbox 2167 1051 3751 1124">
    <p class='ocr_par' dir='ltr' id='par_1_22' title="bbox 2167 1051 3751 1124">
     <span class='ocr_line' id='line_1_22' title="bbox 2167 1051 3751 1124; baseline -0.004 -18"><span class='ocrx_word' id='word_1_136' title='bbox 2167 1052 2368 1124; x_wconf 85' lang='grc' dir='ltr'>μᾶλλον</span> <span class='ocrx_word' id='word_1_137' title='bbox 2401 1051 2434 1124; x_wconf 78' lang='grc' dir='ltr'>ἢ</span> <span class='ocrx_word' id='word_1_138' title='bbox 2471 1052 2569 1122; x_wconf 76' lang='grc' dir='ltr'>τῆς</span> <span class='ocrx_word' id='word_1_139' title='bbox 2601 1051 2858 1123; x_wconf 81' lang='grc' dir='ltr'><strong>ἀληθείας</strong></span> <span class='ocrx_word' id='word_1_140' title='bbox 2882 1069 2895 1082; x_wconf 72' lang='grc' dir='ltr'><strong>ο</strong></span> <span class='ocrx_word' id='word_1_141' title='bbox 2931 1051 3026 1115; x_wconf 80' lang='grc' dir='ltr'>οὓς</span> <span class='ocrx_word' id='word_1_142' title='bbox 3060 1051 3160 1105; x_wconf 77' lang='grc' dir='ltr'>οὐκ</span> <span class='ocrx_word' id='word_1_143' title='bbox 3192 1051 3417 1103; x_wconf 77' lang='grc' dir='ltr'>ἔπεισαν</span> <span class='ocrx_word' id='word_1_144' title='bbox 3453 1051 3517 1103; x_wconf 82' lang='grc' dir='ltr'>αἱ</span> <span class='ocrx_word' id='word_1_145' title='bbox 3561 1064 3751 1118; x_wconf 65' lang='grc' dir='ltr'>προφη</span> 
     </span>
    </p>
   </div>
   <div class='ocr_carea' id='block_1_23' title="bbox 2161 1138 3774 1215">
    <p class='ocr_par' dir='ltr' id='par_1_23' title="bbox 2161 1138 3774 1215">
     <span class='ocr_line' id='line_1_23' title="bbox 2161 1138 3774 1215; baseline -0.006 -17"><span class='ocrx_word' id='word_1_146' title='bbox 2161 1149 2326 1212; x_wconf 86' lang='grc' dir='ltr'>τεῖαι,</span> <span class='ocrx_word' id='word_1_147' title='bbox 2361 1145 2472 1200; x_wconf 80' lang='grc' dir='ltr'>οὐδ’</span> <span class='ocrx_word' id='word_1_148' title='bbox 2505 1145 2534 1196; x_wconf 86' lang='grc' dir='ltr'>ὁ</span> <span class='ocrx_word' id='word_1_149' title='bbox 2568 1144 2731 1215; x_wconf 80' lang='grc' dir='ltr'>νόμος</span> <span class='ocrx_word' id='word_1_150' title='bbox 2760 1143 3060 1209; x_wconf 77' lang='grc' dir='ltr'>Μωῦσέως,</span> <span class='ocrx_word' id='word_1_151' title='bbox 3097 1142 3213 1197; x_wconf 82' lang='grc' dir='ltr'>ἀλλ’</span> <span class='ocrx_word' id='word_1_152' title='bbox 3277 1141 3399 1196; x_wconf 69' lang='grc' dir='ltr'>οὐδὲ</span> <span class='ocrx_word' id='word_1_153' title='bbox 3451 1140 3638 1211; x_wconf 80' lang='grc' dir='ltr'>μέχρι</span> <span class='ocrx_word' id='word_1_154' title='bbox 3687 1138 3774 1190; x_wconf 75' lang='grc' dir='ltr'><strong>νῦν</strong></span> 
     </span>
    </p>
   </div>
   <div class='ocr_carea' id='block_1_24' title="bbox 2159 1232 3775 1311">
    <p class='ocr_par' dir='ltr' id='par_1_24' title="bbox 2159 1232 3775 1311">
     <span class='ocr_line' id='line_1_24' title="bbox 2159 1232 3775 1311; baseline -0.006 -19"><span class='ocrx_word' id='word_1_155' title='bbox 2159 1239 2219 1292; x_wconf 79' lang='grc' dir='ltr'><strong>τὸ</strong></span> <span class='ocrx_word' id='word_1_156' title='bbox 2254 1239 2365 1311; x_wconf 82' lang='grc'><strong>(75)</strong></span> <span class='ocrx_word' id='word_1_157' title='bbox 2401 1237 2750 1307; x_wconf 85' lang='grc' dir='ltr'>Εὑαγγέλιον,</span> <span class='ocrx_word' id='word_1_158' title='bbox 2785 1236 2906 1290; x_wconf 85' lang='grc' dir='ltr'>οὐδὲ</span> <span class='ocrx_word' id='word_1_159' title='bbox 2957 1237 3025 1290; x_wconf 86' lang='grc' dir='ltr'>τὰ</span> <span class='ocrx_word' id='word_1_160' title='bbox 3073 1237 3318 1308; x_wconf 82' lang='grc' dir='ltr'>ἡμέτερα</span> <span class='ocrx_word' id='word_1_161' title='bbox 3350 1233 3463 1288; x_wconf 85' lang='grc' dir='ltr'><strong>τῶν</strong></span> <span class='ocrx_word' id='word_1_162' title='bbox 3514 1232 3653 1286; x_wconf 80' lang='grc' dir='ltr'>κατ’</span> <span class='ocrx_word' id='word_1_163' title='bbox 3688 1232 3775 1284; x_wconf 66' lang='grc' dir='ltr'>ἆνε-</span> 
     </span>
    </p>
   </div>
   <div class='ocr_carea' id='block_1_25' title="bbox 2157 1323 3749 1405">
    <p class='ocr_par' dir='ltr' id='par_1_25' title="bbox 2157 1323 3749 1405">
     <span class='ocr_line' id='line_1_25' title="bbox 2157 1323 3749 1405; baseline -0.007 -19"><span class='ocrx_word' id='word_1_164' title='bbox 2157 1331 2263 1405; x_wconf 89' lang='grc' dir='ltr'><strong>δρα</strong></span> <span class='ocrx_word' id='word_1_165' title='bbox 2326 1331 2648 1404; x_wconf 83' lang='grc' dir='ltr'>παθήματα.</span> <span class='ocrx_word' id='word_1_166' title='bbox 2685 1329 2797 1401; x_wconf 74' lang='grc'><strong>(74)</strong></span> <span class='ocrx_word' id='word_1_167' title='bbox 2831 1328 2942 1382; x_wconf 77' lang='grc' dir='ltr'><strong>Καὶ</strong></span> <span class='ocrx_word' id='word_1_168' title='bbox 2979 1328 3089 1401; x_wconf 87' lang='grc' dir='ltr'>γὰρ</span> <span class='ocrx_word' id='word_1_169' title='bbox 3124 1328 3253 1400; x_wconf 78' lang='grc' dir='ltr'>περὶ</span> <span class='ocrx_word' id='word_1_170' title='bbox 3303 1325 3466 1397; x_wconf 78' lang='grc' dir='ltr'>ἡμῶν</span> <span class='ocrx_word' id='word_1_171' title='bbox 3524 1324 3597 1378; x_wconf 70' lang='grc' dir='ltr'>τὸ</span> <span class='ocrx_word' id='word_1_172' title='bbox 3651 1323 3749 1375; x_wconf 76' lang='grc' dir='ltr'>αὐτ</span> 
     </span>
    </p>
   </div>
   <div class='ocr_carea' id='block_1_26' title="bbox 2161 1419 3750 1498">
    <p class='ocr_par' dir='ltr' id='par_1_26' title="bbox 2161 1419 3750 1498">
     <span class='ocr_line' id='line_1_26' title="bbox 2161 1419 3750 1498; baseline -0.007 -20"><span class='ocrx_word' id='word_1_173' title='bbox 2161 1424 2466 1498; x_wconf 79' lang='grc' dir='ltr'>φρονοῦσιν.</span> <span class='ocrx_word' id='word_1_174' title='bbox 2494 1422 2603 1493; x_wconf 85' lang='grc'><strong>(75)</strong></span> <span class='ocrx_word' id='word_1_175' title='bbox 2627 1421 2691 1474; x_wconf 83' lang='grc' dir='ltr'>Τί</span> <span class='ocrx_word' id='word_1_176' title='bbox 2722 1422 2829 1494; x_wconf 83' lang='grc' dir='ltr'>γάρ</span> <span class='ocrx_word' id='word_1_177' title='bbox 2867 1439 2932 1492; x_wconf 88' lang='grc' dir='ltr'><strong>με</strong></span> <span class='ocrx_word' id='word_1_178' title='bbox 2956 1421 3161 1490; x_wconf 81' lang='grc' dir='ltr'>ὠφελεῖ</span> <span class='ocrx_word' id='word_1_179' title='bbox 3192 1439 3294 1485; x_wconf 87' lang='grc' dir='ltr'>τις,</span> <span class='ocrx_word' id='word_1_180' title='bbox 3316 1421 3368 1473; x_wconf 81' lang='grc' dir='ltr'>εὶ</span> <span class='ocrx_word' id='word_1_181' title='bbox 3403 1419 3512 1490; x_wconf 75' lang='grc' dir='ltr'><strong>ἐμὲ</strong></span> <span class='ocrx_word' id='word_1_182' title='bbox 3530 1419 3750 1471; x_wconf 75' lang='grc' dir='ltr'>ὲπαινεὶ</span> 
     </span>
    </p>
   </div>
   <div class='ocr_carea' id='block_1_27' title="bbox 2157 1508 3752 1588">
    <p class='ocr_par' dir='ltr' id='par_1_27' title="bbox 2157 1508 3752 1588">
     <span class='ocr_line' id='line_1_27' title="bbox 2157 1508 3752 1588; baseline -0.003 -20"><span class='ocrx_word' id='word_1_183' title='bbox 2157 1515 2250 1568; x_wconf 80' lang='grc' dir='ltr'>τὸν</span> <span class='ocrx_word' id='word_1_184' title='bbox 2301 1514 2358 1568; x_wconf 85' lang='grc' dir='ltr'>δὲ</span> <span class='ocrx_word' id='word_1_185' title='bbox 2410 1513 2615 1588; x_wconf 82' lang='grc' dir='ltr'>Κύριόν</span> <span class='ocrx_word' id='word_1_186' title='bbox 2653 1531 2754 1585; x_wconf 86' lang='grc' dir='ltr'><strong>μου</strong></span> <span class='ocrx_word' id='word_1_187' title='bbox 2794 1513 3134 1584; x_wconf 82' lang='grc' dir='ltr'><strong>βλασφημεῖ,</strong></span> <span class='ocrx_word' id='word_1_188' title='bbox 3188 1513 3298 1585; x_wconf 87' lang='grc'><strong>(76)</strong></span> <span class='ocrx_word' id='word_1_189' title='bbox 3350 1512 3424 1583; x_wconf 78' lang='grc' dir='ltr'>μὴ</span> 
     </span>
    </p>
   </div>
   <div class='ocr_carea' id='block_1_28' title="bbox 2157 1604 3774 1679">
    <p class='ocr_par' dir='ltr' id='par_1_28' title="bbox 2157 1604 3774 1679">
     <span class='ocr_line' id='line_1_28' title="bbox 2157 1604 3774 1679; baseline -0.002 -20"><span class='ocrx_word' id='word_1_190' title='bbox 2157 1605 2320 1659; x_wconf 81' lang='grc' dir='ltr'>αὑτὸν</span> <span class='ocrx_word' id='word_1_191' title='bbox 2373 1606 2750 1679; x_wconf 85' lang='grc' dir='ltr'>σαρκοφόρον;</span> <span class='ocrx_word' id='word_1_192' title='bbox 2799 1605 2859 1657; x_wconf 88' lang='lat' dir='ltr'><strong>&#39;O</strong></span> <span class='ocrx_word' id='word_1_193' title='bbox 2891 1604 2948 1657; x_wconf 90' lang='grc' dir='ltr'>δὲ</span> <span class='ocrx_word' id='word_1_194' title='bbox 3001 1605 3160 1659; x_wconf 83' lang='grc' dir='ltr'>τοῦτο</span> <span class='ocrx_word' id='word_1_195' title='bbox 3190 1605 3265 1676; x_wconf 82' lang='grc' dir='ltr'>μὴ</span> <span class='ocrx_word' id='word_1_196' title='bbox 3309 1605 3489 1673; x_wconf 77' lang='grc' dir='ltr'>λέγων</span> <span class='ocrx_word' id='word_1_197' title='bbox 3551 1605 3774 1666; x_wconf 79' lang='grc' dir='ltr'><strong>τελείως</strong></span> 
     </span>
    </p>
   </div>
   <div class='ocr_carea' id='block_1_29' title="bbox 2157 1695 3773 1769">
    <p class='ocr_par' dir='ltr' id='par_1_29' title="bbox 2157 1695 3773 1769">
     <span class='ocr_line' id='line_1_29' title="bbox 2157 1695 3773 1769; baseline -0.003 -17"><span class='ocrx_word' id='word_1_198' title='bbox 2157 1699 2321 1752; x_wconf 82' lang='grc' dir='ltr'>αὐτὸν</span> <span class='ocrx_word' id='word_1_199' title='bbox 2372 1699 2711 1768; x_wconf 84' lang='grc' dir='ltr'>ὰπήρνηται,</span> <span class='ocrx_word' id='word_1_200' title='bbox 2746 1695 2823 1749; x_wconf 84' lang='grc' dir='ltr'>ὣν</span> <span class='ocrx_word' id='word_1_201' title='bbox 2871 1697 3221 1769; x_wconf 76' lang='grc' dir='ltr'>νεκροφόρος.</span> <span class='ocrx_word' id='word_1_202' title='bbox 3277 1697 3358 1751; x_wconf 82' lang='grc' dir='ltr'>Τὰ</span> <span class='ocrx_word' id='word_1_203' title='bbox 3405 1697 3464 1750; x_wconf 84' lang='grc' dir='ltr'>δὲ</span> <span class='ocrx_word' id='word_1_204' title='bbox 3523 1697 3773 1766; x_wconf 78' lang='grc' dir='ltr'>ὀνόματα</span> 
     </span>
    </p>
   </div>
   <div class='ocr_carea' id='block_1_30' title="bbox 455 1788 2042 1862">
    <p class='ocr_par' dir='ltr' id='par_1_30' title="bbox 455 1788 2042 1856">
     <span class='ocr_line' id='line_1_30' title="bbox 455 1788 2042 1856; baseline -0.003 -9"><span class='ocrx_word' id='word_1_205' title='bbox 455 1792 589 1847; x_wconf 78' lang='lat' dir='ltr'><strong>mihi</strong></span> <span class='ocrx_word' id='word_1_206' title='bbox 619 1801 702 1846; x_wconf 91' lang='lat' dir='ltr'><strong>est</strong></span> <span class='ocrx_word' id='word_1_207' title='bbox 729 1791 990 1846; x_wconf 87' lang='lat' dir='ltr'><strong>scribere.</strong></span> <span class='ocrx_word' id='word_1_208' title='bbox 1024 1791 1092 1846; x_wconf 89' lang='lat' dir='ltr'><strong>Et</strong></span> <span class='ocrx_word' id='word_1_209' title='bbox 1121 1791 1266 1847; x_wconf 89' lang='lat' dir='ltr'><strong>absit</strong></span> <span class='ocrx_word' id='word_1_210' title='bbox 1301 1806 1331 1846; x_wconf 90' lang='lat' dir='ltr'><strong>a</strong></span> <span class='ocrx_word' id='word_1_211' title='bbox 1364 1805 1472 1856; x_wconf 90' lang='lat' dir='ltr'><strong>me,</strong></span> <span class='ocrx_word' id='word_1_212' title='bbox 1505 1799 1566 1844; x_wconf 93' lang='lat' dir='ltr'><strong>ut</strong></span> <span class='ocrx_word' id='word_1_213' title='bbox 1590 1805 1783 1844; x_wconf 89' lang='lat' dir='ltr'><strong>eorum</strong></span> <span class='ocrx_word' id='word_1_214' title='bbox 1811 1788 2042 1842; x_wconf 89' lang='lat' dir='ltr'><strong>mentio-</strong></span> 
     </span>
    </p>
   </div>
   <div class='ocr_carea' id='block_1_31' title="bbox 2171 1788 3772 1862">
    <p class='ocr_par' dir='ltr' id='par_1_31' title="bbox 2171 1788 3772 1862">
     <span class='ocr_line' id='line_1_31' title="bbox 2171 1788 3772 1862; baseline -0.001 -18"><span class='ocrx_word' id='word_1_215' title='bbox 2171 1790 2357 1854; x_wconf 83' lang='grc' dir='ltr'>ιὺτῶν,</span> <span class='ocrx_word' id='word_1_216' title='bbox 2391 1789 2524 1843; x_wconf 74' lang='grc' dir='ltr'>ὅντα</span> <span class='ocrx_word' id='word_1_217' title='bbox 2553 1789 2780 1854; x_wconf 78' lang='grc' dir='ltr'><strong>ἄπιστα,</strong></span> <span class='ocrx_word' id='word_1_218' title='bbox 2814 1788 2916 1842; x_wconf 85' lang='grc' dir='ltr'>οὐκ</span> <span class='ocrx_word' id='word_1_219' title='bbox 2949 1788 3095 1853; x_wconf 76' lang='grc' dir='ltr'>ἐδοξὲ</span> <span class='ocrx_word' id='word_1_220' title='bbox 3130 1807 3221 1860; x_wconf 89' lang='grc' dir='ltr'><strong>μοι</strong></span> <span class='ocrx_word' id='word_1_221' title='bbox 3259 1790 3575 1862; x_wconf 69' lang='grc' dir='ltr'>ἐγγράψαι.</span> <span class='ocrx_word' id='word_1_222' title='bbox 3616 1788 3772 1842; x_wconf 68' lang='grc' dir='ltr'>Ἀλλὰ</span> 
     </span>
    </p>
   </div>
   <div class='ocr_carea' id='block_1_32' title="bbox 457 1877 2042 1956">
    <p class='ocr_par' dir='ltr' id='par_1_32' title="bbox 457 1878 2042 1952">
     <span class='ocr_line' id='line_1_32' title="bbox 457 1878 2042 1952; baseline -0.003 -14"><span class='ocrx_word' id='word_1_223' title='bbox 457 1901 579 1939; x_wconf 85' lang='lat' dir='ltr'><strong>nem</strong></span> <span class='ocrx_word' id='word_1_224' title='bbox 612 1883 830 1948; x_wconf 79' lang='lat' dir='ltr'><strong>faciam,</strong></span> <span class='ocrx_word' id='word_1_225' title='bbox 865 1883 1039 1939; x_wconf 82' lang='lat' dir='ltr'><strong>donec</strong></span> <span class='ocrx_word' id='word_1_226' title='bbox 1078 1891 1422 1938; x_wconf 85' lang='lat' dir='ltr'><strong>revertantur</strong></span> <span class='ocrx_word' id='word_1_227' title='bbox 1446 1881 1515 1938; x_wconf 90' lang='lat' dir='ltr'><strong>ad</strong></span> <span class='ocrx_word' id='word_1_228' title='bbox 1545 1881 1859 1952; x_wconf 86' lang='lat' dir='ltr'><strong>passionem</strong></span> <span class='ocrx_word' id='word_1_229' title='bbox 1889 1878 2042 1935; x_wconf 88' lang='lat' dir='ltr'><strong>Chri-</strong></span> 
     </span>
    </p>
   </div>
   <div class='ocr_carea' id='block_1_33' title="bbox 2171 1877 3769 1956">
    <p class='ocr_par' dir='ltr' id='par_1_33' title="bbox 2171 1877 3769 1956">
     <span class='ocr_line' id='line_1_33' title="bbox 2171 1877 3769 1956; baseline -0.004 -20"><span class='ocrx_word' id='word_1_230' title='bbox 2171 1883 2288 1956; x_wconf 83' lang='grc' dir='ltr'>ιηδὲ</span> <span class='ocrx_word' id='word_1_231' title='bbox 2321 1882 2533 1952; x_wconf 82' lang='grc' dir='ltr'>γένοιτό</span> <span class='ocrx_word' id='word_1_232' title='bbox 2567 1899 2658 1953; x_wconf 86' lang='grc' dir='ltr'><strong>μοι</strong></span> <span class='ocrx_word' id='word_1_233' title='bbox 2691 1880 2872 1936; x_wconf 80' lang='grc' dir='ltr'>αὐτῶν</span> <span class='ocrx_word' id='word_1_234' title='bbox 2911 1883 3291 1953; x_wconf 81' lang='grc' dir='ltr'><strong>μνημονεύειν,</strong></span> <span class='ocrx_word' id='word_1_235' title='bbox 3333 1884 3536 1956; x_wconf 78' lang='grc' dir='ltr'>μέχρις</span> <span class='ocrx_word' id='word_1_236' title='bbox 3560 1877 3633 1938; x_wconf 74' lang='grc' dir='ltr'><strong>οὗ</strong></span> <span class='ocrx_word' id='word_1_237' title='bbox 3661 1877 3769 1953; x_wconf 62' lang='grc' dir='ltr'><strong>(Π)</strong></span> 
     </span>
    </p>
   </div>
   <div class='ocr_carea' id='block_1_34' title="bbox 456 1974 2042 2048">
    <p class='ocr_par' dir='ltr' id='par_1_34' title="bbox 456 1975 1418 2045">
     <span class='ocr_line' id='line_1_34' title="bbox 456 1975 1418 2045; baseline 0.001 -17"><span class='ocrx_word' id='word_1_238' title='bbox 456 1975 550 2039; x_wconf 85' lang='lat' dir='ltr'><strong>sti,</strong></span> <span class='ocrx_word' id='word_1_239' title='bbox 582 1990 704 2045; x_wconf 66' lang='lat' dir='ltr'><strong>qua:</strong></span> <span class='ocrx_word' id='word_1_240' title='bbox 729 1985 814 2030; x_wconf 89' lang='lat' dir='ltr'><strong>est</strong></span> <span class='ocrx_word' id='word_1_241' title='bbox 844 1985 1032 2031; x_wconf 83' lang='lat' dir='ltr'><strong>nostra</strong></span> <span class='ocrx_word' id='word_1_242' title='bbox 1062 1975 1418 2030; x_wconf 88' lang='lat' dir='ltr'><strong>resurrectio.</strong></span> 
     </span>
    </p>
   </div>
   <div class='ocr_carea' id='block_1_35' title="bbox 2171 1974 3768 2048">
    <p class='ocr_par' dir='ltr' id='par_1_35' title="bbox 2171 1974 3768 2048">
     <span class='ocr_line' id='line_1_35' title="bbox 2171 1974 3768 2048; baseline -0.001 -19"><span class='ocrx_word' id='word_1_243' title='bbox 2171 1976 2568 2048; x_wconf 63' lang='grc' dir='ltr'>μετανοήσωσιν</span> <span class='ocrx_word' id='word_1_244' title='bbox 2621 1978 2701 2040; x_wconf 79' lang='grc' dir='ltr'>εἰς</span> <span class='ocrx_word' id='word_1_245' title='bbox 2749 1974 2810 2028; x_wconf 81' lang='grc' dir='ltr'>τὸ</span> <span class='ocrx_word' id='word_1_246' title='bbox 2860 1975 3053 2041; x_wconf 83' lang='grc' dir='ltr'><strong>πάθος,</strong></span> <span class='ocrx_word' id='word_1_247' title='bbox 3117 1977 3146 2030; x_wconf 84' lang='grc' dir='ltr'>ὅ</span> <span class='ocrx_word' id='word_1_248' title='bbox 3213 1979 3364 2030; x_wconf 77' lang='grc' dir='ltr'>ἐστιν</span> <span class='ocrx_word' id='word_1_249' title='bbox 3412 1975 3592 2046; x_wconf 73' lang='grc' dir='ltr'>ἡμῶν</span> <span class='ocrx_word' id='word_1_250' title='bbox 3641 1977 3768 2030; x_wconf 66' lang='grc' dir='ltr'><strong>ἀνᾶ-</strong></span> 
     </span>
    </p>
   </div>
   <div class='ocr_carea' id='block_1_36' title="bbox 2159 2086 2369 2133">
    <p class='ocr_par' dir='ltr' id='par_1_36' title="bbox 2159 2086 2369 2133">
     <span class='ocr_line' id='line_1_36' title="bbox 2159 2086 2369 2133; baseline -0.014 -9"><span class='ocrx_word' id='word_1_251' title='bbox 2159 2086 2369 2133; x_wconf 87' lang='grc' dir='ltr'>στασις.</span> 
     </span>
    </p>
   </div>
   <div class='ocr_carea' id='block_1_37' title="bbox 464 2187 3765 2265">
    <p class='ocr_par' dir='ltr' id='par_1_37' title="bbox 464 2187 3765 2265">
     <span class='ocr_line' id='line_1_37' title="bbox 464 2187 3765 2265; baseline 0 -19"><span class='ocrx_word' id='word_1_252' title='bbox 464 2191 548 2247; x_wconf 81' lang='grc' dir='ltr'><strong>νι.</strong></span> <span class='ocrx_word' id='word_1_253' title='bbox 583 2191 688 2258; x_wconf 85' lang='lat' dir='ltr'><strong>Qui</strong></span> <span class='ocrx_word' id='word_1_254' title='bbox 729 2208 833 2246; x_wconf 88' lang='lat' dir='ltr'><strong>non</strong></span> <span class='ocrx_word' id='word_1_255' title='bbox 861 2191 1028 2248; x_wconf 83' lang='lat' dir='ltr'><strong>credit</strong></span> <span class='ocrx_word' id='word_1_256' title='bbox 1053 2193 1110 2247; x_wconf 87' lang='lat' dir='ltr'><strong>in</strong></span> <span class='ocrx_word' id='word_1_257' title='bbox 1139 2193 1451 2265; x_wconf 87' lang='lat' dir='ltr'><strong>sanguinem</strong></span> <span class='ocrx_word' id='word_1_258' title='bbox 1495 2193 1717 2259; x_wconf 89' lang='lat' dir='ltr'><strong>Christi,</strong></span> <span class='ocrx_word' id='word_1_259' title='bbox 1757 2193 2117 2265; x_wconf 81' lang='lat' dir='ltr'><strong>judicalmur,</strong></span> <span class='ocrx_word' id='word_1_260' title='bbox 2155 2192 2257 2248; x_wconf 82' lang='lat' dir='ltr'><strong>etsi</strong></span> <span class='ocrx_word' id='word_1_261' title='bbox 2284 2189 2505 2261; x_wconf 75' lang='lat' dir='ltr'><strong>angelus</strong></span> <span class='ocrx_word' id='word_1_262' title='bbox 2536 2197 2692 2244; x_wconf 86' lang='lat' dir='ltr'><strong>esset.</strong></span> <span class='ocrx_word' id='word_1_263' title='bbox 2735 2187 3021 2244; x_wconf 65' lang='lat' dir='ltr'><strong>Hareticis</strong></span> <span class='ocrx_word' id='word_1_264' title='bbox 3063 2189 3182 2244; x_wconf 85' lang='lat' dir='ltr'><strong>istis</strong></span> <span class='ocrx_word' id='word_1_265' title='bbox 3212 2189 3377 2244; x_wconf 88' lang='lat' dir='ltr'><strong>etiam</strong></span> <span class='ocrx_word' id='word_1_266' title='bbox 3410 2191 3654 2247; x_wconf 73' lang='lat' dir='ltr'><strong>virtutes</strong></span> <span class='ocrx_word' id='word_1_267' title='bbox 3681 2193 3765 2249; x_wconf 79' lang='lat' dir='ltr'><strong>de-</strong></span> 
     </span>
    </p>
   </div>
   <div class='ocr_carea' id='block_1_38' title="bbox 2001 2273 2147 2320">
    <p class='ocr_par' dir='ltr' id='par_1_38' title="bbox 2001 2273 2147 2320">
     <span class='ocr_line' id='line_1_38' title="bbox 2001 2273 2147 2320; baseline -0.014 0"><span class='ocrx_word' id='word_1_268' title='bbox 2001 2273 2147 2320; x_wconf 86' lang='lat' dir='ltr'><strong>sunt.</strong></span> 
     </span>
    </p>
   </div>
   <div class='ocr_carea' id='block_1_39' title="bbox 527 2356 2044 2431">
    <p class='ocr_par' dir='ltr' id='par_1_39' title="bbox 527 2356 2044 2431">
     <span class='ocr_line' id='line_1_39' title="bbox 527 2356 2044 2431; baseline 0.002 -18"><span class='ocrx_word' id='word_1_269' title='bbox 527 2356 698 2414; x_wconf 79' lang='lat' dir='ltr'><strong>Nemo</strong></span> <span class='ocrx_word' id='word_1_270' title='bbox 736 2369 902 2413; x_wconf 90' lang='lat' dir='ltr'><strong>erret.</strong></span> <span class='ocrx_word' id='word_1_271' title='bbox 933 2357 1002 2412; x_wconf 88' lang='lat' dir='ltr'><strong>Et</strong></span> <span class='ocrx_word' id='word_1_272' title='bbox 1030 2358 1077 2414; x_wconf 91' lang='lat' dir='ltr'><strong>si</strong></span> <span class='ocrx_word' id='word_1_273' title='bbox 1103 2359 1378 2426; x_wconf 67' lang='lat' dir='ltr'><strong>caelestes,</strong></span> <span class='ocrx_word' id='word_1_274' title='bbox 1407 2367 1462 2415; x_wconf 90' lang='lat' dir='ltr'><strong>et</strong></span> <span class='ocrx_word' id='word_1_275' title='bbox 1491 2360 1668 2430; x_wconf 74' lang='lat' dir='ltr'><strong>gloria</strong></span> <span class='ocrx_word' id='word_1_276' title='bbox 1698 2362 2044 2431; x_wconf 77' lang='lat' dir='ltr'><strong>angelorum,</strong></span> 
     </span>
    </p>
   </div>
   <div class='ocr_carea' id='block_1_40' title="bbox 453 2451 2065 2520">
    <p class='ocr_par' dir='ltr' id='par_1_40' title="bbox 453 2451 2065 2520">
     <span class='ocr_line' id='line_1_40' title="bbox 453 2451 2065 2520; baseline 0.002 -16"><span class='ocrx_word' id='word_1_277' title='bbox 453 2461 508 2506; x_wconf 84' lang='lat' dir='ltr'><strong>et</strong></span> <span class='ocrx_word' id='word_1_278' title='bbox 550 2451 824 2520; x_wconf 86' lang='lat' dir='ltr'><strong>principes</strong></span> <span class='ocrx_word' id='word_1_279' title='bbox 869 2452 1116 2508; x_wconf 88' lang='lat' dir='ltr'><strong>visibiles</strong></span> <span class='ocrx_word' id='word_1_280' title='bbox 1156 2461 1210 2506; x_wconf 90' lang='lat' dir='ltr'><strong>et</strong></span> <span class='ocrx_word' id='word_1_281' title='bbox 1247 2452 1554 2508; x_wconf 81' lang='lat' dir='ltr'><strong>invisibiles</strong></span> <span class='ocrx_word' id='word_1_282' title='bbox 1587 2469 1694 2508; x_wconf 92' lang='lat' dir='ltr'><strong>non</strong></span> <span class='ocrx_word' id='word_1_283' title='bbox 1729 2453 1957 2510; x_wconf 87' lang='lat' dir='ltr'><strong>credant</strong></span> <span class='ocrx_word' id='word_1_284' title='bbox 1991 2454 2065 2520; x_wconf 74' lang='lat' dir='ltr'><strong>in.</strong></span> 
     </span>
    </p>
   </div>
   <div class='ocr_carea' id='block_1_41' title="bbox 454 2542 2055 2612">
    <p class='ocr_par' dir='ltr' id='par_1_41' title="bbox 454 2542 2055 2612">
     <span class='ocr_line' id='line_1_41' title="bbox 454 2542 2055 2612; baseline 0 -14"><span class='ocrx_word' id='word_1_285' title='bbox 454 2544 778 2612; x_wconf 70' lang='lat' dir='ltr'><strong>sanguinem</strong></span> <span class='ocrx_word' id='word_1_286' title='bbox 807 2543 1036 2609; x_wconf 85' lang='lat' dir='ltr'><strong>Christi,</strong></span> <span class='ocrx_word' id='word_1_287' title='bbox 1063 2552 1118 2598; x_wconf 90' lang='lat' dir='ltr'><strong>et</strong></span> <span class='ocrx_word' id='word_1_288' title='bbox 1146 2542 1250 2612; x_wconf 88' lang='lat' dir='ltr'><strong>ipsi</strong></span> <span class='ocrx_word' id='word_1_289' title='bbox 1273 2543 1692 2612; x_wconf 89' lang='lat' dir='ltr'><strong>judicabuntur.</strong></span> <span class='ocrx_word' id='word_1_290' title='bbox 1729 2542 1834 2610; x_wconf 87' lang='lat' dir='ltr'><strong>Qui</strong></span> <span class='ocrx_word' id='word_1_291' title='bbox 1863 2559 2055 2611; x_wconf 78' lang='lat' dir='ltr'><strong>capere-</strong></span> 
     </span>
    </p>
   </div>
   <div class='ocr_carea' id='block_1_42' title="bbox 453 2634 2045 2705">
    <p class='ocr_par' dir='ltr' id='par_1_42' title="bbox 453 2634 2045 2705">
     <span class='ocr_line' id='line_1_42' title="bbox 453 2634 2045 2705; baseline 0.003 -18"><span class='ocrx_word' id='word_1_292' title='bbox 453 2644 642 2705; x_wconf 80' lang='lat' dir='ltr'><strong>potest.</strong></span> <span class='ocrx_word' id='word_1_293' title='bbox 684 2636 881 2705; x_wconf 81' lang='lat' dir='ltr'><strong>capiat.</strong></span> <span class='ocrx_word' id='word_1_294' title='bbox 915 2634 1093 2690; x_wconf 87' lang='lat' dir='ltr'><strong>Locus</strong></span> <span class='ocrx_word' id='word_1_295' title='bbox 1125 2635 1399 2690; x_wconf 88' lang='lat' dir='ltr'><strong>neminem</strong></span> <span class='ocrx_word' id='word_1_296' title='bbox 1432 2635 1654 2704; x_wconf 75' lang='lat' dir='ltr'><strong>efferat;</strong></span> <span class='ocrx_word' id='word_1_297' title='bbox 1689 2645 1865 2692; x_wconf 90' lang='lat' dir='ltr'><strong>totum</strong></span> <span class='ocrx_word' id='word_1_298' title='bbox 1896 2637 2045 2692; x_wconf 91' lang='lat' dir='ltr'><strong>enim</strong></span> 
     </span>
    </p>
   </div>
   <div class='ocr_carea' id='block_1_43' title="bbox 453 2728 2046 2799">
    <p class='ocr_par' dir='ltr' id='par_1_43' title="bbox 453 2728 2046 2799">
     <span class='ocr_line' id='line_1_43' title="bbox 453 2728 2046 2799; baseline 0.001 -16"><span class='ocrx_word' id='word_1_299' title='bbox 453 2737 540 2784; x_wconf 90' lang='lat' dir='ltr'><strong>est</strong></span> <span class='ocrx_word' id='word_1_300' title='bbox 567 2728 702 2783; x_wconf 85' lang='lat' dir='ltr'><strong>ﬁdes</strong></span> <span class='ocrx_word' id='word_1_301' title='bbox 727 2736 781 2782; x_wconf 89' lang='lat' dir='ltr'><strong>et</strong></span> <span class='ocrx_word' id='word_1_302' title='bbox 809 2728 1072 2792; x_wconf 85' lang='lat' dir='ltr'><strong>cbaritas,</strong></span> <span class='ocrx_word' id='word_1_303' title='bbox 1103 2729 1306 2799; x_wconf 88' lang='lat' dir='ltr'><strong>quibus</strong></span> <span class='ocrx_word' id='word_1_304' title='bbox 1341 2728 1478 2782; x_wconf 89' lang='lat' dir='ltr'><strong>nihil</strong></span> <span class='ocrx_word' id='word_1_305' title='bbox 1515 2729 2046 2799; x_wconf 55' lang='lat' dir='ltr'><strong>priestantius.Con-</strong></span> 
     </span>
    </p>
   </div>
   <div class='ocr_carea' id='block_1_44' title="bbox 454 2817 2042 2890">
    <p class='ocr_par' dir='ltr' id='par_1_44' title="bbox 454 2817 2042 2890">
     <span class='ocr_line' id='line_1_44' title="bbox 454 2817 2042 2890; baseline -0.001 -16"><span class='ocrx_word' id='word_1_306' title='bbox 454 2818 694 2874; x_wconf 85' lang='lat' dir='ltr'><strong>siderate</strong></span> <span class='ocrx_word' id='word_1_307' title='bbox 723 2833 850 2872; x_wconf 81' lang='lat' dir='ltr'><strong>vero</strong></span> <span class='ocrx_word' id='word_1_308' title='bbox 875 2832 994 2882; x_wconf 90' lang='lat' dir='ltr'><strong>eos,</strong></span> <span class='ocrx_word' id='word_1_309' title='bbox 1012 2818 1106 2887; x_wconf 92' lang='lat' dir='ltr'><strong>qui</strong></span> <span class='ocrx_word' id='word_1_310' title='bbox 1130 2819 1196 2873; x_wconf 91' lang='lat' dir='ltr'><strong>de</strong></span> <span class='ocrx_word' id='word_1_311' title='bbox 1221 2818 1397 2890; x_wconf 84' lang='lat' dir='ltr'><strong>gratia</strong></span> <span class='ocrx_word' id='word_1_312' title='bbox 1424 2817 1553 2873; x_wconf 83' lang='lat' dir='ltr'><strong>Jesu</strong></span> <span class='ocrx_word' id='word_1_313' title='bbox 1581 2817 1808 2886; x_wconf 89' lang='lat' dir='ltr'><strong>Christi,</strong></span> <span class='ocrx_word' id='word_1_314' title='bbox 1826 2835 1948 2890; x_wconf 67' lang='lat' dir='ltr'><strong>quae</strong></span> <span class='ocrx_word' id='word_1_315' title='bbox 1974 2819 2042 2873; x_wconf 88' lang='lat' dir='ltr'><strong>ad</strong></span> 
     </span>
    </p>
   </div>
   <div class='ocr_carea' id='block_1_45' title="bbox 453 2905 2043 2976">
    <p class='ocr_par' dir='ltr' id='par_1_45' title="bbox 453 2905 2043 2976">
     <span class='ocr_line' id='line_1_45' title="bbox 453 2905 2043 2976; baseline -0.003 -15"><span class='ocrx_word' id='word_1_316' title='bbox 453 2923 557 2963; x_wconf 86' lang='lat' dir='ltr'><strong>nos</strong></span> <span class='ocrx_word' id='word_1_317' title='bbox 604 2907 772 2971; x_wconf 90' lang='lat' dir='ltr'><strong>venit,</strong></span> <span class='ocrx_word' id='word_1_318' title='bbox 827 2906 1062 2961; x_wconf 89' lang='lat' dir='ltr'><strong>alienam</strong></span> <span class='ocrx_word' id='word_1_319' title='bbox 1119 2907 1432 2976; x_wconf 79' lang='lat' dir='ltr'><strong>opinionem</strong></span> <span class='ocrx_word' id='word_1_320' title='bbox 1485 2914 1726 2970; x_wconf 88' lang='lat' dir='ltr'><strong>tuentur,</strong></span> <span class='ocrx_word' id='word_1_321' title='bbox 1763 2905 2043 2975; x_wconf 91' lang='lat' dir='ltr'><strong>quomodo</strong></span> 
     </span>
    </p>
   </div>
   <div class='ocr_carea' id='block_1_46' title="bbox 452 2997 2043 3055">
    <p class='ocr_par' dir='ltr' id='par_1_46' title="bbox 452 2997 2043 3055">
     <span class='ocr_line' id='line_1_46' title="bbox 452 2997 2043 3055; baseline 0 -1"><span class='ocrx_word' id='word_1_322' title='bbox 452 2999 714 3055; x_wconf 82' lang='lat' dir='ltr'><strong>contrarii</strong></span> <span class='ocrx_word' id='word_1_323' title='bbox 745 2999 856 3053; x_wconf 86' lang='lat' dir='ltr'><strong>sint</strong></span> <span class='ocrx_word' id='word_1_324' title='bbox 879 2997 1080 3053; x_wconf 75' lang='lat' dir='ltr'><strong>divina:</strong></span> <span class='ocrx_word' id='word_1_325' title='bbox 1107 2999 1397 3052; x_wconf 86' lang='lat' dir='ltr'><strong>voluntati.</strong></span> <span class='ocrx_word' id='word_1_326' title='bbox 1423 2997 1541 3053; x_wconf 87' lang='lat' dir='ltr'><strong>Non</strong></span> <span class='ocrx_word' id='word_1_327' title='bbox 1569 2999 1812 3054; x_wconf 90' lang='lat' dir='ltr'><strong>charitas</strong></span> <span class='ocrx_word' id='word_1_328' title='bbox 1837 2999 1917 3054; x_wconf 90' lang='lat' dir='ltr'><strong>eis</strong></span> <span class='ocrx_word' id='word_1_329' title='bbox 1944 3015 2043 3054; x_wconf 88' lang='lat' dir='ltr'><strong>cu-</strong></span> 
     </span>
    </p>
   </div>
   <div class='ocr_carea' id='block_1_47' title="bbox 451 3091 2039 3162">
    <p class='ocr_par' dir='ltr' id='par_1_47' title="bbox 451 3091 2039 3162">
     <span class='ocr_line' id='line_1_47' title="bbox 451 3091 2039 3162; baseline 0 -15"><span class='ocrx_word' id='word_1_330' title='bbox 451 3107 528 3147; x_wconf 58' lang='lat' dir='ltr'><strong>ra?</strong></span> <span class='ocrx_word' id='word_1_331' title='bbox 553 3099 657 3158; x_wconf 89' lang='lat' dir='ltr'><strong>est,</strong></span> <span class='ocrx_word' id='word_1_332' title='bbox 694 3107 801 3146; x_wconf 92' lang='lat' dir='ltr'><strong>non</strong></span> <span class='ocrx_word' id='word_1_333' title='bbox 827 3091 1012 3156; x_wconf 90' lang='lat' dir='ltr'><strong>vidua,</strong></span> <span class='ocrx_word' id='word_1_334' title='bbox 1046 3105 1154 3145; x_wconf 93' lang='lat' dir='ltr'><strong>non</strong></span> <span class='ocrx_word' id='word_1_335' title='bbox 1187 3091 1412 3161; x_wconf 89' lang='lat' dir='ltr'><strong>pupilla,</strong></span> <span class='ocrx_word' id='word_1_336' title='bbox 1445 3107 1554 3146; x_wconf 88' lang='lat' dir='ltr'><strong>non</strong></span> <span class='ocrx_word' id='word_1_337' title='bbox 1579 3106 1902 3162; x_wconf 88' lang='lat' dir='ltr'><strong>oppressus,</strong></span> <span class='ocrx_word' id='word_1_338' title='bbox 1930 3107 2039 3147; x_wconf 90' lang='lat' dir='ltr'><strong>non</strong></span> 
     </span>
    </p>
   </div>
   <div class='ocr_carea' id='block_1_48' title="bbox 452 3183 1865 3248">
    <p class='ocr_par' dir='ltr' id='par_1_48' title="bbox 452 3183 1865 3248">
     <span class='ocr_line' id='line_1_48' title="bbox 452 3183 1865 3248; baseline 0.001 -12"><span class='ocrx_word' id='word_1_339' title='bbox 452 3184 673 3240; x_wconf 85' lang='lat' dir='ltr'><strong>vinctus</strong></span> <span class='ocrx_word' id='word_1_340' title='bbox 705 3184 788 3239; x_wconf 88' lang='lat' dir='ltr'><strong>vel</strong></span> <span class='ocrx_word' id='word_1_341' title='bbox 829 3183 1068 3248; x_wconf 88' lang='lat' dir='ltr'><strong>solutus,</strong></span> <span class='ocrx_word' id='word_1_342' title='bbox 1107 3198 1218 3238; x_wconf 92' lang='lat' dir='ltr'><strong>non</strong></span> <span class='ocrx_word' id='word_1_343' title='bbox 1254 3183 1508 3238; x_wconf 90' lang='lat' dir='ltr'><strong>esuriens</strong></span> <span class='ocrx_word' id='word_1_344' title='bbox 1540 3183 1623 3237; x_wconf 91' lang='lat' dir='ltr'><strong>vel</strong></span> <span class='ocrx_word' id='word_1_345' title='bbox 1652 3183 1865 3239; x_wconf 88' lang='lat' dir='ltr'><strong>sitiens.</strong></span> 
     </span>
    </p>
   </div>
   <div class='ocr_carea' id='block_1_49' title="bbox 2221 2355 3760 2429">
    <p class='ocr_par' dir='ltr' id='par_1_49' title="bbox 2221 2355 3760 2429">
     <span class='ocr_line' id='line_1_49' title="bbox 2221 2355 3760 2429; baseline -0.001 -18"><span class='ocrx_word' id='word_1_346' title='bbox 2221 2357 2429 2429; x_wconf 76' lang='grc' dir='ltr'>Μηδεὶς</span> <span class='ocrx_word' id='word_1_347' title='bbox 2469 2355 2783 2411; x_wconf 78' lang='grc' dir='ltr'>πλανάσθω.</span> <span class='ocrx_word' id='word_1_348' title='bbox 2819 2355 2930 2427; x_wconf 86' lang='grc'><strong>(78)</strong></span> <span class='ocrx_word' id='word_1_349' title='bbox 2961 2357 3071 2409; x_wconf 75' lang='grc' dir='ltr'><strong>Καὶ</strong></span> <span class='ocrx_word' id='word_1_350' title='bbox 3120 2355 3189 2410; x_wconf 84' lang='grc' dir='ltr'>τὰ</span> <span class='ocrx_word' id='word_1_351' title='bbox 3237 2357 3568 2428; x_wconf 66' lang='grc' dir='ltr'>ἐπουράνια,</span> <span class='ocrx_word' id='word_1_352' title='bbox 3603 2359 3706 2410; x_wconf 69' lang='grc' dir='ltr'>καὶ</span> <span class='ocrx_word' id='word_1_353' title='bbox 3735 2359 3760 2422; x_wconf 61' lang='grc' dir='ltr'>ἢ</span> 
     </span>
    </p>
   </div>
   <div class='ocr_carea' id='block_1_50' title="bbox 2148 2449 3760 2520">
    <p class='ocr_par' dir='ltr' id='par_1_50' title="bbox 2148 2449 3760 2520">
     <span class='ocr_line' id='line_1_50' title="bbox 2148 2449 3760 2520; baseline -0.003 -13"><span class='ocrx_word' id='word_1_354' title='bbox 2148 2450 2274 2520; x_wconf 79' lang='grc' dir='ltr'>δόξα</span> <span class='ocrx_word' id='word_1_355' title='bbox 2307 2449 2416 2505; x_wconf 82' lang='grc' dir='ltr'>τῶν</span> <span class='ocrx_word' id='word_1_356' title='bbox 2444 2449 2712 2518; x_wconf 80' lang='grc' dir='ltr'>ἀγγέλων,</span> <span class='ocrx_word' id='word_1_357' title='bbox 2737 2450 2831 2502; x_wconf 60' lang='grc' dir='ltr'><strong>καὶ¹</strong></span> <span class='ocrx_word' id='word_1_358' title='bbox 2862 2450 2912 2501; x_wconf 82' lang='grc' dir='ltr'>οἱ</span> <span class='ocrx_word' id='word_1_359' title='bbox 2940 2449 3201 2520; x_wconf 77' lang='grc' dir='ltr'>ἄρχοντες</span> <span class='ocrx_word' id='word_1_360' title='bbox 3219 2450 3404 2518; x_wconf 81' lang='grc' dir='ltr'>ὁρατοί</span> <span class='ocrx_word' id='word_1_361' title='bbox 3437 2467 3503 2503; x_wconf 84' lang='grc' dir='ltr'><strong>τε</strong></span> <span class='ocrx_word' id='word_1_362' title='bbox 3539 2453 3640 2504; x_wconf 74' lang='grc' dir='ltr'><strong>καί</strong></span> <span class='ocrx_word' id='word_1_363' title='bbox 3669 2453 3760 2503; x_wconf 66' lang='grc' dir='ltr'><strong>ἀό-</strong></span> 
     </span>
    </p>
   </div>
   <div class='ocr_carea' id='block_1_51' title="bbox 2150 2534 3762 2614">
    <p class='ocr_par' dir='ltr' id='par_1_51' title="bbox 2150 2534 3762 2614">
     <span class='ocr_line' id='line_1_51' title="bbox 2150 2534 3762 2614; baseline -0.008 -18"><span class='ocrx_word' id='word_1_364' title='bbox 2150 2559 2323 2614; x_wconf 87' lang='grc' dir='ltr'>ρατοι,</span> <span class='ocrx_word' id='word_1_365' title='bbox 2355 2539 2450 2594; x_wconf 77' lang='grc' dir='ltr'>ἐὰν</span> <span class='ocrx_word' id='word_1_366' title='bbox 2473 2540 2549 2612; x_wconf 80' lang='grc' dir='ltr'>μὴ</span> <span class='ocrx_word' id='word_1_367' title='bbox 2573 2539 2935 2593; x_wconf 75' lang='grc' dir='ltr'>πιστεύσωσιν</span> <span class='ocrx_word' id='word_1_368' title='bbox 2969 2541 3050 2603; x_wconf 74' lang='grc' dir='ltr'>εἰς</span> <span class='ocrx_word' id='word_1_369' title='bbox 3080 2540 3140 2594; x_wconf 82' lang='grc' dir='ltr'><strong>τὸ</strong></span> <span class='ocrx_word' id='word_1_370' title='bbox 3173 2534 3314 2611; x_wconf 77' lang='grc' dir='ltr'>αἷμα</span> <span class='ocrx_word' id='word_1_371' title='bbox 3342 2539 3598 2612; x_wconf 74' lang='grc' dir='ltr'>Χριστοῦ</span> <span class='ocrx_word' id='word_1_372' title='bbox 3626 2543 3762 2614; x_wconf 52' lang='lat'><strong>(793,</strong></span> 
     </span>
    </p>
   </div>
   <div class='ocr_carea' id='block_1_52' title="bbox 2147 2634 3765 2708">
    <p class='ocr_par' dir='ltr' id='par_1_52' title="bbox 2147 2634 3765 2708">
     <span class='ocr_line' id='line_1_52' title="bbox 2147 2634 3765 2708; baseline -0.002 -16"><span class='ocrx_word' id='word_1_373' title='bbox 2147 2637 2424 2701; x_wconf 74' lang='grc' dir='ltr'>κάκείνοις</span> <span class='ocrx_word' id='word_1_374' title='bbox 2457 2637 2640 2708; x_wconf 85' lang='grc' dir='ltr'>κρίσις</span> <span class='ocrx_word' id='word_1_375' title='bbox 2669 2635 2840 2690; x_wconf 76' lang='grc' dir='ltr'>ἐστίν.</span> <span class='ocrx_word' id='word_1_376' title='bbox 2872 2636 2926 2687; x_wconf 86' lang='lat'><strong>&#39;0</strong></span> <span class='ocrx_word' id='word_1_377' title='bbox 2958 2634 3166 2705; x_wconf 79' lang='grc' dir='ltr'>χωρῶν</span> <span class='ocrx_word' id='word_1_378' title='bbox 3200 2637 3544 2703; x_wconf 70' lang='grc' dir='ltr'>χωρείτωη.</span> <span class='ocrx_word' id='word_1_379' title='bbox 3587 2636 3765 2699; x_wconf 75' lang='grc' dir='ltr'>Τόπος</span> 
     </span>
    </p>
   </div>
   <div class='ocr_carea' id='block_1_53' title="bbox 2152 2727 3759 2801">
    <p class='ocr_par' dir='ltr' id='par_1_53' title="bbox 2152 2727 3759 2801">
     <span class='ocr_line' id='line_1_53' title="bbox 2152 2727 3759 2801; baseline 0.001 -19"><span class='ocrx_word' id='word_1_380' title='bbox 2152 2729 2356 2801; x_wconf 85' lang='grc' dir='ltr'>μηδένα</span> <span class='ocrx_word' id='word_1_381' title='bbox 2390 2728 2691 2799; x_wconf 72' lang='grc' dir='ltr'>φυσιούτωο</span> <span class='ocrx_word' id='word_1_382' title='bbox 2728 2728 2788 2781; x_wconf 85' lang='grc' dir='ltr'>τὸ</span> <span class='ocrx_word' id='word_1_383' title='bbox 2830 2727 2940 2799; x_wconf 82' lang='grc' dir='ltr'>γὰρ</span> <span class='ocrx_word' id='word_1_384' title='bbox 2971 2727 3091 2781; x_wconf 80' lang='grc' dir='ltr'>ὅλον</span> <span class='ocrx_word' id='word_1_385' title='bbox 3123 2729 3241 2781; x_wconf 73' lang='grc' dir='ltr'>ἐστὶ</span> <span class='ocrx_word' id='word_1_386' title='bbox 3268 2729 3453 2792; x_wconf 80' lang='grc' dir='ltr'>πίστις</span> <span class='ocrx_word' id='word_1_387' title='bbox 3483 2731 3590 2783; x_wconf 73' lang='grc' dir='ltr'>καὶ</span> <span class='ocrx_word' id='word_1_388' title='bbox 3629 2729 3759 2797; x_wconf 69' lang='grc' dir='ltr'><strong>ἀγά-</strong></span> 
     </span>
    </p>
   </div>
   <div class='ocr_carea' id='block_1_54' title="bbox 2149 2812 3760 2889">
    <p class='ocr_par' dir='ltr' id='par_1_54' title="bbox 2149 2812 3760 2889">
     <span class='ocr_line' id='line_1_54' title="bbox 2149 2812 3760 2889; baseline -0.001 -17"><span class='ocrx_word' id='word_1_389' title='bbox 2149 2835 2254 2889; x_wconf 80' lang='grc' dir='ltr'><strong>πη,</strong></span> <span class='ocrx_word' id='word_1_390' title='bbox 2291 2819 2404 2889; x_wconf 86' lang='grc'><strong>(80)</strong></span> <span class='ocrx_word' id='word_1_391' title='bbox 2434 2812 2508 2871; x_wconf 83' lang='grc' dir='ltr'>ὧν</span> <span class='ocrx_word' id='word_1_392' title='bbox 2538 2818 2687 2872; x_wconf 78' lang='grc' dir='ltr'>οὐδὲν</span> <span class='ocrx_word' id='word_1_393' title='bbox 2721 2818 3099 2889; x_wconf 76' lang='grc' dir='ltr'>προκέκριται.</span> <span class='ocrx_word' id='word_1_394' title='bbox 3136 2819 3500 2889; x_wconf 84' lang='grc' dir='ltr'>Καταμάϐετε</span> <span class='ocrx_word' id='word_1_395' title='bbox 3539 2820 3603 2874; x_wconf 76' lang='grc' dir='ltr'>δὲ</span> <span class='ocrx_word' id='word_1_396' title='bbox 3639 2822 3760 2881; x_wconf 70' lang='grc' dir='ltr'>τοὺς</span> 
     </span>
    </p>
   </div>
   <div class='ocr_carea' id='block_1_55' title="bbox 2148 2909 3760 2982">
    <p class='ocr_par' dir='ltr' id='par_1_55' title="bbox 2148 2909 3760 2982">
     <span class='ocr_line' id='line_1_55' title="bbox 2148 2909 3760 2982; baseline 0.001 -20"><span class='ocrx_word' id='word_1_397' title='bbox 2148 2909 2589 2981; x_wconf 78' lang='grc' dir='ltr'>ἐτεροδοξοῦντας</span> <span class='ocrx_word' id='word_1_398' title='bbox 2628 2911 2708 2972; x_wconf 89' lang='grc' dir='ltr'><strong>εἰς</strong></span> <span class='ocrx_word' id='word_1_399' title='bbox 2742 2910 2838 2980; x_wconf 84' lang='grc' dir='ltr'>τὴν</span> <span class='ocrx_word' id='word_1_400' title='bbox 2869 2912 3029 2981; x_wconf 76' lang='grc' dir='ltr'>χάριν</span> <span class='ocrx_word' id='word_1_401' title='bbox 3066 2909 3239 2982; x_wconf 81' lang='grc' dir='ltr'>Ἰησοῦ</span> <span class='ocrx_word' id='word_1_402' title='bbox 3269 2910 3512 2982; x_wconf 67' lang='grc' dir='ltr'>Χρισ-ωῦ</span> <span class='ocrx_word' id='word_1_403' title='bbox 3545 2911 3655 2982; x_wconf 74' lang='grc' dir='ltr'>τὴν</span> <span class='ocrx_word' id='word_1_404' title='bbox 3684 2911 3760 2974; x_wconf 77' lang='grc' dir='ltr'><strong>εις</strong></span> 
     </span>
    </p>
   </div>
   <div class='ocr_carea' id='block_1_56' title="bbox 2145 3000 3755 3076">
    <p class='ocr_par' dir='ltr' id='par_1_56' title="bbox 2145 3000 3755 3076">
     <span class='ocr_line' id='line_1_56' title="bbox 2145 3000 3755 3076; baseline 0 -23"><span class='ocrx_word' id='word_1_405' title='bbox 2145 3002 2297 3072; x_wconf 75' lang='grc' dir='ltr'>ἡμᾶς</span> <span class='ocrx_word' id='word_1_406' title='bbox 2346 3001 2625 3064; x_wconf 80' lang='grc' dir='ltr'>ἐλθοῦσαν,</span> <span class='ocrx_word' id='word_1_407' title='bbox 2673 3000 2792 3064; x_wconf 77' lang='grc' dir='ltr'><strong>πῶς</strong></span> <span class='ocrx_word' id='word_1_408' title='bbox 2833 3001 3066 3054; x_wconf 75' lang='grc' dir='ltr'>ἐναντίοι</span> <span class='ocrx_word' id='word_1_409' title='bbox 3109 3002 3247 3054; x_wconf 85' lang='grc' dir='ltr'>εἰσίν</span> <span class='ocrx_word' id='word_1_410' title='bbox 3293 3005 3358 3074; x_wconf 79' lang='grc' dir='ltr'>τῇ</span> <span class='ocrx_word' id='word_1_411' title='bbox 3409 3001 3618 3076; x_wconf 73' lang='grc' dir='ltr'>γνώμῃ</span> <span class='ocrx_word' id='word_1_412' title='bbox 3668 3000 3755 3055; x_wconf 84' lang='grc' dir='ltr'><strong>τοῦ</strong></span> 
     </span>
    </p>
   </div>
   <div class='ocr_carea' id='block_1_57' title="bbox 2146 3091 3751 3172">
    <p class='ocr_par' dir='ltr' id='par_1_57' title="bbox 2146 3091 3751 3172">
     <span class='ocr_line' id='line_1_57' title="bbox 2146 3091 3751 3172; baseline 0.002 -26"><span class='ocrx_word' id='word_1_413' title='bbox 2146 3091 2304 3148; x_wconf 88' lang='grc' dir='ltr'>Θεοῦ.</span> <span class='ocrx_word' id='word_1_414' title='bbox 2347 3094 2483 3165; x_wconf 77' lang='grc' dir='ltr'>Περὶ</span> <span class='ocrx_word' id='word_1_415' title='bbox 2522 3093 2745 3165; x_wconf 80' lang='grc' dir='ltr'>ἀγάπης</span> <span class='ocrx_word' id='word_1_416' title='bbox 2773 3095 2835 3147; x_wconf 82' lang='grc' dir='ltr'>οὐ</span> <span class='ocrx_word' id='word_1_417' title='bbox 2875 3093 3026 3164; x_wconf 83' lang='grc' dir='ltr'>μέλει</span> <span class='ocrx_word' id='word_1_418' title='bbox 3055 3093 3259 3158; x_wconf 81' lang='grc' dir='ltr'>αὐτοῖς,</span> <span class='ocrx_word' id='word_1_419' title='bbox 3294 3094 3355 3147; x_wconf 76' lang='grc' dir='ltr'>οὐ</span> <span class='ocrx_word' id='word_1_420' title='bbox 3385 3095 3520 3166; x_wconf 71' lang='grc' dir='ltr'>περὶ</span> <span class='ocrx_word' id='word_1_421' title='bbox 3555 3098 3751 3172; x_wconf 56' lang='grc' dir='ltr'>χήρας,</span> 
     </span>
    </p>
   </div>
   <div class='ocr_carea' id='block_1_58' title="bbox 2066 3149 3752 3256">
    <p class='ocr_par' dir='ltr' id='par_1_58' title="bbox 2066 3149 3752 3256">
     <span class='ocr_line' id='line_1_58' title="bbox 2066 3149 3752 3256; baseline 0.002 -22"><span class='ocrx_word' id='word_1_422' title='bbox 2066 3149 2113 3210; x_wconf 79' lang='lat' dir='ltr'>c</span> <span class='ocrx_word' id='word_1_423' title='bbox 2145 3182 2208 3235; x_wconf 83' lang='grc' dir='ltr'>οὑ</span> <span class='ocrx_word' id='word_1_424' title='bbox 2241 3185 2371 3254; x_wconf 74' lang='grc' dir='ltr'>περὶ</span> <span class='ocrx_word' id='word_1_425' title='bbox 2398 3149 2656 3255; x_wconf 70' lang='grc' dir='ltr'>ὀρφανοῦ,</span> <span class='ocrx_word' id='word_1_426' title='bbox 2786 3149 2914 3254; x_wconf 72' lang='grc' dir='ltr'>περὶ</span> <span class='ocrx_word' id='word_1_427' title='bbox 2943 3149 3283 3254; x_wconf 49' lang='grc' dir='ltr'>θλιϐομένάλ,</span> <span class='ocrx_word' id='word_1_428' title='bbox 3327 3185 3386 3238; x_wconf 83' lang='grc' dir='ltr'>οὐ</span> <span class='ocrx_word' id='word_1_429' title='bbox 3430 3149 3594 3256; x_wconf 62' lang='grc' dir='ltr'>πτερὶῆ</span> 
     </span>
    </p>
   </div>
   <div class='ocr_carea' id='block_1_59' title="bbox 2149 3272 3687 3345">
    <p class='ocr_par' dir='ltr' id='par_1_59' title="bbox 2149 3272 3687 3345">
     <span class='ocr_line' id='line_1_59' title="bbox 2149 3272 3687 3345; baseline 0.003 -19"><span class='ocrx_word' id='word_1_430' title='bbox 2149 3272 2310 3344; x_wconf 77' lang='grc' dir='ltr'>μένου</span> <span class='ocrx_word' id='word_1_431' title='bbox 2343 3274 2374 3344; x_wconf 86' lang='grc' dir='ltr'>ἦ</span> <span class='ocrx_word' id='word_1_432' title='bbox 2402 3273 2714 3345; x_wconf 84' lang='grc' dir='ltr'>λελυμένου,</span> <span class='ocrx_word' id='word_1_433' title='bbox 2741 3273 2802 3326; x_wconf 84' lang='grc' dir='ltr'>οὐ</span> <span class='ocrx_word' id='word_1_434' title='bbox 2837 3274 2966 3345; x_wconf 79' lang='grc' dir='ltr'>περὶ</span> <span class='ocrx_word' id='word_1_435' title='bbox 2998 3273 3294 3337; x_wconf 80' lang='grc' dir='ltr'>πεινῶντος</span> <span class='ocrx_word' id='word_1_436' title='bbox 3327 3275 3360 3345; x_wconf 79' lang='grc' dir='ltr'>ἢ</span> <span class='ocrx_word' id='word_1_437' title='bbox 3390 3274 3687 3344; x_wconf 77' lang='grc' dir='ltr'>διψῶντος.</span> 
     </span>
    </p>
   </div>
   <div class='ocr_carea' id='block_1_60' title="bbox 1795 3391 2374 3471">
    <p class='ocr_par' dir='ltr' id='par_1_60' title="bbox 1795 3391 2374 3471">
     <span class='ocr_line' id='line_1_60' title="bbox 1795 3391 2374 3471; baseline 0.009 -21"><span class='ocrx_word' id='word_1_438' title='bbox 1795 3391 1972 3450; x_wconf 80' lang='lat' dir='ltr'><strong>Vetus</strong></span> <span class='ocrx_word' id='word_1_439' title='bbox 2033 3391 2374 3471; x_wconf 66' lang='lat' dir='ltr'><strong>interpres.</strong></span> 
     </span>
    </p>
   </div>
   <div class='ocr_carea' id='block_1_61' title="bbox 453 3518 3751 3594">
    <p class='ocr_par' dir='ltr' id='par_1_61' title="bbox 453 3518 3751 3594">
     <span class='ocr_line' id='line_1_61' title="bbox 453 3518 3751 3594; baseline -0.001 -19"><span class='ocrx_word' id='word_1_440' title='bbox 453 3521 676 3594; x_wconf 86' lang='lat' dir='ltr'><strong>nomine</strong></span> <span class='ocrx_word' id='word_1_441' title='bbox 707 3519 836 3576; x_wconf 78' lang='lat' dir='ltr'><strong>Iesu</strong></span> <span class='ocrx_word' id='word_1_442' title='bbox 877 3519 1122 3586; x_wconf 88' lang='lat' dir='ltr'><strong>Christi,</strong></span> <span class='ocrx_word' id='word_1_443' title='bbox 1192 3519 1261 3575; x_wconf 88' lang='lat' dir='ltr'><strong>ad</strong></span> <span class='ocrx_word' id='word_1_444' title='bbox 1307 3519 1544 3590; x_wconf 85' lang='lat' dir='ltr'><strong>compati</strong></span> <span class='ocrx_word' id='word_1_445' title='bbox 1581 3518 1721 3589; x_wconf 89' lang='lat' dir='ltr'><strong>ipsi,</strong></span> <span class='ocrx_word' id='word_1_446' title='bbox 1767 3519 1955 3574; x_wconf 86' lang='lat' dir='ltr'><strong>omnia</strong></span> <span class='ocrx_word' id='word_1_447' title='bbox 1995 3522 2280 3577; x_wconf 89' lang='lat' dir='ltr'><strong>sustinebo</strong></span> <span class='ocrx_word' id='word_1_448' title='bbox 2318 3539 2334 3576; x_wconf 89' lang='lat'><strong>:</strong></span> <span class='ocrx_word' id='word_1_449' title='bbox 2377 3522 2498 3594; x_wconf 91' lang='lat' dir='ltr'><strong>ipso</strong></span> <span class='ocrx_word' id='word_1_450' title='bbox 2539 3537 2627 3578; x_wconf 91' lang='lat' dir='ltr'><strong>me</strong></span> <span class='ocrx_word' id='word_1_451' title='bbox 2661 3521 3032 3590; x_wconf 79' lang='lat' dir='ltr'><strong>fortiﬁeante,</strong></span> <span class='ocrx_word' id='word_1_452' title='bbox 3099 3521 3194 3592; x_wconf 81' lang='lat' dir='ltr'><strong>qui</strong></span> <span class='ocrx_word' id='word_1_453' title='bbox 3255 3520 3546 3592; x_wconf 84' lang='lat' dir='ltr'><strong>perlectus</strong></span> <span class='ocrx_word' id='word_1_454' title='bbox 3590 3521 3751 3576; x_wconf 83' lang='lat' dir='ltr'><strong>homo</strong></span> 
     </span>
    </p>
   </div>
   <div class='ocr_carea' id='block_1_62' title="bbox 456 3593 787 3649">
    <p class='ocr_par' dir='ltr' id='par_1_62' title="bbox 456 3593 787 3649">
     <span class='ocr_line' id='line_1_62' title="bbox 456 3593 787 3649; baseline -0.003 -2"><span class='ocrx_word' id='word_1_455' title='bbox 456 3593 641 3649; x_wconf 79' lang='lat' dir='ltr'><strong>factus</strong></span> <span class='ocrx_word' id='word_1_456' title='bbox 679 3601 787 3647; x_wconf 88' lang='lat' dir='ltr'><strong>est.</strong></span> 
     </span>
    </p>
   </div>
   <div class='ocr_carea' id='block_1_63' title="bbox 1936 3659 2279 3717">
    <p class='ocr_par' dir='ltr' id='par_1_63' title="bbox 1936 3659 2279 3717">
     <span class='ocr_line' id='line_1_63' title="bbox 1936 3659 2279 3717; baseline 0.003 -1"><span class='ocrx_word' id='word_1_457' title='bbox 1936 3659 2170 3717; x_wconf 85' lang='lat' dir='ltr'><strong>CAPUT</strong></span> <span class='ocrx_word' id='word_1_458' title='bbox 2215 3661 2279 3716; x_wconf 83' lang='lat' dir='ltr'><strong>V.</strong></span> 
     </span>
    </p>
   </div>
   <div class='ocr_carea' id='block_1_64' title="bbox 523 3757 3745 3830">
    <p class='ocr_par' dir='ltr' id='par_1_64' title="bbox 523 3757 3745 3830">
     <span class='ocr_line' id='line_1_64' title="bbox 523 3757 3745 3830; baseline -0.001 -15"><span class='ocrx_word' id='word_1_459' title='bbox 523 3760 694 3826; x_wconf 85' lang='lat' dir='ltr'><strong>Quem</strong></span> <span class='ocrx_word' id='word_1_460' title='bbox 743 3759 963 3829; x_wconf 86' lang='lat' dir='ltr'><strong>quidam</strong></span> <span class='ocrx_word' id='word_1_461' title='bbox 1009 3758 1335 3830; x_wconf 81' lang='lat' dir='ltr'><strong>ignorantes</strong></span> <span class='ocrx_word' id='word_1_462' title='bbox 1369 3757 1676 3828; x_wconf 84' lang='lat' dir='ltr'><strong>abnegant,</strong></span> <span class='ocrx_word' id='word_1_463' title='bbox 1717 3757 1894 3828; x_wconf 82' lang='lat' dir='ltr'><strong>magis</strong></span> <span class='ocrx_word' id='word_1_464' title='bbox 1932 3767 2116 3814; x_wconf 90' lang='lat' dir='ltr'><strong>autem</strong></span> <span class='ocrx_word' id='word_1_465' title='bbox 2165 3760 2420 3830; x_wconf 81' lang='lat' dir='ltr'><strong>abnegati</strong></span> <span class='ocrx_word' id='word_1_466' title='bbox 2469 3769 2602 3815; x_wconf 91' lang='lat' dir='ltr'><strong>sunt</strong></span> <span class='ocrx_word' id='word_1_467' title='bbox 2644 3760 2715 3815; x_wconf 89' lang='lat' dir='ltr'><strong>ab</strong></span> <span class='ocrx_word' id='word_1_468' title='bbox 2757 3758 3745 3830; x_wconf 12' lang='lat' dir='ltr'><strong>ipso;iexsistenteseoncionaiores</strong></span> 
     </span>
    </p>
   </div>
   <div class='ocr_carea' id='block_1_65' title="bbox 454 3827 3745 3902">
    <p class='ocr_par' dir='ltr' id='par_1_65' title="bbox 454 3827 3745 3902">
     <span class='ocr_line' id='line_1_65' title="bbox 454 3827 3745 3902; baseline -0.001 -17"><span class='ocrx_word' id='word_1_469' title='bbox 454 3832 661 3902; x_wconf 88' lang='lat' dir='ltr'><strong>mortis_</strong></span> <span class='ocrx_word' id='word_1_470' title='bbox 691 3827 885 3902; x_wconf 79' lang='lat' dir='ltr'><strong>magis,</strong></span> <span class='ocrx_word' id='word_1_471' title='bbox 931 3827 1094 3898; x_wconf 77' lang='lat' dir='ltr'><strong>quam</strong></span> <span class='ocrx_word' id='word_1_472' title='bbox 1129 3827 1372 3882; x_wconf 87' lang='lat' dir='ltr'><strong>veritatis</strong></span> <span class='ocrx_word' id='word_1_473' title='bbox 1411 3845 1424 3880; x_wconf 92' lang='lat'>:</span> <span class='ocrx_word' id='word_1_474' title='bbox 1462 3827 1604 3897; x_wconf 81' lang='lat' dir='ltr'><strong>quos</strong></span> <span class='ocrx_word' id='word_1_475' title='bbox 1650 3844 1760 3882; x_wconf 89' lang='lat' dir='ltr'><strong>non</strong></span> <span class='ocrx_word' id='word_1_476' title='bbox 1797 3827 2198 3902; x_wconf 83' lang='lat' dir='ltr'><strong>persuaserunt</strong></span> <span class='ocrx_word' id='word_1_477' title='bbox 2236 3827 2568 3902; x_wconf 69' lang='lat' dir='ltr'><strong>prophetiae,</strong></span> <span class='ocrx_word' id='word_1_478' title='bbox 2601 3827 2894 3902; x_wconf 42' lang='lat' dir='ltr'><strong>neque—lex</strong></span> <span class='ocrx_word' id='word_1_479' title='bbox 2927 3829 3189 3902; x_wconf 60' lang='lat' dir='ltr'><strong>Moysis;</strong></span> <span class='ocrx_word' id='word_1_480' title='bbox 3217 3829 3325 3902; x_wconf 13' lang='lat' dir='ltr'><strong>sed,</strong></span> <span class='ocrx_word' id='word_1_481' title='bbox 3353 3846 3538 3902; x_wconf 81' lang='lat' dir='ltr'><strong>neque</strong></span> <span class='ocrx_word' id='word_1_482' title='bbox 3579 3845 3745 3896; x_wconf 77' lang='lat' dir='ltr'><strong>usque</strong></span> 
     </span>
    </p>
   </div>
   <div class='ocr_carea' id='block_1_66' title="bbox 455 3899 3742 3971">
    <p class='ocr_par' dir='ltr' id='par_1_66' title="bbox 455 3899 3742 3971">
     <span class='ocr_line' id='line_1_66' title="bbox 455 3899 3742 3971; baseline -0.001 -18"><span class='ocrx_word' id='word_1_483' title='bbox 455 3917 602 3955; x_wconf 91' lang='lat' dir='ltr'><strong>nunc</strong></span> <span class='ocrx_word' id='word_1_484' title='bbox 626 3899 999 3970; x_wconf 77' lang='lat' dir='ltr'><strong>Evangelium,</strong></span> <span class='ocrx_word' id='word_1_485' title='bbox 1031 3913 1207 3968; x_wconf 87' lang='lat' dir='ltr'><strong>neque</strong></span> <span class='ocrx_word' id='word_1_486' title='bbox 1230 3908 1444 3971; x_wconf 73' lang='lat' dir='ltr'><strong>nostrae</strong></span> <span class='ocrx_word' id='word_1_487' title='bbox 1481 3914 1689 3971; x_wconf 9' lang='lat' dir='ltr'><strong>eorum,</strong></span> <span class='ocrx_word' id='word_1_488' title='bbox 1713 3900 1807 3967; x_wconf 91' lang='lat' dir='ltr'><strong>qui</strong></span> <span class='ocrx_word' id='word_1_489' title='bbox 1843 3901 2159 3971; x_wconf 71' lang='lat' dir='ltr'><strong>secundum</strong></span> <span class='ocrx_word' id='word_1_490' title='bbox 2197 3899 2377 3955; x_wconf 81' lang='lat' dir='ltr'><strong>virum</strong></span> <span class='ocrx_word' id='word_1_491' title='bbox 2412 3899 2722 3971; x_wconf 82' lang='lat' dir='ltr'><strong>passiones.</strong></span> <span class='ocrx_word' id='word_1_492' title='bbox 2757 3900 2970 3955; x_wconf 86' lang='lat' dir='ltr'><strong>Etenim</strong></span> <span class='ocrx_word' id='word_1_493' title='bbox 3004 3899 3074 3955; x_wconf 86' lang='lat' dir='ltr'><strong>de</strong></span> <span class='ocrx_word' id='word_1_494' title='bbox 3106 3901 3266 3954; x_wconf 83' lang='lat' dir='ltr'><strong>nobis</strong></span> <span class='ocrx_word' id='word_1_495' title='bbox 3314 3901 3455 3971; x_wconf 79' lang='lat' dir='ltr'><strong>idem</strong></span> <span class='ocrx_word' id='word_1_496' title='bbox 3499 3901 3742 3970; x_wconf 84' lang='lat' dir='ltr'><strong>sapiunt.</strong></span> 
     </span>
    </p>
   </div>
   <div class='ocr_carea' id='block_1_67' title="bbox 452 3969 3742 4041">
    <p class='ocr_par' dir='ltr' id='par_1_67' title="bbox 452 3969 3742 4041">
     <span class='ocr_line' id='line_1_67' title="bbox 452 3969 3742 4041; baseline -0.001 -16"><span class='ocrx_word' id='word_1_497' title='bbox 452 3971 594 4037; x_wconf 89' lang='lat' dir='ltr'><strong>Quid</strong></span> <span class='ocrx_word' id='word_1_498' title='bbox 639 3971 782 4024; x_wconf 91' lang='lat' dir='ltr'><strong>enim</strong></span> <span class='ocrx_word' id='word_1_499' title='bbox 811 3971 982 4041; x_wconf 50' lang='lat' dir='ltr'><strong>juvat</strong></span> <span class='ocrx_word' id='word_1_500' title='bbox 1024 3985 1108 4023; x_wconf 89' lang='lat' dir='ltr'><strong>me</strong></span> <span class='ocrx_word' id='word_1_501' title='bbox 1149 3969 1305 4041; x_wconf 90' lang='lat' dir='ltr'><strong>quis,</strong></span> <span class='ocrx_word' id='word_1_502' title='bbox 1353 3971 1399 4024; x_wconf 87' lang='lat' dir='ltr'><strong>si</strong></span> <span class='ocrx_word' id='word_1_503' title='bbox 1446 3985 1530 4022; x_wconf 89' lang='lat' dir='ltr'><strong>me</strong></span> <span class='ocrx_word' id='word_1_504' title='bbox 1554 3969 1794 4041; x_wconf 76' lang='lat' dir='ltr'><strong>laudat;</strong></span> <span class='ocrx_word' id='word_1_505' title='bbox 1843 3969 2140 4024; x_wconf 88' lang='lat' dir='ltr'><strong>Dominum</strong></span> <span class='ocrx_word' id='word_1_506' title='bbox 2188 3981 2372 4026; x_wconf 88' lang='lat' dir='ltr'><strong>autem</strong></span> <span class='ocrx_word' id='word_1_507' title='bbox 2414 3969 2608 4026; x_wconf 77' lang='lat' dir='ltr'><strong>meum</strong></span> <span class='ocrx_word' id='word_1_508' title='bbox 2648 3971 3026 4041; x_wconf 87' lang='lat' dir='ltr'><strong>blasphemat,</strong></span> <span class='ocrx_word' id='word_1_509' title='bbox 3077 3986 3185 4041; x_wconf 90' lang='lat' dir='ltr'><strong>non</strong></span> <span class='ocrx_word' id='word_1_510' title='bbox 3237 3969 3507 4041; x_wconf 75' lang='lat' dir='ltr'><strong>conﬁtens</strong></span> <span class='ocrx_word' id='word_1_511' title='bbox 3573 3969 3742 4040; x_wconf 77' lang='lat' dir='ltr'><strong>ipsum</strong></span> 
     </span>
    </p>
   </div>
   <div class='ocr_carea' id='block_1_68' title="bbox 454 4038 3740 4113">
    <p class='ocr_par' dir='ltr' id='par_1_68' title="bbox 454 4038 3740 4113">
     <span class='ocr_line' id='line_1_68' title="bbox 454 4038 3740 4113; baseline -0.002 -18"><span class='ocrx_word' id='word_1_512' title='bbox 454 4040 824 4113; x_wconf 81' lang='lat' dir='ltr'><strong>carniferum?</strong></span> <span class='ocrx_word' id='word_1_513' title='bbox 875 4038 978 4113; x_wconf 88' lang='lat' dir='ltr'><strong>Qui</strong></span> <span class='ocrx_word' id='word_1_514' title='bbox 1017 4040 1346 4113; x_wconf 7' lang='lat' dir='ltr'><strong>autemqhoe</strong></span> <span class='ocrx_word' id='word_1_515' title='bbox 1385 4054 1495 4092; x_wconf 92' lang='lat' dir='ltr'><strong>non</strong></span> <span class='ocrx_word' id='word_1_516' title='bbox 1536 4038 1699 4113; x_wconf 78' lang='lat' dir='ltr'><strong>dicit,</strong></span> <span class='ocrx_word' id='word_1_517' title='bbox 1746 4039 1926 4108; x_wconf 88' lang='lat' dir='ltr'><strong>ipsum</strong></span> <span class='ocrx_word' id='word_1_518' title='bbox 1979 4041 2217 4113; x_wconf 70' lang='lat' dir='ltr'><strong>perfecte</strong></span> <span class='ocrx_word' id='word_1_519' title='bbox 2260 4044 2578 4113; x_wconf 76' lang='lat' dir='ltr'><strong>abnegavit,</strong></span> <span class='ocrx_word' id='word_1_520' title='bbox 2624 4038 2905 4097; x_wconf 53' lang='lat' dir='ltr'><strong>exsis&#39;tens</strong></span> <span class='ocrx_word' id='word_1_521' title='bbox 2947 4040 3222 4113; x_wconf 72' lang='lat' dir='ltr'><strong>mortifer.</strong></span> <span class='ocrx_word' id='word_1_522' title='bbox 3269 4038 3505 4095; x_wconf 76' lang='lat' dir='ltr'><strong>Nomina</strong></span> <span class='ocrx_word' id='word_1_523' title='bbox 3567 4038 3740 4113; x_wconf 70' lang='lat' dir='ltr'><strong>autem</strong></span> 
     </span>
    </p>
   </div>
   <div class='ocr_carea' id='block_1_69' title="bbox 455 4108 3739 4182">
    <p class='ocr_par' dir='ltr' id='par_1_69' title="bbox 455 4108 3739 4182">
     <span class='ocr_line' id='line_1_69' title="bbox 455 4108 3739 4182; baseline -0.001 -17"><span class='ocrx_word' id='word_1_524' title='bbox 455 4111 733 4178; x_wconf 89' lang='lat' dir='ltr'><strong>ipsorum,</strong></span> <span class='ocrx_word' id='word_1_525' title='bbox 775 4111 1094 4182; x_wconf 83' lang='lat' dir='ltr'><strong>exsistentia</strong></span> <span class='ocrx_word' id='word_1_526' title='bbox 1120 4108 1412 4182; x_wconf 72' lang='lat' dir='ltr'><strong>inlidelia,</strong></span> <span class='ocrx_word' id='word_1_527' title='bbox 1455 4125 1565 4162; x_wconf 92' lang='lat' dir='ltr'><strong>non</strong></span> <span class='ocrx_word' id='word_1_528' title='bbox 1608 4109 1787 4164; x_wconf 88' lang='lat' dir='ltr'><strong>visum</strong></span> <span class='ocrx_word' id='word_1_529' title='bbox 1831 4120 1916 4164; x_wconf 89' lang='lat' dir='ltr'><strong>est</strong></span> <span class='ocrx_word' id='word_1_530' title='bbox 1957 4108 2092 4164; x_wconf 91' lang='lat' dir='ltr'><strong>mihi</strong></span> <span class='ocrx_word' id='word_1_531' title='bbox 2119 4108 2455 4179; x_wconf 76' lang='lat' dir='ltr'><strong>inscribere;</strong></span> <span class='ocrx_word' id='word_1_532' title='bbox 2502 4113 2598 4169; x_wconf 91' lang='lat' dir='ltr'><strong>sed</strong></span> <span class='ocrx_word' id='word_1_533' title='bbox 2620 4127 2797 4182; x_wconf 91' lang='lat' dir='ltr'><strong>neque</strong></span> <span class='ocrx_word' id='word_1_534' title='bbox 2838 4113 2933 4167; x_wconf 84' lang='lat' dir='ltr'><strong>tiat</strong></span> <span class='ocrx_word' id='word_1_535' title='bbox 2974 4111 3116 4166; x_wconf 90' lang='lat' dir='ltr'><strong>mihi</strong></span> <span class='ocrx_word' id='word_1_536' title='bbox 3153 4113 3398 4182; x_wconf 85' lang='lat' dir='ltr'><strong>ipsorum</strong></span> <span class='ocrx_word' id='word_1_537' title='bbox 3438 4111 3739 4170; x_wconf 68' lang='lat' dir='ltr'><strong>recordari.</strong></span> 
     </span>
    </p>
   </div>
   <div class='ocr_carea' id='block_1_70' title="bbox 456 4180 2490 4252">
    <p class='ocr_par' dir='ltr' id='par_1_70' title="bbox 456 4180 2490 4252">
     <span class='ocr_line' id='line_1_70' title="bbox 456 4180 2490 4252; baseline 0.001 -15"><span class='ocrx_word' id='word_1_538' title='bbox 456 4197 741 4252; x_wconf 85' lang='lat' dir='ltr'><strong>usquequo</strong></span> <span class='ocrx_word' id='word_1_539' title='bbox 779 4181 1081 4250; x_wconf 72' lang='lat' dir='ltr'><strong>pceniteant</strong></span> <span class='ocrx_word' id='word_1_540' title='bbox 1118 4180 1171 4234; x_wconf 92' lang='lat' dir='ltr'><strong>in</strong></span> <span class='ocrx_word' id='word_1_541' title='bbox 1217 4180 1562 4250; x_wconf 86' lang='lat' dir='ltr'><strong>passionem,</strong></span> <span class='ocrx_word' id='word_1_542' title='bbox 1601 4195 1724 4250; x_wconf 64' lang='lat' dir='ltr'><strong>quae</strong></span> <span class='ocrx_word' id='word_1_543' title='bbox 1767 4189 1854 4236; x_wconf 89' lang='lat' dir='ltr'><strong>est</strong></span> <span class='ocrx_word' id='word_1_544' title='bbox 1900 4189 2094 4236; x_wconf 88' lang='lat' dir='ltr'><strong>nostra</strong></span> <span class='ocrx_word' id='word_1_545' title='bbox 2136 4186 2490 4240; x_wconf 86' lang='lat' dir='ltr'><strong>resurrectio.</strong></span> 
     </span>
    </p>
   </div>
   <div class='ocr_carea' id='block_1_71' title="bbox 1905 4326 2270 4384">
    <p class='ocr_par' dir='ltr' id='par_1_71' title="bbox 1905 4326 2270 4384">
     <span class='ocr_line' id='line_1_71' title="bbox 1905 4326 2270 4384; baseline 0.003 -2"><span class='ocrx_word' id='word_1_546' title='bbox 1905 4326 2137 4382; x_wconf 80' lang='lat' dir='ltr'><strong>CAPUT</strong></span> <span class='ocrx_word' id='word_1_547' title='bbox 2185 4327 2270 4384; x_wconf 84' lang='lat' dir='ltr'><strong>Vl.</strong></span> 
     </span>
    </p>
   </div>
   <div class='ocr_carea' id='block_1_72' title="bbox 523 4419 3738 4495">
    <p class='ocr_par' dir='ltr' id='par_1_72' title="bbox 523 4419 3738 4495">
     <span class='ocr_line' id='line_1_72' title="bbox 523 4419 3738 4495; baseline -0.002 -19"><span class='ocrx_word' id='word_1_548' title='bbox 523 4422 717 4477; x_wconf 83' lang='lat' dir='ltr'><strong>Nullus</strong></span> <span class='ocrx_word' id='word_1_549' title='bbox 744 4431 930 4495; x_wconf 51' lang='lat' dir='ltr'><strong>erret.</strong></span> <span class='ocrx_word' id='word_1_550' title='bbox 953 4419 1019 4495; x_wconf 84' lang='lat' dir='ltr'><strong>Et</strong></span> <span class='ocrx_word' id='word_1_551' title='bbox 1059 4420 1490 4495; x_wconf 67' lang='lat' dir='ltr'><strong>supercmlestia,</strong></span> <span class='ocrx_word' id='word_1_552' title='bbox 1523 4429 1578 4473; x_wconf 92' lang='lat' dir='ltr'><strong>et</strong></span> <span class='ocrx_word' id='word_1_553' title='bbox 1605 4420 1777 4495; x_wconf 76' lang='lat' dir='ltr'><strong>gloria</strong></span> <span class='ocrx_word' id='word_1_554' title='bbox 1810 4422 2152 4495; x_wconf 83' lang='lat' dir='ltr'><strong>angelorum,</strong></span> <span class='ocrx_word' id='word_1_555' title='bbox 2187 4432 2242 4478; x_wconf 92' lang='lat' dir='ltr'><strong>et</strong></span> <span class='ocrx_word' id='word_1_556' title='bbox 2269 4425 2544 4495; x_wconf 88' lang='lat' dir='ltr'><strong>principes</strong></span> <span class='ocrx_word' id='word_1_557' title='bbox 2571 4425 2813 4480; x_wconf 85' lang='lat' dir='ltr'><strong>visibiles</strong></span> <span class='ocrx_word' id='word_1_558' title='bbox 2843 4433 2899 4495; x_wconf 82' lang='lat' dir='ltr'><strong>et</strong></span> <span class='ocrx_word' id='word_1_559' title='bbox 2928 4421 3256 4495; x_wconf 68' lang='lat' dir='ltr'><strong>invisibiles,</strong></span> <span class='ocrx_word' id='word_1_560' title='bbox 3294 4421 3340 4475; x_wconf 91' lang='lat' dir='ltr'><strong>si</strong></span> <span class='ocrx_word' id='word_1_561' title='bbox 3370 4434 3479 4495; x_wconf 82' lang='lat' dir='ltr'><strong>non</strong></span> <span class='ocrx_word' id='word_1_562' title='bbox 3513 4419 3738 4495; x_wconf 76' lang='lat' dir='ltr'><strong>credant</strong></span> 
     </span>
    </p>
   </div>
   <div class='ocr_carea' id='block_1_73' title="bbox 453 4491 3737 4564">
    <p class='ocr_par' dir='ltr' id='par_1_73' title="bbox 453 4491 3737 4564">
     <span class='ocr_line' id='line_1_73' title="bbox 453 4491 3737 4564; baseline -0.003 -14"><span class='ocrx_word' id='word_1_563' title='bbox 453 4495 775 4564; x_wconf 77' lang='lat' dir='ltr'><strong>sanguinem</strong></span> <span class='ocrx_word' id='word_1_564' title='bbox 807 4493 1045 4564; x_wconf 82' lang='lat' dir='ltr'><strong>Christi;</strong></span> <span class='ocrx_word' id='word_1_565' title='bbox 1087 4492 1566 4564; x_wconf 80' lang='lat' dir='ltr'><strong>etillisjudieium</strong></span> <span class='ocrx_word' id='word_1_566' title='bbox 1595 4501 1698 4546; x_wconf 89' lang='lat' dir='ltr'><strong>est.</strong></span> <span class='ocrx_word' id='word_1_567' title='bbox 1732 4491 2029 4564; x_wconf 26' lang='lat' dir='ltr'><strong>Qui‘capit,</strong></span> <span class='ocrx_word' id='word_1_568' title='bbox 2056 4491 2564 4562; x_wconf 42' lang='lat' dir='ltr'><strong>capiatCQuali&#39;tate</strong></span> <span class='ocrx_word' id='word_1_569' title='bbox 2596 4496 2783 4550; x_wconf 90' lang='lat' dir='ltr'><strong>nullus</strong></span> <span class='ocrx_word' id='word_1_570' title='bbox 2815 4494 3054 4548; x_wconf 85' lang='lat' dir='ltr'><strong>inﬂetur.</strong></span> <span class='ocrx_word' id='word_1_571' title='bbox 3088 4492 3288 4564; x_wconf 83' lang='lat' dir='ltr'><strong>Totum</strong></span> <span class='ocrx_word' id='word_1_572' title='bbox 3316 4491 3463 4564; x_wconf 81' lang='lat' dir='ltr'><strong>enim</strong></span> <span class='ocrx_word' id='word_1_573' title='bbox 3491 4500 3586 4564; x_wconf 80' lang='lat' dir='ltr'><strong>est</strong></span> <span class='ocrx_word' id='word_1_574' title='bbox 3611 4491 3737 4564; x_wconf 75' lang='lat' dir='ltr'><strong>lides</strong></span> 
     </span>
    </p>
   </div>
   <div class='ocr_carea' id='block_1_74' title="bbox 451 4559 3733 4636">
    <p class='ocr_par' dir='ltr' id='par_1_74' title="bbox 451 4559 3733 4636">
     <span class='ocr_line' id='line_1_74' title="bbox 451 4559 3733 4636; baseline -0.002 -17"><span class='ocrx_word' id='word_1_575' title='bbox 451 4575 507 4619; x_wconf 80' lang='lat' dir='ltr'><strong>et</strong></span> <span class='ocrx_word' id='word_1_576' title='bbox 538 4559 778 4636; x_wconf 81' lang='lat' dir='ltr'><strong>charitas</strong></span> <span class='ocrx_word' id='word_1_577' title='bbox 808 4581 821 4617; x_wconf 93' lang='lat'><strong>:</strong></span> <span class='ocrx_word' id='word_1_578' title='bbox 855 4563 1057 4632; x_wconf 87' lang='lat' dir='ltr'><strong>quibus</strong></span> <span class='ocrx_word' id='word_1_579' title='bbox 1091 4562 1228 4636; x_wconf 85' lang='lat' dir='ltr'><strong>nihil</strong></span> <span class='ocrx_word' id='word_1_580' title='bbox 1272 4561 1622 4636; x_wconf 58' lang='lat' dir='ltr'><strong>liijmposititrn</strong></span> <span class='ocrx_word' id='word_1_581' title='bbox 1671 4572 1774 4636; x_wconf 72' lang='lat' dir='ltr'><strong>est.</strong></span> <span class='ocrx_word' id='word_1_582' title='bbox 1829 4559 2192 4618; x_wconf 81' lang='lat' dir='ltr'><strong>Considerate</strong></span> <span class='ocrx_word' id='word_1_583' title='bbox 2227 4559 2411 4623; x_wconf 76' lang='lat' dir='ltr'><strong>alitem</strong></span> <span class='ocrx_word' id='word_1_584' title='bbox 2463 4567 2625 4621; x_wconf 87' lang='lat' dir='ltr'><strong>aliter</strong></span> <span class='ocrx_word' id='word_1_585' title='bbox 2669 4567 2961 4636; x_wconf 86' lang='lat' dir='ltr'><strong>opinantes</strong></span> <span class='ocrx_word' id='word_1_586' title='bbox 2999 4566 3052 4618; x_wconf 90' lang='lat' dir='ltr'><strong>in</strong></span> <span class='ocrx_word' id='word_1_587' title='bbox 3090 4559 3476 4636; x_wconf 73' lang='lat' dir='ltr'><strong>gratiamJesu</strong></span> <span class='ocrx_word' id='word_1_588' title='bbox 3508 4559 3733 4636; x_wconf 63' lang='lat' dir='ltr'><strong>Christi,</strong></span> 
     </span>
    </p>
   </div>
   <div class='ocr_carea' id='block_1_75' title="bbox 451 4631 3735 4706">
    <p class='ocr_par' dir='ltr' id='par_1_75' title="bbox 451 4631 3735 4706">
     <span class='ocr_line' id='line_1_75' title="bbox 451 4631 3735 4706; baseline -0.002 -18"><span class='ocrx_word' id='word_1_589' title='bbox 451 4652 572 4688; x_wconf 83' lang='lat' dir='ltr'><strong>eam</strong></span> <span class='ocrx_word' id='word_1_590' title='bbox 606 4651 728 4706; x_wconf 71' lang='lat' dir='ltr'><strong>quae</strong></span> <span class='ocrx_word' id='word_1_591' title='bbox 762 4631 953 4706; x_wconf 75' lang='lat' dir='ltr'><strong>innos</strong></span> <span class='ocrx_word' id='word_1_592' title='bbox 984 4632 1163 4706; x_wconf 84' lang='lat' dir='ltr'><strong>venit;</strong></span> <span class='ocrx_word' id='word_1_593' title='bbox 1212 4633 1446 4706; x_wconf 85' lang='lat' dir='ltr'><strong>qualiter</strong></span> <span class='ocrx_word' id='word_1_594' title='bbox 1475 4633 1737 4706; x_wconf 76' lang='lat' dir='ltr'><strong>contrarii</strong></span> <span class='ocrx_word' id='word_1_595' title='bbox 1780 4642 1909 4686; x_wconf 86' lang='lat' dir='ltr'><strong>sunt</strong></span> <span class='ocrx_word' id='word_1_596' title='bbox 1931 4636 2244 4706; x_wconf 69' lang='lat' dir='ltr'><strong>sententiae</strong></span> <span class='ocrx_word' id='word_1_597' title='bbox 2276 4636 2390 4690; x_wconf 90' lang='lat' dir='ltr'><strong>Dei.</strong></span> <span class='ocrx_word' id='word_1_598' title='bbox 2444 4637 2519 4689; x_wconf 86' lang='lat' dir='ltr'><strong>De</strong></span> <span class='ocrx_word' id='word_1_599' title='bbox 2568 4631 2836 4692; x_wconf 82' lang='lat' dir='ltr'><strong>charitate</strong></span> <span class='ocrx_word' id='word_1_600' title='bbox 2886 4652 2994 4688; x_wconf 87' lang='lat' dir='ltr'><strong>non</strong></span> <span class='ocrx_word' id='word_1_601' title='bbox 3027 4631 3113 4688; x_wconf 79' lang='lat' dir='ltr'><strong>est</strong></span> <span class='ocrx_word' id='word_1_602' title='bbox 3143 4648 3293 4706; x_wconf 81' lang='lat' dir='ltr'><strong>cura</strong></span> <span class='ocrx_word' id='word_1_603' title='bbox 3326 4633 3484 4701; x_wconf 85' lang='lat' dir='ltr'><strong>ipsis,</strong></span> <span class='ocrx_word' id='word_1_604' title='bbox 3532 4648 3645 4686; x_wconf 87' lang='lat' dir='ltr'><strong>non</strong></span> <span class='ocrx_word' id='word_1_605' title='bbox 3674 4631 3735 4682; x_wconf 86' lang='lat' dir='ltr'><strong>de</strong></span> 
     </span>
    </p>
   </div>
   <div class='ocr_carea' id='block_1_76' title="bbox 451 4702 3455 4774">
    <p class='ocr_par' dir='ltr' id='par_1_76' title="bbox 451 4702 3455 4774">
     <span class='ocr_line' id='line_1_76' title="bbox 451 4702 3455 4774; baseline 0 -19"><span class='ocrx_word' id='word_1_606' title='bbox 451 4702 640 4770; x_wconf 67' lang='lat' dir='ltr'><strong>vidua,</strong></span> <span class='ocrx_word' id='word_1_607' title='bbox 673 4720 780 4759; x_wconf 91' lang='lat' dir='ltr'><strong>non</strong></span> <span class='ocrx_word' id='word_1_608' title='bbox 808 4704 875 4758; x_wconf 89' lang='lat' dir='ltr'><strong>de</strong></span> <span class='ocrx_word' id='word_1_609' title='bbox 905 4705 1175 4773; x_wconf 89' lang='lat' dir='ltr'><strong>orphano,</strong></span> <span class='ocrx_word' id='word_1_610' title='bbox 1217 4718 1326 4757; x_wconf 92' lang='lat' dir='ltr'><strong>non</strong></span> <span class='ocrx_word' id='word_1_611' title='bbox 1357 4703 1424 4756; x_wconf 89' lang='lat' dir='ltr'><strong>de</strong></span> <span class='ocrx_word' id='word_1_612' title='bbox 1461 4702 1744 4762; x_wconf 86' lang='lat' dir='ltr'><strong>tribulato.</strong></span> <span class='ocrx_word' id='word_1_613' title='bbox 1777 4719 1885 4756; x_wconf 84' lang='lat' dir='ltr'><strong>non</strong></span> <span class='ocrx_word' id='word_1_614' title='bbox 1913 4703 1979 4757; x_wconf 90' lang='lat' dir='ltr'><strong>de</strong></span> <span class='ocrx_word' id='word_1_615' title='bbox 2009 4704 2174 4774; x_wconf 81' lang='lat' dir='ltr'><strong>ligato</strong></span> <span class='ocrx_word' id='word_1_616' title='bbox 2201 4708 2284 4761; x_wconf 90' lang='lat' dir='ltr'><strong>vel</strong></span> <span class='ocrx_word' id='word_1_617' title='bbox 2317 4707 2520 4774; x_wconf 90' lang='lat' dir='ltr'><strong>soluto,</strong></span> <span class='ocrx_word' id='word_1_618' title='bbox 2556 4724 2662 4762; x_wconf 89' lang='lat' dir='ltr'><strong>non</strong></span> <span class='ocrx_word' id='word_1_619' title='bbox 2703 4708 2771 4762; x_wconf 87' lang='lat' dir='ltr'><strong>de</strong></span> <span class='ocrx_word' id='word_1_620' title='bbox 2797 4706 3075 4762; x_wconf 84' lang='lat' dir='ltr'><strong>esuriente</strong></span> <span class='ocrx_word' id='word_1_621' title='bbox 3105 4705 3188 4758; x_wconf 89' lang='lat' dir='ltr'><strong>vel</strong></span> <span class='ocrx_word' id='word_1_622' title='bbox 3213 4704 3455 4758; x_wconf 78' lang='lat' dir='ltr'><strong>sitiente.</strong></span> 
     </span>
    </p>
   </div>
   <div class='ocr_carea' id='block_1_77' title="bbox 525 4825 1084 4888">
    <p class='ocr_par' dir='ltr' id='par_1_77' title="bbox 525 4825 1084 4888">
     <span class='ocr_line' id='line_1_77' title="bbox 525 4825 1084 4888; baseline -0.007 -7"><span class='ocrx_word' id='word_1_623' title='bbox 525 4829 569 4859; x_wconf 88' lang='grc'><strong>¹³</strong></span> <span class='ocrx_word' id='word_1_624' title='bbox 601 4826 790 4881; x_wconf 84' lang='lat' dir='ltr'><strong>Matth.</strong></span> <span class='ocrx_word' id='word_1_625' title='bbox 845 4842 961 4888; x_wconf 75' lang='lat' dir='ltr'><strong>xu,</strong></span> <span class='ocrx_word' id='word_1_626' title='bbox 997 4825 1084 4878; x_wconf 70' lang='grc' dir='ltr'><strong>ιε.</strong></span> 
     </span>
    </p>
   </div>
   <div class='ocr_carea' id='block_1_78' title="bbox 525 4932 2042 5019">
    <p class='ocr_par' dir='ltr' id='par_1_78' title="bbox 525 4939 2026 5019">
     <span class='ocr_line' id='line_1_78' title="bbox 525 4939 2026 5019; baseline -0.001 -22"><span class='ocrx_word' id='word_1_627' title='bbox 525 4944 641 5019; x_wconf 66' lang='grc' dir='ltr'><strong>(Ἡ)Δ</strong></span> <span class='ocrx_word' id='word_1_628' title='bbox 673 4942 798 4998; x_wconf 67' lang='lat' dir='ltr'><strong>Haec</strong></span> <span class='ocrx_word' id='word_1_629' title='bbox 821 4941 1224 5019; x_wconf 52' lang='lat' dir='ltr'><strong>epajiortliosis,</strong></span> <span class='ocrx_word' id='word_1_630' title='bbox 1255 4947 1316 4993; x_wconf 91' lang='lat' dir='ltr'><strong>ut</strong></span> <span class='ocrx_word' id='word_1_631' title='bbox 1347 4941 1398 4993; x_wconf 93' lang='lat' dir='ltr'><strong>in</strong></span> <span class='ocrx_word' id='word_1_632' title='bbox 1429 4955 1516 5019; x_wconf 73' lang='lat' dir='ltr'><strong>ep.</strong></span> <span class='ocrx_word' id='word_1_633' title='bbox 1547 4939 1614 5019; x_wconf 53' lang='lat' dir='ltr'><strong>at!</strong></span> <span class='ocrx_word' id='word_1_634' title='bbox 1645 4940 1828 5011; x_wconf 84' lang='lat' dir='ltr'><strong>Polye.</strong></span> <span class='ocrx_word' id='word_1_635' title='bbox 1856 4942 2026 4997; x_wconf 91' lang='lat' dir='ltr'><strong>inscr.</strong></span> 
     </span>
    </p>
   </div>
   <div class='ocr_carea' id='block_1_79' title="bbox 2171 4932 3724 5019">
    <p class='ocr_par' dir='ltr' id='par_1_79' title="bbox 2171 4932 3724 5019">
     <span class='ocr_line' id='line_1_79' title="bbox 2171 4932 3724 5019; baseline -0.008 -24"><span class='ocrx_word' id='word_1_636' title='bbox 2171 4940 2595 5019; x_wconf 29' lang='lat' dir='ltr'><strong>opogtlgnalius‘</strong></span> <span class='ocrx_word' id='word_1_637' title='bbox 2626 4938 2904 5018; x_wconf 66' lang='grc' dir='ltr'>θεοφόρος,</span> <span class='ocrx_word' id='word_1_638' title='bbox 2923 4937 2970 5019; x_wconf 70' lang='lat' dir='ltr'><strong>is</strong></span> <span class='ocrx_word' id='word_1_639' title='bbox 2989 4936 3082 5018; x_wconf 82' lang='lat' dir='ltr'><strong>qui</strong></span> <span class='ocrx_word' id='word_1_640' title='bbox 3112 4932 3724 5019; x_wconf 63' lang='lat' dir='ltr'><strong>negatinqarnationem</strong></span> 
     </span>
    </p>
   </div>
   <div class='ocr_carea' id='block_1_80' title="bbox 451 5009 1772 5083">
    <p class='ocr_par' dir='ltr' id='par_1_80' title="bbox 451 5009 1772 5083">
     <span class='ocr_line' id='line_1_80' title="bbox 451 5009 1772 5083; baseline -0.003 -15"><span class='ocrx_word' id='word_1_641' title='bbox 451 5009 734 5083; x_wconf 79' lang='grc' dir='ltr'><strong>ἐπίσκὸπῳ</strong></span> <span class='ocrx_word' id='word_1_642' title='bbox 754 5009 1059 5083; x_wconf 62' lang='grc' dir='ltr'>..τ”μᾶλλον</span> <span class='ocrx_word' id='word_1_643' title='bbox 1089 5009 1539 5083; x_wconf 70' lang='grc' dir='ltr'>ἐπεσκοπημένῳ.</span> <span class='ocrx_word' id='word_1_644' title='bbox 1576 5009 1772 5066; x_wconf 61' lang='lat' dir='ltr'><strong>Pestis.</strong></span> 
     </span>
    </p>
   </div>
   <div class='ocr_carea' id='block_1_81' title="bbox 524 5067 2034 5158">
    <p class='ocr_par' dir='ltr' id='par_1_81' title="bbox 524 5067 2034 5158">
     <span class='ocr_line' id='line_1_81' title="bbox 524 5067 2034 5158; baseline -0.001 -20"><span class='ocrx_word' id='word_1_645' title='bbox 524 5067 638 5158; x_wconf 52' lang='grc' dir='ltr'><strong>(ἥδ)</strong></span> <span class='ocrx_word' id='word_1_646' title='bbox 677 5067 820 5158; x_wconf 70' lang='lat' dir='ltr'><strong>Non</strong></span> <span class='ocrx_word' id='word_1_647' title='bbox 841 5067 1134 5158; x_wconf 58' lang='grc' dir='ltr'><strong>ιζειςιριιιηι⁸</strong></span> <span class='ocrx_word' id='word_1_648' title='bbox 1157 5067 1530 5158; x_wconf 57' lang='lat' dir='ltr'><strong>Evangeliuui,</strong></span> <span class='ocrx_word' id='word_1_649' title='bbox 1558 5084 1677 5158; x_wconf 77' lang='lat' dir='ltr'><strong>_s_ed</strong></span> <span class='ocrx_word' id='word_1_650' title='bbox 1721 5082 2034 5158; x_wconf 55' lang='lat' dir='ltr'><strong>evangelica</strong></span> 
     </span>
    </p>
   </div>
   <div class='ocr_carea' id='block_1_82' title="bbox 449 5150 2035 5228">
    <p class='ocr_par' dir='ltr' id='par_1_82' title="bbox 449 5150 2035 5228">
     <span class='ocr_line' id='line_1_82' title="bbox 449 5150 2035 5228; baseline -0.003 -18"><span class='ocrx_word' id='word_1_651' title='bbox 449 5150 768 5228; x_wconf 73' lang='lat' dir='ltr'><strong>praedicatio</strong></span> <span class='ocrx_word' id='word_1_652' title='bbox 791 5155 859 5213; x_wconf 86' lang='lat' dir='ltr'><strong>de</strong></span> <span class='ocrx_word' id='word_1_653' title='bbox 880 5150 990 5207; x_wconf 73' lang='lat' dir='ltr'><strong>vita</strong></span> <span class='ocrx_word' id='word_1_654' title='bbox 1023 5163 1076 5207; x_wconf 90' lang='lat' dir='ltr'><strong>et</strong></span> <span class='ocrx_word' id='word_1_655' title='bbox 1113 5151 1270 5206; x_wconf 80' lang='lat' dir='ltr'><strong>factis</strong></span> <span class='ocrx_word' id='word_1_656' title='bbox 1300 5152 1525 5206; x_wconf 87' lang='lat' dir='ltr'><strong>Christi.</strong></span> <span class='ocrx_word' id='word_1_657' title='bbox 1557 5150 1929 5222; x_wconf 59' lang='lat' dir='ltr'><strong>Niemeyer-,1.</strong></span> <span class='ocrx_word' id='word_1_658' title='bbox 1960 5170 2035 5219; x_wconf 89' lang='lat' dir='ltr'><strong>c.,</strong></span> 
     </span>
    </p>
   </div>
   <div class='ocr_carea' id='block_1_83' title="bbox 451 5245 2039 5375">
    <p class='ocr_par' dir='ltr' id='par_1_83' title="bbox 451 5245 2039 5375">
     <span class='ocr_line' id='line_1_83' title="bbox 451 5245 2039 5375; baseline -0.006 -19"><span class='ocrx_word' id='word_1_659' title='bbox 451 5245 506 5300; x_wconf 51' lang='grc' dir='ltr'><strong>Ρ.</strong></span> <span class='ocrx_word' id='word_1_660' title='bbox 525 5245 637 5375; x_wconf 55' lang='grc' dir='ltr'><strong>ἴίᾶι)</strong></span> <span class='ocrx_word' id='word_1_661' title='bbox 678 5295 718 5351; x_wconf 91' lang='grc'>1.</span> <span class='ocrx_word' id='word_1_662' title='bbox 748 5311 798 5375; x_wconf 77' lang='grc' dir='ltr'><strong>ε.</strong></span> <span class='ocrx_word' id='word_1_663' title='bbox 822 5297 910 5375; x_wconf 83' lang='lat' dir='ltr'><strong>qu_i</strong></span> <span class='ocrx_word' id='word_1_664' title='bbox 936 5294 1352 5375; x_wconf 68' lang='lat' dir='ltr'><strong>incarnationem</strong></span> <span class='ocrx_word' id='word_1_665' title='bbox 1379 5293 1928 5375; x_wconf 66' lang='lat' dir='ltr'><strong>Christijmpugnant,</strong></span> <span class='ocrx_word' id='word_1_666' title='bbox 1954 5293 2039 5346; x_wconf 83' lang='lat' dir='ltr'><strong>illi</strong></span> 
     </span>
    </p>
   </div>
   <div class='ocr_carea' id='block_1_84' title="bbox 451 5365 2041 5432">
    <p class='ocr_par' dir='ltr' id='par_1_84' title="bbox 451 5365 2041 5432">
     <span class='ocr_line' id='line_1_84' title="bbox 451 5365 2041 5432; baseline -0.004 -10"><span class='ocrx_word' id='word_1_667' title='bbox 451 5365 720 5423; x_wconf 76' lang='lat' dir='ltr'><strong>universos</strong></span> <span class='ocrx_word' id='word_1_668' title='bbox 750 5365 983 5419; x_wconf 81' lang='lat' dir='ltr'><strong>homines</strong></span> <span class='ocrx_word' id='word_1_669' title='bbox 1017 5372 1272 5430; x_wconf 86' lang='lat' dir='ltr'><strong>evertunt,</strong></span> <span class='ocrx_word' id='word_1_670' title='bbox 1297 5380 1476 5418; x_wconf 89' lang='lat' dir='ltr'><strong>eorum</strong></span> <span class='ocrx_word' id='word_1_671' title='bbox 1506 5365 1914 5432; x_wconf 84' lang='lat' dir='ltr'><strong>redemptionem</strong></span> <span class='ocrx_word' id='word_1_672' title='bbox 1947 5381 2041 5432; x_wconf 86' lang='lat' dir='ltr'><strong>per</strong></span> 
     </span>
    </p>
   </div>
   <div class='ocr_carea' id='block_1_85' title="bbox 451 5434 2036 5505">
    <p class='ocr_par' dir='ltr' id='par_1_85' title="bbox 451 5434 2036 5505">
     <span class='ocr_line' id='line_1_85' title="bbox 451 5434 2036 5505; baseline -0.004 -13"><span class='ocrx_word' id='word_1_673' title='bbox 451 5448 670 5493; x_wconf 87' lang='lat' dir='ltr'><strong>mortem</strong></span> <span class='ocrx_word' id='word_1_674' title='bbox 707 5437 908 5490; x_wconf 86' lang='lat' dir='ltr'><strong>Christi</strong></span> <span class='ocrx_word' id='word_1_675' title='bbox 950 5443 1218 5504; x_wconf 84' lang='lat' dir='ltr'><strong>negantes.</strong></span> <span class='ocrx_word' id='word_1_676' title='bbox 1263 5436 1367 5490; x_wconf 82' lang='lat' dir='ltr'><strong>Seu</strong></span> <span class='ocrx_word' id='word_1_677' title='bbox 1396 5453 1409 5489; x_wconf 91' lang='lat'><strong>:</strong></span> <span class='ocrx_word' id='word_1_678' title='bbox 1439 5438 1524 5505; x_wconf 86' lang='lat' dir='ltr'><strong>qui</strong></span> <span class='ocrx_word' id='word_1_679' title='bbox 1550 5435 1732 5488; x_wconf 88' lang='lat' dir='ltr'><strong>dicunt</strong></span> <span class='ocrx_word' id='word_1_680' title='bbox 1763 5434 2036 5489; x_wconf 78' lang='lat' dir='ltr'><strong>Christum</strong></span> 
     </span>
    </p>
   </div>
   <div class='ocr_carea' id='block_1_86' title="bbox 453 5507 2036 5574">
    <p class='ocr_par' dir='ltr' id='par_1_86' title="bbox 453 5507 2036 5574">
     <span class='ocr_line' id='line_1_86' title="bbox 453 5507 2036 5574; baseline -0.004 -12"><span class='ocrx_word' id='word_1_681' title='bbox 453 5509 679 5563; x_wconf 74' lang='grc' dir='ltr'>κατὰτὸ</span> <span class='ocrx_word' id='word_1_682' title='bbox 710 5507 884 5561; x_wconf 87' lang='grc' dir='ltr'>δοκεῖν</span> <span class='ocrx_word' id='word_1_683' title='bbox 933 5516 1136 5560; x_wconf 86' lang='lat' dir='ltr'><strong>tantum</strong></span> <span class='ocrx_word' id='word_1_684' title='bbox 1177 5520 1288 5557; x_wconf 87' lang='lat' dir='ltr'><strong>esse</strong></span> <span class='ocrx_word' id='word_1_685' title='bbox 1337 5522 1572 5573; x_wconf 84' lang='lat' dir='ltr'><strong>passum,</strong></span> <span class='ocrx_word' id='word_1_686' title='bbox 1618 5507 1656 5558; x_wconf 87' lang='lat' dir='ltr'><strong>ii</strong></span> <span class='ocrx_word' id='word_1_687' title='bbox 1699 5522 1791 5558; x_wconf 90' lang='lat' dir='ltr'><strong>nos</strong></span> <span class='ocrx_word' id='word_1_688' title='bbox 1833 5521 2036 5574; x_wconf 87' lang='lat' dir='ltr'><strong>quoque</strong></span> 
     </span>
    </p>
   </div>
   <div class='ocr_carea' id='block_1_87' title="bbox 453 5575 2034 5647">
    <p class='ocr_par' dir='ltr' id='par_1_87' title="bbox 453 5575 2034 5647">
     <span class='ocr_line' id='line_1_87' title="bbox 453 5575 2034 5647; baseline -0.003 -15"><span class='ocrx_word' id='word_1_689' title='bbox 453 5579 596 5632; x_wconf 81' lang='grc' dir='ltr'>κατὰ</span> <span class='ocrx_word' id='word_1_690' title='bbox 625 5579 684 5633; x_wconf 78' lang='grc' dir='ltr'>τὸ</span> <span class='ocrx_word' id='word_1_691' title='bbox 716 5579 892 5632; x_wconf 86' lang='grc' dir='ltr'>δοκεῖν</span> <span class='ocrx_word' id='word_1_692' title='bbox 918 5578 987 5647; x_wconf 93' lang='lat' dir='ltr'><strong>(i.</strong></span> <span class='ocrx_word' id='word_1_693' title='bbox 1022 5591 1074 5630; x_wconf 88' lang='lat' dir='ltr'><strong>e.</strong></span> <span class='ocrx_word' id='word_1_694' title='bbox 1112 5576 1166 5628; x_wconf 87' lang='lat' dir='ltr'><strong>in</strong></span> <span class='ocrx_word' id='word_1_695' title='bbox 1191 5578 1404 5644; x_wconf 84' lang='lat' dir='ltr'><strong>vanum)</strong></span> <span class='ocrx_word' id='word_1_696' title='bbox 1428 5579 1542 5644; x_wconf 80' lang='lat' dir='ltr'><strong>pati</strong></span> <span class='ocrx_word' id='word_1_697' title='bbox 1577 5575 1903 5630; x_wconf 87' lang='lat' dir='ltr'><strong>contendant</strong></span> <span class='ocrx_word' id='word_1_698' title='bbox 1937 5591 2034 5628; x_wconf 82' lang='lat' dir='ltr'><strong>nc-</strong></span> 
     </span>
    </p>
   </div>
   <div class='ocr_carea' id='block_1_88' title="bbox 453 5657 736 5703">
    <p class='ocr_par' dir='ltr' id='par_1_88' title="bbox 453 5657 736 5703">
     <span class='ocr_line' id='line_1_88' title="bbox 453 5657 736 5703; baseline -0.007 0"><span class='ocrx_word' id='word_1_699' title='bbox 453 5663 608 5703; x_wconf 86' lang='lat' dir='ltr'><strong>cesse</strong></span> <span class='ocrx_word' id='word_1_700' title='bbox 635 5657 736 5702; x_wconf 87' lang='lat' dir='ltr'><strong>est.</strong></span> 
     </span>
    </p>
   </div>
   <div class='ocr_carea' id='block_1_89' title="bbox 524 5715 2036 5789">
    <p class='ocr_par' dir='ltr' id='par_1_89' title="bbox 524 5715 2036 5789">
     <span class='ocr_line' id='line_1_89' title="bbox 524 5715 2036 5789; baseline -0.001 -17"><span class='ocrx_word' id='word_1_701' title='bbox 524 5718 637 5789; x_wconf 9' lang='lat'><strong>(#775)</strong></span> <span class='ocrx_word' id='word_1_702' title='bbox 676 5717 1012 5789; x_wconf 13' lang='lat' dir='ltr'><strong>llzecilaudat</strong></span> <span class='ocrx_word' id='word_1_703' title='bbox 1045 5716 1394 5777; x_wconf 79' lang='lat' dir='ltr'><strong>Theodoret..</strong></span> <span class='ocrx_word' id='word_1_704' title='bbox 1439 5717 1585 5789; x_wconf 82' lang='lat' dir='ltr'><strong>Dial.</strong></span> <span class='ocrx_word' id='word_1_705' title='bbox 1615 5715 1657 5782; x_wconf 92' lang='lat' dir='ltr'><strong>l,</strong></span> <span class='ocrx_word' id='word_1_706' title='bbox 1689 5717 1722 5770; x_wconf 93' lang='lat' dir='ltr'><strong>I.</strong></span> <span class='ocrx_word' id='word_1_707' title='bbox 1756 5732 1831 5786; x_wconf 91' lang='lat' dir='ltr'><strong>c.,</strong></span> <span class='ocrx_word' id='word_1_708' title='bbox 1864 5732 1912 5782; x_wconf 84' lang='lat' dir='ltr'><strong>p.</strong></span> <span class='ocrx_word' id='word_1_709' title='bbox 1945 5715 2036 5770; x_wconf 78' lang='lat'><strong>50.</strong></span> 
     </span>
    </p>
   </div>
   <div class='ocr_carea' id='block_1_90' title="bbox 530 5787 2035 5858">
    <p class='ocr_par' dir='ltr' id='par_1_90' title="bbox 530 5787 2035 5858">
     <span class='ocr_line' id='line_1_90' title="bbox 530 5787 2035 5858; baseline -0.002 -17"><span class='ocrx_word' id='word_1_710' title='bbox 530 5787 641 5858; x_wconf 80' lang='lat'><strong>(76)</strong></span> <span class='ocrx_word' id='word_1_711' title='bbox 679 5789 764 5844; x_wconf 77' lang='lat' dir='ltr'><strong>Cf.</strong></span> <span class='ocrx_word' id='word_1_712' title='bbox 806 5788 822 5841; x_wconf 96' lang='lat' dir='ltr'><strong>l</strong></span> <span class='ocrx_word' id='word_1_713' title='bbox 851 5788 1011 5846; x_wconf 83' lang='lat' dir='ltr'><strong>Joan.</strong></span> <span class='ocrx_word' id='word_1_714' title='bbox 1044 5804 1117 5858; x_wconf 83' lang='lat' dir='ltr'><strong>tv,</strong></span> <span class='ocrx_word' id='word_1_715' title='bbox 1159 5789 1214 5854; x_wconf 78' lang='grc'><strong>2,</strong></span> <span class='ocrx_word' id='word_1_716' title='bbox 1247 5789 1299 5842; x_wconf 84' lang='grc'>5.</span> <span class='ocrx_word' id='word_1_717' title='bbox 1333 5788 1586 5842; x_wconf 80' lang='lat' dir='ltr'><strong>Christus</strong></span> <span class='ocrx_word' id='word_1_718' title='bbox 1610 5789 1809 5842; x_wconf 85' lang='lat' dir='ltr'><strong>dicitur</strong></span> <span class='ocrx_word' id='word_1_719' title='bbox 1842 5803 2035 5857; x_wconf 74' lang='grc' dir='ltr'>σαρκο-</span> 
     </span>
    </p>
   </div>
   <div class='ocr_carea' id='block_1_91' title="bbox 2139 5004 3725 5091">
    <p class='ocr_par' dir='ltr' id='par_1_91' title="bbox 2139 5004 3725 5091">
     <span class='ocr_line' id='line_1_91' title="bbox 2139 5004 3725 5091; baseline -0.011 -24"><span class='ocrx_word' id='word_1_720' title='bbox 2139 5004 2346 5091; x_wconf 68' lang='lat' dir='ltr'><strong>Cliristi</strong></span> <span class='ocrx_word' id='word_1_721' title='bbox 2367 5004 2713 5091; x_wconf 61' lang='grc' dir='ltr'>νεκροφόρος,</span> <span class='ocrx_word' id='word_1_722' title='bbox 2733 5004 2770 5062; x_wconf 85' lang='lat' dir='ltr'><strong>i.</strong></span> <span class='ocrx_word' id='word_1_723' title='bbox 2794 5004 2846 5063; x_wconf 80' lang='grc' dir='ltr'><strong>ε.</strong></span> <span class='ocrx_word' id='word_1_724' title='bbox 2868 5009 2956 5077; x_wconf 87' lang='lat' dir='ltr'><strong>qui</strong></span> <span class='ocrx_word' id='word_1_725' title='bbox 2978 5004 3148 5060; x_wconf 79' lang='lat' dir='ltr'><strong>vivens</strong></span> <span class='ocrx_word' id='word_1_726' title='bbox 3169 5004 3344 5074; x_wconf 76' lang='lat' dir='ltr'><strong>portat</strong></span> <span class='ocrx_word' id='word_1_727' title='bbox 3372 5004 3535 5067; x_wconf 71' lang='lat' dir='ltr'><strong>furius</strong></span> <span class='ocrx_word' id='word_1_728' title='bbox 3561 5016 3725 5064; x_wconf 74' lang='lat' dir='ltr'><strong>suum,</strong></span> 
     </span>
    </p>
   </div>
   <div class='ocr_carea' id='block_1_92' title="bbox 2144 5082 2946 5151">
    <p class='ocr_par' dir='ltr' id='par_1_92' title="bbox 2144 5082 2946 5151">
     <span class='ocr_line' id='line_1_92' title="bbox 2144 5082 2946 5151; baseline -0.007 -14"><span class='ocrx_word' id='word_1_729' title='bbox 2144 5085 2181 5138; x_wconf 92' lang='lat' dir='ltr'><strong>i.</strong></span> <span class='ocrx_word' id='word_1_730' title='bbox 2211 5099 2261 5136; x_wconf 89' lang='lat' dir='ltr'><strong>e.</strong></span> <span class='ocrx_word' id='word_1_731' title='bbox 2291 5082 2390 5151; x_wconf 81' lang='lat' dir='ltr'><strong>qui</strong></span> <span class='ocrx_word' id='word_1_732' title='bbox 2419 5082 2533 5148; x_wconf 85' lang='lat' dir='ltr'><strong>ipse</strong></span> <span class='ocrx_word' id='word_1_733' title='bbox 2566 5089 2814 5151; x_wconf 52' lang='lat' dir='ltr'><strong>inor-tuus</strong></span> <span class='ocrx_word' id='word_1_734' title='bbox 2841 5089 2946 5132; x_wconf 89' lang='lat' dir='ltr'><strong>est.</strong></span> 
     </span>
    </p>
   </div>
   <div class='ocr_carea' id='block_1_93' title="bbox 2215 5143 3725 5224">
    <p class='ocr_par' dir='ltr' id='par_1_93' title="bbox 2215 5143 3725 5224">
     <span class='ocr_line' id='line_1_93' title="bbox 2215 5143 3725 5224; baseline -0.006 -22"><span class='ocrx_word' id='word_1_735' title='bbox 2215 5143 2328 5224; x_wconf 63' lang='lat'><strong>(77}</strong></span> <span class='ocrx_word' id='word_1_736' title='bbox 2371 5143 2578 5206; x_wconf 80' lang='lat' dir='ltr'><strong>Sensus</strong></span> <span class='ocrx_word' id='word_1_737' title='bbox 2611 5171 2624 5206; x_wconf 91' lang='lat'>:</span> <span class='ocrx_word' id='word_1_738' title='bbox 2659 5149 3104 5224; x_wconf 25' lang='lat' dir='ltr'><strong>Donec-credant,</strong></span> <span class='ocrx_word' id='word_1_739' title='bbox 3137 5143 3412 5199; x_wconf 87' lang='lat' dir='ltr'><strong>Christum</strong></span> <span class='ocrx_word' id='word_1_740' title='bbox 3446 5156 3725 5224; x_wconf 57' lang='grc' dir='ltr'><strong>εει-θρίω·-</strong></span> 
     </span>
    </p>
   </div>
   <div class='ocr_carea' id='block_1_94' title="bbox 2145 5211 3722 5289">
    <p class='ocr_par' dir='ltr' id='par_1_94' title="bbox 2145 5211 3722 5289">
     <span class='ocr_line' id='line_1_94' title="bbox 2145 5211 3722 5289; baseline -0.009 -12"><span class='ocrx_word' id='word_1_741' title='bbox 2145 5211 2263 5278; x_wconf 76' lang='lat' dir='ltr'><strong>sunt</strong></span> <span class='ocrx_word' id='word_1_742' title='bbox 2287 5211 2336 5276; x_wconf 68' lang='lat' dir='ltr'><strong>et</strong></span> <span class='ocrx_word' id='word_1_743' title='bbox 2365 5233 2631 5274; x_wconf 85' lang='lat' dir='ltr'><strong>mortuum</strong></span> <span class='ocrx_word' id='word_1_744' title='bbox 2665 5237 2797 5286; x_wconf 85' lang='lat' dir='ltr'><strong>esse,</strong></span> <span class='ocrx_word' id='word_1_745' title='bbox 2826 5221 2878 5273; x_wconf 88' lang='lat' dir='ltr'><strong>in</strong></span> <span class='ocrx_word' id='word_1_746' title='bbox 2909 5236 3013 5289; x_wconf 88' lang='lat' dir='ltr'><strong>qua</strong></span> <span class='ocrx_word' id='word_1_747' title='bbox 3044 5229 3210 5270; x_wconf 77' lang='lat' dir='ltr'><strong>morte</strong></span> <span class='ocrx_word' id='word_1_748' title='bbox 3235 5225 3284 5268; x_wconf 79' lang='lat' dir='ltr'><strong>et</strong></span> <span class='ocrx_word' id='word_1_749' title='bbox 3309 5219 3562 5282; x_wconf 83' lang='lat' dir='ltr'><strong>passione</strong></span> <span class='ocrx_word' id='word_1_750' title='bbox 3591 5211 3722 5266; x_wconf 78' lang='lat' dir='ltr'><strong>salus</strong></span> 
     </span>
    </p>
   </div>
   <div class='ocr_carea' id='block_1_95' title="bbox 2149 5292 2616 5347">
    <p class='ocr_par' dir='ltr' id='par_1_95' title="bbox 2149 5292 2616 5347">
     <span class='ocr_line' id='line_1_95' title="bbox 2149 5292 2616 5347; baseline -0.004 -1"><span class='ocrx_word' id='word_1_751' title='bbox 2149 5304 2332 5347; x_wconf 86' lang='lat' dir='ltr'><strong>nostra</strong></span> <span class='ocrx_word' id='word_1_752' title='bbox 2357 5292 2616 5345; x_wconf 80' lang='lat' dir='ltr'><strong>consistit.</strong></span> 
     </span>
    </p>
   </div>
   <div class='ocr_carea' id='block_1_96' title="bbox 2247 5356 3196 5429">
    <p class='ocr_par' dir='ltr' id='par_1_96' title="bbox 2247 5356 3196 5429">
     <span class='ocr_line' id='line_1_96' title="bbox 2247 5356 3196 5429; baseline -0.008 -13"><span class='ocrx_word' id='word_1_753' title='bbox 2247 5364 2336 5429; x_wconf 87' lang='lat'><strong>78)</strong></span> <span class='ocrx_word' id='word_1_754' title='bbox 2376 5360 2461 5416; x_wconf 82' lang='lat' dir='ltr'><strong>Cf.</strong></span> <span class='ocrx_word' id='word_1_755' title='bbox 2487 5361 2606 5416; x_wconf 78' lang='lat' dir='ltr'><strong>Gai.</strong></span> <span class='ocrx_word' id='word_1_756' title='bbox 2637 5377 2678 5424; x_wconf 89' lang='lat' dir='ltr'><strong>I,</strong></span> <span class='ocrx_word' id='word_1_757' title='bbox 2706 5360 2774 5427; x_wconf 87' lang='lat'><strong>8;</strong></span> <span class='ocrx_word' id='word_1_758' title='bbox 2807 5358 3075 5429; x_wconf 77' lang='lat' dir='ltr'><strong>Ephes.1,</strong></span> <span class='ocrx_word' id='word_1_759' title='bbox 3103 5356 3196 5410; x_wconf 73' lang='grc'><strong>21.</strong></span> 
     </span>
    </p>
   </div>
   <div class='ocr_carea' id='block_1_97' title="bbox 2212 5423 3716 5505">
    <p class='ocr_par' dir='ltr' id='par_1_97' title="bbox 2212 5423 3716 5505">
     <span class='ocr_line' id='line_1_97' title="bbox 2212 5423 3716 5505; baseline -0.006 -19"><span class='ocrx_word' id='word_1_760' title='bbox 2212 5423 2329 5505; x_wconf 60' lang='grc' dir='ltr'><strong>(Ἠ)</strong></span> <span class='ocrx_word' id='word_1_761' title='bbox 2363 5423 2688 5505; x_wconf 67' lang='lat' dir='ltr'><strong>Timqtheus</strong></span> <span class='ocrx_word' id='word_1_762' title='bbox 2717 5423 3124 5505; x_wconf 70' lang='lat' dir='ltr'><strong>Alexandrinus</strong></span> <span class='ocrx_word' id='word_1_763' title='bbox 3161 5429 3178 5488; x_wconf 91' lang='lat'><strong>(</strong></span> <span class='ocrx_word' id='word_1_764' title='bbox 3204 5426 3257 5479; x_wconf 87' lang='lat' dir='ltr'><strong>in</strong></span> <span class='ocrx_word' id='word_1_765' title='bbox 3292 5423 3604 5505; x_wconf 49' lang='lat' dir='ltr'><strong>fragmento</strong></span> <span class='ocrx_word' id='word_1_766' title='bbox 3626 5423 3716 5505; x_wconf 45' lang='lat' dir='ltr'><strong>Syf-</strong></span> 
     </span>
    </p>
   </div>
   <div class='ocr_carea' id='block_1_98' title="bbox 2141 5496 3708 5576">
    <p class='ocr_par' dir='ltr' id='par_1_98' title="bbox 2141 5496 3708 5576">
     <span class='ocr_line' id='line_1_98' title="bbox 2141 5496 3708 5576; baseline -0.006 -16"><span class='ocrx_word' id='word_1_767' title='bbox 2141 5496 2854 5576; x_wconf 58' lang='lat' dir='ltr'><strong>riaco&#39;apud_Cnret9num,</strong></span> <span class='ocrx_word' id='word_1_768' title='bbox 2900 5517 2951 5568; x_wconf 92' lang='lat' dir='ltr'><strong>p.</strong></span> <span class='ocrx_word' id='word_1_769' title='bbox 2982 5497 3058 5576; x_wconf 53' lang='lat'><strong>42</strong></span> <span class='ocrx_word' id='word_1_770' title='bbox 3079 5515 3116 5564; x_wconf 71' lang='lat'><strong>),</strong></span> <span class='ocrx_word' id='word_1_771' title='bbox 3149 5505 3276 5576; x_wconf 76' lang='lat' dir='ltr'><strong>post</strong></span> <span class='ocrx_word' id='word_1_772' title='bbox 3302 5496 3708 5576; x_wconf 47' lang='lat' dir='ltr'><strong>Xpsoroiinlegif.</strong></span> 
     </span>
    </p>
   </div>
   <div class='ocr_carea' id='block_1_99' title="bbox 2140 5569 3710 5641">
    <p class='ocr_par' dir='ltr' id='par_1_99' title="bbox 2140 5569 3710 5641">
     <span class='ocr_line' id='line_1_99' title="bbox 2140 5569 3710 5641; baseline -0.005 -12"><span class='ocrx_word' id='word_1_773' title='bbox 2140 5577 2169 5629; x_wconf 88' lang='grc' dir='ltr'>ὃ</span> <span class='ocrx_word' id='word_1_774' title='bbox 2202 5579 2317 5629; x_wconf 75' lang='grc' dir='ltr'>ἐστι</span> <span class='ocrx_word' id='word_1_775' title='bbox 2349 5569 2515 5626; x_wconf 79' lang='grc' dir='ltr'>Θεοῦ-</span> <span class='ocrx_word' id='word_1_776' title='bbox 2554 5575 2608 5627; x_wconf 87' lang='lat' dir='ltr'><strong>in</strong></span> <span class='ocrx_word' id='word_1_777' title='bbox 2658 5572 2965 5641; x_wconf 77' lang='lat' dir='ltr'><strong>fragmento</strong></span> <span class='ocrx_word' id='word_1_778' title='bbox 3009 5570 3179 5625; x_wconf 82' lang='lat' dir='ltr'><strong>altero</strong></span> <span class='ocrx_word' id='word_1_779' title='bbox 3223 5569 3295 5639; x_wconf 83' lang='grc' dir='ltr'><strong>(ι.</strong></span> <span class='ocrx_word' id='word_1_780' title='bbox 3326 5582 3402 5632; x_wconf 90' lang='lat' dir='ltr'><strong>c.,</strong></span> <span class='ocrx_word' id='word_1_781' title='bbox 3431 5582 3489 5638; x_wconf 87' lang='lat' dir='ltr'><strong>p.</strong></span> <span class='ocrx_word' id='word_1_782' title='bbox 3517 5569 3639 5636; x_wconf 73' lang='grc'>48),</span> <span class='ocrx_word' id='word_1_783' title='bbox 3663 5569 3710 5621; x_wconf 74' lang='grc' dir='ltr'><strong>ὃς</strong></span> 
     </span>
    </p>
   </div>
   <div class='ocr_carea' id='block_1_100' title="bbox 2141 5646 2955 5788">
    <p class='ocr_par' dir='ltr' id='par_1_100' title="bbox 2141 5646 2955 5788">
     <span class='ocr_line' id='line_1_100' title="bbox 2141 5646 2443 5707; baseline -0.007 -8"><span class='ocrx_word' id='word_1_784' title='bbox 2141 5648 2258 5699; x_wconf 76' lang='grc' dir='ltr'>ἐστι</span> <span class='ocrx_word' id='word_1_785' title='bbox 2291 5646 2443 5707; x_wconf 82' lang='grc' dir='ltr'>Θεός.</span> 
     </span>
     <span class='ocr_line' id='line_1_101' title="bbox 2219 5712 2955 5788; baseline -0.005 -18"><span class='ocrx_word' id='word_1_786' title='bbox 2219 5717 2333 5788; x_wconf 74' lang='lat'><strong>(80)</strong></span> <span class='ocrx_word' id='word_1_787' title='bbox 2371 5715 2457 5770; x_wconf 79' lang='lat' dir='ltr'><strong>Cf.</strong></span> <span class='ocrx_word' id='word_1_788' title='bbox 2489 5713 2556 5770; x_wconf 91' lang='lat' dir='ltr'><strong>ad</strong></span> <span class='ocrx_word' id='word_1_789' title='bbox 2589 5712 2792 5784; x_wconf 79' lang='lat' dir='ltr'><strong>Magn.,</strong></span> <span class='ocrx_word' id='word_1_790' title='bbox 2816 5728 2866 5768; x_wconf 91' lang='lat' dir='ltr'><strong>c.</strong></span> <span class='ocrx_word' id='word_1_791' title='bbox 2903 5712 2955 5766; x_wconf 87' lang='grc'>1.</span> 
     </span>
    </p>
   </div>
  </div>
