3822 6210
443 299 556 354 779

1234 297 1322 354 AD
1349 293 1732 354 EPISTOIAS
1773 295 1832 352 S.
1865 293 2119 353 ICNATH
2160 293 2512 354 GENUINAS
2546 248 2910 355 APPENDIX.

3613 307 3706 361 781)

406 414 413 424 '
442 417 646 485 facitis,
679 426 736 472 ut
762 418 880 474 sine
908 417 1164 489 episcopo
1193 419 1326 473 nihil
1352 419 1542 490 agatis.
1580 419 1684 473 Sed
1718 429 1772 474 et
1803 422 2014 490 presby-

2138 421 2315 483 ἑστιν,
2353 421 2562 494 ὅσαπερ
2598 424 2822 487 ποιεῖτε,
2877 423 3004 478 ἀνευ
3055 424 3146 478 τοῦ
3194 425 3499 491 ἐπισκόπου
3555 429 3707 500 μηδὲν

445 513 582 566 terio
636 513 864 582 subjecti
915 520 1128 576 estote,
1179 521 1238 567 ut
1297 512 1560 582 apostolis
1604 510 1733 567 Jesu
1789 511 2021 578 Christi,

445 605 561 674 spei
595 613 825 671 nostrae;
859 604 913 658 in
943 619 1055 674 quo
1085 603 1348 667 viventes,
1394 605 1448 658 in
1496 604 1616 674 ipso
1655 605 2018 659 inveniemur.

440 695 666 767 Oportet
701 707 882 752 autem
914 705 969 750 et
995 697 1256 751 diaconos
1300 696 1693 767 ministrosque
1737 698 2022 769 mysterio—

441 804 566 843 rum
599 787 728 844 Jesu
774 789 975 844 Christi
1023 788 1172 842 omni
1215 787 1380 842 modo
1419 789 1664 858 placere;
1709 804 1818 843 non
1874 790 2019 844 enim

443 885 691 939 ciborum
716 893 769 938 et
797 893 1022 953 potuum
1057 882 1292 938 ministri
1321 891 1472 946 sunt,
1502 883 1595 939 sed
1641 883 1894 940 Ecclesiae
1924 883 2019 939 Dei

441 977 700 1032 ministri.
751 975 979 1046 Oportet
1019 976 1184 1046 igitur
1223 984 1282 1029 ut
1323 975 1427 1030 sibi
1455 987 1684 1031 caveant
1711 993 1741 1031 a
1771 977 2016 1032 crimini-

438 1069 576 1125 bus.
615 1078 876 1139 tanquam
933 1069 1002 1123 ab
1059 1069 1180 1139 igne
1230 1077 1440 1124 urente.
1493 1067 1602 1137 Ipsi
1650 1068 1832 1138 itaque
1883 1071 2020 1125 tales

442 1162 575 1216 sint.

515 1335 600 1390 ΙΙΙ.
630 1337 701 1391 At
745 1353 840 1392 vos
889 1338 1211 1392 reveremini
1255 1337 1399 1402 illos,
1443 1345 1702 1407 tanquam
1732 1337 2015 1396 Christum

439 1431 648 1497 Jesum,
697 1431 855 1501 cujus
888 1429 1078 1485 vicarii
1129 1440 1287 1494 sunt;
1337 1436 1397 1483 ut
1445 1440 1498 1483 et
1541 1429 1832 1499 episcopus
1858 1437 2018 1500 typus

447 1525 538 1578 Dei
571 1522 748 1578 Patris
781 1522 1028 1577 omnium
1058 1531 1178 1583 est;
1213 1521 1511 1592 presbyteri
1542 1535 1692 1585 vero,
1716 1521 1860 1576 sicut
1886 1535 2020 1576 con-

441 1630 626 1670 sessus
656 1614 770 1682 Dei,
797 1624 851 1670 et
879 1614 1192 1684 conjunctio
1227 1613 1596 1683 apostolorum
1629 1613 1853 1669 Christi.
1888 1611 2019 1669 Sine

442 1708 530 1762 his
552 1706 796 1763 Ecclesia
828 1706 1000 1760 electa
1031 1721 1137 1759 non
1170 1713 1275 1768 est,
1312 1720 1418 1758 non
1448 1711 1762 1758 sanctorum
1793 1718 2020 1774 congre-

441 1802 622 1871 gatio,
657 1815 763 1854 non
798 1807 1112 1854 sanctorum
1162 1796 1428 1851 collectio.
1465 1793 1804 1868 Persuasum
1835 1803 2016 1850 autem

443 1894 640 1957 habeo,
687 1901 742 1947 et
786 1906 884 1947 vos
930 1905 997 1945 eo
1040 1889 1226 1945 animo
1270 1887 1496 1944 aﬂ‘ectos
1537 1903 1678 1944 esse.
1728 1887 2019 1958 Exemplar

440 1988 587 2043 enim
617 1985 904 2041 charitatis
939 1993 1130 2038 vestra:
1159 1983 1342 2052 accepi
1365 2022 1380 2044 ,
1409 1990 1464 2036 et
1493 1995 1705 2035 mecum
1738 1979 1932 2046 habeo,
1963 1982 2018 2034 in

441 2081 698 2150 episcopo
737 2086 954 2142 vestro;
1006 2074 1168 2145 cujus
1219 2075 1334 2145 ipse
1365 2074 1582 2128 habitus
1620 2088 1816 2144 magna
1846 2072 2015 2128 disci—

443 2170 589 2238 plina
609 2175 715 2233 est,
739 2165 1103 2220 mansuetudo
1132 2173 1311 2219 autem
1343 2163 1516 2235 ipsius
1548 2163 1824 2234 potentia;
1855 2178 2016 2233 quem

439 2271 495 2315 et
525 2259 720 2330 impios
751 2257 984 2312 revereri
1015 2256 1293 2311 existimo.
1325 2255 1460 2323 Quia
1495 2255 1660 2326 diligo
1705 2269 1825 2319 vos,
1857 2269 2021 2324 parco

440 2351 754 2408 contentius
778 2349 932 2404 vobis
973 2347 1234 2413 scribere,
1269 2362 1338 2402 ne
1381 2347 1656 2418 aliquibus
1683 2347 1869 2401 videar
1897 2361 2020 2402 esse

442 2459 623 2515 asper,
660 2451 755 2497 aut
791 2439 1148 2496 insuillciens.
1182 2435 1412 2497 Vinctus
1466 2457 1590 2496 sum
1621 2439 1840 2510 quidem
1885 2454 2017 2509 pro-

442 2547 560 2609 pter
584 2536 887 2602 Christum,
916 2534 1010 2590 sed
1065 2533 1296 2588 necdum
1345 2533 1568 2588 Christo
1611 2533 1809 2603 dignus
1847 2547 1966 2586 sum
2002 2549 2016 2585 :

442 2634 490 2687 si
519 2645 648 2686 vero
679 2644 1053 2697 consummer,
1093 2628 1339 2684 fortassis
1378 2627 1578 2698 dignus
1608 2627 1783 2682 fuero.
1810 2624 1929 2681 Non
1959 2635 2020 2682 ut

440 2721 722 2793 apostolus
756 2719 1028 2790 praecipio.

512 2837 559 2870 “
589 2837 661 2892 al.
693 2834 1122 2890 ὑποτάσσεσθαι.
1202 2836 1248 2868 ⁸⁸
1271 2835 1344 2889 al.
1375 2833 1591 2898 αὐτούς.

513 2954 627 3024 (24)
665 2953 1140 3010 Ὑποτάσσεσθε.
1186 2952 1264 3008 Ita
1317 2969 1383 3009 ex
1427 2953 1726 3008 Moreliana
1773 2953 2016 3024 editione

440 3023 823 3096 reposuimus,
861 3040 986 3079 cum
1020 3025 1140 3078 aliae
1171 3025 1425 3090 habeant,
1457 3023 1878 3096 ὑποτάσσεσθαι.
1907 3024 2018 3078 Νο-

441 3093 654 3151 hiscum
685 3096 960 3150 consentit
1001 3106 1228 3164 uterque
1271 3105 1427 3150 vetus
1455 3093 1680 3150 Latinus
1721 3096 2012 3164 interpres.

439 3167 746 3221 Antiochus
783 3175 966 3220 tamen
1014 3165 1204 3220 homil.
1240 3163 1362 3232 124,
1401 3164 1569 3233 priori
1614 3165 1776 3220 modo
1822 3163 2017 3235 legisse

440 3236 684 3300 videtur,
716 3237 789 3290 ita
822 3236 999 3290 locum
1024 3237 1186 3290 istum
1219 3236 1456 3290 recitans
1483 3253 1496 3289 :
1531 3235 1850 3303 ’Λναγκαῑόν
1869 3238 2016 3290 ἐστιν

441 3305 842 3387 ὑποτάσσεσθαι
860 3306 982 3386 ,καὶ
1008 3305 1096 3387 τῷ.
1117 3304 1493 3387 πριεσδυτερίῳ
1515 3343 1558 3387 ,ν
1581 3305 1658 3368 ὡς
1699 3305 2018 3370 ἀποστόλοις

440 3375 619 3448 Ἰησοῦ
650 3375 889 3448 Χριστοῦ
923 3375 1022 3448 τῆς
1052 3373 1265 3448 ἐλπίδος
1298 3373 1475 3448 ἡμῶν.
1515 3373 1709 3448 Uusszu.

509 3444 625 3518 (25)
661 3444 761 3500 Δεῖ
786 3444 988 3518 eam
1013 3446 1153 3518 τοὺς
1183 3444 1496 3518 διακόνους
1547 3445 1728 3518 ὄντας
1781 3463 2014 3518 μυστη-

433 3515 583 3589 ρίων
607 3515 881 3589 Χριστοῦ
927 3516 1147 3589 Ἰησοῦ,
1195 3516 1342 3569 κατὰ
1366 3515 1584 3589 Δπάντα
1625 3517 1844 3583 τρόπον
1886 3516 2017 3584 ἀρέ-

438 3584 635 3644 ina-2w.
664 3584 945 3656 Anglican.
977 3586 1268 3641 similiter:
1301 3605 1318 3636 ι
1357 3584 1583 3652 Oportet
1608 3595 1786 3656 autem
1819 3597 1873 3640 et
1899 3589 2017 3640 dia-

441 3673 633 3724 conos,
659 3655 939 3712 ministros
967 3658 1291 3714 exsistentes
1313 3657 1695 3727 mysteriorum
1714 3655 1842 3710 Jesu
1859 3658 2017 3711 Chri-

441 3731 533 3795 sti,
568 3729 866 3783 secundum
914 3742 1131 3781 onmem
1177 3727 1399 3781 modum
1435 3727 1690 3780 omnibus
1719 3727 1959 3796 placere;
1992 3745 2010 3778 ι

441 3800 632 3853 eodem
660 3799 819 3866 plane
849 3797 1013 3851 modo
1055 3812 1166 3866 quo
1208 3796 1349 3866 apud
1398 3797 1760 3860 Antiochum,
1795 3797 1848 3850 in
1894 3797 2016 3852 loco

441 3869 631 3931 citato.
658 3867 852 3938 legitur
885 3886 898 3921 :
929 3867 1068 3920 κατὰ
1085 3868 1260 3921 πάντα
1290 3867 1490 3938 τρόπον
1524 3867 1688 3938 πᾶσιν
1735 3867 2011 3938 ἀρέσκειν,

442 3953 568 3992 cum
593 3936 747 3993 vetus
775 3938 1027 4007 vulgatus
1057 3936 1346 4007 interpres,
1372 3952 1436 3991 ac
1462 3938 1508 3991 si
1537 3936 1820 4007 διακόνοις
1837 3939 1890 3991 in
1915 3940 2015 3992 da—

443 4009 556 4063 tivo
582 4006 980 4079 casulegisset,
1013 4006 1214 4079 locum
1244 4007 1317 4061 ita
1365 4007 1658 4079 reddiderit
1689 4024 1704 4061 :
1735 4025 1755 4079 ι
1791 4006 2016 4079 Oportet

443 4093 574 4148 ergo
607 4086 662 4132 et
688 4076 956 4143 diaconis,
985 4078 1078 4148 qui
1108 4087 1233 4148 sunt
1264 4078 1317 4131 in
1346 4076 1708 4148 ministerium
1738 4078 1842 4148 (vel
1869 4078 2016 4148 rmi-

446 4146 626 4212 nistri,
661 4167 679 4200 ι
710 4158 772 4204 ιιι
804 4149 964 4204 habet
986 4146 1089 4202 ms.
1121 4147 1573 4217 Magdalenensis)
1615 4146 1744 4217 .Iesu
1785 4146 2012 4212 Christi,

444 4220 594 4273 omni
624 4219 750 4289 (vel,
784 4239 801 4268 ι
842 4219 893 4272 in
942 4219 1112 4286 omni,
1136 4239 1170 4289 in
1207 4228 1265 4273 ut
1293 4218 1493 4272 habent

443 4288 790 4376 Inss.‘2\m2do
818 4290 1048 4376 placere.
1083 4307 1102 4340 ι
1133 4288 1209 4366 ID2

515 4356 626 4428 (26)
673 4356 919 4426 Βρωέῶν
951 4357 1048 4412 καὶ
1069 4358 1287 4412 ποτῶν.
1334 4356 1670 4412 Antiochus:
1705 4356 2012 4428 βρωμάτων

515 4429 538 4480 ὶ
571 4429 847 4480 πομάτων.
881 4427 951 4480 ID.

571 4435 847 4482 πομάτων.
882 4435 951 4480 ID.

521 4446 538 4480 ι
571 4446 847 4499 ποματων.
882 4446 951 4480 ιυ.

515 4499 629 4568 (27)
653 4499 798 4552 Δέον
837 4495 952 4554 οὖν
989 4496 1186 4553 αὐτῶν
1215 4498 1288 4551 τὰ
1328 4497 1672 4568 ἐγκλήματα
1717 4497 2010 4568 φυλάττε-

439 4573 602 4633 σθαι,
635 4570 715 4634 ὡς
746 4569 865 4638 πῦρ
895 4569 1139 4638 φλέγον.
1189 4568 1263 4622 lta
1305 4570 1476 4623 codex
1526 4571 1907 4639 Augustanus,
1957 4579 2012 4623 et

441 4649 599 4694 vetus
650 4639 904 4709 vulgatus
951 4641 1240 4708 interpres,
1283 4639 1375 4708 qui
1408 4644 1487 4692 sic
1515 4642 1675 4694 vertit
1702 4658 1715 4693 :
1743 4660 1760 4691 ι
1786 4639 2012 4708 Oportet

441 4725 572 4780 ergo
600 4717 867 4780 praecepta
897 4724 1082 4780 eorum
1109 4711 1420 4774 observare,
1444 4709 1588 4763 sicut
1616 4711 1793 4778 ignem
1815 4710 2012 4763 arden-

443 4778 574 4850 tem.
615 4799 633 4830 ι
660 4779 729 4834 At
757 4778 925 4850 codex
953 4778 1401 4850 Nydpruccianus
1433 4793 1529 4850 pro
1581 4780 1780 4850 αὑτῶν,
1808 4781 2012 4836 rectius

445 4849 607 4918 habet
635 4848 833 4913 αὐτούς
868 4867 881 4903 :
918 4847 1086 4918 cujus
1102 4847 1693 4905 sententiam'Joannes
1734 4849 2010 4906 Brunerus

441 4917 638 4974 Latine
689 4922 764 4973 ita
816 4917 1174 4989 expressius
1228 4918 1376 4985 Quos
1427 4919 1647 4989 quidem
1699 4921 1835 4974 tales
1888 4935 2012 4975 esse

441 4997 681 5060 oportet,
708 4990 801 5059 qui
829 5006 859 5043 a
889 4989 1308 5060 reprehensione
1332 4989 1434 5044 sibi
1468 4998 1727 5059 tanquam
1757 4991 2012 5045 incendio

442 5069 690 5114 caveant.
725 5079 744 5110 ι
773 5060 856 5113 Ab
882 5059 1151 5113 Antiocho
1179 5074 1308 5113 vero
1337 5060 1515 5113 locum
1548 5062 1690 5114 hunc
1709 5065 1760 5114 in
1788 5060 2010 5116 modum

484 5131 769 5185 roductum
807 5130 1112 5200 invenimus
1141 5147 1154 5182 :
1180 5129 1307 5183 Δέον
1352 5125 1446 5200 οῦν
1484 5130 1632 5184 ἐστιν
1670 5131 1867 5194 αὑτοὺς
1912 5149 2012 5200 φυ-

437 5198 736 5272 λάσσεσθαι
768 5199 836 5272 τά
865 5198 1188 5272 ἐγκλήματα
1219 5200 1295 5272 ὡς
1327 5199 1469 5272 πῦρ;
1511 5203 1786 5270 quomodo
1810 5211 1864 5255 et
1906 5198 2010 5272 no-

442 5285 619 5327 strum
642 5269 836 5341 lgngatii
863 5271 1209 5338 interpretem
1236 5269 1430 5341 legisse
1453 5269 1697 5340 apparet,
1729 5287 1854 5326 cum
1882 5271 2010 5326 red-

443 5343 583 5397 didit
608 5360 622 5396 :
659 5337 693 5393 ι’
716 5337 1098 5410 Opportunum
1129 5337 1315 5411 igitur,
1335 5357 1434 5396 vos
1462 5337 1756 5411 observare
1783 5357 2012 5397 accusa-

446 5413 644 5479 tiones,
693 5420 757 5466 ut
810 5414 1018 5482 ignem;
1083 5429 1102 5462 ι
1153 5410 1242 5466 ubi
1283 5411 1605 5482 glossator:
1651 5431 1671 5464 ι
1710 5410 2012 5467 Observare

443 5482 848 5548 accusationes,
879 5500 898 5532 ι
931 5480 1382 5552 interpretatur”
1416 5484 1709 5552 observare
1735 5498 1794 5538 se
1821 5483 1891 5537 ab
1921 5498 2013 5538 ac-

435 5552 839 5675 liizgsaltlionibus,
881 5559 942 5607 ut
969 5553 1039 5607 ab
1068 5551 1212 5624 igne.
1254 5572 1272 5604 ι
1304 5551 1439 5608 Vide
1467 5551 1846 5624 Prolegomen.
1886 5568 2009 5624 cap.

499 5695 610 5760 (28)
632 5699 953 5778 ᾼιὶντοὶ-μὲν
975 5700 1090 5778 013]-
1102 5704 1390 5778 ἔστωσαν
1422 5708 1696 5774 τοιοῦτοι,
1735 5725 1904 5778 usque
1927 5709 1993 5764 ad

427 5759 786 5821 ἀποστόλων
806 5759 1079 5834 Χριστοῦ.
1102 5774 1204 5832 Pro
1231 5777 1336 5840 his.
1354 5759 1994 5835 ΑῐιῑῖιιιῑίιιιεὟίιιιιίιῖιῦ-Ιῆιἰ

443 4446 514 4482 κα

1683 2835 1730 2866 ⁹⁶
1764 2834 1834 2889 al.
1868 2835 2041 2904 ἀγιον.

2131 512 2393 581 πράττειν
2455 514 2620 584 ὑμᾶς.
2679 513 2812 567 Ἀλλ’
2868 515 3238 570 ὑποτάσσεσθε
3268 517 3310 549 ’⁸
3345 519 3460 589 (24)
3511 520 3608 573 καὶ

2126 603 2527 676 πρεσϐυτερίῳ,
2557 605 2634 668 ὡς
2660 605 2978 687 ἀποστόλοις
3015 607 3188 679 Ἰησοῦ
3220 609 3458 682 Χριστοῦ
3496 612 3598 681 τῆς
3633 613 3709 664 ἐλ-

2125 693 2280 757 πίδος
2305 694 2482 766 ήμῶν,
2507 696 2565 748 ὲν
2598 690 2644 764 ᾧ
2669 696 2967 765 διάγοντες,
2998 699 3057 751 ἐν
3092 698 3244 770 αὑτῷ
3273 701 3705 774 εὑρεθησόμεθα.

2123 785 2215 836 Δεῖ
2247 784 2304 838 δὲ
2326 787 2422 840 καὶ
2448 787 2575 850 τοὺς
2605 785 2889 852 διακόνους
2921 787 3084 853 ὄντας
3121 793 3437 864 μυστηρίων
3473 791 3706 868 Χριστοῦ

2137 876 2334 946 Ἰησοῦ,
2369 879 2510 934 κατά
2559 880 2739 934 πάντα
2785 881 2986 951 τρόπον
3028 883 3282 954 ἀρέσκειν
3327 883 3464 955 (25)·
3513 888 3576 940 οὑ
3607 889 3708 957 γάρ

2123 966 2350 1038 βρωτῶν
2383 972 2480 1025 καὶ
2511 969 2696 1024 ποτῶν
2731 970 2840 1042 (26)
2881 974 2990 1026 εἱσι
3027 972 3302 1040 διάκονοι,
3331 975 3449 1028 ἀλλ’
3489 977 3706 1050 Ἐκκλη-

2124 1061 2247 1126 σίας
2287 1059 2425 1114 Θεοῦ
2471 1060 2766 1132 ὑπηρέται.
2799 1060 2928 1114 Δέον
2963 1057 3056 1116 οὖν
3100 1063 3281 1117 αὐτῶν
3314 1065 3361 1110 ’β
3404 1065 3476 1119 τὰ
3524 1067 3709 1136 ἐγκλήο

2125 1172 2270 1225 ματα
2303 1152 2702 1222 φυλάττεσθαι,
2735 1153 2811 1217 ὡς
2843 1153 2955 1226 πῦρ
2999 1155 3197 1225 φλέγον
3235 1157 3371 1230 (27)·
3422 1158 3585 1212 αὐτοὶ
3615 1159 3708 1229 μιν

2120 1243 2213 1302 οῦν
2246 1247 2491 1300 ἔστωσαν
2519 1246 2750 1300 τοιοῦτοι
2785 1245 2916 1319 (28).

2196 1341 2288 1393 lll.
2331 1340 2518 1410 Ὑμεῖς
2543 1339 2599 1391 δὲ
2627 1340 2954 1410 ὲντρέπεσθε
2983 1342 3180 1406 αὑτοὺς
3209 1341 3284 1407 ὡς
3320 1345 3564 1416 Χριστὸν
3604 1343 3704 1417 Ίη-

2126 1431 2274 1493 σοῦν,
2309 1425 2370 1484 οὑ
2401 1431 2642 1501 φύλακές
2665 1434 2771 1486 εἰσι
2792 1433 2883 1487 τοῦ
2911 1435 3096 1488 τόπου’
3120 1435 3194 1501 ὡς
3218 1437 3311 1490 καὶ
3331 1437 3362 1489 ὁ
3386 1438 3706 1504 ἐπίσκοπος,

2120 1524 2212 1577 τοῦ
2246 1525 2460 1594 Πατρὸς
2492 1524 2600 1576 τῶν
2626 1523 2764 1577 ὅλων
2785 1527 2954 1591 τύπος
2991 1527 3244 1600 ὑπάρχει·
3279 1530 3327 1583 οἱ
3367 1531 3425 1584 δὲ
3468 1533 3708 1603 πρεσϐύ-

2118 1632 2285 1687 τεροι,
2316 1615 2392 1678 ὡς
2435 1616 2709 1687 συνέδριον
2740 1616 2896 1681 Θεοῦ,
2937 1619 3030 1671 καὶ
3063 1619 3354 1691 σύνδεσμος
3388 1623 3708 1677 ἀποστόλων

2121 1707 2379 1780 Χριστοῦ.
2443 1710 2627 1779 Χωρὶς
2700 1710 2904 1764 τούτων
2959 1711 3251 1784 Ἐκκλησία
3310 1713 3550 1786 suam;
3610 1717 3708 1770 οὐκ

2121 1801 2266 1854 ἐστιν
2302 1801 2435 1870 (29),
2469 1802 2529 1854 οὑ
2568 1802 2938 1875 πνάθροισμα
2983 1805 3155 1873 ἁγίων
3195 1805 3262 1870 ⁸⁸,
3301 1807 3363 1860 οὑ
3414 1810 3710 1879 συναγωγὴ

2117 1893 2297 1947 ὁσίων.
2331 1893 2640 1964 Πέπεισμαι
2670 1895 2726 1948 δὲ
2759 1896 2853 1949 καὶ
2898 1897 3041 1967 ὑμᾶς
3073 1897 3216 1951 οὕτω
3257 1898 3590 1955 διακεῖσθαι.
3638 1901 3710 1954 Τὸ

2120 1984 2230 2056 γάρ
2250 1984 2612 2056 ὲξεμπλάριον
2636 1987 2734 2058 τῆς
2758 1987 2979 2058 ἀγάπης
3004 1987 3115 2059 (50)
3138 1989 3182 2020 ’⁷
3219 1988 3433 2050 ἔλαϐον,
3464 1993 3564 2044 καὶ
3603 1991 3712 2062 ἔχω

2126 2075 2241 2145 μετ’
2264 2073 2523 2145 ἐμαυτοῦ,
2549 2076 2606 2127 ὲν
2637 2074 2715 2145 τῷ
2733 2075 3020 2148 ὲπισκόπῳ
3048 2075 3221 2147 ὑμῶν
3251 2069 3310 2130 οὗ
3334 2077 3469 2130 αὐτὸ
3502 2077 3569 2130 τὸ
3605 2095 3708 2131 κα-

2121 2164 2375 2235 τάστημα
2406 2163 2615 2235 μεγάλη
2642 2165 2929 2236 μαθητεία,
2968 2167 3000 2237 ἡ
3030 2165 3088 2220 δὲ
3125 2166 3368 2238 πραότης
3403 2166 3575 2221 αὑτοῦ
3621 2167 3708 2221 δύο

2123 2275 2286 2328 ναμις
2326 2256 2440 2328 (51)
2485 2257 2542 2310 ὃν
2574 2257 2619 2288 ⁸⁸
2646 2257 2931 2328 λογίζομαι
2966 2257 3078 2328 (52)
3109 2259 3200 2311 καὶ
3240 2259 3367 2322 τοὺς
3395 2259 3597 2323 ἀθέους
3626 2262 3711 2312 ὲν-

2119 2351 2436 2424 τρέπεσθαι.
2495 2351 2750 2419 Ἀγαπῶν
2783 2350 2961 2420 ὑμᾶς,
3006 2349 3257 2420 φείδομαι
3306 2349 3712 2421 συντονώτερον

2119 2443 2438 2506 ἐπιστεῖλαι,
2485 2443 2569 2496 ἵνα
2618 2443 2692 2514 μὴ
2741 2441 2880 2508 δόξω
2927 2441 3068 2494 τισὶν
3116 2437 3254 2494 εἶναι
3298 2443 3646 2513 προσάντης,
3674 2441 3708 2511 ἢ

2117 2533 2357 2604 ἐπιδεὴς.
2394 2533 2623 2604 Δέδεμαι
2654 2533 2750 2603 μὲν
2776 2530 2864 2585 διὰ
2898 2530 3152 2602 Χριστὸν,
3191 2529 3304 2584 ἀλλ’
3325 2531 3546 2584 οὐδέπω
3572 2533 3707 2602 Χρι-

2120 2626 2244 2680 στοῦ
2271 2626 2416 2693 ἄξιός
2452 2627 2584 2696 εἰμι’
2627 2624 2721 2678 ἐὰν
2761 2624 2817 2678 δὲ
2856 2624 3148 2689 τελειωθῶ,
3191 2625 3331 2695 τάχα
3375 2625 3707 2696 γενήσομαι.

2047 2723 2090 2780 C
2122 2719 2234 2788 Οὑχ
2253 2717 2328 2782 ὡς
2351 2717 2642 2781 ἀπόστολος
2665 2717 3042 2787 διατάσσομαι.

2121 2838 2163 2868 ⁸⁷
2189 2839 2356 2892 inser.
2395 2835 2568 2907 ὑμῶν.
2643 2836 2689 2869 ⁸³
2711 2837 2782 2891 al.
2811 2838 2898 2907 ἦν.

2121 2957 2207 3009 hct
2235 2975 2248 3010 :
2290 2955 2519 3027 Ὁμοίως
2545 2955 2746 3027 πάντες
2777 2955 3223 3027 ἐντρεπέσθωσαν
3257 2955 3385 3018 τοὺς
3417 2953 3706 3020 διακόνους

2117 3027 2192 3098 ὡς
2224 3025 2429 3098 Ἰησοῦν
2450 3026 2715 3098 ΑΧριστὸνμ,
2751 3026 2844 3098 καὶ
2875 3025 2965 3079 τὸν
3000 3028 3301 3098 ἐπίσκοπον
3335 3027 3414 3089 ὡς
3461 3027 3559 3080 τὸν
3593 3029 3707 3082 Ila.

2117 3095 2417 3169 τέραετοὺς
2444 3095 2501 3169 δέ
2516 3095 2936 3169 ’πρεσβυτέρους
2981 3097 3057 3160 ὡς
3102 3097 3376 3169 συνέδριον
3410 3098 3575 3162 Θεοῦ,
3610 3099 3706 3153 καὶ

2116 3166 2193 3230 ὡς
2207 3167 2422 3238 δεσμὸν
2471 3166 2784 3220 ἀποστόλων
2802 3166 2819 3229 ;’
2865 3176 2920 3221 et
2955 3180 3136 3221 noster
3175 3166 3364 3236 lgn'atii
3402 3170 3702 3238 interpres,

2116 3237 2306 3312 eodem
2343 3237 2454 3312 fere
2482 3238 2645 3312 modo
2675 3255 2687 3290 :
2723 3238 2824 3292 nisi
2862 3238 3009 3312 quod
3038 3237 3575 3312 verborujnaliquot
3601 3242 3702 3293 ad-

2111 3307 2347 3376 jectione
2372 3307 2528 3361 locus
2557 3308 2804 3361 videatur
2836 3309 3060 3362 vitiatus
3091 3327 3104 3361 :
3138 3329 3156 3359 ι
3191 3307 3467 3362 Similiter
3497 3320 3555 3362 et
3581 3326 3702 3363 om-

2117 3393 2214 3432 nes
2244 3387 2594 3432 revereantur
2627 3378 2886 3433 diaconos
2930 3389 2988 3431 ut
3013 3380 3324 3432 mandatum
3375 3377 3510 3435 Jesu
3541 3379 3704 3434 Chri-

2116 3448 2215 3514 sti;
2245 3457 2299 3502 et
2321 3449 2636 3517 episcopum
2657 3490 2672 3513 ,
2702 3459 2758 3501 ut
2785 3447 2972 3502 Jesum
3006 3448 3282 3502 Christum
3313 3450 3701 3514 (exsistenteni

2115 3517 2312 3589 Filium
2367 3517 2600 3587 Patris);
2659 3520 3004 3589 presbyteros
3061 3529 3265 3582 autem,
3305 3529 3364 3572 ut
3391 3521 3701 3575 concilium

2120 3587 2210 3660 Dei
2245 3598 2298 3642 et
2334 3587 2775 3656 conjunctionem
2803 3587 2930 3658 (vel,
2973 3598 3031 3642 ut
3060 3589 3198 3644 liber
3223 3589 3703 3660 Cantabrigiensis

2117 3657 2298 3721 habet,
2322 3660 2788 3726 connminionem)
2814 3657 3235 3728 apostolorum;
3274 3677 3292 3709 ι
3325 3661 3478 3728 quod
3502 3657 3699 3728 ipsum

2116 3729 2182 3800 de
2215 3729 2462 3783 diaconis
2505 3730 2644 3800 idem
2693 3731 2857 3782 etiam
2901 3730 2955 3782 in
2997 3729 3238 3800 Epistola
3279 3729 3349 3782 ad
3388 3728 3702 3800 Smyrna-os

2117 3797 2188 3851 ita
2229 3800 2468 3867 repetit:
2502 3819 2519 3848 ι
2558 3797 2828 3853 Diaconos
2880 3797 3060 3854 autem
3110 3801 3433 3854 revereinini
3490 3797 3560 3855 ut
3606 3801 3700 3856 Dei

2117 3871 2454 3941 mandatum.
2488 3889 2506 3920 ι
2545 3868 2684 3941 Vid.
2710 3869 2872 3941 infra,
2905 3877 2958 3923 et
2995 3869 3052 3941 in
3093 3869 3266 3941 Epist.
3299 3879 3367 3922 ad
3395 3870 3622 3941 Smyrn.
3647 3884 3703 3928 ct

2115 3936 2492 4008 Prolegonien.
2522 3955 2640 4007 cap.
2669 3939 2736 3992 l8
2766 3950 2819 3992 et
2846 3955 2968 4008 cap.
2997 3939 3085 3994 10.
3111 3936 3185 3993 In.

2187 4008 2296 4078 (29)
2349 4010 2533 4076 Χωρὶς
2583 4011 2808 4062 τούτων
2842 4011 3194 4080 ,Ἐκκλησία
3261 4010 3522 4080 ἐκλεκτὴ
3589 4013 3702 4065 οὐκ

2114 4078 2301 4152 ἐστιν.
2331 4081 2632 4135 Antiochus
2651 4097 2675 4152 _:
2710 4079 2893 4152 Χωρὶς
2917 4078 3119 4134 τούτων
3161 4080 3456 4150 Ἐκκλησία
3488 4078 3556 4134 οὑ
3600 4099 3704 4135 κα-

2115 4147 2306 4221 λεῖται,
2354 4159 2409 4203 et
2435 4158 2620 4205 noster
2651 4147 2843 4220 Ignatii
2883 4151 3152 4221 interpres
3184 4170 3198 4206 :
3230 4170 3249 4200 ι
3292 4147 3425 4205 Sine
3465 4153 3562 4205 his
3595 4152 3702 4206 Ec-

1574 4233 1643 4272 uo
1672 4216 2011 4273 Oxonienses
2041 4223 2086 4278 D
2115 4220 2280 4292 clesia
2314 4235 2421 4274 non
2466 4216 2720 4292 vocatur,
2759 4239 2793 4292 »ν
2817 4216 3043 4276 omissis
3074 4221 3432 4292 sequentibus
3484 4223 3600 4278 illis
3631 4241 3646 4274 :
3676 4226 3707 4277 ὁ

2117 4289 2486 4362 συναθροισμα
2535 4289 2682 4362 ἀγών
2731 4291 2834 4362 (sic
2879 4292 3026 4345 enim
3061 4289 3191 4362 legit
3237 4290 3707 4362 Nydpruecianus

2109 4360 2476 4481 23:11:33,130“
2532 4360 2659 4428 ἆγι,
2705 4371 2766 4415 ιιι
2809 4360 3227 4433 Augustanns),
3272 4360 3334 4414 οὑ
3361 4360 3706 4435 συναγωγὴ

2143 4438 2289 4482 σίων.
2335 4438 2390 4476 ID

2183 4499 2294 4571 (50)
2339 4499 2766 4571 Ἑξεμπλάριον
2798 4500 2907 4570 τῆς
2947 4502 3204 4571 ἀγάπης.
3243 4500 3359 4558 Hoc
3398 4505 3706 4568 vocabulo,

2111 4585 2140 4622 a
2174 4569 2656 4646 Latinis-accepto.
2689 4588 2822 4626 usus
2854 4569 3212 4646 estglgnatius
3247 4589 3437 4646 supra,
3455 4575 3534 4646 _in
3565 4576 3706 4646 Epi-

2111 4639 2254 4715 stolg
2277 4641 2346 4692 ad
2377 4637 2659 4715 Ephesios;
2696 4651 2754 4695 ut
2777 4652 2831 4696 et
2877 4637 3018 4696 infra
3070 4637 3708 4715 quoquefinﬁEpistola

2111 4711 2180 4786 ᾳιι
2215 4708 2534 4778 Smyrnwos.
2549 4710 2633 4786 _Ex
2650 4723 2906 4786 utroque
2922 4728 3050 4786 vero
3076 4708 3372 4786 interprete
3399 4708 3706 4786 legendum

2113 4779 2484 4854 hic_appar_et:
2506 4781 2611 4854 τῆς
2638 4779 3060 4854 ἁγάπήςὺμῶν,
3095 4783 3171 4836 ID.
3221 4779 3237 4783 “
3454 4779 3468 4795 "

2182 4846 2416 4926 (ζιῇὈῦ
2450 4846 2594 4926 αὐτὸ
2623 4846 2697 4926 τό
2729 4846 3079 4926 κατάστημα
3102 4855 3337 4926 μεγάλη
3374 4859 3707 4926 mantela,

2112 4919 2153 4993 ᾐ
2197 4919 2574 4993 δὲμπςραότης
2619 4923 2806 4976 αὐτοῦ
2851 4919 3124 4993 δύνᾰμιςζ
3179 4919 3265 4977 Jo.
3316 4919 3707 4984 Damascenus

2114 4989 2372 5064 quallel.
2418 4993 2510 5045 lib.
2560 5006 2657 5056 ιιι,
2711 5009 2830 5062 cap.
2871 4993 2941 5046 50
2967 4989 3097 5059 {ex
3130 4993 3339 5064 Ignatio
3372 4999 3510 5051 citat
3541 4998 3650 5053 ista
3690 5019 3706 5053 :

2118 5077 2136 5110 ι
2171 5058 2396 5116 Juvenis
2428 5072 2746 5118 mansuetus
2777 5058 2948 5117 inulta
2969 5058 3184 5118 suﬂert.
3217 5064 3464 5122 Canities
3497 5084 3706 5123 senum

2111 5131 2397 5208 clementia
2433 5148 2452 5208 :_
2477 5132 2582 5186 vita
2597 5141 2795 5208 _au_tem
2829 5150 3018 5208 eorum
3041 5135 3284 5208 cognitio
3309 5152 3482 5208 vera;
3518 5157 3538 5189 ι
3575 5155 3706 5208 quae

2111 5201 2167 5254 in
2192 5203 2393 5256 nostris
2434 5195 2731 5264 lgnatlanis
2760 5219 2866 5258 non
2919 5195 3225 5258 invenimus
3257 5222 3271 5258 :
3302 5207 3407 5262 nisi
3436 5195 3706 5264 fortassis

2112 5271 2164 5348 in
2199 5271 2302 5326 hoc
2350 5270 2752 5348 Trallianorum
2800 5273 3048 5348 episcopi
3084 5279 3341 5332 encomio
3367 5279 3598 5348 aliquod
3631 5282 3704 5332 il-

2110 5341 2288 5396 lorum
2325 5344 2684 5398 animadverti
2713 5341 2887 5409 possit
2918 5341 3204 5415 vestigium
3229 5387 3244 5410 ,
3279 5349 3368 5401 cui
3405 5341 3701 5404 addendos

2119 5425 2172 5468 et
2197 5415 2348 5502 locus
2365 5417 2497 5502 iste,
2529 5416 2927 5502 Sapientim‘lv.’
2950 5420 3005 5484 8,
3092 5437 3106 5471 :
3139 5421 3309 5502 Πολιά
3337 5423 3395 5502 δέ
3425 5428 3547 5502 scr-5}
3576 5431 3706 5502 φρό-

2119 5502 2270 5566 νησις
2293 5485 2620 5566 ἀνθρώποις,
2658 5487 2751 5540 καὶ
2778 5487 2963 5566 ἡλικία
2990 5491 3176 5566 γήρως
3205 5491 3321 5566 βίος
3341 5485 3698 5566 ἁκηλίδωτὸς.

2125 5574 2143 5606 ι
2175 5556 2416 5626 Canities
2441 5564 2621 5626 autem
2655 5567 2738 5611 est
2780 5556 3077 5626 prudentia
3111 5556 3451 5620 hominibus'
3474 5577 3534 5623 et
3562 5556 3696 5626 tetas

2118 5625 2429 5690 senectutis,
2467 5627 2572 5680 vita
2598 5625 2965 5682 immaculata.
2998 5648 3017 5681 ι
3053 5629 3130 5684 In.

2187 5695 2303 5776 (βε).
2328 5698 2433 5751 Ἦν
2451 5696 2770 5776 -ρογζζομαέ,
2792 5698 3020 5776 graecus
3042 5703 3212 5756 codex
3238 5701 3696 5776 Nydpruccianus

2115 5765 2172 5819 ὃν
2203 5765 2350 5836 legit,
2381 5776 2435 5823 et
2463 5765 2691 5824 Latinus
2715 5767 3052 5837 Baliolensis,
3087 5791 3105 5824 ι
3141 5765 3326 5842 queui.
3361 5765 3381 5827 ἰ
3413 5777 3491 5835 In.
