3768 6218
418 353 516 412 8⁸51
1213 349 1301 404 AD
1329 342 1714 403 EPISTOLAS
1747 343 1810 400 S.
1853 341 2111 400 IGNATII
2134 337 2488 398 GENUINAS
2517 335 2864 394 APPENDIX
3649 325 3730 380 832

421 475 530 531 lam
562 483 618 530 et
654 473 1013 544 pollutionem
1051 471 1308 542 appellet,
1355 478 1450 525 aut
1487 469 1642 526 cibos
1669 467 1888 538 aliquos
1911 467 2009 522 de-

2187 465 2210 517 ὶ
2242 464 2342 535 τὴν
2378 462 2488 518 τῶν
2521 462 2728 516 παίδων
2758 459 2994 530 γένεσιν,
3027 458 3064 529 ἦ
3091 473 3214 510 τινα
3248 453 3370 509 τῶν
3430 450 3729 524 βρωμεὶτξκ

423 563 706 620 testandos
741 571 940 635 putet:
995 564 1120 620 talis
1161 571 1464 632 apostatam
1519 562 1671 616 illum
1714 561 2009 615 draconem

2187 559 2382 614 ελυκτά
2403 576 2418 590 ·
2475 559 2506 611 ὁ
2536 557 2774 620 τοιοῦτος
2806 556 3012 609 ἐνοικον
3045 554 3159 625 ἔχει
3188 551 3288 606 τὸν
3318 548 3634 623 δρὰκσιτα
3661 552 3732 599 τοι

425 657 479 710 in
512 672 571 711 se
596 656 934 711 habitantem
975 654 1140 710 fovet.
1195 653 1253 709 Si
1283 655 1410 725 quis
1455 654 1673 710 Patrem
1712 661 1770 709 et
1808 651 2010 708 Filium

425 757 480 804 et
533 747 802 818 Spiritum
853 755 1105 802 sanctum
1159 749 1526 814 conﬁteatur,
1593 755 1649 801 et
1699 753 2010 801 creaturam

426 839 641 901 .‘audet:
679 840 773 895 sed
823 839 1137 910 Opinionem
1182 840 1466 910 solamque
1502 839 1853 909 phantasiam
1891 853 2014 894 esse

429 933 578 987 dicat
633 930 1121 992 incarnationem,
1188 931 1614 1000 passionemque
1683 929 2011 984 erubescat:

431 1023 557 1077 talis
598 1023 757 1076 [idem
807 1022 1044 1093 negavit,
1092 1037 1200 1076 non
1242 1022 1428 1076 minus
1468 1038 1634 1092 quam
1681 1022 2016 1078 cbristicida:

430 1113 604 1169 Judaei
639 1115 704 1168 ³⁷.
736 1114 794 1168 Si
833 1115 958 1184 quis
990 1117 1104 1169 haec
1143 1114 1362 1184 quidem
1395 1114 1743 1181 conﬁteatur,
1779 1122 1835 1170 et
1866 1113 2016 1185 quod
2055 1099 2068 1107 ’

435 1206 579 1260 Deus
627 1204 870 1260 Verbum
935 1205 992 1259 in
1057 1206 1303 1259 humano
1358 1219 1592 1274 corpore
1637 1204 2014 1272 habitaverit,

436 1296 675 1352 Verbum
713 1297 986 1352 exsistens
1034 1296 1089 1350 in
1135 1297 1278 1366 ipso,
1319 1298 1463 1353 sicut
1499 1306 1554 1352 et
1589 1299 1775 1353 anima
1805 1299 1860 1352 in
1891 1315 2020 1354 cor-

434 1403 600 1458 pore;
635 1398 921 1459 propterea
958 1389 1105 1458 quod
1149 1389 1291 1444 Deus
1336 1391 1642 1457 inhabitet,
1690 1408 1796 1446 non
1834 1400 2018 1446 autem

434 1482 618 1535 anima
675 1483 949 1548 humana;
1001 1498 1192 1538 verum
1245 1483 1396 1538 dicat
1449 1482 1765 1552 illegitimas
1814 1498 2020 1539 concu-

436 1571 584 1626 bitus
615 1573 818 1626 bonum
857 1574 1133 1643 quoddam
1178 1589 1321 1642 esse,
1347 1573 1620 1644 ﬁnemque
1666 1574 2020 1630 beatitudinis

435 1665 734 1718 constituat
762 1664 1132 1734 voluptatem;
1174 1675 1234 1722 ut
1273 1666 1323 1722 is
1355 1667 1450 1738 qui
1491 1666 1631 1720 falso
1673 1665 1895 1720 nomine
1924 1663 2022 1720 Ni-

437 1753 637 1808 colaita
663 1755 863 1810 dicitur
885 1756 965 1810 '3:
1011 1757 1098 1812 hic
1133 1772 1236 1812 nec
1273 1757 1389 1826 Dei,
1433 1772 1537 1813 nec
1573 1757 1776 1814 Christi
1807 1767 2023 1814 amator

437 1862 559 1903 esse
597 1857 809 1917 potest,
861 1850 955 1905 sed
1003 1852 1238 1920 propriaa
1289 1851 1474 1907 carnis
1517 1861 1828 1921 corruptor,
1860 1859 2026 1921 atque

437 1939 510 1993 ob
558 1939 666 1994 hoc
713 1939 921 2010 Spiritu
971 1953 1164 1998 sancto
1213 1958 1442 2010 vacuus,
1491 1952 1546 1998 et
1593 1959 1624 1998 a
1671 1943 1895 1999 Christo
1942 1951 2029 1999 est

441 2031 673 2087 alienus.
725 2031 928 2088 Omnes
979 2033 1328 2104 hujusmodi,
1379 2035 1653 2090 columna:
1693 2034 2027 2104 sepulcrales

439 2135 494 2179 et
520 2133 863 2179 mortuorum
891 2136 1019 2180 sunt
1039 2137 1416 2193 monumenta,
1445 2128 1650 2198 quibus
1681 2137 2026 2182 mortuorum

444 2215 726 2270 hominum
776 2217 997 2271 nomina
1034 2217 1302 2273 duntaxat
1345 2220 1606 2290 inscripta
1647 2229 1798 2274 sunt.
1835 2219 2028 2290 Fugite
2088 2218 2098 2224 ’

443 2309 610 2380 igitur
655 2311 830 2366 malas
881 2319 1048 2375 artes,
1099 2321 1154 2367 et
1207 2312 1436 2368 insidias
1489 2314 1709 2382 spiritus
1755 2315 1846 2384 qui
1889 2329 2028 2366 nunc

442 2413 692 2472 operatur
743 2405 798 2458 in
843 2403 974 2474 ﬁliis
1023 2404 1069 2438 ⁸⁸
1109 2405 1272 2475 hujus
1321 2405 1546 2473 saeculi,
1603 2407 1897 2478 nequando
1945 2406 2030 2462 af-

441 2497 575 2551 ﬂicti
607 2497 662 2550 in
702 2497 968 2552 charitate
1011 2497 1348 2566 langueatis;
1397 2498 1492 2554 sed
1523 2513 1718 2554 omnes
1750 2498 1806 2553 in
1855 2515 2027 2554 unum

444 2589 568 2644 sitis
605 2589 770 2643 corde
814 2589 1108 2656 indivulso,
1150 2599 1204 2645 et
1243 2591 1430 2645 animo
1470 2592 1806 2659 voluntario,
1840 2593 2032 2646 unani-

445 2698 574 2745 mes,
607 2682 837 2750 idtpsum
877 2683 1160 2738 sentientes
1187 2683 1254 2750 ",
1286 2699 1502 2754 semper
1530 2683 1719 2739 eadem
1743 2684 1811 2739 de
1834 2685 2027 2740 iisdem

445 2774 750 2843 opinantes,
793 2775 845 2828 in
885 2775 1100 2845 quiete,
1148 2777 1204 2832 in
1243 2777 1533 2847 periculis,
1577 2780 1632 2832 in
1675 2778 2027 2846 maeroribus,

445 2865 503 2920 in
539 2865 770 2936 gaudiis.
821 2866 1038 2924 Gratias
1066 2885 1168 2939 ago
1213 2869 1323 2923 Deo
1366 2886 1465 2940 per
1507 2869 1695 2925 Jesum
1727 2871 2026 2940 Christum,

446 2959 592 3028 quod
631 2968 878 3029 pacatam
917 2960 1092 3016 habeo
1135 2962 1202 3017 de
1243 2963 1400 3018 vobis
1445 2965 1872 3031 conscientiam,
1931 2982 2032 3022 nec

447 3059 628 3120 potest
657 3053 930 3122 quispiam
960 3053 1206 3123 gloriari,
1242 3055 1326 3109 vel
1363 3065 1598 3122 secreto,
1641 3057 1725 3111 vel
1772 3058 1973 3128 palam,
1998 3076 2028 3114 a

2115 650 2452 723 ἀποστάτην.
2521 649 2647 704 Ἐἀν
2696 665 2780 712 τις
2825 647 3050 720 Πατέρα
3098 646 3193 700 καλ⁵
3246 641 3394 696 Υἱὺν
3460 638 3571 694 καὶ
3605 638 3732 704 im

2114 747 2342 818 Πνεῦμα
2372 745 2629 818 ὁμολογῇ,
2665 742 2760 797 καὶ
2789 741 2889 812 τὴν
2921 738 3100 793 κτίσιν
3133 737 3340 806 ἐπαινῇ
3361 775 3379 796 ,
3420 731 3665 802 δόκησιν
3689 730 3732 784 ἐξ

2113 838 2252 914 λέγῃ
2284 837 2384 910 τὴν
2452 835 2859 907 ἐνσωμάτωσιν,
2881 830 3050 885 καὶτὸ
3082 828 3259 891 πάθος
3293 823 3733 892 sua:st-

2105 935 2144 988 ’ὁ
2175 930 2417 994 τοιοῦτος
2449 930 2684 1001 ἢρνηται
2717 925 2814 998 τὴν
2846 922 3031 978 πίστιν
3051 963 3065 988 ,
3099 921 3198 992 οὐχ
3249 916 3442 992 ἦττον
3479 915 3602 968 τῶν
3633 930 3733 984 χρι-

2118 1025 2393 1094 στοφόνων
2428 1021 2714 1075 Ἰουδαίων.
2769 1018 2899 1072 Ἐάν
2948 1034 3033 1080 τις
3081 1015 3257 1069 ταῦτα
3310 1012 3426 1084 μὲν
3483 1006 3733 1078 ὁμοπτῖῦ

2120 1119 2215 1172 καὶ
2248 1118 2332 1171 ὃτι
2365 1115 2501 1179 Θεὸς
2534 1115 2708 1182 Λόγος
2742 1114 2802 1166 ἐν
2835 1109 3165 1184 ἀνθρωπίνῳ
3198 1105 3440 1177 σώματι
3481 1099 3735 1170 κατῴκει,

2118 1209 2194 1264 ὣν
2228 1212 2286 1264 ἐν
2318 1206 2468 1278 αὐτῷ
2498 1209 2527 1260 ὁ
2560 1207 2751 1274 Λόγος,
2785 1203 2972 1276 ὥσπερ
3023 1202 3117 1256 καὶ
3163 1198 3316 1270 ψυχὴ
3376 1200 3446 1251 ἐν
3514 1193 3735 1264 σώματι,

2117 1301 2206 1356 διὰ
2237 1299 2298 1354 τὸ
2348 1299 2555 1352 ἕνοικον
2617 1292 2755 1350 εἶναι
2818 1293 2972 1356 Θεδν,
3021 1292 3136 1346 ἀλλ’
3189 1290 3319 1360 οὐχὶ
3378 1285 3735 1350 (tuemini

2119 1389 2299 1460 ψυχήν
2326 1386 2559 1459 (84-85)·
2576 1385 2711 1457 λέγῃ
2732 1384 2790 1438 δὲ
2806 1384 2906 1448 τὰς
2924 1382 3280 1456 παρανόμους
3306 1378 3511 1448 μίξεις
3549 1375 3735 1442 ἀγαθῶ

2121 1500 2173 1536 τι
2206 1478 2368 1544 εἶναι,
2403 1480 2496 1534 καὶ
2530 1479 2682 1542 τέλος
2714 1477 3059 1549 εὐδαιμονίας
3091 1474 3289 1546 ἡδονὴν
3323 1471 3574 1540 τίθηται
3596 1485 3612 1497 ·
3647 1463 3737 1529 οἷος

2121 1577 2150 1629 ὁ
2179 1574 2530 1646 ψευδώνυμος
2561 1571 2895 1642 Νικολαΐτης
2917 1569 3024 1641 (86)
3050 1585 3064 1598 ·
3099 1563 3256 1630 οὗτος
3289 1564 3429 1618 οὔτε
3469 1561 3736 1631 φιλόθεος,

2123 1667 2248 1722 οῦτε
2281 1668 2626 1740 φιλόχριστος
2676 1660 2813 1718 εἶναι
2861 1663 3120 1725 δύναται,
3157 1659 3301 1716 ἀλλά
3346 1657 3619 1730 φθορεὺς
3655 1656 3737 1724 τῆς

2125 1763 2332 1824 οἰκείας
2364 1760 2588 1834 σαρκὸς,
2628 1759 2719 1814 καὶ
2750 1757 2839 1812 διὰ
2870 1756 3028 1811 τοῦτο
3058 1755 3151 1809 τοῦ
3184 1755 3350 1823 ἁγίου
3411 1751 3737 1822 [Nauiga-.9;

2127 1855 2302 1918 κενὸς,
2341 1853 2436 1907 καὶ
2468 1851 2562 1905 τοῦ
2597 1849 2835 1924 Χριστοῦ
2869 1847 3168 1920 ἀλλότριος.
3205 1847 3270 1899 Οἱ
3319 1843 3586 1898 τοιοῦτοι

2125 1959 2236 2007 τες,
2269 1941 2461 2013 στῆλαί
2481 1943 2587 1994 εἰσι
2611 1940 2705 1994 καὶ
2733 1939 2895 2007 τάφοι
2923 1936 3165 2009 νεκρῶνσ
3187 1935 3276 2004 ἐφ’
3295 1929 3387 1998 οἷς
3419 1935 3736 2005 γέγραπται

2130 2039 2290 2109 μόνον
2321 2037 2560 2107 ὀνόματα
2591 2032 2802 2106 νεκρῶν
2835 2030 3135 2103 ἀνθρώπων
3170 2027 3308 2100 (87).
3355 2025 3624 2094 Φεύγετε
3656 2020 3740 2076 οὖν

2126 2132 2224 2194 τὰς
2258 2127 2631 2199 κακοτεχνίας,
2667 2126 2762 2181 καὶ
2791 2124 3011 2196 ἐνέδρας
3036 2121 3129 2176 τοῦ
3161 2120 3498 2191 πνεύματος
3535 2117 3635 2172 τοῦ
3653 2115 3736 2169 νῦν

2129 2219 2474 2292 ἐνεργοῦντος
2496 2221 2555 2272 ἐν
2574 2219 2686 2280 τοῖς
2702 2216 2839 2278 υίοῖς
2855 2212 2946 2267 τοῦ
2967 2212 3161 2275 αἰῶνος
3181 2209 3402 2273 τούτου,
3436 2209 3520 2280 μή
3545 2223 3679 2259 ποτε
3697 2209 3735 2236 ’⁸

2126 2315 2176 2366 οἱ
2217 2311 2493 2372 θλισέντες
2532 2307 2932 2376 ἐξασθενήσητε
2961 2303 3075 2375 (88)
3111 2305 3169 2356 ἐν
3203 2304 3270 2372 τῇ
3311 2300 3527 2370 ἀγάπῃ
3554 2317 3570 2328 ·
3609 2296 3734 2352 am

2131 2403 2330 2466 πάντες
2361 2401 2453 2455 ἐπὶ
2479 2399 2539 2454 τὸ
2571 2397 2702 2452 αὐτὸ
2719 2395 2936 2466 γίνεσθε
2971 2397 3030 2448 ἐν
3058 2393 3344 2466 ἀμερίστῳ
3379 2389 3622 2464 καρδίᾳ.
3650 2387 3733 2440 καὶ

2127 2495 2272 2566 ψυχῇ
2303 2491 2552 2563 θελούσῃ,
2587 2489 2922 2558 copti-vth,
2959 2485 3026 2539 τὸ
3051 2484 3121 2538 ἐν
3146 2482 3566 2552 φρονοῦντες,
3611 2480 3734 2532 πᾶν·

2127 2605 2249 2643 τοτε
2277 2587 2345 2641 τὰ
2373 2585 2511 2638 αὺτά
2542 2582 2671 2654 περὶ
2699 2580 2809 2634 τῶν
2829 2577 3008 2633 αὐτῶν
3040 2574 3389 2643 δοξάζοντες,
3430 2574 3495 2626 ἐν
3532 2589 3597 2627 τε
3619 2571 3733 2626 ἀνέ-

2131 2699 2234 2745 σει,
2262 2679 2355 2735 καὶ
2393 2676 2678 2738 κινδύνοις,
2719 2672 2815 2727 καὶ
2853 2675 2910 2726 ἐν
2938 2669 3156 2733 λύπαις,
3185 2668 3278 2722 καὶ
3301 2669 3360 2721 ἐν
3397 2664 3728 2740 χαρμοναῐς.

2130 2769 2449 2846 Εὐχαριστῶ
2475 2768 2553 2839 τῷ
2584 2765 2722 2838 Θεῷ,
2756 2764 2848 2818 διά
2882 2761 3059 2835 Ἰησοῦ
3077 2759 3338 2835 Χριστοῦ,
3369 2760 3464 2813 ὅτι
3491 2756 3730 2812 stimi-

2129 2867 2288 2939 δητός
2321 2867 2436 2936 είμι
2473 2865 2532 2916 ἐν
2565 2863 2727 2932 ὑμῖν,
2777 2858 2872 2912 καὶ
2901 2857 3002 2910 οὐκ
3035 2856 3148 2927 ἔχει
3181 2870 3267 2918 τις
3310 2850 3728 2924 καυχήσασθαι,

2130 2959 2254 3014 οὔτε
2287 2957 2481 3029 λάθρα,
2518 2953 2642 3008 οὔτε
2666 2950 2917 3026 φανερῶς
2939 2992 2954 3017 ,
2990 2951 3075 3003 ὅτι
3114 2947 3364 3020 ἐϐάρησά
3396 2962 3572 3010 τινα,
3608 2946 3643 3014 ἢ
3678 2945 3728 2995 ἐν

2137 3049 2419 3124 μικρῷ,ἢ
2473 3050 2530 3101 ἐν
2577 3043 2818 3117 μεγάλῳ.
2871 3040 2982 3095 Καὶ
3017 3042 3186 3094 πᾶσιν
3232 3041 3290 3092 ἐν
3322 3031 3409 3102 οἷς
3468 3036 3726 3107 ἐλάλησα,

449 3159 537 3197 me
559 3160 891 3215 quemquam
931 3157 1214 3216 gravatum
1247 3163 1369 3205 esse
1409 3149 1494 3203 vel
1528 3150 1581 3203 in
1613 3165 1803 3220 parvo,
1845 3153 1931 3206 vel
1971 3154 2024 3206 in

2187 3159 2380 3216 ιχομαι,
2421 3140 2509 3194 ἴνα
2531 3138 2607 3210 μὴ
2640 3139 2721 3201 είς
2755 3133 3060 3208 μαρτυρίαν
3097 3131 3229 3187 αὐτὸ
3259 3132 3615 3202 κτήσωνται.

449 3250 668 3304 magno.
707 3237 774 3290 Et
819 3253 1010 3294 omnes
1053 3239 1197 3296 inter
1228 3255 1367 3311 quos
1398 3240 1613 3297 locutus
1644 3258 1769 3298 sum
1815 3258 1936 3310 oro,
1965 3259 2033 3300 ne

451 3326 582 3382 illud
620 3329 671 3381 in
701 3330 1073 3385 testimonium
1105 3339 1449 3388 conservent.

521 3420 635 3478 VII.
669 3421 994 3494 Quanquam
1046 3426 1191 3480 enim
1243 3427 1546 3483 secundum
1591 3446 1811 3485 carnem
1844 3431 2034 3486 volue-

449 3523 580 3569 runt
622 3516 842 3585 quidam
876 3532 962 3572 me
993 3519 1292 3574 seducere:
1348 3529 1404 3574 at
1457 3521 1686 3590 spiritus
1731 3538 1888 3578 meus
1921 3539 2028 3578 non

451 3608 751 3664 seducitur.
807 3609 852 3662 A
883 3608 994 3664 Deo
1020 3627 1254 3681 namque
1281 3611 1434 3666 illum
1475 3615 1682 3684 accepi.
1729 3612 1845 3668 Scit
1883 3617 2032 3670 enim

452 3701 589 3754 unde
619 3703 814 3766 veniat,
859 3713 908 3756 et
946 3719 1049 3773 quo
1098 3705 1256 3758 vadat
1293 3706 1363 3772 θ’,
1404 3714 1460 3760 et
1503 3717 1713 3762 secreta
1764 3707 2032 3778 coarguit.

452 3792 694 3847 Clamavi
725 3810 848 3848 cum
879 3795 1218 3862 interessem,
1245 3796 1462 3854 locutus
1492 3814 1614 3853 sum
1642 3815 1840 3870 magna
1867 3815 2030 3855 voce:

455 3901 563 3939 ιιυιι
599 3900 752 3940 meus
784 3897 869 3942 est
897 3903 1098 3955 sermo,
1147 3890 1242 3945 sed
1278 3889 1408 3947 Dei:
1451 3889 1712 3963 Episcopo
1752 3893 2028 3958 attendite,

526 4070 633 4152 "At.
652 4070 834 4126 Const.
865 4089 952 4142 ap.
979 4089 1049 4142 vi,
1077 4074 1167 4138 25,
1199 4076 1290 4131 26.
1367 4077 1465 4132 ⁸³1.
1490 4078 1672 4133 Const.
1707 4093 1796 4148 ap.
1820 4094 1898 4147 vr,
1925 4078 1980 4135 8.
2055 4079 2104 4112 ”
2131 4078 2330 4152 Ephes.
2359 4095 2419 4148 ιι,
2443 4077 2500 4132 2.
2575 4077 2623 4111 ⁸⁸
2654 4074 2694 4130 l'.
2719 4082 2896 4130 vacat.
2970 4075 3014 4108 "
3033 4071 3266 4145 Pbilipp.
3286 4070 3418 4141 ",2.

457 4157 538 4202 In.
569 4142 628 4196 8.

459 4310 692 4366 trahere.
735 4307 1058 4378 Quanquam
1103 4310 1281 4380 potuit
1327 4308 1640 4379 lgnatianus
1671 4309 1864 4366 oculus
1893 4310 2030 4366 sim-

458 4381 667 4451 pliciter
707 4381 976 4450 respicere
1023 4379 1447 4449 ad'Apostolum
1485 4383 1506 4433 l
1555 4380 1697 4436 Tim.
1739 4397 1813 4446 tv,
1855 4382 1920 4448 1,
1977 4381 2032 4449 5,

455 4453 549 4507 ιιΙή
581 4452 893 4520 nuptiarum
926 4461 978 4504 et
1005 4452 1255 4505 ciborum
1299 4451 1594 4520 prohibitio
1634 4453 1886 4508 doctrina
1920 4451 2032 4506 (la:-

2205 3430 2320 3486 VII.
2357 3432 2421 3486 Εἰ
2453 3430 2561 3504 γὰρ
2595 3429 2736 3484 κατά
2777 3428 2958 3501 σάρκα
2993 3444 3060 3500 με
3101 3426 3376 3498 ἠθέλησάν
3409 3444 3570 3492 τινες
3603 3426 3730 3479 πλα-

2135 3525 2318 3596 νῆσαι,
2353 3523 2490 3578 ἀλλά
2521 3521 2580 3576 τὸ
2615 3521 2834 3593 πνεῦμά
2866 3538 2966 3592 μου
2991 3520 3052 3574 οὐ
3096 3520 3384 3573 πλανᾶται.
3423 3521 3595 3592 Παρά
3628 3521 3725 3591 γὰρ

2134 3616 2271 3671 Θεοῦ
2293 3617 2425 3669 αὐτὸ
2457 3614 2659 3686 εἴληφα
2688 3614 2817 3686 (89).
2842 3608 2967 3666 Οἵδε
3003 3611 3110 3684 γὰρ
3144 3612 3329 3666 πόθεν
3346 3612 3726 3681 ἕρχεται,και

2135 3708 2253 3762 ποῦ
2287 3707 2504 3777 ὑπάγει
2526 3749 2540 3772 ,
2595 3707 2688 3760 καὶ
2735 3707 2805 3760 τὰ
2843 3704 3063 3778 κρυπτά
3096 3705 3326 3775 ἐλέγχει.
3372 3704 3726 3777 Ἐκραύγασα

2134 3801 2242 3874 γὰρ
2280 3799 2482 3872 μεταξὺ
2498 3799 2594 3864 ὢν,
2615 3798 2837 3853 ἐλάλουν
2871 3797 2982 3868 (90)
3007 3796 3217 3870 μεγάλῃ
3251 3800 3440 3869 φωνῇ·
3474 3800 3584 3852 οῦκ
3604 3799 3725 3867 Eph;

2135 3895 2166 3945 ὁ
2189 3890 2522 3959 λόγος,ἀλλά
2553 3889 2715 3943 Θεοῦ’
2741 3887 2832 3960 Τῷ
2854 3886 3140 3957 ἐπισκόπῳ
3169 3886 3495 3959 προσέχετε,
3533 3887 3627 3940 καὶ
3656 3882 3725 3954 τῷ

3502 4073 3554 4105 θ’
3575 4071 3722 4128 Joan.

2139 4309 2362 4376 divino;
2416 4318 2512 4365 aut
2559 4309 2614 4364 in
2665 4325 2893 4381 corpore
2942 4309 3146 4366 Christi
3183 4308 3723 4381 exstitisseuquidem

2136 4382 2400 4442 animam,
2430 4397 2538 4450 non
2574 4377 3000 4450 tamen'proprie
3027 4381 3299 4450 habitasse
3325 4379 3429 4433 nisi
3459 4377 3722 4445 verbum,

2142 4452 2213 4505 ob
2262 4451 2395 4505 illud
2443 4449 2684 4522 Joannis
2721 4449 2998 4522 eloquium
3035 4469 3049 4505 :
3087 4449 3155 4522 Et
3184 4451 3440 4522 habitavit
3469 4451 3532 4503 in
3557 4452 3719 4514 nobis,

457 4522 766 4576 monimum
792 4521 1112 4590 appellatur.
1145 4520 1456 4575 Saturnilus
1483 4531 1663 4576 autem
1694 4533 1748 4576 et
1773 4521 2034 4577 Basilides
2065 4521 2111 4577 D
2140 4524 2284 4591 quod
2317 4531 2635 4580 sanctorum
2657 4520 2878 4576 Patrum
2912 4521 3158 4576 nonnulli
3183 4521 3263 4576 sic
3291 4521 3596 4590 explicant,
3627 4524 3724 4576 hoc

455 4593 710 4647 videntur
734 4591 837 4646 sub
862 4591 1002 4645 idem
1034 4601 1247 4660 tempus
1273 4607 1473 4645 venena
1499 4593 1776 4647 hmreseon
1813 4608 2036 4647 suarum

457 4662 784 4734 profundere
807 4662 1070 4732 cwpisse;
1099 4664 1359 4734 adeoque
1399 4660 1584 4734 forsa_n
1617 4661 1824 4734 lgnatio
1858 4661 2039 4734 adhuc

456 4731 624 4788 vitam
658 4743 879 4802 agente,
900 4731 970 4786 ut
1002 4734 1053 4784 in
1085 4732 1382 4800 Epistolam
1411 4732 1480 4785 ad
1519 4731 1820 4785 Trallianos
1851 4732 2040 4802 dispu-

457 4805 733 4858 tahamus.
767 4804 922 4856 (Ierte
956 4802 1293 4872 Epiphanius
1335 4804 1386 4856 in
1437 4803 1631 4857 haeresi
1667 4803 2036 4859 Basilidiano-

458 4890 580 4928 rum
621 4883 862 4926 extrema
888 4916 902 4937 ,
941 4875 1114 4928 nescit
1150 4874 1275 4942 quis
1313 4873 1544 4944 duorum
1584 4875 1734 4944 prior
1778 4874 2037 4942 eruperit,

457 4961 522 4999 ac
543 4945 696 4998 alteri
726 4945 1088 5013 suppeditarit
1112 4945 1280 4998 virus.
1308 4945 1440 5009 Quae
1461 4943 1817 5013 objiciuntur,
1845 4959 2039 5012 parum

458 5024 672 5084 urgent.
723 5013 768 5064 Α
815 5012 1152 5068 Tertulliano
1196 5015 1342 5068 enim
1387 5012 1848 5084 nonfadmodum
1904 5015 2038 5070 ordo

459 5083 634 5138 aetatis
665 5094 914 5139 servatur
935 5126 950 5150 ,
983 5094 1040 5142 ιιι
1063 5084 1247 5138 videre
1278 5097 1360 5139 est
1388 5085 1442 5138 in
1472 5083 1719 5148 Nicolao,
1752 5084 2036 5150 Cerintho,

461 5154 691 5216 Ebione.
716 5162 770 5207 et
798 5165 1042 5222 «postea»
1068 5155 1174 5209 dici
1202 5155 1459 5224 potestde
1483 5161 1670 5209 eodem
1697 5155 1806 5211 fere
1833 5165 2041 5224 tempo-

463 5243 540 5280 re.
570 5224 909 5296 Epiphanius
927 5241 1058 5279 vero
1077 5242 1182 5296 non
1203 5225 1307 5279 sibi
1325 5226 1653 5280 contradicit
1675 5244 1688 5278 :
1713 5227 1912 5296 quippe
1929 5241 2040 5294 quo

460 5305 685 5351 auctore
717 5295 981 5350 Basilides
1007 5312 1034 5349 a
1068 5295 1346 5350 Saturnilo
1371 5304 1692 5366 argumenta
1724 5295 2045 5352 sic'mutua-

463 5377 551 5422 tus
575 5371 665 5424 sit.
694 5377 753 5419 ut
779 5368 942 5420 ambo
970 5367 1271 5435 nequitiam
1302 5382 1331 5420 a
1355 5382 1417 5437 se
1450 5379 1642 5421 mutuo
1671 5367 2036 5437 corrogarint.

463 5438 666 5492 Han-esi
697 5437 788 5498 23,
816 5453 936 5505 cap.
968 5438 1100 5501 ult.;
1128 5437 1320 5491 haeresi
1342 5436 1434 5501 2i,
1467 5453 1589 5507 cap.
1620 5438 1669 5490 1.
1705 5437 1844 5507 Cor.

536 5508 741 5573 (84οὸ5)
787 5508 1090 5576 Ἀλλόὐχὶ
1115 5507 1488 5578 ᾀνθρωπείαν
1514 5505 1744 5578 ψυχήν.
1782 5505 2044 5562 [heretica

462 5579 630 5648 pestis
659 5588 1037 5648 suppostorem
1056 5576 1353 5648 infestavit,
1374 5579 1418 5632 si
1442 5576 1723 5633 Christum
1742 5579 1920 5632 anima
1936 5578 2044 5648 hu-

463 5646 626 5703 mana
667 5646 911 5702 caruisse
953 5649 1186 5703 censuit.
1219 5646 1376 5712 Quod
1429 5649 1475 5703 si
1508 5665 1616 5702 non
1652 5649 1889 5702 Arianus
1924 5647 2044 5702 fue-

469 5721 556 5780 rit,
585 5719 676 5772 sed
709 5717 1045 5777 catholicus,
1075 5717 1252 5770 voluit
1297 5725 1392 5770 aut
1439 5718 1717 5772 Christum
1763 5729 2046 5773 constasse

465 5794 577 5841 non
606 5800 834 5854 corpore
856 5795 909 5841 ct
931 5787 1114 5842 anima
1139 5794 1375 5851 tantum,
1391 5803 1577 5843 verum
1600 5789 1764 5845 etiam
1796 5797 1849 5845 et
1868 5787 2046 5845 Verbo

2140 4601 2244 4657 est,
2272 4592 2325 4644 in
2357 4607 2521 4645 carne
2555 4604 2744 4647 nostra
2775 4602 2828 4648 et
2863 4593 3121 4647 humana.
3154 4592 3290 4646 Cor.

2215 4663 2327 4731 (86)
2367 4662 2420 4714 '0
2439 4662 2835 4733 ψευδώνυμος
2865 4663 3244 4730 Νικολαττης.
3280 4660 3403 4716 Vid.
3446 4678 3623 4733 supra
3671 4663 3718 4716 in

2142 4717 2323 4802 Epist:
2346 4733 2415 4785 ad
2446 4717 2818 4802 Trailianflr.‘

2213 4804 2326 4886 (θη
2375 4804 2491 4872 Ἐφ’
2514 4799 2606 4886 οἷς
2629 4804 2954 4886 ιγέπραετται
2976 4804 3168 4886 μένον
3197 4803 3456 4886 ὀτςόματα

2140 4872 2484 4941 ἀνθρώπων.
2508 4872 2847 4944 Anglicanas
2861 4876 2913 4928 in
2939 4872 3139 4944 quibus
3159 4876 3360 4943 scripta
3386 4883 3518 4927 sunt
3549 4876 3717 4930 solum

2143 4945 2364 4999 nurnina
2407 4943 2714 4999 hominum.
2739 4963 2757 4996 ι
2809 4943 3014 5000 Eodem
3055 4961 3182 5000 vero
3220 4945 3382 4998 modo
3437 4945 3718 4998 haereticos

2143 5015 2318 5083 cippis
2349 5024 2403 5070 et
2433 5015 2608 5070 titulis
2639 5024 2984 5069 mortuorum
3013 5024 3297 5084 comparat
3325 5015 3490 5068 etiam
3532 5013 3718 5069 Hiero-

2144 5100 2362 5154 nymus,
2415 5085 2510 5139 lib.
2569 5101 2607 5138 ιι
2640 5084 2995 5141 Commentar.
3041 5088 3098 5138 in
3147 5085 3318 5150 Oscae,
3339 5101 3461 5155 cap.
3508 5101 3566 5151 ι,
3606 5095 3714 5139 uta

2144 5155 2408 5210 Maestum
2433 5165 2516 5209 est
2544 5155 2634 5210 hic
2664 5165 2932 5209 notatum.
2966 5157 3041 5210 In.

2199 5171 2408 5210 EBSU‘EBO
2433 5171 2516 5209 ρει
2544 5171 2634 5210 [ὶιο
2664 5171 2932 5209 ιιοιοιιιιιι.
2966 5171 3041 5214 ΙΙ).

2215 5226 2327 5295 (88)
2373 5225 2619 5292 Μήποτε
2661 5229 2715 5280 οι
2757 5227 3058 5293 θλιϐέντες
3089 5223 3712 5294 ἐξασθενήσητε.Αι·ιὶ-

2144 5297 2328 5352 culum
2357 5301 2410 5350 οἱ
2443 5296 2731 5350 delendum
2761 5306 2911 5351 notat
2938 5297 3212 5352 Vcdclius.
3243 5295 3317 5349 ln.

2217 5368 2330 5435 ‘89)
2393 5367 2468 5420 Td
2509 5366 2744 5436 πνεῦμὰ
2783 5385 2903 5436 μου
2949 5371 3021 5422 οὐ
3065 5364 3380 5422 πλανᾶται.
3418 5365 3585 5435 Παρὰ
3614 5365 3712 5435 τὰρ

2217 5385 2330 5435 (δυ)
2394 5385 2464 5420 ιο
2509 5385 2744 5436 πνευμα
2767 5385 2903 5490 Iov
2949 5386 3021 5422 ου
3065 5385 3380 5422 πυιανίιται.
3418 5385 3585 5435 ιιαρα
3614 5385 3710 5435 τηρ

2148 5438 2291 5518 θεοῦ
2326 5435 2471 5518 avg)
2503 5439 2742 5518 εἴληφα.
2817 5438 3032 5518 nglican
3059 5457 3106 5494 ει
3147 5437 3386 5506 Spiritus
3420 5453 3530 5491 non
3558 5438 3710 5493 sedu-

2146 5510 2307 5574 citur,
2346 5525 2375 5562 a
2413 5507 2522 5561 Deo
2546 5507 2839 5564 exsistens.
2862 5507 2897 5560 ί»
2935 5508 3010 5568 lo.

2219 5579 2331 5649 (90)
2349 5580 2720 5648 Ἐκραύπησα
2749 5586 2858 5649 γὰρ
2884 5577 3113 5649 μεταξὺ
3143 5577 3248 5643 ὢν,
3272 5576 3560 5633 ἐλάλουν.
3584 5577 3708 5649 Con-

2143 5647 2357 5722 junctio
2376 5650 2498 5722 ydp
2526 5647 2582 5704 in
2604 5647 2805 5722 Granio
2823 5647 3250 5722 ’Nydprucciano
3276 5661 3334 5702 et
3364 5649 3583 5722 vulgato
3609 5647 3702 5701 La-

2149 5716 2266 5774 tino
2301 5716 2567 5793 habe-thr:
2600 5720 2655 5774 in
2683 5716 3223 5793 Crgeco'Augustano
3252 5730 3306 5775 et
3335 5716 3540 5793 nostro
3560 5721 3704 5793 inter:

2147 5799 2299 5862 prcte
2345 5791 2644 5860 omittitur;
2683 5790 2774 5864 qui
2822 5791 2896 5847 ita
2946 5789 3127 5849 locum
3160 5801 3400 5861 vertens,
3440 5809 3459 5844 ι
3484 5789 3699 5849 Clamavi
