3822 6210
460 311 561 368 ειτ
1227 303 1320 362 AD
1357 303 1740 363 EPISTOLAS
1781 305 1840 361 S.
1874 303 2129 362 IGNATll
2167 303 2520 364 GENUINAS
2553 302 2914 362 APPENDIX.
3595 301 3688 359 εις

457 426 662 494 laudet,
677 423 965 481 Dominum
987 437 1118 479 vero
1134 437 1315 479 meum
1337 422 1674 493 blasphemet
1689 463 1704 488 ,
1732 437 1838 476 non
1865 420 1994 478 conti

2136 439 2240 486 τις,
2273 422 2366 477 τὸν
2394 421 2452 476 δὲ
2490 421 2694 494 Κύριόν
2722 437 2823 492 μου
2857 421 3187 492 βλασφημεῖ,
3212 419 3288 491 μὴ
3317 417 3593 490 ὁμολογῶν
3611 421 3691 473 αδ-

455 531 580 578 tens
602 519 778 590 ipsum
796 515 963 572 Deum
985 531 1106 571 esse
1127 513 1492 571 carniferum?
1511 512 1615 581 Qui
1642 523 1820 568 autem
1849 513 1900 568 id
1921 528 1990 567 no

2132 514 2224 567 τὸν
2265 513 2602 584 σαρκοφόρον
2639 511 2806 576 Θεόν;
2847 510 2907 564 ὐ
2951 509 3008 564 δὲ
3061 508 3219 564 τοῦτο
3260 509 3334 581 μὴ
3369 507 3577 577 λὲγων,
3620 527 3694 562 τε·

455 612 611 679 dieit,
640 625 866 682 prorsus
900 609 1079 680 ipsum
1107 607 1344 678 negavit,
1367 616 1422 663 et
1440 608 1673 662 cadaver
1697 615 1890 678 gestat.
1923 604 1994 660 No

2129 603 2288 668 λείως
2330 603 2492 658 αὐτὸν
2534 601 2864 672 ἀπήρνηται,
2907 599 2984 653 ὢν
3010 597 3491 670 νεκροφόρος(“15).
3533 597 3613 650 Τὰ
3641 597 3693 650 δὲ

454 705 605 762 mina
626 718 760 758 vero
783 717 997 767 eorum,
1015 717 1137 754 eum
1173 701 1283 755 sint
1321 699 1578 765 inildelia,
1605 714 1710 753 non
1738 699 1913 753 visum
1945 714 1994 752 es

2128 697 2365 767 ὀνόματα
2393 697 2596 761 αὐτῶν,
2629 695 2762 752 ὅντα
2793 695 3018 756 ἄπιστα,
3057 692 3152 745 νῦν
3184 690 3283 744 οὐκ
3307 690 3452 754 εδοξέ
3488 707 3576 760 μοι
3606 691 3690 757 ἑγ-

453 795 586 850 mihi
626 793 864 849 scribere
894 809 908 846 :
943 799 997 846 et
1022 805 1146 844 vero
1177 789 1318 844 absit
1359 804 1390 844 a
1442 804 1529 843 me
1562 797 1623 843 ut
1645 803 1836 844 eorum
1875 803 1994 844 men

2126 789 2353 860 γράψαι·
2391 789 2524 860 μηδὲ
2551 789 2757 858 γένοιτό
2783 805 2850 860 με
2869 786 3048 842 αὐτῶν
3082 782 3438 857 μνημονεύειν
3459 822 3473 848 ,
3506 781 3690 854 μέχρις

452 887 654 943 tionem
687 883 904 948 faciam,
935 882 1109 937 donec
1139 881 1448 952 paenitentia
1478 881 1769 937 ducantur.

2124 873 2186 934 οὗ
2224 882 2456 952 μετανοή
2465 897 2628 934 σωσιν
2648 881 2779 952 (76).

523 974 611 1031 Vl.
643 974 814 1031 Nemo
845 984 989 1030 erret
1020 991 1033 1028 :
1071 974 1175 1029 nisi
1207 974 1496 1030 crediderit
1523 974 1800 1030 Christum
1835 971 1994 1028 Jesun

2195 973 2286 1029 VI.
2319 975 2527 1046 Μηδεὶς
2555 975 2845 1030 πλανάσθω
2866 993 2880 1008 ’
2916 977 3015 1030 ἐὰν
3046 976 3119 1047 μὴ
3160 975 3426 1048 πιστεύσῃ
3460 974 3687 1046 Χριστδν

450 1069 504 1125 in
534 1084 700 1126 carne
741 1084 863 1125 esse
899 1078 1281 1125 conversatum
1303 1109 1318 1134 ,
1361 1075 1416 1122 et
1456 1083 1672 1123 crucem
1711 1067 1856 1122 illius
1885 1082 1988 1121 con

2135 1066 2339 1138 Ἰησοῦν
2353 1069 2412 1120 ὲν
2426 1067 2588 1140 σαρκὶ
2602 1067 3014 1122 πεπολιτεῦσθαι
3029 1069 3160 1139 (77),
3174 1070 3267 1122 καὶ
3277 1068 3589 1140 ὁμολογήσῃ
3604 1069 3685 1122 τὸν

447 1159 627 1216 lessus
657 1159 840 1225 fuerit,
864 1173 918 1217 et
959 1162 1290 1232 passionem,
1320 1169 1482 1231 atque
1513 1159 1833 1231 sanguinem
1855 1174 1994 1228 quen

2121 1159 2352 1230 σταυρὸν
2392 1158 2558 1213 αὐτοῦ
2576 1197 2591 1222 ,
2617 1160 2712 1214 καὶ
2737 1158 2799 1212 τὸ
2829 1159 3018 1223 πάθος,
3051 1160 3146 1214 καὶ
3171 1160 3230 1213 τὸ
3251 1155 3389 1230 αἷμα
3415 1160 3444 1212 ὃ
3481 1159 3685 1230 ἐξέχεεν

445 1251 636 1306 effudit
663 1265 763 1321 pro
810 1252 996 1306 mundi
1048 1252 1255 1318 salute;
1295 1266 1401 1306 non
1444 1260 1813 1322 consequetur
1850 1251 1994 1305 vitan

2118 1252 2259 1323 ὑπὲρ
2281 1251 2381 1321 τῆς
2405 1250 2498 1304 τοῦ
2528 1252 2730 1322 κόσμου
2755 1251 3024 1324 σωτηρίας
3049 1252 3180 1321 (78),
3207 1251 3267 1305 οὐ
3288 1251 3385 1320 τῆς
3411 1251 3524 1323 (79)
3547 1251 3681 1322 ζωῆς

444 1353 728 1408 aeternam,
783 1343 900 1400 sive
941 1359 1032 1399 rex
1078 1343 1261 1409 luerit,
1288 1344 1401 1398 sive
1426 1343 1702 1409 sacerdos,
1728 1344 1843 1397 sive
1867 1343 1994 1413 prin

2115 1342 2330 1395 αἰωνίου
2372 1341 2650 1408 τεύξεται,
2679 1343 2780 1398 κᾶν
2814 1341 3063 1412 βασιλεὺς
3156 1383 3170 1408 ,
3213 1342 3313 1396 κᾶν
3349 1344 3552 1414 ἱερεὺς,
3586 1343 3681 1396 κᾶν

443 1450 594 1506 ceps,
626 1435 740 1491 sive
763 1436 1008 1505 privatus
1039 1435 1227 1500 homo,
1257 1435 1372 1490 sive
1394 1433 1650 1489 dominus
1678 1442 1774 1489 aut
1800 1448 1992 1489 servus

2113 1431 2316 1503 ἄρχων,
2332 1432 2434 1486 κᾶν
2449 1431 2680 1504 ἰδιώτης,
2695 1434 2798 1488 κᾶν
2819 1433 3133 1506 δεσπότηςῆ
3164 1435 3439 1500 δοῦλος,⁸¹¹·
3463 1437 3508 1469 ⁸³
3527 1437 3562 1508 ἢ
3602 1455 3682 1506 τν-

442 1527 560 1581 sive
588 1527 674 1581 vir
708 1537 804 1582 aut
837 1525 1062 1582 femina.
1103 1526 1208 1592 Qui
1250 1528 1413 1596 capit,
1451 1527 1669 1596 capiat:
1700 1526 1791 1596 qui
1839 1525 1989 1579 audit

2112 1525 2176 1594 νή
2383 1525 2444 1578 '0
2475 1525 2681 1594 χωρῶν
2711 1527 2988 1596 χωρείτω,
3039 1530 3073 1581 ὀ
3117 1528 3355 1582 ἁκούων
3397 1529 3677 1584 ἀκουέτω.

441 1620 629 1674 audiat
661 1620 725 1674 δ’.
778 1619 977 1686 Locus,
1025 1620 1286 1692 dignitas,
1333 1619 1535 1675 divitiae
1566 1620 1837 1676 neminem
1882 1619 2012 1675 etle-

439 1722 594 1778 rant;
642 1711 953 1784 ignobilitas
995 1720 1050 1765 et
1091 1719 1385 1780 paupertas
1417 1709 1686 1764 neminem
1726 1708 2004 1780 dejiciant.

2111 1616 2307 1679 Τόπος,
2352 1616 2446 1670 καὶ
2488 1616 2725 1688 ἀξίωμα,
2766 1618 2862 1674 καὶ
2910 1618 3136 1683 πλοῦτος
3154 1659 3170 1683 ,
3217 1619 3418 1689 μηδένα
3460 1620 3678 1688 φυσιού-

2110 1722 2187 1758 τω
2221 1705 2352 1776 (81)·
2383 1705 2588 1771 ἀδοξία,
2614 1708 2709 1761 καὶ
2741 1709 2937 1772 πενία,
2983 1708 3186 1780 μηδένα
3217 1709 3576 1762 ταπεινούτω.
3612 1709 3682 1764 To

439 1800 636 1857 Totum
666 1781 906 1872 namque
932 1810 1035 1867 est,
1063 1802 1196 1856 lldes
1220 1802 1275 1855 in
1298 1800 1491 1865 Deum,
1519 1809 1569 1856 et
1602 1816 1727 1871 spes
1763 1800 1817 1855 in
1849 1798 1994 1855 Chri-

2110 1796 2217 1868 γὰρ
2243 1797 2364 1851 δλον
2396 1799 2534 1863 ἐστὶ,
2566 1798 2749 1863 πίστις
2772 1801 2806 1870 ὴ
2839 1801 2916 1864 εἰς
2956 1800 3106 1866 Θεὸν,
3145 1801 3239 1854 καὶ
3270 1803 3302 1872 η
3336 1803 3415 1864 είς
3448 1802 3681 1872 Χριστὸν

438 1905 618 1960 stum,
657 1892 845 1948 fruitio
879 1908 1066 1949 eorum
1113 1909 1235 1963 quae
1273 1902 1657 1963 exspectamus
1693 1891 1962 1946 bonorum
1990 1930 2006 1956 ,

437 1997 604 2056 atque
641 1985 883 2040 charitas
923 1984 977 2040 in
1018 1984 1185 2040 Deum
1224 1994 1278 2040 et
1302 1994 1550 2040 nostrum
1577 1998 1769 2055 genus.
1809 1981 2006 2052 Diliges

435 2077 582 2131 enim
633 2075 921 2130 Dominum
976 2075 1141 2130 Deum
1186 2087 1334 2130 tuum
1369 2091 1434 2130 ea:
1477 2085 1584 2129 toto
1617 2075 1772 2129 corde
1802 2083 1922 2137 tuo;
1957 2083 2008 2128 et

435 2167 737 2237 proximum
782 2177 930 2221 tuum
971 2169 1106 2222 sicut
1142 2169 1362 2238 teipsum
1389 2167 1455 2219 ⁵ο.
1501 2164 1568 2221 Ει
1607 2164 1871 2220 Dominus
1918 2164 2006 2219 in-

434 2259 592 2330 quit:
622 2256 750 2313 Harc
779 2267 856 2312 est
897 2258 1008 2312 vita
1035 2266 1253 2322 (eterna,
1283 2273 1589 2327 cognoscere
1615 2256 1786 2310 solum
1828 2271 2008 2310 verum

434 2350 626 2412 Deum,
645 2359 695 2404 et
725 2366 879 2420 quem
912 2350 1055 2404 misit
1079 2347 1261 2404 Iesum
1283 2347 1631 2404 Christum“.
1660 2347 1801 2403 Idem
1821 2365 1833 2402 :
1852 2346 2007 2401 Man-

433 2441 618 2495 datum
643 2456 828 2494 novum
858 2440 926 2493 do
953 2439 1116 2508 vobis,
1142 2451 1198 2493 ut
1219 2440 1458 2510 diligatis
1485 2439 1702 2493 invicem
1725 2440 1791 2491 ".
1827 2437 1892 2493 In
1923 2439 2004 2494 his

433 2532 638 2587 duobus
672 2529 942 2585 mandatis
966 2531 1209 2586 uniuersa
1234 2530 1320 2584 lea:
1348 2530 1534 2598 pendat
1559 2538 1610 2584 et
1637 2529 1904 2599 prophetat
1933 2529 2002 2584 ⁸³.

432 2621 788 2678 Considerate
818 2621 984 2692 igitur
1003 2635 1100 2676 eos
1122 2621 1212 2692 qui
1249 2620 1425 2676 aliena
1467 2628 1747 2676 sectantur
1779 2619 2006 2690 dogma-

432 2721 510 2776 ta,
543 2727 654 2784 quo
692 2711 856 2767 modo
881 2703 1128 2768 statuunt
1158 2712 1403 2783 ignotum
1438 2726 1558 2767 esse
1591 2709 1807 2766 Patrem
1845 2702 2006 2766 Chri-

433 2806 546 2861 sti:
577 2819 690 2876 quo
731 2805 894 2861 modo
935 2806 1158 2861 inﬁdam
1208 2805 1539 2862 simultatem
1575 2805 1716 2860 inter
1762 2821 1821 2862 se
1849 2819 2005 2861 exer-

431 2906 558 2952 cent
573 2897 639 2953 “.
671 2897 966 2954 Charitatis
997 2913 1105 2952 non
1139 2898 1337 2952 habent
1363 2912 1586 2964 curam;
1617 2897 1800 2953 futura
1829 2897 2002 2968 negli-

430 2995 586 3058 gunt,
609 2989 893 3058 praesentia
922 2998 1182 3058 tanquam
1213 2986 1431 3043 stabilia
1474 2997 1761 3058 reputant;
1803 3003 2004 3060 prace-

2108 1887 2282 1952 ἐλπὶς,
2339 1891 2372 1960 η
2431 1889 2538 1943 τῶν
2580 1890 3042 1963 προσδοκωμένων
3098 1892 3317 1961 ἀγαθῶν
3363 1893 3679 1956 ἀπόλαυσις,

2106 1981 2296 2050 ἀγάπη
2323 1981 2435 2053 (82)
2465 1999 2523 2036 τε
2548 1983 2678 2053 περὶ
2710 1982 2800 2037 τὸν
2824 1982 2956 2036 Θεὸν
2989 1983 3085 2038 καὶ
3107 1983 3166 2036 τὸ
3186 1982 3481 2054 ὁμόφυλον.
3514 1985 3679 2054 Ἅγαρ

2107 2071 2323 2138 πήσεις
2377 2074 2486 2145 γὰρ
2523 2075 2742 2142 Κύριον
2790 2074 2900 2128 τὸν
2943 2077 3090 2128 Θεὸν
3129 2092 3245 2130 σου
3274 2076 3346 2141 ἐξ
3392 2076 3546 2144 ὅλης
3573 2077 3682 2145 τῆς

2107 2165 2353 2234 καρδίας
2383 2181 2499 2221 σου
2517 2204 2533 2231 ,
2577 2168 2676 2222 καὶ
2707 2166 2816 2222 τὸν
2845 2170 3111 2235 πλησίον
3139 2185 3255 2224 σου
3283 2171 3366 2236 ὼς
3394 2172 3675 2224 σεαυτόν.

2106 2258 2217 2311 Καὶ
2247 2259 2276 2310 ὀ
2306 2257 2512 2330 Κύριός
2548 2275 2715 2330 φησιν
2745 2274 2759 2288 ·
2795 2260 2958 2327 Αὕτη
2989 2260 3163 2315 ἐστὶν
3193 2262 3234 2330 ἠ
3261 2261 3504 2330 ultimos;
3543 2259 3678 2329 ζωὴ,

2105 2347 2171 2401 τὸ
2203 2348 2520 2418 γινώσκειν
2549 2349 2656 2403 τὸν
2677 2351 2872 2420 μόνον
2899 2351 3189 2418 ἀληθινὸν
3241 2351 3420 2418 Θεὸν,
3467 2353 3567 2407 καί
3609 2355 3680 2408 ὃν

2105 2437 2463 2492 ἀπέστειλεν
2528 2438 2772 2508 Ἰησοῦν
2841 2442 3120 2509 Χριστόν.
3177 2443 3285 2498 Καί
3308 2461 3323 2474 ο
3383 2445 3680 2512 Ἐντολὴν

2106 2527 2323 2597 καινὴν
2353 2529 2561 2600 δίδωμι
2588 2531 2753 2601 ὑμῖν,
2787 2531 2888 2586 ἵνα
2913 2531 3179 2602 ἀγαπᾶτε
3205 2536 3550 2603 ἀλλήλους.
3578 2537 3684 2591 Ἐν

2103 2621 2345 2684 ταύταις
2388 2622 2517 2689 ταῖς
2560 2622 2743 2678 δυσὶν
2775 2625 3070 2694 ἐντολαῖς,
3101 2628 3243 2695 ὅλος
3273 2632 3306 2684 ό
3339 2631 3547 2700 νόμος,
3579 2633 3675 2686 καὶ

2103 2714 2157 2765 οἱ
2191 2711 2484 2781 προφῆται
2516 2713 2852 2784 κρέμανται.
2881 2719 3242 2790 Καταμάθετε
3275 2716 3368 2775 οὖν
3406 2724 3534 2787 τοὺς
3566 2725 3679 2777 ἑτε-

2105 2798 2454 2872 ροδοξοῦντας
2489 2802 2622 2873 (85),
2658 2803 2776 2868 πῶς
2811 2805 3188 2876 νομοθετοῦσιν
3227 2808 3508 2877 ἄγνωστον
3539 2805 3680 2866 εἶναι.

2103 2893 2195 2946 τὸν
2227 2893 2446 2968 Πατέρα
2479 2894 2572 2949 τοῦ
2614 2896 2849 2968 Χριστοῦ
2894 2898 3002 2970 (84)
3029 2917 3042 2930 ·
3079 2901 3196 2964 πῶς
3221 2901 3449 2956 ἄπιστον
3480 2902 3679 2977 ἔχθραν

2105 2987 2224 3058 μετ’
2255 2985 2500 3058 ἀλλήλων
2545 2987 2776 3058 ἔχουσιν.
2810 2990 3052 3062 Ἀγάπης
3078 2993 3258 3057 αὐτοῖς
3283 2995 3346 3046 οὒ
3377 2994 3552 3065 μέλει·
3573 2996 3679 3050 τῶν

429 3088 524 3147 pta
544 3086 934 3145 contemnunt;
977 3079 1196 3134 viduam
1227 3087 1283 3133 et
1317 3079 1625 3149 orphanum
1671 3080 1994 3150 despiciunt,

2106 3077 2570 3149 προσδοκωμένων
2601 3077 2876 3147 ἀλογοῦσι,
2906 3079 2974 3134 τὰ
3006 3081 3250 3152 παρόντα
3273 3081 3351 3146 ὡς
3383 3083 3602 3138 ἑστῶτα
3631 3083 3679 3116 ³³

427 3185 750 3244 oppressum
787 3173 1079 3242 despuunt,
1108 3172 1347 3228 vinetum
1373 3173 1569 3229 rident.

499 3469 621 3506 δ’δ’
644 3470 812 3526 inser.
842 3469 945 3524 κᾶν
972 3471 1130 3533 ἀνήρ.
1207 3469 1254 3502 δ’
1277 3467 1465 3522 Matth.
1496 3482 1612 3533 xIx,
1641 3467 1710 3522 12
1739 3477 1790 3524 et
1817 3483 1938 3527 xm.
1963 3469 2064 3528 ὦ,

1041 3471 1148 3594 ηρ.ι
1207 3471 1465 3595 ἓΜειιιι.
1496 3482 1612 3533 xIx,
1641 3471 1710 3522 12
1739 3477 1790 3524 et
1817 3483 1938 3570 ξιιι.
1963 3471 2064 3528 ὦ,
2152 3471 2199 3552 ξ’
2225 3471 2284 3526 ιι

1155 3578 1170 3594 .
1251 3549 1390 3594 onst.
1421 3554 1508 3607 ap.
1547 3553 1624 3605 vr,
1655 3538 1742 3592 10.
1846 3541 1866 3572 '
1893 3540 1964 3596 al.
1995 3542 2284 3596 ὲνεστωτα.

426 3537 474 3572 ⁸³
505 3541 692 3596 Matth.
729 3557 859 3606 un,
888 3540 976 3595 40.

428 3658 762 3714 Salvatorem
810 3659 864 3712 in
906 3675 1033 3714 vera
1069 3674 1233 3715 carne
1267 3658 1532 3713 veraciter
1573 3672 1792 3727 passum
1844 3675 1987 3716 esse.

425 3728 529 3795 Qui
556 3730 716 3799 enirn
735 3730 1038 3784 sanctiﬁcat
1074 3739 1129 3784 et
1175 3728 1270 3799 qui
1315 3728 1744 3791 sanctilicantur,
1777 3745 1842 3784 ex
1878 3745 1990 3785 uno

425 3814 639 3862 omnes.
673 3796 827 3853 Unde
849 3799 894 3852 si
923 3800 1038 3867 ipse
1068 3799 1121 3852 in
1150 3796 1275 3860 vera
1299 3813 1466 3852 carne
1499 3813 1624 3852 vere
1655 3813 1850 3867 passus
1881 3817 1987 3855 non

423 3877 544 3941 est,
574 3869 668 3923 sed
709 3868 1065 3941 phantastiea
1086 3867 1429 3941 phantastice
1459 3885 1472 3921 :
1515 3883 1691 3941 neque
1722 3879 1990 3941 martyres

427 3938 482 3992 in
513 3953 640 3992 vera
683 3954 846 3992 carne
892 3939 1155 3992 veraciter
1181 3939 1483 4006 patiuntur,
1530 3937 1623 3992 sed
1655 3937 1709 3991 in
1754 3937 1967 4007 phanta-

424 4007 562 4063 stica
593 4008 948 4088 phaniastice.
978 4007 1203 4088 Propter
1239 4008 1381 4077 quod
1401 4047 1419 4072 ,
1445 4021 1542 4088 per
1578 4022 1762 4088 veram
1785 4025 1988 4088 conse-

424 4077 723 4149 ﬂuentiam,
751 4077 891 4149 idem
920 4078 1139 4149 sapiunt
1166 4077 1480 4149 hujusmodi
1511 4077 1749 4132 haeretici
1765 4081 1832 4134 de
1849 4096 1993 4136 mar-

425 4147 637 4218 tyribus
665 4157 720 4203 et
747 4151 815 4202 de
852 4147 1100 4203 Domino.
1132 4167 1151 4200 ι
1191 4147 1386 4218 υεεειι.

425 4216 614 4342 lJ75)
651 4219 758 4272 Ὧν
791 4219 1168 4288 νεκροφόρος.
1201 4217 1322 4274 Vid.
1367 4216 1742 4288 Prolegomen.
1780 4234 1899 4290 cap.
1931 4219 1988 4276 4.

495 4355 610 4428 (76)
639 4356 859 4427 Μέχρις
889 4352 962 4413 οὗ
989 4356 1464 4428 μετανοήσωσιν.
1499 4359 1664 4414 Addit
1692 4369 1880 4414 noster
1903 4359 1989 4413 in-

424 4434 635 4497 terpres
665 4444 680 4481 :
721 4446 740 4479 ι
772 4430 825 4482 ιιι
853 4429 1161 4501 passionem
1187 4444 1333 4501 quae,
1369 4449 1386 4481 ι
1410 4430 1514 4495 vel,
1543 4448 1561 4480 ι
1587 4429 1640 4484 in
1669 4445 1864 4499 panem
1887 4430 1982 4501 qui

422 4504 714 4552 estnostra
750 4499 1098 4552 resurrectio.
1134 4516 1152 4548 ι
1187 4499 1261 4552 In.

493 4565 607 4688 (77)
646 4567 785 4619 Ἐὰν
829 4563 950 4646 μὴ-
977 4568 1274 4635 πιστεύσῃ
1301 4567 1596 4653 ⁹Χριστὸν
1640 4567 1882 4635 Ἰησοῦν
1917 4569 1986 4623 ὲν

493 4653 579 4688 ιοκ
633 4637 1113 4688 πεπολιτευσθαι.
1159 4636 1442 4688 Analtean.
1493 4657 1512 4688 ι
1556 4637 1622 4688 Lt
1655 4639 1985 4688 superem-le-

421 4635 603 4703 σαρκὶ
633 4635 1113 4707 πεπολιτεῦσθαι.
1159 4635 1442 4706 Anglican.
1493 4657 1512 4690 ι
1556 4637 1622 4690 Et
1655 4639 1985 4707 supercaale-

423 4707 550 4776 stia,
574 4713 635 4776 et
649 4706 833 4776 gloria
873 4706 1187 4774 angelorum
1208 4746 1237 4776 ,ν
1265 4715 1319 4760 et
1353 4708 1627 4776 principes
1659 4706 1899 4776 visibiles
1929 4716 1986 4763 et

423 4774 748 4848 invisibiles,
778 4775 825 4830 si
849 4789 959 4828 non
981 4776 1205 4848 credant
1229 4775 1284 4829 in
1307 4774 1632 4848 sanguinem
1666 4775 1906 4845 Christi;
1934 4787 1987 4834 et

422 4844 532 4900 illis
572 4845 830 4900 iudicium
861 4853 964 4898 est.
1009 4863 1028 4896 ι
1060 4843 1138 4900 In.

495 4861 532 4900 ιε
553 4861 830 4968 ἐυαιοιιιιιι
861 4861 964 4898 εει.
1009 4863 1028 4896 ι
1060 4861 1138 4900 ιι).

495 4914 549 4986 _('7
588 4913 1246 4986 )Kal_d;t_o.1qrnqn_rd_r
1272 4914 1538 4986 antva
1559 4917 1768 4986 αὐτοῦ,
1795 4916 1892 4970 καὶ
1917 4917 1983 4970 τὸ

419 4977 628 5050 πάθος,
660 4982 758 5036 καὶ
778 4977 853 5054 τὸ
882 4977 1023 5054 αἷμα
1045 4977 1346 5054 δ’ἐξέχεεν
1373 4977 1526 5054 ὑπὲρ
1555 4985 1666 5054 τῆς
1696 4977 1801 5040 τοῦ
1845 4987 1987 5040 κόσ-

413 5071 534 5124 μου
564 5053 876 5120 σωτηρίας.
912 5053 1115 5124 Horum
1147 5055 1284 5108 nihil
1304 5055 1449 5108 aliud
1477 5053 1531 5109 in
1562 5053 1749 5111 uestro
1774 5055 1986 5110 inveni-

419 5122 872 5194 turinterprete,
919 5122 1026 5177 nisi
1069 5124 1215 5192 quod
1258 5124 1312 5194 in
1355 5134 1484 5178 nota
1522 5127 1858 5194 praecedente
1899 5133 1985 5180 est

419 5193 700 5309 plpsitum:
738 5210 758 5244 ι
796 5193 841 5246 si
873 5208 984 5247 non
1015 5194 1239 5248 credant
1274 5193 1330 5248 in
1358 5193 1678 5266 sanguinem
1706 5195 1932 5252 Christi.
1957 5210 1978 5247 ι

490 5333 604 5403 (79)
635 5333 720 5387 Οὐ
755 5330 884 5400 τῆς.
921 5329 1000 5405 Ex
1043 5332 1262 5402 vulgato
1293 5332 1717 5405 Ainterpreteita
1748 5333 1985 5389 restituit

417 5401 675 5459 Morelius
702 5417 717 5454 :
744 5418 878 5472 eum
927 5401 982 5455 in
1024 5401 1255 5472 utroque
1280 5401 1474 5458 Grieco'
1512 5404 1733 5470 codice,
1775 5413 1830 5458 et
1863 5405 1982 5459 Au-

418 5485 648 5543 gustano
671 5483 724 5527 et
741 5470 1182 5543 Nydprueciano,
1203 5474 1286 5526 ὃτι
1307 5473 1592 5543 legeretur.
1624 5473 1696 5526 ID.

493 5488 648 5528 εικηο
671 5488 724 5527 et
741 5488 854 5543 nyo
899 5488 1174 5538 rueclano,
1203 5488 1286 5526 οτι
1307 5488 1592 5543 tegeretur.
1624 5488 1696 5526 ιν.

492 5543 602 5616 (80)
633 5546 709 5616 Ἦ
943 5540 1052 5616 Vet.
1095 5543 1356 5616 vulgat.”
1386 5559 1480 5616 seu
1522 5544 1654 5616 (vel_,
1697 5543 1833 5612 sive)
1875 5543 1978 5610 vir,

417 5611 534 5667 sive
566 5611 780 5667 mulier.
819 5632 837 5664 ι
871 5611 1024 5667 Unde
1049 5611 1212 5667 etiarn
1236 5612 1491 5670 Morelius
1517 5611 1573 5669 in
1603 5613 1792 5670 Graeco
1816 5611 1978 5670 textu

417 5683 691 5752 reposuit;
727 5683 827 5736 κᾶν
853 5680 992 5759 ἀνὴρ
1019 5682 1060 5807 3
1087 5685 1243 5754 γυνή.
1268 5683 1345 5738 lo.

488 5751 605 5807 (81)
646 5753 864 5807 Τόπος.
897 5752 992 5806 καὶ
1063 5752 1268 5807 είωιια.
1300 5770 1345 5807 an

488 5751 605 5826 (81)
646 5753 864 5820 Τόπος,
897 5751 992 5806 καὶ
1021 5751 1268 5822 ἀξίωμα,
1300 5752 1398 5808 καί
1428 5754 1720 5821 πλοῦτος,
1748 5754 1979 5825 μηδένα

2055 3158 2071 3177 ⁸
2099 3167 2402 3236 λογίζονται
2437 3168 2569 3240 (85)·
2605 3168 2705 3234 τὰς
2748 3169 2969 3234 ἐντολὰς
3011 3171 3292 3245 παρορῶσι
3316 3190 3329 3202 ·
3370 3173 3550 3245 χήραν
3581 3177 3678 3229 καὶ

2093 3259 2328 3330 ὀρφανὸν
2359 3260 2676 3334 περιορῶσι,
2727 3260 3042 3334 θλιϐόμενον
3084 3263 3435 3331 διαπτύουσι,
3467 3267 3677 3340 δεδεμέ-

2092 3367 2182 3404 νον
2207 3349 2407 3418 γελῶσι
2432 3349 2564 3422 (86).

2152 3469 2199 3503 ⁸⁸
2225 3469 2358 3527 Luc.
2394 3487 2450 3540 x,
2478 3469 2570 3524 27.
2642 3470 2686 3503 "
2711 3469 2871 3527 Joan.
2901 3486 3038 3540 xvn,
3058 3471 3112 3526 3.
3199 3471 3248 3504 ⁸⁸
3263 3467 3555 3539 Ιοαιι.ιιιι,
3583 3472 3672 3529 54.

2092 3662 2417 3788 ἥυσιούτω.
2475 3661 2833 3732 Anglican.,¢
2894 3660 3131 3732 qualiter
3163 3660 3347 3716 nullus
3379 3659 3627 3717 inﬂetur.
3648 3679 3674 3714 ι

2163 3801 2278 3873 (82)
2323 3802 2567 3872 Ἀγάπη.
2596 3801 2704 3858 Pro
2738 3801 3092 3873 sequentibus
3121 3801 3176 3855 in
3207 3799 3516 3873 Anglicano
3541 3811 3676 3873 itan-

2091 3871 2206 3928 turn
2232 3871 2463 3927 habetur
2493 3891 2507 3927 :
2544 3892 2562 3923 ι
2598 3873 2798 3941 quibus
2817 3871 2963 3926 ‘nihil
2993 3871 3347 3941 praepositum
3373 3880 3514 3926 est.»
3537 3872 3614 3926 lo.

2183 3943 2270 4014 85)
2298 3938 2670 4014 Καταμάθετε
2691 3938 2813 4014 οὖνΔ
2833 3941 2977 4009 τοὺς
2993 3938 3528 4014 ’ἑτεροδοξοῦνταᾳ
3548 3941 3672 4000 νει.

2091 4011 2295 4082 vulgat.
2321 4032 2339 4064 ι
2375 4011 2579 4069 υἰευίιε
2608 4014 2705 4083 (ita
2729 4011 2874 4066 enim
2901 4028 2964 4067 ex
2995 4027 3130 4066 mss.
3159 4013 3528 4076 restituimus,
3549 4029 3675 4083 pro,

2099 4102 2119 4135 ι
2156 4083 2408 4153 Dicite»)
2450 4097 2581 4153 ergo
2623 4082 3078 4153 eosﬂquitaliter
3119 4081 3280 4151 (fort.
3317 4082 3520 4151 aliter)
3573 4085 3670 4138 do-

2093 4161 2237 4208 cent.
2274 4171 2293 4204 ι
2336 4152 2620 4223 Anglican.
2667 4171 2686 4204 s
2714 4152 3076 4223 Considerate
3123 4158 3306 4206 autem
3356 4153 3522 4207 aliter
3549 4155 3674 4223 opi-

2093 4233 2286 4304 nantes
2332 4223 2408 4343 ip”
2434 4220 2660 4292 gratiam
2705 4220 2835 4277 Jesu
2873 4221 3114 4286 Christi,
3155 4236 3276 4277 eam
3315 4236 3444 4292 qua:
3473 4223 3530 4277 iu
3570 4220 3676 4278 nos

2093 4302 2256 4343 Venit.
2298 4309 2317 4342 ι
2413 4327 2426 4340 .

2091 4293 2256 4346 venit.
2298 4309 2317 4342 ι
2354 4293 2426 4343 ID.

2162 4362 2270 4434 (84)
2301 4361 2432 4428 Πῶς
2460 4363 2886 4432 νομοθετοῦσιν
2906 4361 3221 4431 ἄγνωστον
3245 4355 3402 4415 εἶναι
3427 4361 3539 4417 τὸν
3559 4367 3675 4418 Πα-

2088 4431 2229 4500 τέρα
2257 4432 2364 4513 τοῦ
2399 4432 2674 4513 lauaret}.
2718 4432 3000 4513 Anglican.
3047 4451 3066 4483 ι
3101 4431 3336 4502 qualiter
3368 4436 3673 4489 contrariae

2091 4513 2218 4556 sunt
2249 4504 2530 4557 sententiae
2555 4501 2666 4555 Dei.
2702 4521 2721 4553 ι
2755 4501 2827 4561 lo.

2157 4571 2266 4642 (85)
2303 4573 2380 4625 Τὰ
2426 4573 2692 4642 παρόντα
2737 4573 2818 4638 ὡς
2867 4569 3094 4625 ἑστῶτα
3138 4569 3504 4642 λογίζονται.
3541 4572 3670 4629 Lib.

2085 4637 2390 4711 Nydprucc.
2425 4637 2524 4714 pro
2551 4641 2762 4714 ἑστῶτα
2798 4637 2934 4713 legit
2967 4637 3260 4696 ἐνεστῶτα.
3293 4640 3416 4697 Vet.
3453 4645 3668 4714 vulgat.

2091 4729 2110 4762 ι
2137 4714 2417 4783 praesentia
2451 4712 2812 4783 dissimulant,
2841 4712 3208 4783 quteventura
3248 4712 3670 4783 sunttanqtiatn

2084 4781 2371 4902 praesentia
2404 4781 2544 4849 (vel,
2579 4784 2721 4863 [ll-ll]
2767 4780 2898 4862 mss.
2944 4781 3243 4851 Magdaleu.
3279 4791 3335 4836 et
3357 4780 3673 4839 Petaviano

2106 4851 2347 4902 labetur.
2383 4868 2402 4901 ι
2446 4866 2592 4902 nunc
2639 4859 2896 4902 mstantia
2940 4870 2959 4902 ι
2997 4853 3014 4902 l
3045 4866 3167 4902 esse
3199 4860 3413 4902 nutant-
3446 4864 3507 4902 et
3540 4863 3673 4902 tan-

2106 4851 2347 4915 iabatur,
2383 4868 2402 4901 ι
2437 4866 2592 4931 .nunc
2617 4852 2959 4932 instantia.»
2997 4853 3014 4920 )
3045 4860 3414 4932 esse‘putant,
3446 4864 3507 4909 et
3540 4863 3673 4932 tan-_-

2084 4934 2249 4989 quam
2273 4921 2545 4974 somnium
2578 4930 2631 4974 et
2675 4921 3016 4989 phantasiam
3055 4921 3405 4989 existimant;
3452 4942 3473 4975 ι
3519 4939 3588 4980 ac
3619 4926 3670 4979 si

2085 4987 2304 5062 legisset
2335 5007 2348 5044 :
2377 4989 2457 5062 Τὰ
2482 4987 2726 5062 παρόντα
2757 4992 3159 5062 ὑποκρίνονται,
3189 4991 3258 5044 τὰ
3289 4987 3560 5061 μέλλοντα
3587 4994 3672 5056 ὡς

2083 5057 2705 5133 ξνεστῶταᾼλογίζονται,
2733 5063 2828 5114 καὶ
2845 5057 3045 5133 -ὤσπερ
3076 5060 3210 5133 ὄναρ
3229 5057 3324 5115 καὶ
3352 5064 3671 5133 φαντασίαν

2085 5125 2282 5202 [ταῦτα
2306 5129 2502 5202 πάντα]
2533 5129 2810 5202 ἡγοῦνται.
2843 5131 2919 5184 In.

2156 5196 2268 5274 (86)
2305 5196 2665 5274 Θλιόᾢμενον
2693 5199 3052 5274 διαπτύουσι
3069 5243 3086 5269 ,
3117 5199 3445 5274 δεδεμένον
3470 5202 3667 5273 γελῶο

2082 5281 2165 5340 σι.
2215 5270 2333 5340 'Yet.
2377 5270 2579 5340 vulgat.
2624 5289 2644 5321 ι
2691 5271 3008 5326 tribulatutn
3063 5270 3362 5340 respuunt,
3405 5270 3665 5330 vinetum

2081 5337 2347 5412 derident.
2380 5356 2398 5390 ι
2427 5337 2494 5412 In:
2507 5341 2688 5412 priore
2717 5341 2963 5412 membro
2994 5337 3170 5412 (quod
3199 5359 3229 5396 a
3273 5337 3496 5400 Latinis
3541 5345 3667 5398 vul-

2080 5408 2220 5528 gatis
2245 5409 2417 5490 abest)
2446 5408 2881 5489 Magdalenensis
2897 5408 3255 5494 codexbabet
3281 5433 3299 5464 ι
3328 5422 3661 5484 respuunt”

2124 5477 2402 5528 alnolensrs
2429 5489 2482 5528 el
2507 5479 2859 5528 Pelavnanus-
2889 5499 2907 5528 ι
2939 5483 3264 5528 ιιιιεηιιῑιιιιιι-
3309 5503 3327 5528 ι
3362 5501 3465 5528 nm
3497 5505 3516 5528 ι
3569 5487 3661 5528 ὠξ-

2124 5477 2405 5533 aliolensis
2429 5489 2482 5533 et
2507 5477 2860 5554 Petavianus,
2887 5499 2911 5554 ε
2939 5483 3278 5554 despiciunt,
3308 5503 3327 5534 ι
3362 5477 3465 5554 prb
3497 5505 3516 5536 s
3569 5487 3664 5538 de-

2081 5557 2304 5615 spuunt,
2343 5567 2362 5600 ι
2393 5552 2752 5625 respondente
2776 5552 2850 5605 illi
2874 5550 3062 5607 (ἕετεεό
3092 5550 3434 5608 διαπτύουσι.
3461 5555 3664 5625 Angli-

2079 5631 2201 5671 can.
2242 5637 2262 5693 ι
2299 5622 2503 5693 nonde
2533 5622 2823 5693 tribulato,
2865 5637 2974 5676 nou
3022 5625 3106 5693 de,
3129 5625 3295 5693 ligato
3321 5628 3404 5680 vel
3449 5622 3662 5689 soluto,

2081 5702 2188 5766 non
2224 5690 2292 5742 dc
2318 5691 2709 5766 esurientevel
2745 5692 2982 5746 sitiente.
3026 5690 3297 5766 s_Deiri_de
3341 5707 3660 5766 sequuntur

2081 5756 2172 5812 illa
2192 5799 2206 5825 ,
2237 5773 2359 5828 quae
2398 5760 2452 5814 in
2491 5758 2866 5832 Prolegomen.
2897 5776 3018 5833 cap.
3050 5763 3102 5825 5.
3135 5779 3167 5820 a
3201 5756 3556 5822 Theodoreti;
3588 5781 3656 5820 ex
