3822 6210
137 357 236 415 853

946 323 1305 412 Episrou;
1347 353 1872 410 mammam.
1911 382 1977 393 -
2019 351 2108 405 an
2147 345 2557 406 SMYRNACOS.

3253 319 3282 369 8
3292 319 3359 371 δι

136 474 328 530 αὑτοῦ.
373 474 521 544 Τίμα
555 473 691 545 (10),
729 475 912 546 φησιν,
945 474 1056 539 υἱὲ,
1090 475 1198 530 τὸν
1225 476 1373 530 Θεὸν
1407 477 1500 530 καὶ
1521 477 1698 540 ,βασι-

1812 474 1946 527 illius
1971 474 2038 528 ".
2071 471 2309 536 Honora,
2343 470 2542 538 inquit,
2575 469 2677 536 ﬁli,
2709 466 2875 521 Deum
2902 475 2950 520 et
2980 482 3150 536 regem
3169 465 3233 520 η.
3261 467 3372 536 Ego

136 567 257 620 λέα.
286 563 425 634 Ἐγὼ
455 564 516 618 δέ
537 581 700 636 φημι·
720 565 865 635 Τίμα
886 567 981 636 μὲν
1007 567 1096 620 τὸν
1119 567 1272 632 Θεὸν,
1299 567 1374 631 ὡς
1402 567 1572 621 αἴτιον
1596 566 1702 619 τῶν

135 656 263 709 ὅλων
292 655 388 708 καὶ
425 653 657 724 Κύριον·
693 655 989 709 ἐπίσκοπον
1027 655 1106 719 δὲ,
1137 656 1215 720 ὡς
1252 656 1534 727 ἀρχιερέα,
1567 655 1701 709 Θεοῦ

135 747 306 801 εἰκόνα
336 745 632 818 φοροῦντα·
659 747 800 800 κατά
827 748 924 818 μὲν
955 747 1015 801 τὸ
1045 749 1254 819 ἄρχειν,
1285 747 1442 812 Θεοῦ,
1476 747 1617 802 κατά
1646 747 1702 800 δὲ

135 836 190 891 τὺ
213 835 531 908 ἱερατεύειν,
567 836 804 908 Χριστοῦ
827 837 961 908 (11).
995 839 1104 891 Καὶ
1131 839 1268 908 μετά
1299 837 1506 905 τοῦτον,
1539 838 1703 908 τιμᾷν

135 929 232 999 Χρὴ
276 927 368 979 καὶ
415 925 648 996 βασιλέα
696 926 832 998 (12).
871 926 1010 982 Οὔτε
1053 928 1162 1000 γὰρ
1201 928 1337 982 Θεοῦ
1381 946 1464 992 τις
1517 930 1700 998 κρείτ-

134 1037 232 1074 των
259 1019 387 1090 (15),
420 1019 454 1090 ἢ
491 1020 877 1091 παραπλήσιος
909 1023 966 1074 ὲν
998 1022 1133 1075 πᾶσι
1163 1024 1272 1085 τοῖς
1296 1017 1464 1076 οὖσιν·
1499 1021 1622 1075 οὐτε
1645 1021 1702 1075 δὲ

135 1112 188 1163 ὲν
228 1109 524 1181 Ἐκκλησία
576 1111 875 1164 ἐπισκόπου
927 1129 979 1164 τι
1017 1112 1219 1182 μεῖζον,
1257 1112 1552 1183 ἱερωμένου
1584 1111 1704 1182 Θεῷ

134 1203 263 1273 ὑπὲρ
292 1202 390 1272 τῆς
426 1201 524 1255 τοῦ
573 1202 782 1274 κόσμου
827 1203 1028 1268 παντὸς
1063 1205 1354 1274 σωτηρίας·
1389 1203 1512 1258 οὐτε
1546 1205 1700 1275 βασι-

135 1293 258 1356 λέως
285 1311 368 1357 τις
398 1295 785 1367 παραπλήσιος
815 1299 873 1349 ὲν
921 1294 1198 1367 ἄρχουσιν,
1230 1298 1450 1367 εἰρήνην
1489 1298 1581 1350 καὶ
1616 1298 1704 1350 εὐ-

133 1386 311 1456 νομίαν
357 1389 472 1450 τοῖς
530 1388 860 1458 ἀρχομένοις
918 1389 1364 1460 πρυτανεύοντος.
1429 1391 1486 1443 Ὀ
1531 1389 1703 1460 τιμῶν

132 1478 415 1531 ἐπίσκοπον
448 1476 592 1549 (14),
629 1478 732 1531 ὐπὸ
763 1477 898 1531 Θεοῦ
943 1479 1339 1552 τιμηθήσεται·
1380 1479 1567 1552 ὥσπερ
1611 1479 1703 1534 οὖν

133 1570 160 1622 6
185 1569 457 1641 ἀτιμάζων
481 1571 673 1637 αὐτὸν,
706 1571 811 1624 ὑπὸ
834 1571 968 1624 Θεοῦ
993 1571 1410 1643 κολασθήσεται.
1443 1573 1505 1631 El
1537 1575 1644 1643 γὰρ
1676 1574 1704 1625 6

135 1660 429 1730 βασιλεῦσιν
450 1665 621 1731 ὲπεγε
629 1663 712 1733 ιρό
717 1679 874 1733 μενος
893 1662 1025 1734 (15),
1040 1663 1312 1727 κολάσεως
1325 1663 1472 1728 ἄξιος
1483 1665 1703 1730 δικαίως

135 1753 424 1824 γενήσεται,
471 1753 552 1818 ὦς
595 1771 660 1823 γε
705 1753 997 1826 παραλύων
1041 1754 1138 1826 τὴν
1185 1756 1370 1828 κοινὴν
1415 1758 1698 1829 εὐνομίαν·

136 1845 273 1916 πόσῳ
299 1845 509 1900 δοκεῖτε
534 1846 783 1916 χείρονος
813 1845 1176 1918 ἀξιωθήσεται
1201 1848 1486 1918 τιμωρίας,
1519 1852 1546 1903 6
1577 1850 1704 1904 ἀνευ

137 1937 417 1990 ἐπισκόπου
443 1955 496 1990 τι
529 1940 704 1990 ποιεῖν
729 1937 1178 2008 προαιρούμενος,
1211 1939 1306 1991 καὶ
1329 1937 1426 2009 τὴν
1457 1940 1705 2010 ὁμόνοιαν

135 2029 382 2096 διασπῶν,
412 2031 509 2083 καὶ
542 2029 642 2100 τὴν
673 2029 925 2095 εὐταξίαν
952 2030 1196 2099 συγχέων
1231 2030 1378 2099 (16);
1418 2029 1702 2102 ’ἱερωσύνη

136 2120 232 2191 γάρ
261 2122 395 2185 ἐστι,
427 2121 490 2173 τὸ
521 2121 743 2174 πάντων
774 2119 996 2188 ἀγαθῶν
1021 2123 1078 2173 ὲν
1101 2119 1409 2190 ἀνθρώποις
1441 2122 1706 2194 ἀναϐεϐη-

139 2214 240 2276 κός·
265 2207 330 2283 ἦς
351 2214 380 2266 6
410 2213 778 2284 καταμανεὶς,
810 2213 912 2266 οὐκ
943 2212 1228 2285 ἄνθρωπον
1253 2215 1528 2284 ἀτιμάζει,
1571 2215 1706 2269 ἀλλά

137 2305 274 2366 Θεὸν,
299 2306 391 2358 καὶ
411 2305 653 2376 Χριστὸν
687 2305 916 2376 Ἰησοῦν,
935 2305 1026 2360 τὸν
1044 2305 1408 2375 πρωτότοκον,
1435 2308 1528 2360 καὶ
1547 2309 1706 2378 μόνον

141 2400 196 2468 τῇ
221 2397 374 2466 φύσει
403 2397 500 2452 τοῦ
535 2399 752 2468 Πατρδς
776 2399 1040 2470 ἀρχιερέα
1073 2397 1204 2469 (17).
1238 2399 1423 2452 Πάντα
1453 2395 1544 2454 οῦν
1578 2401 1705 2471 ὑμῖν

143 2491 247 2556 μετ’
271 2489 524 2556 εὐταξίας
561 2489 921 2545 ὲπιτελείσθω
969 2493 1026 2543 ἐν
1063 2489 1283 2561 Χριστῷ
1329 2491 1461 2560 (l8).
1497 2493 1561 2545 Οἱ
1592 2493 1706 2546 λαῖ-

142 2577 486 2648 κοὶ(19),τοῖς
509 2579 783 2644 διακόνοις
814 2581 1322 2636 ὑποτασσέσθωσαν.
1357 2584 1418 2634 Οἱ
1449 2583 1703 2644 διάκονοι,

141 2671 240 2733 τοῖς
255 2671 662 2744 πρεσϐυτέροις·
683 2675 730 2726 οἱ
748 2672 1124 2745 πρεσϐύτεροι,
1139 2673 1214 2744 τῷ
1231 2675 1422 2728 ἐπισκό
1431 2693 1530 2746 πῳ·
1548 2676 1576 2727 6
1592 2676 1708 2728 ἐπί-

145 2777 346 2826 σκοπος,
371 2763 448 2834 τῷ
472 2763 811 2836 Χριστῷ,ὼς
838 2765 1000 2828 αὐτὸς
1021 2765 1100 2835 τῷ
1126 2765 1320 2836 Πατρί.
1348 2766 1498 2819 Καθό
1526 2768 1571 2798 ⁷⁸
1593 2767 1704 2837 (20)

146 2868 203 2921 με
251 2853 621 2918 ἀνεπαύσατε,
667 2853 909 2921 ἀδελφοὶ,
942 2853 1033 2906 καὶ
1080 2854 1226 2923 ὑμᾶς
1269 2854 1476 2925 Ἰησοῦς
1505 2858 1534 2908 6
1577 2858 1706 2928 Χρι-

145 2942 271 3006 στός.
306 2943 539 2998 Ἀπόντα
559 2962 628 3014 με
661 2945 754 2998 καὶ
785 2946 1025 3013 παρόντα
1046 2946 1388 3016 ὴγδιπήσατε·
1416 2947 1702 3017 ἀμείψεται

147 3032 273 3102 ὑμᾶς
301 3037 328 3088 6
356 3034 512 3098 Θεὸς,
545 3035 616 3088 δι’
645 3034 703 3088 ὂν
734 3033 908 3088 ταῦτα
937 3036 1016 3098 εἰς
1047 3035 1138 3087 τὸν
1161 3035 1381 3106 δέσμιον
1411 3037 1574 3090 αὐτοῦ
1627 3040 1708 3090 ἐν·

142 3127 383 3198 εὸείξεσθε
405 3126 542 3196 (21).
592 3127 656 3179 Εἰ
702 3126 810 3196 γὰρ
851 3127 948 3178 καὶ
985 3127 1058 3197 μή
1099 3129 1212 3197 εἰμι
1251 3128 1455 3194 ἱκανὸς,
1487 3129 1620 3184 ἀλλά
1644 3131 1703 3184 τὸ

1804 581 1933 622 vero
1957 566 2079 620 dico
2115 584 2128 620 :
2160 564 2374 621 Honora
2399 563 2618 634 quidem
2637 560 2830 627 Deum,
2849 558 3165 615 utomnium
3186 567 3372 614 aucto-

1805 676 1917 716 rem
1945 669 1997 715 et
2033 658 2318 713 Dominum
2340 657 2684 726 :episcopum
2721 669 2873 717 vero,
2893 661 2952 707 ut
2967 650 3265 722 principem
3279 665 3372 707 sa-

1803 750 2106 814 cerdotum,
2129 747 2222 818 qui
2240 745 2533 817 imaginem
2563 741 2655 797 Dei
2691 740 2826 805 fert;
2855 739 2948 794 Dei
2974 738 3223 808 quidem,
3241 751 3372 807 pro--

1804 853 1922 913 pter
1937 839 2323 911 principatum;
2346 836 2548 892 Christi
2566 851 2717 896 vero,
2739 841 2961 902 propter
2983 828 3369 886 sacerdotium.

1806 933 1872 988 Et
1885 942 2006 1003 post
2022 932 2167 986 hunc
2178 931 2449 986 honorare
2464 935 2677 998 oportet
2693 927 2855 980 etiam
2875 939 3076 994 regem.
3091 921 3201 978 Nec
3224 922 3370 978 enim

1805 1026 1916 1080 Deo
1946 1025 2239 1095 quisquam
2266 1021 2611 1091 praestantior
2634 1027 2738 1082 est,
2767 1026 2861 1072 aut
2896 1016 3094 1071 similis
3124 1015 3179 1068 in
3207 1014 3372 1068 rebus

1805 1117 2095 1182 omnibus;
2151 1130 2250 1170 nec
2297 1114 2575 1183 episcopo,
2622 1111 2714 1181 qui
2755 1109 2863 1164 Deo
2897 1116 3255 1163 consecratus
3289 1113 3374 1160 est

1805 1225 1903 1280 pro
1919 1209 2087 1263 totius
2105 1206 2291 1262 mundi
2311 1204 2815 1274 salute,quidquam
2837 1201 3014 1270 majus
3037 1200 3090 1253 in
3108 1198 3371 1261 Ecclesia;

1806 1316 1906 1356 nec
1924 1300 2064 1354 inter
2095 1298 2372 1370 principes
2400 1296 2673 1365 quispiam
2705 1293 2902 1348 similis
2935 1292 3272 1362 regi,pacem
3311 1306 3375 1344 ac

1806 1393 1908 1449 sub
1935 1393 2106 1462 aequis
2160 1391 2371 1460 legibus
2402 1388 2848 1457 tranquillitatem
2882 1384 3144 1453 subjectis
3174 1398 3375 1453 procu-

1808 1485 1966 1540 ranti.
2009 1482 2114 1551 Qui
2141 1485 2374 1538 honorat
2399 1482 2742 1550 episcopum,
2779 1487 2809 1531 a
2842 1475 2954 1530 Deo
2981 1475 3374 1539 honorabitur;

1806 1578 1950 1634 sicut
1972 1577 2065 1648 qui
2103 1575 2398 1646 ignominia
2431 1573 2594 1628 allicit
2623 1573 2800 1637 illum,
2829 1587 2859 1626 a
2892 1569 2998 1625 Deo
3024 1571 3276 1640 punietur
3306 1567 3372 1623 ⁷⁸.

1808 1669 1865 1724 Si
1894 1669 2040 1724 enim
2063 1669 2188 1738 jure
2213 1668 2318 1721 erit
2357 1682 2516 1736 paena
2542 1667 2764 1736 dignus,
2789 1668 2882 1735 qui
2917 1665 3181 1718 adversus
3223 1677 3378 1732 reges

1806 1762 2059 1832 insurgit,
2076 1770 2134 1815 ut
2151 1761 2244 1830 qui
2265 1760 2500 1815 resolvat
2523 1773 2868 1814 communem
2883 1747 3116 1828 quietem
3140 1773 3153 1819 ;
3171 1765 3378 1825 quanto

1739 1839 1778 1892 Β
1809 1853 2011 1923 putatis
2031 1852 2251 1922 gravius
2278 1851 2576 1905 merebitur
2603 1849 2954 1920 supplicium,
2995 1847 3088 1918 qui
3123 1849 3242 1902 sine
3265 1846 3379 1916 epi-

1808 1961 1975 2015 scopo
2017 1946 2146 2016 quid
2181 1945 2326 1999 volet
2373 1959 2553 2014 agere,
2605 1942 2951 1998 concordiam
2997 1955 3278 2009 rumpens,
3323 1947 3379 1994 et

1809 2037 2011 2090 bonum
2043 2036 2289 2089 ordinem
2311 2033 2684 2089 confundens?
2713 2031 3093 2087 Sacerdotium
3119 2031 3264 2084 enim
3295 2039 3379 2084 est

1805 2130 2052 2182 omnium
2098 2128 2391 2193 bonorum,
2417 2141 2538 2195 qua:
2570 2125 2622 2178 in
2658 2125 2972 2178 hominibus
3018 2132 3166 2186 sunt,
3219 2136 3376 2193 apex,

1808 2221 2068 2276 adversus
2105 2219 2250 2290 quod
2286 2220 2378 2289 qui
2420 2217 2570 2282 furit,
2617 2234 2725 2272 non
2769 2219 3044 2272 hominem
3077 2215 3376 2286 ignominia

1808 2311 1988 2377 aiIicit,
2025 2312 2121 2367 sed
2157 2311 2351 2377 Deum,
2385 2321 2439 2366 et
2472 2313 2750 2367 Christum
2785 2309 2992 2382 Iesum,
3039 2307 3379 2378 primogeni-

1809 2412 1945 2469 tum,
1983 2405 2188 2473 quique
2226 2405 2376 2460 solus
2417 2414 2502 2459 est
2555 2412 2746 2458 natura
2811 2401 3051 2476 pontifex
3102 2399 3279 2454 Patris
3309 2399 3373 2452 ⁷⁸.

1807 2497 2000 2551 Omnia
2023 2497 2188 2567 igitur
2210 2498 2366 2553 vobis
2433 2498 2645 2554 decenti
2691 2496 2884 2551 ordine
2925 2495 3278 2564 perficiantur
3325 2494 3376 2546 in

1806 2589 2046 2646 Christo.
2096 2589 2243 2645 Laici
2275 2591 2522 2645 diaconis
2551 2590 2915 2659 subjiciantur
2941 2607 2955 2654 ;
2995 2587 3232 2652 diaconi,
3257 2602 3379 2656 pre-

1807 2681 2072 2752 sbyteris;
2095 2682 2417 2753 presbyteri,
2444 2684 2733 2752 episcopo;
2764 2681 3076 2750 episcopus.
3117 2680 3335 2734 Christo
3359 2719 3374 2742 ,

1809 2783 1869 2828 ut
1895 2775 2014 2842 ipse
2060 2772 2228 2829 Patri.
2275 2774 2746 2841 Quemadmodum
2782 2788 2870 2829 me
2913 2773 3226 2836 recreaslis,
3268 2771 3379 2826 fra-

1809 2873 1940 2930 tres,
1986 2873 2042 2920 et
2094 2880 2191 2919 vos
2233 2873 2439 2920 recreet
2471 2864 2630 2920 Jesus
2657 2863 2930 2917 Christus.
2965 2861 3260 2915 Absentem
3291 2875 3378 2914 me

1807 2970 1871 3009 ac
1892 2965 2214 3025 praesentem
2245 2957 2548 3022 dilexistis;
2582 2956 2847 3010 retribuet
2872 2955 3028 3008 vobis
3054 2953 3216 3018 Deus,
3251 2966 3378 3021 pro-

1809 3057 1929 3116 pter
1957 3062 2120 3116 quem
2155 3048 2271 3103 litec
2315 3048 2369 3102 in
2403 3048 2645 3102 vinctum
2681 3046 2832 3100 illius
2862 3045 3191 3100 contulistis.
3240 3041 3374 3097 Nam

1807 3139 1909 3194 etsi
1935 3155 2044 3193 non
2079 3155 2199 3195 sum
2223 3141 2443 3210 dignus,
2475 3149 2533 3194 at
2555 3154 2747 3208 magna
2770 3147 2852 3193 est
2873 3137 3040 3192 animi
3069 3137 3232 3190 vestri
3252 3151 3382 3205 pro-

129 3218 232 3286 ,ιῖις
259 3219 568 3292 προθυμίας
600 3218 754 3290 ὐμῶν
789 3219 945 3290 μέγα.
989 3217 1042 3270 Ὀ
1066 3219 1247 3288 τιμῶν
1259 3220 1368 3292 γὰρ
1395 3221 1698 3290 προφήτην

1812 3230 2018 3298 pensio.
2047 3231 2322 3296 Quienim
2346 3232 2569 3284 honorat
2597 3231 2904 3300 prophetam
2932 3231 2987 3282 in
3014 3231 3222 3282 nomine
3250 3243 3376 3297 pro-

147 3310 223 3376 εις
257 3310 438 3382 ὄνομα
470 3310 807 3381 προφήτου,
840 3312 1064 3380 μισθὸν
1085 3311 1393 3381 προφήτου
1422 3311 1698 3382 λήψεται.

1805 3319 2004 3386 phetre,
2061 3321 2346 3374 mercedem
2380 3319 2646 3388 propheta:
2685 3319 2904 3388 accipiet
2927 3319 2993 3372 ⁷⁷.
3029 3315 3376 3373 Manifestum

124 3451 545 3531 ‘_"’_lsa.‘t.xn,
639 3455 704 3531 l_;_
738 3453 920 3531 Const.
951 3470 1038 3531 ap.
1078 3468 1139 3519 ll,
1186 3453 1274 3510 14.
1352 3455 1399 3487 ⁷³
1425 3453 1585 3510 Prov.
1615 3473 1762 3524 xxrv,
1818 3460 1906 3513 2i.
1983 3462 2029 3493 ⁷⁸
2062 3460 2244 3517 Const.
2271 3478 2356 3531 ap.
2401 3477 2476 3528 Vl,
2515 3461 2568 3515 2.
2645 3462 2692 3494 ⁷⁵
2724 3463 2758 3515 l.
2787 3460 2968 3516 Const.
3002 3477 3088 3530 op.
3128 3425 3248 3527 vui,
3281 3462 3371 3518 46.

143 3518 184 3551 ⁷⁸
211 3521 277 3578 al.
307 3524 466 3584 καθά.
531 3518 536 3519 ί
575 3524 616 3558 ⁷⁷
657 3524 845 3579 Matth.
873 3541 906 3578 χ
928 3565 944 3590 ,
970 3518 1058 3579 41.

203 3637 508 3717 (10)-λΤζμα.
529 3642 761 3717 Adeum
785 3644 966 3702 locum
985 3645 1144 3717 Prov.
1177 3660 1325 3717 xxiv,
1349 3645 1410 3717 2]
1433 3683 1448 3706 ,
1475 3647 1566 3714 qui
1594 3663 1695 3717 pu-

146 3709 274 3764 tatur
293 3709 438 3786 βοῶ
470 3729 484 3764 :
519 3733 539 3765 ι
579 3711 765 3786 Neque
800 3717 1002 3786 aliquid
1035 3716 1245 3786 obstat,
1278 3709 1332 3770 iu
1377 3709 1609 3771 Doniind
1639 3728 1694 3772 et

144 3793 272 3849 rege,
292 3780 502 3838 Patrem
540 3793 596 3838 et
612 3780 810 3838 Filium
841 3780 1114 3855 intelligas
1137 3785 1431 3856 designari,
1458 3787 1552 3856 qui
1583 3803 1693 3842 uno

145 3849 422 3921 eodemque
457 3863 593 3909 sunt
627 3854 932 3912 divinitatis
974 3857 1182 3911 honore
1232 3856 1483 3920 colendi;
1525 3875 1544 3908 ι
1587 3859 1694 3912 hoc

143 3899 455 4002 enimmodo
490 3939 694 4002 censeo
716 3899 1042 3993 legendum:
1057 3925 1150 3980 ubi
1182 3899 1483 4002 tomo:V“lli
1503 3899 1696 3982 mei-3:

149 3993 282 4063 nymi
302 4007 569 4063 excusum
597 3993 848 4061 habetur,
887 4014 907 4048 ι
939 4005 999 4050 ιιι
1029 4011 1233 4063 regem.
1271 4015 1290 4047 ι
1315 3995 1452 4051 Co'r.

207 4057 624 4134 Ibidem._Tlpa,
654 4057 864 4134 φησιν,
906 4065 1018 4131 υἱὲ,
1051 4057 1162 4118 τόν
1196 4065 1362 4129 Θεὸν,
1412 4066 1506 4120 καὶ
1525 4067 1700 4131 βασι-

144 4127 397 4212 ὲγὼ
416 4132 484 4212 δέ
714 4127 1062 4212 ξριοιιιοηείῐι
1103 4136 1172 4212 a_b
1199 4135 1304 4212 isto
1329 4127 1539 4212 corrigi
1551 4138 1698 4192 hisce

145 4199 304 4256 verbis
324 4199 566 4269 notal,in
582 4199 932 4260 wProbtemate
963 4221 1086 4268 suo,
1111 4204 1432 4261 Perkinsius
1466 4199 1649 4260 noster
1681 4224 1693 4261 :

146 4271 295 4342 quasi
317 4273 494 4342 major
517 4273 811 4330 Salomone
838 4284 985 4331 esset
1006 4276 1115 4330 hic.
1144 4275 1342 4331 Ussen.

206 4339 307 4415 (11)
345 4339 491 4398 Θεοῦ
509 4345 723 4415 εἰκόνα
736 4345 1054 4413 φοροῦντα·
1081 4346 1230 4400 κατὰ
1245 4345 1355 4414 μὲν
1369 4347 1434 4400 τὸ
1463 4346 1689 4415 ἄρχειν,

152 4409 303 4483 Θεοῦ,
322 4415 466 4468 κατὰ
493 4413 565 4467 δὲ
592 4414 658 4467 τὸ
686 4409 1026 4483 ἱερατεύειν,
1046 4409 1326 4483 Χριστοῦ.
1348 4409 1688 4472 Manifestum

1803 3648 2098 3703 indicatum
2123 3656 2228 3702 est.
2257 3645 2329 3700 ln-

1869 3719 1980 3788 (15)
2018 3721 2087 3771 El
2113 3718 2221 3786 reip
2251 3721 2284 3769 ό
2314 3717 2467 3780 ,ϐασι
2481 3717 2688 3770 λεῦσιν
2722 3715 3195 3788 κέπεγειρόμενος.
3235 3715 3373 3788 Vide

1799 3787 2203 3870 Prelegomen?
2234 3803 2355 3870 cap,
2391 3789 2457 3841 to
2487 3799 2540 3841 et
2565 3787 2802 3870 captis,
2839 3795 2904 3870 ct.
2931 3795 3058 3839 uota
3087 3787 3373 3870 verbajlla

1799 3854 1987 3914 Graeci
2015 3857 2220 3912 codicis
2253 3873 2266 3909 :
2302 3854 2378 3920 ὣς
2430 3873 2492 3924 γε
2528 3857 2820 3928 παραλύων
2855 3854 2952 3928 τὴν
2997 3855 3181 3928 κοινὴν
3226 3857 3375 3909 εὐνο-

1803 3928 1950 3998 μίαν,
1979 3928 2035 3981 in
2063 3937 2246 3998 vetere
2274 3942 2494 3997 quoque
2519 3925 2736 3996 vulgata
2765 3925 2958 3980 Latina
2988 3926 3240 3981 versione
3263 3943 3374 3981 nou

1803 3995 2142 4053 comparere.
2171 3995 2248 4050 In.

1871 4062 1982 4138 (16)
2021 4067 2130 4121 Καὶ
2152 4084 2277 4138 ,την
2300 4062 2893 4138 ρμόνοιανδιασπῶν,
3058 4066 3375 4138 τὴνᾼεύτα-

1800 4134 1940 4203 flow
1965 4134 2268 4208 συγχέων.
2298 4134 2484 4205 Neque
2520 4137 2622 4208 ista
2658 4135 2822 4190 etiam
2866 4151 2896 4188 a
2930 4135 3151 4205 vulgato
3175 4134 3374 4189 Latino

1802 4206 2100 4278 interprete
2121 4216 2424 4278 agnoscunt
2420 4221 2518 4278 _ur.
2533 4276 2540 4278 _
2553 4206 2626 4258 lo.

1848 4274 1996 4402 ,31τέ
2021 4277 2126 4331 Καὶ
2153 4274 2344 4344 μόνον
2369 4274 2443 4343 τῇ
2465 4276 2646 4343 φύσει
2670 4274 2776 4330 τοῦ
2810 4275 3046 4344 Πατρός
3073 4275 3367 4344 ἀρχιερέα.

1801 4347 1858 4402 Vi
1904 4388 1919 4402 .
2002 4347 2361 4402 roleaomen..
2385 4361 2507 4402 cap.
2540 4344 2629 4399 75.
2660 4345 2734 4400 lo.
3345 4355 3350 4366 ’

1847 4361 1919 4402 Id.
1956 4361 2361 4416 t’rotegomen.,
2385 4361 2507 4414 cap.
2548 4361 2629 4399 ιο.
2660 4361 2734 4400 In.
3346 4363 3348 4366 ν

1866 4417 1977 4489 (18)
2016 4416 2220 4489 mirga
2249 4410 2364 4489 οὖν
2381 4414 2524 4484 ὑμῖν
2545 4417 2670 4489 per:
2686 4415 2966 4489 εὐταξίας
2989 4415 3373 4489 ὲςτιτελείσθω

145 4491 253 4559 esse
292 4481 388 4559 hic
417 4481 821 4559 afl‘ectationem
851 4481 1171 4559 subtilitatis
1213 4486 1587 4559 ineptissime},
1615 4487 1688 4559 in
1721 4547 1759 4559 _
1792 4481 2142 4556 ἐν’Χριστῷ.
2169 4481 2633 4559 _P_ro_his.'nos'ter
2655 4486 2922 4559 interpres
2944 4481 3148 4559 habet:
3182 4504 3207 4559 μ
3242 4482 3373 4559 0m-

148 4548 248 4627 guis
275 4551 537 4627 ad_liunc_
566 4554 746 4627 locum
789 4557 935 4627 notis
957 4556 1176 4627 criticis
1212 4547 1476 4627 observat
1515 4547 1690 4612 Vede-
1721 4547 1765 4602 D
1795 4559 1885 4613 nia
1915 4547 2254 4627 igitur'vobis
2284 4556 2339 4609 in
2362 4547 2535 4626 gratia
2561 4547 3198 4625 superabundent;digni
3224 4556 3370 4610 enim

150 4615 263 4696 lius.
299 4638 316 4672 ι
347 4620 574 4698 Tribuit‘
607 4624 754 4679 enim
788 4623 1016 4698 (inquit)
1062 4625 1174 4680 Deo
1211 4625 1360 4698 Patri
1396 4627 1457 4680 τὸ
1502 4628 1692 4698 ἄρχειν

151 4695 412 4770 imperare,
442 4695 670 4770 Christo
699 4704 881 4750 autem
896 4695 979 4770 ’56
998 4695 1318 4770 ἱερατεύειν
1338 4713 1367 4770 ;γ
1380 4695 1688 4770 secundum

153 4763 328 4835 prius,
355 4763 485 4819 dicit
529 4765 846 4835 episcopum
909 4766 1020 4822 Deo
1059 4763 1205 4820 Patri
1250 4767 1483 4822 similem
1528 4782 1689 4832 esse;

151 4833 425 4887 secundum
462 4833 756 4904 posterius,
788 4835 929 4890 Filio
964 4835 1081 4892 Dei.
1113 4835 1280 4902 Quasi
1313 4852 1442 4891 vero
1473 4836 1693 4892 Christo

151 4910 586 4980 goneompeteret
613 4916 672 4980 ut
689 4906 750 4980 τρ
776 4906 1094 4980 ἱερατεύειν,
1111 4909 1192 4960 sic
1213 4907 1378 4961 etiam
1398 4907 1458 4961 τὸ
1481 4907 1690 4980 ἄρχειν.

154 4964 409 5039 Scriptura
438 4982 586 5030 certe
606 4964 1041 5031 Christo'tribuit
1073 4964 1691 5044 utrumqueaum'a'lias,

151 5043 249 5119 tum
278 5045 488 5109 quando
515 5045 693 5119 ipsum
725 5047 987 5119 ἀρχιερέα
1008 5056 1196 5119 vocat:
1219 5043 1310 5102 ubi
1335 5047 1555 5119 nomine
1577 5047 1695 5119 ipso

155 5114 421 5191 utrumque
441 5115 716 5184 exprimit,
765 5114 1015 5171 'u'od‘hoc
1035 5118 1156 5174 loco
1183 5127 1472 5186 corruptor
1500 5114 1692 5186 lguatii

155 5175 365 5241 diverut.
397 5201 415 5233 ι
450 5185 532 5238 vel
564 5203 584 5236 ι
618 5133 827 5241 divellit
859 5207 878 5238 ι
914 5187 1117 5241 potius.
1143 5186 1220 5239 In.

153 5175 366 5257 divertit,
397 5201 415 5233 ι
436 5175 532 5257 vel
564 5203 584 5236 ι
609 5175 827 5257 divellit
859 5207 878 5238 ι
914 5187 1117 5257 potius.
1143 5186 1220 5239 In.

199 5248 323 5326 in)
348 5255 452 5326 καὶ
479 5255 633 5325 μετὰ
657 5256 893 5319 τοῦτον,
915 5248 1110 5326 ’τιμᾷν
1137 5257 1252 5325 χρὴ
1281 5257 1378 5310 καὶ
1404 5255 1689 5321 βασιλέα.

212 5273 294 5316 (η
348 5273 452 5308 nat
479 5273 633 5325 μετα
657 5273 893 5319 τουτον,
934 5273 988 5311 τι

158 5273 664 5397 νίᾀε-ίδιοιεεοιηεη.
704 5342 824 5397 cap.
861 5327 950 5381 10.
979 5273 1071 5384 Ῐῖέῗ

217 5386 316 5460 (13)
356 5386 501 5466 οῦῖε
537 5395 648 5466 γὰρ
689 5386 838 5452 Θεοῦ
881 5415 972 5463 τις
1005 5398 1305 5466 κρείττων.
1337 5415 1356 5448 ι
1397 5395 1508 5452 Nec
1546 5399 1693 5452 enim

157 5468 265 5539 rege
283 5464 560 5533 quisquam
587 5467 924 5534 praestantior
948 5485 968 5519 ι
997 5464 1051 5521 in
1073 5468 1320 5522 versione
1345 5483 1442 5523 sua
1461 5467 1692 5522 reddidit

159 5521 440 5590 Vairlenius
464 5553 479 5592 :
514 5535 659 5592 reais
703 5538 945 5592 nomine.
989 5553 1089 5592 pro
1132 5537 1249 5592 Dei.
1294 5553 1387 5592 uer
1420 5538 1689 5592 incuriam

464 5553 479 5601 ;
514 5553 659 5604 regis
703 5553 945 5604 nomine,
989 5553 1089 5604 pro
1132 5553 1249 5602 DCI,
1294 5553 1387 5604 per
1420 5553 1689 5593 lﬂClll‘laln

170 5551 479 5601 vainemus;
514 5551 659 5608 regis
703 5553 945 5604 nomine,
989 5553 1089 5607 pro
1132 5551 1249 5602 νει,
1294 5554 1328 5607 ν

163 5597 446 5658 substituto.
478 5605 552 5658 In.

220 5665 318 5746 (14)
357 5673 408 5746 '9
435 5673 614 5746 τιμῶν
634 5676 990 5732 ἐπίσκοπον.
1014 5678 1096 5731 Ab
1112 5677 1400 5741 Antiocho,
1423 5677 1478 5732 in
1501 5669 1691 5732 homil.

295 5733 713 5820 etDam'asceno,
741 5747 794 5800 in
829 5747 1087 5820 Parque}.
1117 5748 1210 5820 lib.
1247 5765 1304 5814 ιι,
1338 5733 1459 5820 cap.
1489 5747 1581 5812 25,
1615 5751 1694 5820 ci-

162 5809 286 5864 tatus
311 5811 525 5872 habetur
551 5817 640 5874 hic
662 5809 813 5875 locus
833 5835 847 5886 ;
867 5825 921 5873 ut
943 5819 998 5874 in
1030 5809 1432 5891 Prolcgomcnf,
1453 5809 1578 5890 cap.
1607 5819 1691 5881 18.

1799 4626 1952 4685 estis;
1979 4647 1997 4679 ι
2022 4626 2099 4680 ID.

1871 4699 1983 4771 (19)
2022 4699 2092 4771 _Ol
2118 4697 2336 4771 .tatxol.
2364 4693 2850 4771 Hanc_vocem_(ab
2875 4695 3286 4771 interpolatore,
3316 4705 3373 4752 et

1802 4763 1893 4824 hic
1927 4763 1983 4823 et
2021 4767 2078 4822 in
2123 4765 2367 4833 Epistola
2403 4766 2473 4818 ad
2516 4763 2887 4836 Magnesianos
2919 4763 3257 4836 usurpatam)
3305 4783 3374 4822 ne

1805 4837 1996 4908 Ignatii
2030 4837 2233 4908 sarculo
2250 4836 2491 4908 ignotam
2521 4834 2690 4908 fuisse
2705 4835 3035 4908 egistimem,
3066 4837 3197 4908 facit
3220 4834 3372 4908 lucus

1801 4903 1893 4964 ille
1925 4907 2221 4963 Clementis
2249 4903 2300 4958 in
2338 4905 2581 4976 Epistula
2627 4904 2692 4976 ad
2726 4903 3043 4976 Corinthios
3095 4906 3371 4976 (editionis

1800 4977 2073 5043 Junianaa,
2102 4992 2227 5046 pag.
2248 4976 2345 5046 55)
2373 4973 2398 5030 ε’
2434 4973 2703 5046 Ὀ-λαῖκὸς
2718 4973 3003 5046 ἄνθρωπος
3030 4973 3142 5038 τοῖς
3162 4974 3371 5046 λαῖκοίς

1802 5044 2194 5121 προστάγμασι
2200 5045 2456 5121 δέδεται.)
2483 5044 2878 5121 lauicos-homo
2902 5047 3188 5121 praeceptis
3215 5045 3370 5121 laicis

1801 5114 2248 5186 constringitur.»
2280 5115 2348 5170 Ut
2371 5118 2436 5170 ad
2472 5115 2796 5184 Apostolicos
2835 5131 3058 5169 canones
3080 5124 3134 5170 et
3161 5114 3368 5186 Διατάέ

1802 5189 1925 5255 ξεις
1953 5185 2271 5258 (inquibus
2285 5186 2587 5258 saepissime
2612 5185 2934 5258 vocabulum
2973 5187 3074 5258 hoc
3106 5185 3367 5258 occurrit)

1804 5254 2208 5328 hicconl‘ugere
2224 5254 2461 5328 nihil'sit
2476 5270 2718 5328 necesse.
2747 5254 2803 5328 In
2832 5255 3166 5328 Tertulliano
3195 5254 3368 5318 enim,

1803 5330 2052 5398 proximo
2076 5325 2200 5397 post
2237 5325 2506 5396 lgnatium
2532 5325 2758 5398 sacculo,
2786 5325 3054 5398 laieorum
3079 5340 3370 5379 occurrere

1802 5393 2156 5462 mentionem,
2193 5393 2352 5452 nemo
2373 5405 2460 5451 est
2491 5396 2589 5466 qui
2616 5397 2848 5464 ignoret.
2880 5393 2954 5447 lo.

1872 5469 1986 5538 (20)
2025 5468 2202 5522 Καθό.
2237 5467 2315 5520 Ita
2349 5464 2522 5521 codeit
2545 5464 3029 5538 Nydpruccianus:
3064 5464 3365 5538 alii_._xa0a.

1807 5533 2068 5609 vulgatus
2119 5538 2407 5609 interpres,
2444 5533 2804 5609 «_secundutn
2848 5535 3011 5604 quod.
3082 5556 3100 5588 ι
3149 5533 3366 5601 Noster,

1808 5605 2146 5665 «semiudum
2181 5608 2386 5661 omnia.
2426 5605 2537 5657 ilo.

1895 5679 1985 5748 21)
2025 5680 2103 5730 Δι’
2249 5678 2433 5730 ταῦτα
2463 5681 2550 5742 εὶς
2588 5677 2693 5729 τάν
2732 5675 2980 5745 δέσμιον
3015 5675 3201 5730 αὐτοῦ
3237 5675 3370 5728 ἐνε-

1802 5745 2099 5814 δείξασθε.
2131 5745 2322 5803 Noster
2353 5748 2617 5814 interpres
2649 5766 2661 5800 ε
2703 5765 2720 5796 ι
2754 5761 2968 5817 propter
2993 5762 3156 5817 quem
3186 5750 3366 5803 omnia

1805 5821 2157 5887 sustinentes,
2182 5817 2357 5890 ipsum
2383 5817 2775 5889 adipiscemiui.
2812 5836 2830 5869 ι
2876 5815 2948 5868 In.
