3806 6208
115 329 212 388 953
1182 416 1185 417 ί
1332 336 1762 398 FRAGMENTA
1795 342 2122 404 GENUINA.
3255 358 3361 417 954

114 445 260 510 σθαι,
288 441 405 499 m'
426 425 854 512 clz~66€a§hcoﬁ
884 445 1021 501 Θεοῦ
1052 447 1113 502 τὸ
1143 416 1326 505 πλεῖον
1355 452 1649 508 δουλευέτω

1830 461 1875 516 ed
1925 460 1994 515 ad
2037 459 2264 531 gloriam
2308 461 2405 518 Dei
2451 463 2628 536 magis
2674 461 3054 533 serviant,‘ut
3092 468 3359 538 potiorem

114 552 220 603 σαν,
265 533 349 590 τνα
393 535 702 610 κρείττονος
742 538 1056 610 ἐλευθερίας
1101 542 1207 595 ὑπὸ
1237 542 1373 598 Θεοῦ
1419 544 1649 617 τύχωσιν

1830 554 2089 609 bertatem
2146 569 2177 608 a
2240 553 2356 610 Deo
2418 533 2848 628 consequantur.
2906 557 2990 612 Ad
3064 533 3356 634 Pblycarp.

1776 662 1893 716 cap.
1919 647 1976 704 Δ.

1082 821 1214 877 In“
1252 822 1405 890 ibid.,
1446 823 1534 880 lit.
1575 841 1637 893 ε,
1688 825 1774 880 tit.
1810 840 1947 894 XLII,
1975 841 2099 897 pag.
2135 825 2259 893 779,
2291 823 2359 880 D.

415 971 518 1028 Ἐκ
555 972 668 1044 τῆς
705 973 857 1044 πρὸς
888 942 1388 1031 ΠΟΛΥΚΑΡΠΟΝ.

2121 980 2207 1034 Ea:
2242 980 2486 1050 Epistola
2518 983 2588 1036 ad
2616 982 2996 1040 POLYCABPUI.
3077 984 3080 986 ⁷

164 1083 248 1158 Τῷ
287 1085 572 1160 ὲπισκόπῳ
617 1089 915 1162 προσέχετε
935 1130 950 1156 ,
997 1090 1084 1145 ἵνα
1128 1091 1225 1145 καὶ
1269 1091 1398 1163 ὑμῖν
1443 1092 1472 1145 ὁ
1509 1089 1649 1157 Θεός.

1845 1087 2118 1160 Episcopo
2165 1091 2446 1159 attendite,
2486 1102 2549 1148 ut
2585 1103 2641 1149 ει
2663 1093 2808 1151 Deus
2834 1096 3014 1151 vobis.
3059 1094 3351 1157 Uuanimis

115 1175 240 1246 Ἐγὼ
293 1177 588 1252 ἀπίψυχον
647 1178 757 1234 τῶν
817 1180 1272 1252 ὑποτασσομένων
1343 1181 1649 1254 ὲπισκόπῳ,

1830 1193 1872 1254 :o
1901 1195 2024 1235 sum
2053 1195 2178 1237 cum
2213 1182 2282 1239 iis
2313 1185 2406 1254 qui
2437 1185 2668 1256 subjecti
2702 1194 2832 1242 sunt
2872 1186 3154 1259 episcopo,
3217 1207 3345 1263 pre-

102 1268 493 1340 ιτρεσὸυτερίῳ,
541 1269 845 1337 διακόνοις·
897 1272 1016 1344 μετ’
1061 1272 1240 1327 αὐτῶν
1274 1289 1363 1344 μοι
1406 1273 1468 1327 τὺ
1500 1272 1649 1345 μέρος

1830 1270 2030 1339 »ςιετίο,
2062 1271 2337 1330 diaconis:
2394 1292 2520 1332 cum
2551 1279 2640 1336 his
2676 1293 2806 1350 pars
2842 1280 2981 1335 mihi
3025 1280 3100 1337 sit
3129 1281 3186 1336 in
3213 1279 3346 1339 Deo.

102 1357 292 1428 γίνοιτο
322 1362 380 1415 ὲν
410 1359 553 1432 Θεῷ.

1830 1359 2160 1434 dPolycarp.
2187 1377 2304 1434 cap.
2322 1367 2376 1423 6.

1064 1549 1196 1602 Imm
1228 1545 1385 1614 ibid.,
1427 1546 1534 1601 litt.
1563 1561 1629 1613 υ,
1671 1545 1759 1601 tit.
1803 1563 1941 1616 xvu,
1973 1564 2099 1623 pag.
2132 1549 2258 1620 788,
2289 1549 2354 1607 Β.

618 1699 721 1755 Ἐκ
763 1702 876 1772 τῆς
911 1702 1127 1774 αὐτῆς.

2395 1707 2481 1762 Ea;
2509 1711 2714 1767 eadem.

151 1805 564 1880 Μακροθυμεῖτε
611 1814 730 1884 μετ’
776 1814 1027 1887 ἀλλήλων
1071 1817 1131 1870 ὲν
1177 1817 1488 1890 πραΰτητι,
1522 1817 1598 1882 ὡς
1628 1833 1649 1871 ο

1833 1819 2067 1878 Patienti
2099 1823 2284 1878 animo
2309 1822 2543 1880 invicem
2571 1839 2670 1880 vos
2693 1823 2832 1880 ferte
2862 1839 2990 1880 cum
3019 1833 3346 1883 mansuetu-

93 1895 206 1962 Θεὸς
237 1897 352 1970 μεθ’
385 1901 544 1974 ὑμῶν
574 1904 667 1962 διὰ
700 1908 928 1972 παντός.

1830 1929 1915 1983 ne,
1946 1916 2029 1970 uti
2053 1914 2198 1972 Deus
2228 1931 2325 1972 vos
2357 1931 2594 1988 semper.
2631 1915 2715 1970 Ad
2745 1915 3036 1988 Polycarp.
3067 1934 3185 1987 cap.
3213 1917 3268 1973 6.

1112 2063 1244 2120 Inani
1277 2065 1435 2134 ibid.,
1472 2066 1578 2124 litt.
1607 2087 1662 2142 χ,
1697 2069 1782 2125 tit.
1809 2085 1884 2138 tv,
1929 2086 2055 2142 pag.
2083 2069 2210 2136 724,
2250 2067 2314 2123 Ε.

687 2221 1050 2283 ἸΓΝΔἸἸΟΥ.

2411 2226 2666 2284 Ὶειιλτιι.

144 2329 453 2402 Χριστιανὸς
502 2333 700 2390 ἑαυτοῦ
749 2333 999 2402 ἐξουσίαν
1051 2337 1154 2392 οὐκ
1201 2337 1344 2412 ἔχει,
1379 2339 1518 2396 ἀλλὰ
1577 2339 1649 2414 τῷ

1832 2341 2183 2399 Christianus
2217 2341 2304 2397 sui
2335 2339 2510 2412 ipsius
2536 2346 2862 2412 potestatem
2889 2356 3003 2399 non
3030 2341 3216 2414 habet,
3241 2343 3338 2401 sed

89 2421 192 2495 Θεῷ
221 2425 488 2498 σχολάζει.

1830 2449 1876 2491 :0
1900 2443 2082 2490 vacat.
2110 2433 2193 2488 Ad
2215 2432 2507 2506 Polycarp.
2547 2431 2747 2503 σαρξί.

1015 2583 1148 2642 IDEM
1185 2588 1343 2656 ibid.,
1383 2588 1490 2643 litt.
1519 2604 1556 2642 α
1579 2629 1596 2656 ,
1632 2590 1718 2644 tit.
1756 2604 1956 2658 LXXVI,
2002 2606 2124 2660 pag.
2154 2588 2279 2658 772,
2317 2588 2384 2646 Ι).

101 2731 187 2789 Ἐκ
219 2733 326 2806 τῆς
359 2736 1292 2816 πρρς--ΪῌῈῌΣῖρΥΣῃίἶπιστολῆς
1331 2744 1438 2799 τοῦ
1474 2744 1649 2816 ἁγίου

435 2808 785 2864 ἹΓΝΑΤΙΟΥ
817 2812 924 2866 τοῦ
963 2808 1283 2882 Θεοφόροὺ.

143 2918 334 2991 Μηδεὶς
377 2921 698 2977 πλανάσθω.
747 2924 873 2979 Ἐὰν
920 2925 994 2998 μή
1040 2943 1124 2989 τις
1236 2926 1387 2990 ἐντὸς
1418 2925 1512 2980 τοῦ
1558 2925 1649 2980 θυ-

1830 2919 2022 2976 Nullus
2054 2927 2218 2976 erret.
2258 2919 2317 2975 Si
2366 2920 2493 2992 quis
2543 2936 2655 2977 non
2699 2928 2784 2976 est
2816 2921 2960 2976 intra
3004 2921 3199 2988 altare,
3239 2925 3337 2979 Dei

89 3012 396 3084 σπαστηρίου,
430 3013 746 3085 ὑστερεῖται
777 3014 872 3069 τοῦ
905 3016 1069 3088 ἄρτου
1102 3017 1195 3071 τοῦ
1227 3017 1384 3072 Θεοῦ.
1441 3019 1505 3071 Εἰ
1537 3017 1649 3092 γὰρ

1831 3028 1900 3068 ne
1951 3013 2218 3082 privatur.
2275 3010 2334 3066 Si
2373 3011 2520 3066 enirn
2562 3011 2727 3067 unius
2777 3021 2832 3066 et
2883 3012 3108 3068 alterius
3161 3015 3339 3071 oratio

86 3099 188 3166 ινδς
224 3104 314 3157 καὶ
355 3105 618 3179 δευτέρου
665 3108 943 3180 προσευχὴ
999 3109 1268 3182 τοσαύτην
1315 3110 1469 3182 ἰσχὺν
1513 3109 1648 3180 ἔχει,

1830 3113 1970 3158 itum
2023 3101 2242 3158 virtutis
2291 3102 2475 3168 habet,
2514 3109 2724 3171 quanto
2771 3100 2947 3172 magis
2993 3102 3234 3173 episcOpi
3282 3113 3340 3158 et

86 3193 214 3266 πόσῳ
260 3197 458 3268 μᾶλλον
597 3215 658 3252 τε
689 3177 788 3254 τοῦ
816 3177 1116 3254 ἐπισκόπου
1178 3177 1271 3255 καὶ
1320 3177 1502 3273 πάσης
1542 3177 1649 3274 τῆς

1830 3195 1933 3250 mis
1974 3191 2274 3249 Ecclesiae?
2323 3191 2429 3259 Qui
2476 3207 2606 3262 ergo
2665 3193 2829 3246 simul
2890 3208 3000 3248 non
3058 3194 3333 3262 convenit,

95 3281 428 3356 Ἑκκλησίας;
493 3288 555 3340 '0
602 3283 697 3342 οὖν
756 3291 831 3363 μὴ
883 3289 1177 3362 ἐρχόμενος
1236 3291 1330 3344 ἐπὶ
1385 3291 1446 3344 τὸ
1494 3292 1646 3357 αὐτὸ,

1830 3301 1847 3341 1
1873 3285 1988 3356 jam
2037 3283 2308 3355 superbus
2336 3292 2440 3350 est,
2468 3298 2532 3339 ac
2561 3299 2621 3338 se
2663 3282 2842 3352 ipsum
2873 3283 3155 3353 dijudicat.
3186 3282 3336 3339 Scri-

85 3368 215 3438 οὗτος
254 3377 350 3450 ήδη
404 3379 774 3451 ὑπερηφανεῖ,
817 3380 910 3434 καὶ
962 3382 1152 3436 ἑαυτὸν
1203 3381 1490 3453 διακρίνει.
1555 3380 1649 3433 Γέ-

1830 3393 1911 3432 um
1941 3383 2028 3432 est
2079 3379 2225 3431 enim
2256 3390 2268 3427 :
2307 3373 2446 3429 Deus
2493 3373 2732 3444 superbis
2765 3373 2992 3430 resistit.
3055 3369 3138 3424 Ad
3161 3368 3338 3444 Ephe-

84 3483 295 3541 γραπται
323 3473 381 3529 δέ
402 3491 416 3505 ·
465 3473 905 3545 ’Υπερηςράνοις
951 3477 984 3529 ὁ
1019 3474 1164 3542 Θεὸς
1199 3473 1646 3530 ἀντιτάσσεται.
1760 3471 1893 3534 sios,
1919 3487 2036 3540 cap.
2067 3470 2122 3526 5.

1830 2765 1916 2820 Ea:
1941 2764 2187 2836 Epistula
2217 2766 2288 2820 ad
2319 2765 2585 2825 Eruesros
2611 2769 2787 2824 sancti
2808 2766 3012 2825 Ionam
3045 2766 3268 2839 Deiferi.

1014 3625 1146 3682 insin
1186 3626 1345 3693 ibid.,
1408 3625 1517 3680 litt.
1565 3641 1626 3692 ε,
1660 3621 1745 3680 tit.
1775 3636 1966 3689 XLVIII,
2006 3637 2129 3692 pag.
2157 3620 2281 3687 779,
2320 3617 2380 3673 ι).

590 3780 750 3851 Πρὸς
793 3779 1157 3836 ἘΦΕΣΙΟΥΣ.

1882 3763 1886 3768 ’
2345 3773 2428 3826 Ad
2460 3770 2746 3827 EPBESIOS.

141 3914 534 3989 Σπουδάσωμεν
563 3915 676 3988 γ,(μὴ
727 3912 1148 3969 ἀντιτάσσεσθαι
1210 3910 1289 3984 τῷ
1333 3913 1645 3982 -ὲπισκυπῳ,

1830 3910 2062 3982 Operam
2107 3924 2401 3980 ponamus,
2438 3917 2498 3962 ut
2540 3922 2647 3962 non
2691 3905 2950 3977 episcopo
2984 3903 3331 3973 resistamus,

87 4004 162 4059 ἵνα
188 4001 326 4078 ὦμεν
358 4007 480 4080 Θεῷ
517 4007 951 4078 ὑποτασσόμενοι
972 4045 987 4059 .
1035 4005 1146 4061 Καὶ⁸
1188 4005 1312 4059 ὅσον
1346 4003 1534 4074 βλέπει
1565 4021 1649 4068 τις

1849 4005 2025 4060 simus
2055 4000 2168 4056 Deo
2213 3997 2468 4068 subjecti.
2519 3995 2587 4051 Et
2629 4010 2740 4067 quo
2791 3995 2968 4066 magis
3001 3994 3330 4065 episcopum

85 4098 294 4168 σιγῶντα
335 4101 659 4165 ἐπίσκοπον,
707 4098 868 4153 πλέον
898 4098 1062 4153 αὐτὸν
1109 4094 1398 4167 φοϐείσθω.
1461 4095 1649 4149 Πάντα

1830 4105 2016 4152 entem
2048 4094 2174 4165 quis
2197 4091 2366 4158 videt,
2397 4105 2463 4145 eo
2486 4091 2610 4160 plus
2646 4090 2826 4160 ipsum
2857 4089 3066 4144 timeat.
3097 4085 3330 4142 Omnem

83 4192 174 4264 γὰρ
201 4192 255 4249 ὃν
284 4195 495 4264 πέμπει
543 4193 572 4246 ὁ
603 4191 990 4265 οἰκοδεσπότης
1020 4193 1100 4254 εἰς
1139 4191 1274 4244 ίδίαν
1306 4188 1640 4260 οἰκονομίαν,

1830 4191 1894 4244 im
1931 4203 2094 4259 quem
2128 4183 2524 4257 paterfamilias
2564 4183 2631 4236 ad
2667 4195 2822 4237 suam
2858 4180 3329 4250 dispensationem

84 4281 231 4350 οὕτως
269 4287 349 4340 δεῖ
391 4287 546 4359 ἡμᾶς
589 4284 862 4358 δέχεσθαι,
895 4284 971 4349 ὡς
1004 4284 1165 4338 αὐτὸν
1199 4283 1301 4352 ⁶τὸν
1333 4281 1639 4353 πέμποντα.

1830 4282 1937 4348 ttit,
1977 4281 2056 4336 sic
2096 4297 2200 4336 nos
2237 4286 2453 4348 oportet
2479 4274 2724 4344 recipere
2754 4274 2904 4329 velut
2932 4273 3111 4343 ipsum
3161 4287 3192 4326 a
3219 4287 3332 4342 quo

85 4372 173 4428 Τὸν
201 4377 321 4446 γοῦν
352 4379 674 4444 ἐπίσκοπον,
706 4377 781 4442 ὡς
811 4377 975 4432 αὑτὸν
991 4376 1082 4431 τὸν
1112 4375 1318 4448 Κύριον
1349 4373 1434 4428 δεῖ
1464 4390 1643 4445 προσ-

1830 4375 2005 4429 ttitur.
2042 4371 2345 4442 Episcopus
2391 4370 2578 4438 itaque
2621 4367 2794 4436 aspici
2823 4365 2986 4421 debet
3021 4364 3101 4419 uti
3139 4363 3330 4418 Domi-

86 4462 298 4524 σλέπειν.

1831 4480 1856 4520 s
1887 4463 2023 4533 ipse.
2053 4461 2136 4514 Ad
2161 4459 2362 4531 Ephes.
2392 4475 2546 4528 capp.
2575 4458 2609 4513 5
2636 4467 2686 4511 et
2707 4457 2762 4512 6.

143 4583 234 4643 Hic
257 4589 430 4660 locus,
459 4591 746 4648 nonnullis
772 4589 1029 4662 demptis,
1059 4589 1292 4661 aliisque
1329 4588 1522 4645 leviter
1548 4586 1874 4651 immutatis,
1907 4583 2150 4640 occurrit
2178 4582 2402 4650 ibidem,
2427 4597 2550 4653 pag.
2572 4578 2697 4648 750,
2727 4577 2792 4633 D.

1017 4740 1149 4798 lusu
1181 4741 1340 4811 ibid.,
1387 4741 1501 4800 litt.
1529 4757 1600 4808 α,
1646 4740 1730 4794 tit.
1767 4754 1952 4807 Lxxvr,
1987 4753 2112 4808 pag.
2139 4735 2266 4803 772,
2309 4734 2375 4790 C.

97 4891 188 4954 Ἐκ
218 4899 322 4973 τῆς
357 4902 508 4973 πρὸς
534 4899 882 4957 ἘΦΕΣΙΟΥΣ
930 4899 1297 4971 Ἐπιστολῆς
1332 4899 1439 4956 τοῦ
1471 4899 1642 4972 ἁγίου

1830 4897 1905 4953 Ea:
1937 4899 2109 4954 sancti
2131 4896 2341 4954 Icum:
2373 4896 2578 4967 Dei/eri
2601 4895 2846 4968 Epistola
2868 4894 2938 4949 ad
2969 4893 3254 4949 Epuesms.

433 4975 776 5029 ἸΓΝΑΤΙΟΥ
811 4973 917 5028 τοῦ
953 4973 1274 5041 Θεοφόρου.

146 5081 274 5149 Τοὺς
306 5087 611 5159 μερισμοὺς
641 5085 874 5156 φεύγετε
893 5127 909 5152 ,
941 5084 1017 5150 ὡς
1047 5086 1223 5161 ἀρχὴν
1255 5083 1462 5140 κακῶν.
1509 5084 1648 5138 Εἰώ-

1830 5069 2013 5140 F‘ugite
2063 5070 2399 5135 divisiones,
2446 5070 2526 5124 uti
2572 5069 2844 5125 malorum
2895 5069 3070 5123 initia.
3141 5065 3330 5123 Solent

93 5169 202 5227 θασί
227 5156 537 5250 τινες-δόλῳ
565 5177 788 5251 πονηρῷ
829 5178 892 5232 τὸ
922 5156 1098 5250 δνομα
1124 5156 1364 5251 Χριστοῦ
1415 5177 1644 5250 περιφέ-

1830 5162 1918 5232 qui
1961 5161 2108 5216 malo
2151 5160 2277 5215 dolo
2306 5159 2514 5216 Christi
2557 5174 2760 5215 nomen
2801 5157 3176 5223 circumferre,
3223 5156 3329 5212 alia

92 5279 210 5333 ρειν,
260 5265 392 5322 ἄλλα
423 5248 547 5323 τινα
597 5248 937 5341 πράσσοντες
983 5248 1190 5334 ἀνάξια-
1229 5266 1388 5335 Θεοῦ,
1439 5248 1534 5332 οῦς
1564 5269 1648 5322 δεῖ

1830 5253 1997 5306 aadam
2053 5251 2275 5322 indigna
2313 5248 2426 5304 Deo
2478 5249 2792 5306 iactitantes
2842 5267 2855 5303 :
2901 5264 2933 5303 a
2983 5248 3186 5318 quibus
3225 5261 3326 5300 vos

91 5350 218 5422 ὑμᾶς
243 5355 314 5420 ὼς
344 5355 511 5431 θηρία
541 5339 828 5414 ἐκκλίνειν.
863 5358 985 5412 Εἰσὶ
1007 5359 1116 5430 γὰρ
1147 5359 1309 5424 κύνες
1340 5359 1642 5423 λυσσῶντες

1830 5353 1961 5400 m-tet
1993 5355 2256 5414 tanquam
2292 5359 2323 5397 a
2356 5341 2489 5397 feris
2518 5341 2816 5396 declinare.
2868 5339 3008 5393 Sunt
3049 5339 3196 5393 enim
3236 5352 3328 5390 ra-

89 5428 430 5519 λαθρόδηκται
447 5465 462 5478 '
495 5447 589 5513 οὒς
617 5449 700 5503 δεῖ
729 5449 874 5521 ὑμᾶς
905 5428 1294 5521 φυλάσσεσθαι,
1329 5451 1488 5514 ὄντας
1519 5451 1642 5504 δυσ-

1830 5454 1890 5492 »ει
1927 5451 2094 5492 canes
2133 5435 2273 5492 clam
2308 5434 2662 5489 mordentes:
2701 5449 2732 5487 a
2764 5432 2966 5503 quibus
2993 5444 3090 5485 vos
3116 5428 3327 5484 debetis

91 5529 458 5605 θιοαπεύτους.

1830 5545 1970 5596 vere,
2015 5545 2115 5586 ceu
2160 5529 2254 5600 qui
2299 5527 2517 5583 diliicile
2553 5532 2961 5580 mansuescant.
3004 5521 3089 5575 Ad
3118 5521 3319 5591 Ephes.

1748 5642 1862 5695 cap.
1893 5625 1947 5679 7.

161 5736 235 5796 Ad
265 5738 410 5799 hunc
445 5741 623 5801 locum
651 5742 734 5801 Cl.
767 5741 1003 5809 LEQUIEN
1039 5744 1266 5802 adnotat
1293 5743 1474 5802 minus
1507 5754 1649 5801 recte

1833 5759 1862 5800 ιι
1894 5744 2017 5813 ista,
2047 5744 2171 5808 τοὺς
2204 5740 2502 5816 μερισμοῦς
2530 5739 2776 5810 φεύγετε,
2810 5737 2886 5803 ὡς
2913 5733 3088 5810 ἀρχὴν
3115 5728 3322 5801 κακῶν,
