3758 6216
57 316 162 374 957
1301 317 1733 375 FRAGMENTA
1773 319 2104 376 GENUINA.
3225 316 3333 373 958

55 439 191 494 Θεοῦ
231 439 300 492 οὒ
352 439 871 514 κληρονομήσουσιν.
926 439 991 492 El
1039 433 1132 494 οὖν
1187 440 1236 493 oi
1284 440 1426 494 κατά
1467 440 1536 494 σά

1853 457 1870 494 ι
1905 455 2130 511 regnum
2162 438 2257 493 Dei
2288 452 2398 493 non
2436 435 2814 508 possidebunt.
2845 434 2904 490 Si
2934 449 3064 507 ergo
3093 435 3187 505 qui
3218 435 3335 491 haec

57 532 228 589 ταῦτα
263 531 574 604 πάσχοντες
611 531 974 602 ἀπέθνησκον,
1014 532 1165 603 πόσῳ
1201 531 1401 603 μᾶλλον
1429 532 1524 586 ἐὰν

1851 533 2051 587 undum
2096 546 2316 587 carnem
2356 531 2660 601 patiuntur,
2691 528 2895 583 mortui
2935 527 3098 592 sunt;
3128 535 3335 597 quanto

58 640 172 677 στιν
195 625 252 675 ὲν
273 623 737 695 κακοδιδασκαλίᾳ
770 622 957 695 φθερεῖ
983 622 1110 695 [leg.
1137 622 1378 696 φθείρῃ],
1418 625 1542 695 ὑπὲρ

1851 625 1926 694 gis
1965 625 2012 680 si
2064 623 2226 678 iidem
2260 622 2438 676 aliena
2469 620 2719 676 doctrina
2768 617 3078 684 labefactet,
3115 625 3335 686 propter

69 713 277 787 Ἰησοῦς
332 714 572 786 Χριστὸς
624 715 981 788 ὲσταυρὼθη;
1038 716 1160 770 Ὅτι
1199 708 1356 780 οὗτος
1408 719 1552 788 ρυπα

1851 733 1911 770 ω
1944 714 2106 771 Jesus
2136 714 2392 769 Christus
2437 711 2736 766 cruciﬁxus
2777 709 2899 765 est?
2933 708 3208 775 Quoniam
3247 707 3335 762 hic

59 805 371 876 γενόμενος,
402 808 483 869 είς
510 805 570 858 τὸ
613 803 725 878 πῦρ
767 806 828 860 τὸ
859 805 1125 861 ἄσϐεστον
1157 808 1416 879 χωρήσει,
1445 807 1543 877 ὁμο

1853 817 2024 862 tracta
2075 806 2270 871 sorde,
2325 804 2382 858 in
2441 803 2622 874 ignem
2684 800 3075 856 inexstinctum
3127 798 3331 866 abibit,

59 897 151 952 mi.
174 900 203 952 ὁ
229 896 457 953 ἀκούων
477 894 664 952 αὐτοῦ.

1846 900 2208 956 :madmodum
2247 907 2302 954 et
2334 897 2429 969 qui
2468 898 2649 968 ipsum
2682 897 2977 953 auscultat.
3009 895 3091 950 Ad
3128 892 3330 966 Ephes.

1742 1015 1859 1070 cap.
1895 997 1980 1053 16.

917 1177 1047 1232 [nam
1070 1177 1227 1245 ibid.,
1258 1178 1368 1233 litt.
1399 1195 1449 1243 ε,
1478 1179 1563 1232 tit.
1593 1193 1783 1246 xum,
1807 1193 1929 1248 pag.
1963 1174 2088 1244 779,
2126 1174 2186 1244 E,
2217 1173 2341 1243 780,
2373 1174 2440 1228 A.

348 1331 466 1388 Τοῦ
485 1331 674 1387 αὐτοῦ
703 1333 853 1402 πρὸς
879 1332 1345 1388 ΜΔΓΝΗΣΙΟΥΣ.

2191 1329 2444 1402 Ejusdem
2469 1329 2538 1383 ad
2562 1327 2865 1384 Maomesws

122 1445 214 1509 Εἰς
241 1446 412 1517 τιμὴν
437 1445 574 1500 Θεοῦ
595 1445 688 1501 τοῦ
709 1446 1036 1520 θελήσαντος
1060 1450 1230 1520 ἡμᾶς,
1261 1450 1472 1522 πρέπον
1495 1450 1606 1506 ἐστὶ

1847 1466 1876 1504 n
1909 1449 2174 1505 honorem
2225 1447 2322 1503 Dei
2363 1447 2459 1518 qui
2519 1461 2621 1502 nos
2660 1444 2797 1510 vult,
2858 1444 3059 1501 decens
3089 1451 3174 1500 est
3227 1458 3331 1501 nos

61 1539 347 1592 ὑπακούειν
388 1537 470 1609 τῷ
517 1539 801 1612 ὲπισκόπῳ
842 1540 984 1596 κατά
1025 1541 1296 1613 μηδεμίαν
1330 1543 1545 1616 ύπόκρκ

1876 1556 2004 1612 :opo
2060 1539 2180 1596 sine
2237 1540 2588 1596 simulatione
2636 1537 2881 1595 obedire.
2935 1535 3076 1603 Quia
3125 1551 3333 1606 nequa.

71 1628 212 1681 Ἐπεὶ
237 1628 362 1699 οὐχὶ
382 1629 479 1684 τὸν
508 1629 804 1686 ἐπίσκοπον
825 1629 1010 1686 τοῦτον
1036 1630 1127 1686 τὸν
1151 1631 1479 1704 βλεπόμενον
1509 1633 1555 1688 π]

1849 1653 1910 1691 im
1961 1637 2278 1708 episcopum
2334 1636 2482 1690 hunc
2514 1633 2608 1705 qui
2639 1633 2817 1688 oculis
2851 1632 3089 1697 videtur,
3121 1630 3333 1686 seducit

60 1723 119 1793 νᾷ
136 1739 234 1786 τις,
265 1721 406 1777 ἀλλά
443 1722 536 1777 τὸν
566 1724 798 1796 ἀόρατον
821 1722 1244 1796 παραλογίζεται
1272 1725 1426 1778 Θεόν.
1460 1723 1544 1796 Τῷ

1846 1730 2042 1800 spiam,
2074 1730 2171 1786 sed
2207 1727 2536 1785 invisibilem
2580 1726 2753 1782 D'eum
2789 1725 2974 1781 fallere
3003 1734 3179 1796 putat.
3213 1723 3330 1784 Tali

60 1814 294 1886 τοιούτῳ,
324 1815 389 1869 οὐ
419 1815 558 1888 πρὸς
597 1816 773 1888 σάρκα
797 1817 824 1868 ὁ
844 1815 1022 1884 λόγος,
1047 1815 1186 1871 ἀλλὰ
1223 1817 1361 1890 πρὸς
1394 1817 1528 1872 Θεὸν

1847 1839 1930 1878 em
1979 1823 2121 1886 viro,
2173 1837 2283 1876 non
2338 1821 2408 1876 ad
2463 1835 2686 1876 carnem
2749 1835 2930 1875 sermo
2972 1826 3077 1884 est,
3119 1816 3216 1872 sed
3261 1815 3331 1870 ad

64 1906 122 1960 τὰ
149 1905 361 1978 κρυπτὰ
390 1907 595 1962 εἰδότα.
626 1909 843 1981 Πρέπον
875 1903 968 1962 οὖν
1001 1910 1139 1974 ἐστι,
1169 1908 1244 1981 μὴ
1279 1911 1438 1980 μόνον
1463 1909 1548 1964 κα]

1847 1931 1914 1969 Im
1945 1913 2040 1986 qui
2091 1914 2304 1969 occulta
2348 1912 2544 1968 cernit.
2587 1910 2861 1978 Quocirca
2898 1916 3331 1964 consentaneum

66 1995 175 2050 σθαι
202 1999 587 2069 Χριστιανοὺς,
630 2000 767 2056 ἀλλά
799 2002 894 2056 καὶ
938 1997 1095 2057 εἶναι’
1144 2003 1334 2075 ὥσπερ
1375 2001 1467 2056 καί
1497 2019 1548 2056 τι

1844 2052 1846 2066 ,
1874 2016 1932 2061 ut
1962 2021 2072 2062 non
2103 2005 2280 2060 solum
2305 2004 2604 2060 Christiani
2633 2018 2917 2068 vocemur,
2945 2015 3136 2055 verum
3163 1999 3328 2053 etiam

69 2086 345 2142 ἐπίσκοπον
371 2089 476 2159 μὲν
505 2089 776 2157 καλοῦσιν,
797 2093 968 2164 χωρὶς
990 2093 1046 2146 δὲ
1067 2091 1231 2148 αὐτοῦ
1258 2094 1436 2146 πάντα
1466 2110 1553 2166 πρέ

1845 2117 1949 2167 ius;
1981 2117 2092 2171 quo
2130 2115 2325 2170 nempe
2358 2098 2522 2154 modo
2551 2097 2721 2167 aliqui
2760 2095 3076 2166 episcopum
3110 2093 3329 2162 quidem

69 2196 252 2234 σουσιν.
295 2182 358 2235 Οἱ
395 2181 628 2238 τοιοῦτοι
671 2184 771 2238 οὐκ
812 2185 1176 2257 εὐσυνείδητοί
1220 2203 1310 2258 μοι
1339 2185 1553 2256 φαίνοντ

1845 2200 1960 2258 ant,
1991 2201 2187 2248 cuncta
2227 2205 2354 2246 vero
2389 2188 2508 2245 sine
2547 2188 2666 2258 ipso
2703 2195 2991 2257 peragunt.
3034 2183 3198 2239 Tales
3227 2198 3329 2236 an-

66 2269 141 2323 διᾶ
164 2272 218 2325 τὸ
251 2271 324 2345 μὴ
350 2273 588 2344 βεϐαίως
617 2277 737 2330 κατ’
766 2277 986 2348 ἐντολὴν
1013 2278 1479 2350 συναθροίζεσθαι.

1846 2309 1851 2340 ι
1879 2284 2013 2340 mihi
2036 2284 2192 2338 bona:
2212 2281 2566 2337 conscientiae
2599 2295 2706 2332 non
2729 2292 2853 2333 esse
2887 2275 3162 2340 videntur,
3200 2273 3330 2342 quia

1738 2391 1851 2431 non
1879 2373 2108 2430 ﬁrmiter
2135 2372 2441 2428 secundum
2462 2371 2783 2427 mandatum
2797 2375 3204 2439 congregantur
3248 2365 3330 2418 Ad

1736 2467 1979 2538 Magnes.
2013 2481 2165 2536 capp.
2191 2467 2226 2521 5
2257 2474 2309 2519 et
2337 2465 2395 2520 4.

1170 2624 1301 2681 [nt-zu
1330 2623 1490 2692 ibid.,
1520 2640 1637 2696 cap.
1672 2621 1805 2694 Περὶ
1834 2619 2208 2692 φιλαδελφίας.

133 2775 327 2842 Πάντες
345 2777 649 2851 όμοήθειαν
681 2776 818 2833 Θεοῦ
849 2777 1127 2846 λαϐόντες,
1163 2780 1426 2853 ἀλλήλους
1456 2780 1617 2853 ὲντρὲ·

1844 2783 2016 2833 tmnes
2048 2778 2289 2847 acceptis
2318 2775 2512 2831 iisdem
2541 2774 2740 2833 divinis
2769 2774 3042 2840 moribus,
3081 2788 3179 2829 vos
3209 2789 3328 2828 mu-

79 2868 238 2935 πεσθε,
259 2870 351 2923 καὶ
377 2870 572 2942 μηδεὶς
601 2871 743 2926 κατά
775 2871 954 2946 σάρκα
985 2871 1228 2943 βλεπέτω
1259 2873 1348 2928 τὸν
1388 2873 1563 2944 πλησὺ

1862 2869 2258 2936 revereamini;
2289 2877 2345 2924 et
2393 2883 2554 2923 nemo
2608 2869 2912 2924 secundum
2946 2881 3168 2929 carnem
3212 2881 3330 2935 spe-

77 2962 170 3018 ἀλλ¹
186 2964 239 3017 ἐν
264 2962 487 3035 Χριστῷ
512 2962 776 3036 ἀλλήλους
801 2964 1092 3029 διαπαντὸς
1119 2966 1391 3036 ἀγαπᾶτε.

1845 2979 1851 3015 ι
1881 2961 2217 3032 proximum,
2243 2962 2338 3017 sed
2372 2961 2429 3016 in
2461 2961 2685 3018 Christo
2704 2975 2805 3016 vos
2845 2958 3081 3015 invicem
3113 2973 3329 3028 semper

1655 3061 1697 3119 C
1731 3052 1961 3124 diligite.
1993 3053 2078 3106 Ad
2107 3052 2350 3126 Magnes.
2377 3070 2497 3124 cap.
2529 3055 2583 3108 6.

141 3222 250 3283 Haec
274 3228 468 3284 recitat
501 3227 848 3287 COTELIRIUS
888 3227 946 3283 in
989 3228 1135 3285 notis
1185 3228 1254 3284 ad
1284 3227 1434 3284 hunc
1463 3229 1665 3297 locum,
1713 3245 1781 3285 ex
1816 3229 2106 3286 Parallelis
2157 3230 2623 3302 Rupefucaldinis,
2681 3237 2816 3288 tunc
2853 3229 3036 3285 adhuc
3083 3227 3324 3296 ineditis,

89 3317 355 3392 descripta;
385 3335 514 3392 qua:
545 3330 728 3377 tamen
755 3320 944 3378 omisit
966 3321 1024 3376 in
1053 3320 1316 3392 przeclara
1341 3337 1441 3377 sua
1462 3321 1702 3378 editione
1729 3322 1813 3380 Cl.
1843 3322 2100 3388 LEQUIEN.

1037 3499 1168 3558 [an
1201 3499 1360 3569 ibid.,
1388 3500 1498 3557 litt.
1524 3519 1571 3569 ε,
1600 3500 1685 3561 tit.
1712 3517 1904 3570 XLVIII,
1938 3519 2065 3574 pag.
2103 3503 2228 3573 780,
2256 3503 2323 3558 A.

605 3659 841 3731 Ἐκτῆς
868 3661 1076 3732 αὐτῆς.

2364 3661 2452 3718 Ea:
2482 3663 2685 3720 eadem.

138 3774 299 3847 Μηδὲν
336 3776 478 3832 ἔστω
526 3778 585 3830 ὲν
618 3775 749 3846 ὑμῖν
790 3774 820 3827 ὃ
867 3774 1154 3846 δυνήσεται
1200 3775 1347 3847 ὑμᾶς
1387 3777 1622 3848 μερίσαι,

1839 3777 1954 3834 iihil
1985 3780 2056 3836 sit
2083 3777 2142 3833 in
2171 3776 2329 3834 vobis
2357 3777 2504 3847 quod
2541 3792 2644 3834 vos
2669 3777 2986 3848 disjungere
3011 3784 3198 3848 queat,
3228 3779 3323 3834 sed

87 3865 413 3942 ἁλλ’ὲνώθητε
448 3869 529 3940 τῷ
559 3869 844 3939 ὲπισκόπῳ
871 3868 968 3922 καὶ
1006 3871 1120 3934 τοῖς
1169 3870 1571 3944 προκαθήμενοι

1845 3870 2076 3926 ulamini
2115 3885 2242 3926 cum
2273 3869 2534 3940 episcopo
2564 3876 2619 3923 et
2646 3868 2715 3925 iis
2759 3869 2853 3939 qui
2888 3869 3204 3940 praesident,
3235 3883 3325 3924 se-

88 3959 150 4021 ιίς
172 3961 315 4015 τόπον
353 3963 448 4016 κα)⁸
492 3961 712 4032 διδαχὴν
745 3959 1076 4034 ἀφθαρσίας.
1114 3961 1322 4034 Ὠσπερ
1347 3959 1441 4016 οὖν
1460 3965 1488 4016 ὁ
1516 3963 1572 4016 Κη

1840 3964 1980 4019 [dum
1997 3976 2248 4019 normam
2267 3958 2641 4016 etdoctrinam
2659 3952 3324 4030 incorruptionis.Quem-

92 4063 181 4118 ριος
199 4052 340 4122 ἡμῶν
366 4053 497 4108 ἄνευ
527 4051 620 4106 τοῦ
650 4051 865 4124 Πατρὸς
905 4051 1061 4106 οὐδὲν
1098 4054 1372 4127 ἐποίησεν,
1406 4053 1531 4109 οὔτε
1564 4053 1576 4107 ε

1840 4055 2040 4112 nodum
2073 4053 2241 4125 igitur
2281 4051 2550 4108 Dominus
2599 4059 2789 4106 noster
2847 4051 2986 4105 nihil
3018 4050 3138 4106 sine
3164 4049 3324 4105 Patro

89 4138 267 4208 ἑαυτοῦ,
303 4143 422 4198 οὗτε
449 4143 540 4198 διὰ
575 4142 684 4198 τῶν
726 4143 1063 4212 ἀποστόλων,
1100 4144 1275 4210 οὕτως
1306 4146 1442 4218 μηδὲ
1474 4147 1573 4218 ὑμε

1841 4149 1930 4216 sit,
1960 4162 2138 4218 neque
2160 4161 2258 4217 per
2282 4146 2548 4216 seipsum,
2576 4158 2754 4214 neque
2780 4158 2876 4213 per
2893 4142 3200 4212 apostolos;
3242 4141 3325 4197 sic

91 4230 191 4285 ἄνευ
214 4234 296 4288 τοῦ
316 4237 613 4291 ἐπισκόπου
643 4236 811 4308 μηδὲν
833 4235 1130 4309 πράσσετε,
1167 4239 1302 4310 μηδὲ
1332 4239 1575 4313 πειράσηι

1837 4257 1916 4312 [ne
1954 4255 2054 4296 vos
2090 4239 2212 4296 sine
2258 4237 2515 4308 episcopo
2559 4243 2614 4291 et
2653 4235 2985 4306 presbyteris
3020 4233 3321 4303 quidquam

90 4321 270 4394 εὔλογόν
298 4344 346 4381 τι
374 4327 659 4398 φαίνεσθαι
695 4329 802 4402 ἰδίᾳ
823 4329 974 4402 ὑμῖν.

1840 4331 1938 4399 tis;
1973 4345 2150 4401 neque
2169 4327 2389 4385 tentetis
2415 4325 2701 4397 quidpiam
2730 4324 2878 4394 quod
2904 4323 3061 4378 vobis
3088 4321 3319 4378 seorsitn

1734 4440 1952 4495 aequum
1974 4431 2254 4496 appareat.
2284 4422 2368 4477 Ad
2394 4420 2639 4491 Magnes.
2663 4433 2818 4488 capp.
2851 4416 2885 4471 6
2919 4426 2970 4471 et
3006 4414 3058 4468 7.

1053 4559 1189 4617 [DEI
1221 4560 1381 4630 ibid.,
1413 4561 1520 4618 litt.
1547 4581 1610 4630 π,
1643 4567 1730 4618 tit.
1763 4580 1892 4629 xxv,
1921 4580 2045 4634 pag.
2079 4564 2206 4631 785,
2235 4561 2300 4620 C.

203 4710 282 4772 Ἐκ
317 4717 420 4790 τῆς
459 4719 612 4790 πρὸς
646 4723 1109 4850 ’ἕὲΓΝΗῗξΟΥΣ
1153 4725 1260 4780 τοῦ
1309 4726 1494 4780 αὑτοῦ

753 4810 886 4850 ιστο
931 4815 1026 4850 nc.

1991 4727 2078 4781 Ex
2107 4725 2353 4796 Epistola
2381 4724 2613 4796 ejusdem
2637 4720 2706 4776 ad
2738 4719 3065 4774 Macnssws.

705 4808 1026 4865 πιστολης.

147 4897 388 4974 Μάθωμεν
436 4907 578 4963 κατὰ
622 4908 1052 4982 Χριστιανισμὸν
1107 4911 1226 4982 ζῇν.
1276 4912 1466 4975 Ὅστις
1515 4910 1624 4982 γὰρ

1831 4905 2085 4962 ιίεοτιιηιιε
2114 4903 2416 4961 secundum
2460 4897 2946 4957 Christianismum
2983 4894 3184 4948 vivere.
3210 4891 3315 4958 Qui

96 4986 209 5132 ἒλλφ
246 4994 455 5070 ὀνόματι
494 4999 740 5056 καλεῖται
783 5000 969 5056 πλεῖον
1009 5002 1222 5069 τούτου,
1252 5003 1352 5057 οὐκ
1386 5002 1502 5057 ἔστι
1528 5020 1580 5056 το

130 5098 218 5138 sou.

1827 5014 1870 5052 rn
1903 4999 2010 5052 alio
2043 4997 2187 5052 ultra
2223 4995 2447 5052 nomine
2491 4999 2742 5059 vocatur,
2786 5003 2897 5044 non
2939 4995 3026 5044 est
3063 4985 3178 5041 Dei.
3231 4985 3311 5040 Ad

1827 5107 1966 5146 :nes.
1997 5106 2114 5146 cap.
2146 5087 2234 5144 10.

130 5099 218 5138 sou.
1722 5099 1966 5163 Magnes.
1997 5106 2114 5160 cap.
2146 5099 2234 5144 lu.

1040 5264 1172 5330 but
1202 5273 1358 5342 ibid.,
1385 5272 1494 5328 litt.
1515 5290 1564 5339 ε,
1603 5274 1687 5328 tit.
1715 5285 1904 5337 xum,
1937 5228 2316 5341 pag.-780,.B.

647 5433 760 5488 Τοῦ
798 5433 1004 5489 αὐτοῦ.

2383 5424 2659 5495 Ejusdem.

151 5533 299 5594 Τέκνα
317 5543 480 5611 φωτὸς
510 5544 790 5617 ἀληθείας,
815 5545 1046 5616 φεύγετε
1078 5545 1170 5600 τὸν
1203 5546 1493 5620 μερισμὸν,
1520 5546 1617 5602 καὶ

1827 5545 1924 5600 ‘ilii
1959 5544 2098 5600 lucis
2135 5541 2405 5608 veritatis,
2448 5538 2622 5610 fugite
2664 5535 2993 5593 divisionem
3031 5541 3088 5589 et
3135 5530 3311 5588 malas

102 5623 174 5690 τὶς
195 5633 658 5701 κακοδιδασκαλίας.
698 5639 872 5694 Ὅπου
900 5639 959 5695 δὲ
983 5638 1252 5712 δ”ποιμήν
1289 5641 1457 5710 ἐστιν,
1497 5641 1586 5696 ὲκε

1829 5639 2019 5694 trinas.
2065 5635 2169 5692 Ubi
2214 5644 2399 5690 autem
2458 5643 2542 5688 est
2592 5640 2804 5701 pastor,
2862 5627 2994 5683 illuc
3046 5634 3308 5696 tanquam

102 5715 158 5779 ⁸λὶς
177 5722 388 5794 προδατα
413 5727 767 5786 ἀκολουθεῖτε.

1720 5749 1849 5792 oves
1876 5730 2190 5804 sequimini.
2231 5729 2314 5784 Ad
2343 5725 2690 5798 Philadclpb.
2719 5738 2838 5794 cap.
2870 5721 2925 5777 2.
