3806 6208
405 301 511 360 959
1199 299 1292 355 AD
1333 298 1714 358 EPISTOLAS
1755 302 1813 358 S.
1852 303 2111 362 IGNATII
2141 303 2492 364 GENUINAS
2527 303 2924 362 APPENDIX.’
3021 293 3048 306 ”
3123 328 3126 330 ν
3553 309 3657 366 9C0

1402 506 1534 564 Ιοει
1568 508 1725 576 ibid.,
1751 509 1858 565 litt.
1883 527 1940 574 α,
1967 510 2052 566 tit.
2078 526 2261 577 Lxxvt,
2285 528 2409 582 pag.
2438 510 2564 574 773,
2587 511 2654 566 A.

676 661 761 717 Ea:
784 661 1028 735 Epistola
1053 663 1122 717 ad
1149 661 1694 718 Pmmnsumanszs.
1999 675 2048 733 Α

2027 676 2048 733 ι
2192 665 2289 718 Ἐκ
2320 664 2431 733 τῆς
2459 666 2609 733 πρὸς
2631 665 3126 719 ΦΙΔΔΔΕΛΦΙΟΥΣ
3166 665 3530 735 Ἐπιστολῆς

472 778 522 834 Δ
566 777 726 834 malis
775 777 961 832 herbis
1010 777 1296 840 abstinete,
1352 790 1491 846 quas
1522 773 1683 831 Iesus
1725 774 1975 831 Christus

2163 773 2454 847 ’Δπέχεσθε
2486 773 2596 827 τῶν
2639 773 2823 827 κακῶν
2870 773 3126 844 βοτανῶν,
3165 767 3240 829 ὧν
3266 775 3506 847 Χριστὸς
3553 774 3660 847 Ἰη-

403 884 514 926 non
539 870 693 935 colit,
726 878 1008 939 propterea
1047 869 1193 939 quod
1238 883 1349 923 non
1396 867 1501 938 ipsi
1544 876 1675 925 sunt
1712 867 1906 937 plantat

2158 864 2207 929 ὃς
2234 865 2294 918 οὐ
2318 865 2571 936 γεωργεῖ,
2596 862 2683 916 διὰ
2713 863 2773 916 τὸ
2798 863 2872 934 μὴ
2903 859 3041 916 εἶναι
3076 865 3270 928 αὐτοὺς
3307 865 3542 934 φυτείαν
3568 867 3661 922 τοῦ

401 957 601 1015 Patris.
657 956 736 1013 Ne
787 959 1004 1025 erretis,
1049 957 1247 1014 fratres
1296 957 1435 1026 mei;
1478 957 1524 1014 si
1565 958 1691 1028 quis
1731 972 1904 1026 cumq

2160 956 2311 1026 ιτρός.
2339 954 2430 1026 Μὴ
2462 953 2759 1019 πλανᾶσθε,
2787 953 3004 1024 ἀδελφοί
3032 972 3151 1025 μουο
3202 957 3257 1008 εῖ
3293 973 3379 1020 τις
3416 957 3663 1027 σχίζοντι

402 1051 722 1107 scissionem
764 1049 894 1105 facit
956 1052 1225 1120 sequitur,
1267 1066 1492 1122 regnum
1533 1048 1626 1106 Dei
1665 1049 1905 1105 haeredit:

1790 1049 1978 1105 editate
2077 1049 2376 1117 ἀκολουθεῖ,
2409 1048 2682 1120 βασιλείαν
2703 1049 2838 1104 Θεοῦ
2866 1051 2926 1103 οὐ
2957 1049 3293 1123 κληρονομεῖ.

402 1158 512 1198 non
543 1142 858 1214 possidebit.
886 1142 969 1197 Ad
997 1141 1334 1213 Philadelph.
1359 1159 1478 1212 cap.
1509 1143 1564 1197 5.

1332 1300 1462 1356 [nan
1496 1300 1653 1367 ibid.,
1679 1300 1785 1355 litt.
1819 1316 1866 1365 ε,
1903 1300 1990 1355 tit.
2016 1312 2206 1365 vam,
2233 1314 2357 1368 pag.
2391 1295 2515 1363 780,
2543 1295 2606 1365 Β,
2633 1295 2675 1352 C

1050 1457 1324 1528 Ejusdem.

2689 1453 2802 1508 Τοῦ
2835 1451 3039 1506 αὐτοῦ.

469 1568 652 1626 Testis
687 1577 866 1624 autem
893 1569 1026 1624 mihi
1059 1579 1162 1637 est,
1189 1570 1242 1625 in
1269 1585 1378 1640 quo
1403 1569 1618 1626 vinctus
1652 1585 1794 1635 sum,
1833 1585 1972 1640 quo-

2167 1569 2371 1641 ηάρτυς
2413 1583 2514 1638 μου
2540 1566 2598 1620 ὲν
2620 1557 2664 1634 ᾧ
2693 1567 2933 1638 δέδεμαι,
2964 1569 3046 1621 ὅτι
3075 1565 3182 1621 ἀπὺ
3215 1565 3414 1639 σαρκὸς
3445 1565 3670 1638 ἀνθρω-

401 1662 551 1718 niam
592 1676 624 1716 a
673 1675 840 1715 carne
883 1659 1121 1716 humana
1153 1678 1264 1716 non
1301 1663 1551 1732 cognovi.
1585 1661 1820 1731 Spiritus
1842 1678 1904 1718 ve

2161 1673 2238 1728 mc
2281 1656 2380 1709 οὐκ
2426 1655 2616 1723 ἔγνων.
2669 1654 2742 1707 Τὸ
2783 1655 2841 1708 δὲ
2907 1654 3131 1726 Πνεῦμα
3183 1656 3456 1727 ἐκήρυσσε
3512 1657 3664 1710 τάδε·

401 1755 521 1812 haec
556 1753 899 1826 praedicavit:
923 1749 1052 1808 Sine
1089 1754 1346 1824 episcopo
1382 1756 1519 1810 nihil
1566 1756 1807 1822 faciatis;
1851 1772 1904 1811 ca

2167 1747 2261 1820 ιρὶς
2280 1747 2579 1802 ἐπισκόπου
2612 1745 2777 1816 μηδὲν
2800 1748 3020 1800 ποιεῖτε·
3065 1746 3159 1819 τὴν
3188 1748 3366 1818 σάρκα
3395 1746 3566 1817 ὑμῶν
3595 1746 3670 1810 ὡς

400 1863 527 1903 nem
587 1856 825 1903 vestram
877 1855 1135 1918 tanquam
1190 1846 1286 1903 Dei
1350 1849 1609 1919 templum
1665 1847 1903 1904 custodit

2166 1856 2201 1892 ιν
2228 1837 2363 1892 Θεοῦ
2396 1837 2632 1908 τηρεῖτε·
2680 1837 2778 1910 τὴν
2811 1837 3002 1891 ἕνωσιν
3035 1838 3300 1907 ἀγαπᾶτε·
3334 1839 3465 1901 τοὺς
3508 1855 3669 1910 μερι-

401 1939 664 1994 unionem
727 1937 969 2008 diligite,
1030 1939 1326 1995 scissiones
1383 1939 1599 2010 fugite;
1667 1941 1904 1995 imitator

2165 1931 2249 1994 οὺς
2307 1931 2557 2000 φεύγετεο
2605 1928 2839 2000 μιμηταὶ
2881 1928 3096 1999 γίνεσθε
3164 1927 3338 2002 Ἰησοῦ
3390 1930 3668 2002 Χριστοῦ,

400 2039 578 2087 estote
600 2029 727 2086 Jesu
764 2029 988 2099 Christi,
1018 2031 1166 2088 velut
1199 2040 1254 2087 et
1288 2031 1403 2103 ipse
1437 2032 1631 2090 Patris.
1670 2034 1751 2088 Ad
1785 2031 1903 2088 Phil

1437 2032 1631 2090 Patris.
1670 2034 1751 2088 Ad
1785 2031 1973 2088 Phila-
2077 2024 2154 2088 ὡς
2174 2023 2336 2087 αὑτδς
2357 2021 2450 2076 τοῦ
2483 2021 2696 2093 Πατρδς
2725 2017 2911 2076 αὑτοῦ.

403 2122 586 2194 delph.
624 2139 742 2192 cap.
772 2123 825 2178 7.

1819 2285 1948 2342 Ιοειι
1998 2286 2108 2342 ibid
2117 2327 2155 2354 .,
2180 2285 2243 2341 B.

1052 2439 1323 2510 Ejusdem.

2693 2441 2805 2496 Τοῦ
2837 2438 3043 2494 αὐτοῦ.

473 2549 704 2618 Quando
759 2551 991 2623 subjecti
1035 2554 1170 2609 estis
1217 2555 1495 2626 episcopo,
1529 2554 1666 2610 mihi
1697 2555 1976 2624 videmini,

2166 2558 2322 2612 Ὀταν
2359 2557 2437 2629 τῷ
2476 2556 2758 2627 ἑπισκόπῳ
2801 2554 3200 2620 ὑποτάσσεσθε,
3239 2551 3500 2634 φαίνεσθὲ
3553 2571 3669 2625 μοι,

403 2657 517 2698 non
547 2643 851 2699 secundum
891 2644 1168 2700 hominem
1209 2646 1473 2714 viventes,
1534 2647 1630 2702 sed
1677 2647 1906 2702 secundu

2177 2650 2317 2704 κατὰ
2345 2650 2632 2724 ἄνθρωπον
2660 2649 2881 2714 ζῶντες,
2923 2647 3060 2703 ἀλλὰ
3094 2648 3237 2703 κατά
3283 2645 3496 2720 Ἰησοῦν
3533 2648 3671 2720 Χρι-

401 2731 590 2791 Jesum
624 2734 1031 2809 Christum,qui
1073 2737 1250 2794 nostri
1278 2753 1446 2795 causa
1489 2746 1740 2795 mortuus
1762 2747 1904 2796 εει..

402 2821 575 2881 Trall.
615 2842 732 2898 cap.
759 2827 814 2882 2.

1494 2746 1740 2795 mortuus
1762 2747 1866 2796 est.
1893 2739 1976 2794 Ad
2084 2739 2228 2806 στδν,
2253 2740 2344 2794 τὸν
2371 2740 2438 2794 δι’
2469 2741 2618 2812 ἡμᾶς
2640 2738 2997 2794 ἀποθανόντα.

1387 2985 1521 3042 lusu
1555 2986 1708 3053 ibid.,
1740 2987 1848 3042 litt.
1873 3004 1928 3054 α,
1955 2987 2038 3042 tit.
2069 3003 2254 3056 mm,
2285 3004 2408 3059 pag.
2442 2985 2566 3054 772,
2594 2986 2662 3043 E.

776 3139 864 3196 Ea:
888 3140 1135 3212 Epistola
1157 3142 1226 3197 ad
1250 3140 1618 3198 Teanenses.
2015 3155 2058 3214 (ε
2210 3143 2279 3197 Ἐς

2210 3143 2304 3197 Ἐκ
2337 3143 2446 3211 τῆς
2479 3141 2627 3212 πρὸς
2658 3141 3144 3196 ΤΡΑΛΛΙΑΝΟΥΣ
3179 3140 3567 3210 Ἐπιστολῆς.

483 3228 692 3292 Hortor
714 3247 834 3301 vos,
876 3248 988 3288 non
1030 3249 1153 3304 ego,
1187 3234 1285 3290 sed
1334 3234 1506 3304 gratia
1545 3232 1765 3288 Domini
1813 3235 1986 3290 nostri

2170 3236 2464 3308 Παρακαλῶ
2493 3237 2659 3307 ὑμᾶς,
2687 3235 2787 3288 οὐκ
2825 3233 2956 3302 ἐγὼ,
2989 3234 3106 3288 ἀλλ’
3135 3235 3170 3305 ἡ
3211 3233 3372 3306 χάρις
3417 3232 3521 3287 τοῦ
3563 3235 3673 3288 Κυ-

406 3323 540 3382 Jesu
589 3324 814 3392 Christi,
850 3325 969 3380 solo
997 3325 1433 3380 Christianorum
1481 3326 1605 3382 cibo
1644 3325 1754 3392 uti,
1794 3325 1909 3381 abt

2169 3345 2206 3381 μυ
2238 3327 2395 3400 ἡμῶν
2449 3326 2622 3400 Ἰησοῦ
2681 3325 2940 3398 Χριστοῦ,
2987 3325 3122 3398 μόνῃ
3178 3329 3244 3398 τῇ
3304 3326 3672 3396 Χριστιανικῇ

405 3422 604 3474 tranea
630 3432 763 3472 vero
803 3416 972 3472 herba
1020 3417 1314 3484 abstinere,
1351 3431 1475 3486 quze
1516 3423 1601 3470 est
1636 3414 1878 3470 haeresis.

2173 3423 2256 3492 »φῇ
2295 3420 2550 3492 χρῆσθαι,
2583 3419 2869 3491 ἀλλοτρίας
2898 3419 2956 3473 δὲ
2993 3417 3220 3489 βοτάνης
3247 3417 3585 3488 ἀπέχεσθαι,
3609 3417 3676 3487 ἦ-

325 3502 334 3509 ’
403 3520 688 3565 vettonum
717 3522 1002 3578 perperam
1035 3507 1337 3577 implicant,
1365 3521 1491 3562 cum
1520 3505 1678 3576 juxta
1705 3513 1828 3575 atqu

2199 3510 2346 3563 ἐστὶν
2376 3509 2602 3581 αἵρεσις.
2635 3508 2744 3562 Καὶ
2775 3507 3250 3580 παρεμπλέκουσιν
3297 3508 3509 3578 Ἰησοῦν
3542 3510 3679 3580 Χρι-

404 3600 499 3672 gni
543 3607 690 3665 sunt,
730 3599 894 3654 fidem
940 3598 1218 3666 habeant;
1268 3605 1456 3667 utpote
1500 3612 1594 3667 qut
1638 3595 1907 3651 mortiferi

2174 3618 2213 3656 IV
2245 3601 2372 3672 (leg.
2403 3615 2528 3656 cum
2563 3600 2816 3670 interpol.
2842 3601 2937 3653 καὶ
2969 3617 3101 3673 παρ.
3144 3600 3236 3654 τὸν
3273 3599 3371 3672 ῖδν)
3415 3597 3677 3665 καταξιο-

405 3693 765 3764 pharmacum
796 3707 906 3746 una
951 3707 1076 3745 cum
1108 3690 1288 3745 mulso
1337 3689 1650 3760 praebeant;
1685 3689 1835 3759 quod
1889 3708 1908 3758 ι

2174 3693 2486 3765 πενόμενοι,
2526 3691 2714 3764 ὥσπερ
2754 3691 3048 3762 θανάσιμον
3103 3691 3392 3764 φάρμακον
3431 3693 3677 3756 διδόντες

408 3784 647 3853 nesciat,
691 3784 942 3840 lubenter
976 3784 1196 3854 accipit,
1243 3793 1305 3839 ut
1353 3783 1409 3838 in
1449 3781 1808 3838 delectatione
1839 3797 1911 3836 ωε

2173 3786 2203 3837 ς’
2234 3784 2581 3855 οἰνομέλιτος,
2620 3785 2756 3855 ὅπερ
2785 3786 2815 3836 δ
2840 3782 3068 3852 ἀγνοῶν,
3096 3783 3263 3854 ἡδέως
3293 3783 3597 3855 λαμϐάνει,
3621 3786 3676 3837 ὲν

408 3883 698 3938 moriatur.
749 3880 1128 3938 Observemini
1174 3879 1340 3953 igitur
1374 3893 1405 3933 a
1441 3877 1663 3933 talibus.
1695 3877 1779 3930 Ad
1810 3874 1911 3932 Tra

2174 3879 2242 3948 Nﬁ
2307 3879 2452 3949 κακῇ
2505 3877 2567 3930 τὸ
2615 3875 2921 3930 ἀποθανεῖν.
2985 3875 3325 3929 Φυλάσσεσθε
3383 3873 3484 3928 οὖν
3549 3875 3677 3933 τοὺς

405 3991 527 4047 cap.
555 3974 608 4031 6.

2082 3966 2376 4031 τοιούτους.

1453 4124 1586 4182 In“
1611 4123 1770 4192 ibid.,
1795 4123 1904 4178 litt.
1931 4137 1984 4189 υ,
2018 4121 2102 4176 tit.
2131 4136 2210 4189 Ix,
2244 4137 2371 4191 pag.
2402 4119 2524 4188 702,
2558 4117 2622 4174 E.

1069 4284 1298 4341 lotum.
2015 4282 2061 4338 D
2467 4246 2474 4254 ο

2015 4282 2061 4338 ι)
2467 4246 2474 4254 ’
2707 4274 3065 4329 ἸΓΝΑΤΙΟΥ.

477 4397 650 4455 Nemo
669 4405 911 4455 vestrum
935 4396 1200 4454 adversus
1221 4395 1528 4467 proximum
1552 4393 1851 4465 quidquam
1881 4390 1980 4446 ha-

2171 4382 2360 4454 que‘tc
2419 4381 2573 4454 ὑμῶν
2607 4383 2747 4437 κατά
2793 4384 2890 4437 τοῦ
2942 4385 3168 4457 πλησίον
3219 4386 3390 4455 ὲχέτω
3444 4404 3508 4440 τι
3526 4405 3541 4417 ·
3601 4388 3674 4459 μὴ

407 4489 556 4554 beat,
606 4505 676 4546 ne
697 4489 1042 4546 occasionem
1075 4488 1332 4560 gentibus
1367 4488 1538 4552 detis;
1578 4501 1648 4541 ne
1679 4500 1910 4557 paucoru

2170 4474 2344 4548 ορμάς
2404 4475 2574 4528 δίδοτε
2633 4478 2745 4539 τοῖς
2790 4475 3020 4542 ἔθνεσιν,
3078 4479 3164 4530 ἵνα
3199 4477 3298 4549 ’μὴ
3333 4479 3404 4532 δι’
3450 4479 3673 4548 ὀλίγους

407 4582 706 4641 stultorum
753 4582 911 4652 culpa
957 4581 1072 4647 ﬁat,
1129 4588 1192 4635 ut
1231 4579 1524 4637 multitudo
1557 4579 1742 4634 divina
1778 4577 1910 4633 virtt

1778 4577 1982 4633 νίι-ιυιε
2086 4565 2415 4650 ἄφρονας-τὸ
2437 4565 2616 4620 ἔνθεον
2639 4566 2842 4638 πλῆθος
2869 4567 3271 4639 βλασφημῆται.

408 4674 636 4748 ιπωᾱίιο
662 4674 968 4732 maledictis
991 4675 1305 4747 impetatur.
1331 4673 1415 4729 Ad
1451 4671 1619 4727 Trall.
1655 4688 1775 4742 cap.
1806 4671 1860 4727 8.

1399 4811 1531 4868 Ine:
1568 4811 1724 4875 ibid.,
1746 4811 1856 4868 litt.
1893 4829 1949 4878 α,
1983 4812 2066 4868 tit.
2100 4827 2286 4881 Lxxvt,
2311 4828 2435 4882 pag.
2462 4810 2586 4880 772,
2617 4811 2682 4867 E.

1040 4988 1126 5044 Ea:
1153 4991 1353 5045 eadem.

2646 4991 2743 5046 Ἐκ
2774 4992 2884 5062 τῆς
2916 4989 3123 5059 αὐτῆς.

481 5103 676 5176 Fugite
721 5103 896 5161 malas
940 5105 1292 5176 propagines,
1345 5121 1466 5176 quae
1495 5104 1838 5161 mortiferum
1867 5104 1983 5162 fru-

2168 5107 2388 5176 beti'fs'cs
2429 5105 2547 5171 ’τάς
2590 5107 2764 5172 κακὰς
2813 5107 3191 5179 παραφυάδας,
3239 5105 3340 5170 τὰς
3393 5106 3671 5174 γεννώσας

409 5203 561 5253 ctum
585 5207 880 5268 generant;
912 5211 1073 5268 quem
1111 5196 1157 5251 si
1189 5205 1368 5268 gustet
1397 5198 1618 5269 aliquis,
1661 5198 1843 5254 statim
1871 5214 1912 5253 rt

2164 5198 2298 5270 ρπὸν
2330 5197 2721 5272 θανατηφόρον,
2763 5190 2826 5252 οῦ
2858 5199 2950 5252 ἐὰν
2993 5195 3246 5266 γεύσεταί
3295 5213 3401 5261 τις,
3451 5213 3665 5267 παραυ-

412 5287 576 5344 ritur.
622 5285 716 5342 lsti
747 5286 895 5343 enim
940 5302 1052 5344 non
1094 5297 1223 5344 sunt
1275 5289 1540 5361 plantatio
1593 5289 1847 5361 Spiritus.
1905 5317 1915 5344 l

2162 5307 2215 5342 ια
2264 5289 2612 5364 ἀποθνήσκει.
2661 5281 2822 5345 Οῦτοι
2865 5289 2973 5362 γὰρ
3020 5288 3120 5343 οὐκ
3169 5287 3280 5342 είσὶ
3335 5287 3526 5358 φυτεία
3571 5283 3665 5342 τοῦ

408 5374 583 5438 Trall.
615 5395 736 5453 cap.
763 5377 852 5436 ll.

2091 5381 2232 5436 Πνεύ
2241 5399 2423 5454 ματος.
