3806 6208
1291 326 1621 384 LITURGIA
1661 331 1672 380 ε

1787 325 2030 383 ΒΝΔΤΙΙ.
3199 319 3306 377 979

973 522 1064 536 -ηιτ

697 627 1396 830 ιιΤυΒριΑ
1457 711 1672 830 SAl‘

1787 716 1978 832 1T1
2063 717 2559 834 IGNATI
2575 722 2664 834 Ι.

386 961 683 1025 (ιιιιωπυοτ,
710 955 1036 1024 Liturgiarum
1061 955 1380 1010 Orientalium
1401 955 1646 1020 Collectio,

1787 995 1807 1009 ..
1830 959 1877 1021 2,
1901 959 2228 1021 Francofurti,
2279 960 2419 1023 1847,
2452 962 2603 1025 ιιι-«ιο,
2628 967 2665 1012 ι.
2692 963 2757 1026 li,
2782 977 2832 1026 p.
2854 960 2988 1033 2M.)

110 518 3286 558 ΜΨ

159 1298 320 1378 _Longa
350 1299 586 1378 oratione
627 1314 727 1378 non
762 1307 896 1378 opus
930 1308 1024 1378 _es_t
1057 1299 1127 1353 ad
1151 1301 1306 1378 istius
1346 1301 1606 1378 Liturgiaa
1647 1305 1929 1378 novitatem
1959 1303 2306 1378 probandam,
2338 1321 2456 1378 cum
2485 1307 2615 1360 satis
2644 1308 2761 1376 ipsa
2804 1323 2859 1361 se
2894 1306 3105 1376 prodat.
3137 1304 3319 1378 Stylus

100 1373 217 1448 enim
243 1372 536 1441 synonymis
565 1380 618 1448 _e_t
639 1369 886 1438 epithetis
923 1370 1146 1440 inﬂatus
1172 1372 1319 1448 ultra
1347 1369 1582 1448 modum,
1606 1386 1749 1429 natae
1771 1369 2072 1448 infelicibus
2115 1369 2322 1448 safculis
2349 1369 2849 1448 eloquentiaz'magis
2872 1369 3129 1443 convenit,
3161 1369 3322 1448 quam

100 1443 329 1516 priuilegia
371 1440 1101 1516 apostolicorumtemporum
1143 1443 1499 1516 simplicitati,
1531 1461 1689 1514 quam
1725 1440 1952 1516 genuina
2005 1443 2205 1516 lgnatii
2255 1440 2510 1514 Martyris
2538 1449 2734 1516 scripta
2770 1440 3184 1516 reprazsentantf
3213 1446 3325 1502 Illa

102 1511 218 1578 apud
239 1509 388 1580 Syros
418 1510 626 1588 vulgari
653 1527 750 1564 sua
789 1509 969 1588 lingua
995 1511 1122 1565 olim
1141 1509 1405 1588 exstitisse
1443 1509 1758 1588 docent_no}
1781 1515 1949 1588 multa
1979 1509 2046 1570 e05
2063 1516 2174 1569 illis
2215 1509 2687 1588 testimonia,qn'te
2716 1519 2786 1588 in”
2820 1509 2969 1571 libris
2999 1517 3324 1588 Theologicis

99 1589 365 1656 occurrunt,
394 1582 484 1656 sed
506 1597 617 1650 pra:
640 1583 850 1656 caeteris
867 1592 1109 1656 excerpta
1132 1599 1196 1636 ea:
1217 1585 1329 1652 ejus
1351 1584 1591 1656 genuinis
1612 1583 1868 1656 Epistolis
1892 1603 1992 1639 non
2010 1603 2204 1656 pauca,
2235 1602 2351 1656 quae
2367 1582 2721 1641 Conciliorum
2747 1586 3047 1642 Canonibus
3073 1582 3326 1656 adjuncta

101 1653 398 1728 reperiuntur
420 1653 473 1728 in
489 1661 693 1728 vetusta
715 1652 950 1728 versione
974 1650 1219 1722 Syriaca,
1239 1650 1403 1728 quam
1437 1653 1616 1728 Codex
1652 1650 1918 1710 Mediceus
1948 1650 2375 1728 membranaceus
2404 1667 2762 1728 repraesentat.
2797 1658 3017 1711 Addidit
3048 1650 3326 1728 interpres,

99 1722 203 1775 illus
231 1722 686 1798 sententiasltulgo
716 1725 852 1776 inter
881 1722 1119 1798 Canones
1160 1722 1496 1798 nonreferri,
1542 1741 1719 1798 verum
1749 1742 1813 1780 ea:
1843 1729 2050 1780 nomine
2082 1728 2221 1798 tanti
2262 1727 2384 1792 viri,
2425 1722 2681 1798 (aqualem
2718 1729 3108 1798 quodammodo
3137 1722 3328 1781 habere

99 1793 460 1846 auctoritatem.
498 1790 728 1846 Factam
760 1809 873 1846 esse
903 1810 966 1847 ea:
1000 1795 1210 1864 optim“
1240 1790 1519 1848 Codicibus
1547 1796 2028 1864 interpretationem
2050 1797 2200 1850 illam
2234 1790 2560 1867 agnovimus,
2591 1809 2640 1852 et
2677 1790 2740 1851 ab
2787 1809 2999 1852 auctore
3017 1800 3330 1920 [quicunque

103 1863 236 1920 fuerit
263 1879 361 1915 non
393 1864 670 1920 imperito:
697 1873 807 1916 tum
843 1862 979 1916 illud
1002 1866 1157 1917 etiam
1183 1863 1638 1920 animadversione
1662 1868 1880 1920 dianum
1914 1867 2318 1920 observavimus.
2352 1868 2553 1920 codices
2581 1869 2756 1920 illum.
2787 1869 2986 1920 similes
3068 1869 3329 1920 lorentino

102 1863 361 1936 {ueritnon
393 1864 670 1936 imperito:
690 1873 807 1936 tum
843 1862 979 1936 illud
1002 1862 1157 1917 etiam
1183 1863 1638 1924 animadversione
1662 1862 1880 1936 dignum
1914 1862 2318 1932 observavimus,
2352 1862 2554 1922 codices
2581 1869 2756 1934 illum,
2787 1869 2986 1922 similes
3017 1862 3329 1922 Florentino

99 1933 167 2010 illi
191 1933 505 2010 celeberrimo
537 1950 641 2010 qu_o
676 1933 900 2010 Latinus
925 1935 1177 2010 interpres
1209 1951 1334 1988 usus
1363 1936 1560 2010 ﬁterat,
1593 1933 1828 2010 secutum
1852 1937 2054 2010 fuisse,
2092 1954 2184 1992 nec
2217 1939 2376 2010 alias,
2417 1940 2518 1992 nisi
2546 1955 2699 2010 veras
2736 1939 3004 2007 Epistolas
3038 1941 3328 2010 agnovisse.

99 2003 154 2080 4t
178 2003 334 2080 nulla,
355 2002 557 2080 praeter
576 2002 932 2080 Jacobiticam
954 2005 1333 2059 Antiochenam
1358 2002 1882 2080 Ecclesia_nt._habuit
1907 2002 2193 2080 [meusque
2215 2007 2508 2078 Liturgiam
2535 2008 2748 2080 Ignatio
2771 2002 3094 2062 attributani
3115 2025 3132 2063 :
3170 2023 3334 2080 neque

100 2074 149 2126 de
171 2074 261 2126 ista
282 2075 566 2148 quidquam
590 2074 738 2126 aliud
739 2076 994 2148 _cog_itare
1015 2078 1439 2148 possumus,_nisi
1466 2077 1604 2148 quod
1634 2077 1698 2129 ab
1723 2079 1899 2147 aliquo
1923 2074 2143 2148 scripta,
2169 2095 2286 2131 cum
2309 2074 2628 2148 singularem
2671 2080 2885 2133 titulum
2909 2097 3016 2134 non
3035 2074 3332 2148 prce/erret,

99 2155 307 2220 essetque
349 2144 688 2220 Antiochense
728 2144 981 2220 Ecclesiae
1016 2144 1254 2220 propria,
1302 2144 1504 2220 (gnatii
1531 2164 1738 2220 nomen,
1768 2144 2202 2220 tanquam'illius
2243 2144 2464 2218 insignis
2513 2151 2779 2219 Episcopi,
2824 2144 3101 2220 acceperit.
3134 2144 3337 2220 JPotuit

98 2213 233 2266 etiam
260 2218 320 2292 ab
346 2215 544 2292 aliqua
565 2213 1001 2292 Ignotioscripta
1019 2213 1212 2292 fuisse,
1239 2213 1498 2292 quiillam
1525 2218 1699 2271 sedem
1727 2213 1970 2292 tenuerit,
2003 2217 2206 2292 aliquot
2234 2213 2375 2292 enim,
2403 2223 2479 2272 ita
2506 2213 2766 2292 appellati
2793 2213 3098 2285 sunt,'inter
3117 2219 3338 2292 Jacobi:

100 2295 248 2361 tarum
273 2285 641 2361 Patriarchas,
675 2294 724 2361 et
751 2285 1096 2339 librariorum
1117 2287 1271 2354 culpa
1301 2288 1368 2340 ad
1395 2287 1688 2361 hlartyrem
1719 2289 1925 2361 referri,
1953 2285 2069 2361 quas
2090 2285 2208 2343 novi
2237 2290 2461 2344 hominis
2485 2285 2640 2360 foret.
2675 2290 2778 2345 Sed
2795 2292 2920 2361 Quid
2943 2291 3006 2345 de
3033 2291 3340 2347 istiusmodi

99 2355 245 2426 titulis
272 2357 610 2409 statuendum
643 2357 733 2426 sit,
765 2368 1020 2426 quantum
1049 2373 1177 2425 opus
1205 2366 1342 2422 erat,
1381 2355 1583 2411 dictum
1611 2367 1686 2412 est
1711 2355 1859 2413 alibi.

162 2423 218 2503 l_n
253 2428 362 2503 ista
401 2427 614 2503 quidem
648 2423 896 2503 Liturgia
932 2423 1420 2503 Monopliysitarum
1452 2428 1809 2503 haereseosne
1846 2431 2167 2503 levissimum
2188 2432 2401 2501 quidem
2448 2431 2725 2503 vestigium
2755 2430 3181 2501 deprehenditur,
3222 2447 3341 2503 qua

98 2496 311 2572 majoris,
324 2512 489 2572 quam
514 2497 905 2562 existimamus,
948 2498 1283 2572 antiquitatis
1323 2509 1469 2572 nota,
1509 2499 1809 2572 verisimilis
1837 2500 2000 2554 videri
2031 2496 2296 2571 aliquibus
2328 2511 2523 2570 posset.
2564 2496 2864 2556 Meminisse
2898 2510 3076 2556 tamen
3113 2496 3338 2572 oportet,

97 2566 215 2634 quod
242 2567 373 2642 alibi
395 2567 728 2642 observatum
758 2577 868 2642 est,
904 2581 1026 2642 raro
1065 2571 1202 2620 inter
1237 2567 1513 2642 .Alacobitas
1539 2568 1722 2642 Syros,
1756 2569 2044 2642 Liturgicis
2064 2566 2338 2642 precibus,
2372 2588 2434 2625 ea
2457 2589 2574 2642 qua:
2603 2572 2673 2625 ad
2697 2588 2807 2626 sum
2842 2572 2906 2626 de
2939 2566 3339 2628 lncarnationis

98 2638 317 2714 mysterio
340 2638 600 2714 doctrina:
640 2638 1099 2714 confirmationem
1121 2639 1404 2714 ttertninent,
1440 2639 1601 2714 inse_ri
1632 2639 1821 2714 solere.
1865 2638 2004 2714 solis
2029 2638 2302 2714 Egyptiis
2339 2638 2616 2714 proprium
2656 2642 2787 2695 illud
2826 2643 2951 2712 fuit,
2997 2644 3086 2714 qui
3118 2643 3340 2713 Confes.

99 2701 218 2783 sioni
245 2701 304 2759 de
333 2701 811 2783 veritatecorporis
839 2717 888 2760 et
911 2701 1404 2783 sunguiniquhristi
1437 2709 1490 2783 in
1517 2709 1880 2783 Eucharistia,
1907 2701 2225 2766 alterani'de
2255 2701 2363 2766 una
2393 2701 2450 2765 in
2479 2712 2690 2767 Christo
2717 2701 2909 2766 natura
2931 2701 3338 2783 conjunxeritnt.

98 2772 261 2853 Itaque
292 2777 428 2848 quod
458 2776 594 2853 nihil
626 2772 696 2830 ad
730 2794 844 2832 eam
886 2772 1150 2853 pertinens
1188 2781 1242 2831 in
1284 2781 1390 2853 ista
1429 2776 1630 2853 Ignotii
1662 2772 1912 2853 Liturgia
1954 2783 2286 2852 reperiatur,
2334 2783 2402 2835 ad
2436 2783 2582 2853 illius
2619 2783 2989 2852 antiquitatem
3013 2772 3343 2853 probandam

99 2847 271 2922 nullius
301 2847 552 2922 momenti
583 2858 683 2914 est,
723 2864 838 2901 cum
871 2849 1174 2922 recentioris
1205 2851 1300 2903 (cvi
1327 2859 1435 2904 tam
1457 2847 1628 2922 multa
1658 2847 1872 2904 aliunde
1902 2847 2152 2922 prw'fcrat
2179 2853 2400 2922 indicia.
2432 2852 2583 2907 Inter
2601 2853 2698 2906 illa
2721 2847 2892 2906 tamen
2917 2847 3344 2908 commemoratio

98 2915 146 2968 in
185 2915 441 2993 Diptychis
480 2919 652 2993 facta,
691 2928 995 2993 sanctorum
1020 2921 1454 2993 quiconsnmpto
1482 2919 1682 2973 dudum
1705 2915 2158 2993 perrrmarty'rium
2202 2921 2408 2993 Ignatio
2447 2925 2502 2976 in
2547 2922 2783 2977 Ecclesia
2813 2925 3103 2993 ﬂoruerunt
3146 2926 3345 2979 censeri

99 3001 186 3039 non
211 2989 352 3063 debet
377 2991 859 3063 :_nomina_quippe
880 2989 975 3042 illa
1007 2990 1180 3063 adjici
1208 2999 1512 3063 potuerunt,
1552 3003 1606 3042 ut
1637 2989 1712 3044 in'
1736 2992 1858 3045 aliis
1891 2989 2366 3063 observaturfquia
2399 2993 2529 3047 tales
2560 2989 3077 3049 commemorationes
3102 3005 3252 3048 erant
3281 3010 3346 3049 ea:

99 3071 182 3108 usu
229 3059 608 3135 ecclesiastico.
641 3057 794 3135 Quod
833 3071 964 3135 vero
996 3057 1281 3135 Dioscorus
1323 3072 1372 3114 et
1415 3058 1632 3115 Severus
1672 3061 1983 3116 nominatim
2013 3057 2527 3132 commemorantur,
2553 3064 2706 3117 illam
2747 3063 3046 3135 Liturgiam
3083 3063 3345 3120 Jacobitis

97 3129 340 3198 propriam
367 3131 538 3200 fuisse
567 3130 911 3199 manifestum
935 3129 1087 3198 facit.

421 3331 673 3386 Primum
713 3331 904 3388 Oratio
933 3343 1056 3387 ante
1097 3333 1309 3387 Pacem.

158 3486 291 3545 Deus
329 3489 496 3548 Pater
530 3501 756 3559 sancte,
791 3492 1010 3563 genitor
1049 3492 1370 3563 propaginis
1404 3502 1620 3548 aeterna:
1645 3534 1660 3558 ,

98 3579 300 3650 largitor
328 3585 611 3640 bonorum
657 3592 712 3639 et
743 3584 904 3639 dator
935 3585 1349 3655 tranquillitatis
1394 3595 1450 3640 et
1489 3585 1662 3655 pacis,

98 3675 181 3743 qui
233 3677 368 3733 ultra
419 3693 647 3734 omnem
695 3677 1244 3749 comprehensionem
1299 3678 1563 3734 mentium
1613 3688 1667 3733 et

99 3769 386 3827 animarum
438 3773 796 3828 rationalium
834 3771 1161 3842 magniﬁcus
1190 3787 1250 3828 es
1282 3771 1339 3825 in
1368 3771 1528 3826 donis
1555 3771 1666 3826 tuis

101 3860 281 3919 divinis
308 3881 433 3936 quas
485 3866 650 3922 nobis
680 3866 1065 3936 peccatoribus
1103 3873 1158 3920 et
1198 3865 1325 3920 (iliis
1369 3865 1481 3920 tuis
1529 3875 1666 3919 con-

98 3959 310 4024 cessisti,
337 3975 468 4014 cum
493 3959 799 4030 praestitisti
829 3959 1009 4024 nobis,
1040 3967 1100 4013 ut
1118 3973 1184 4013 ea
1207 3957 1668 4028 quemadmodum

99 4065 294 4122 nquam
326 4063 412 4109 est
439 4063 495 4109 et
519 4053 734 4124 justum
763 4052 1308 4107 administraremus:
1342 4057 1539 4121 praesta
1566 4065 1669 4104 no-

98 4143 192 4211 lus,
217 4156 274 4201 ut
299 4164 426 4202 cum
457 4161 677 4203 summa
711 4146 948 4216 puritate
974 4153 1028 4202 et
1056 4147 1324 4212 castitate,
1366 4153 1530 4215 atque
1565 4144 1672 4198 imo

100 4242 347 4296 munitate
371 4244 442 4298 ab
472 4242 626 4297 omni
651 4241 799 4308 dolo,
827 4241 1021 4296 demus
1051 4240 1284 4295 invicem
1305 4251 1516 4309 pacem,
1547 4253 1670 4293 cum

99 4331 424 4400 amplexibus
473 4331 716 4403 Spiritus
767 4334 984 4398 sancti,
1037 4340 1093 4387 et
1145 4331 1198 4386 in
1258 4331 1480 4386 vinculo
1533 4345 1676 4385 vera:

100 4421 389 4492 charitatis,
422 4435 483 4480 ut
513 4427 569 4479 in
599 4440 709 4479 una
733 4423 1026 4480 concordia
1067 4425 1337 4494 spirituali
1368 4423 1677 4479 consisten-

97 4521 190 4579 tes,
219 4527 271 4571 et
304 4518 733 4573 unanimitatem
765 4516 1048 4586 paciﬁcam
1089 4518 1480 4584 observantes,
1521 4516 1674 4588 digni

99 4606 379 4664 eﬁiciamur
403 4610 663 4664 convivio
688 4609 850 4664 beato
873 4618 927 4664 et
950 4610 1385 4666 sanctiﬁcatione
1409 4609 1672 4680 unigeniti

99 4697 208 4755 Filii
236 4703 331 4762 tui,
387 4717 522 4758 cum
552 4716 663 4771 quo
708 4709 759 4756 te
800 4701 956 4756 decet
979 4701 1173 4771 gloria,
1205 4703 1383 4758 honor
1436 4711 1490 4757 et
1519 4709 1672 4771 pote-

100 4801 222 4859 stas,
251 4811 377 4850 cum
411 4793 628 4865 Spiritu
659 4801 752 4848 tuo
778 4795 1150 4850 sanctissimo.

160 4885 416 4958 Populus.
469 4890 668 4944 Amen.

163 4977 440 5035 Sacerdos.
468 4979 606 5034 Pax-

160 5069 420 5140 Populus.
455 5073 525 5127 Et
544 5089 669 5129 cum
702 5074 895 5142 spiritu
927 5079 1042 5128 tuo.

161 5161 451 5217 Diaeonus.
481 5162 585 5218 Det
611 5171 985 5235 unusquisque
1008 5175 1217 5234 pactam.

163 5249 423 5323 Populus.
449 5253 678 5308 Omnes.

167 5346 457 5401 Diaconus.
483 5344 637 5402 Post.

165 5435 419 5505 Populus.
450 5435 653 5490 Coram
687 5444 756 5490 te.

165 5525 452 5584 Sacerdos.
493 5523 703 5592 Bonus,
744 5528 938 5582 beatus
967 5535 1023 5583 et
1047 5527 1319 5583 demissor
1347 5526 1682 5582 benedictio-

102 5633 222 5674 num
248 5637 308 5678 es
336 5636 470 5694 erga
506 5636 604 5677 eos
633 5637 824 5677 omnes
852 5622 948 5691 qui;
971 5622 1199 5677 credunt
1229 5622 1284 5676 in
1313 5630 1382 5676 te.
1417 5621 1484 5676 Et
1513 5636 1680 5687 nunc,

105 5709 341 5782 Domine,
379 5729 452 5770 ne
498 5714 734 5783 aspicias
781 5715 928 5784 quod
957 5713 1163 5783 indigni
1209 5728 1420 5777 sumus,
1468 5727 1569 5767 nec
1613 5712 1684 5765 ob

104 5803 365 5864 deiectum
409 5806 934 5875 ﬁducianostrum,
967 5821 1148 5862 coram
1193 5818 1264 5873 te,
1297 5805 1475 5875 prives
1505 5821 1681 5875 popu-

236 5974 260 5983 μ
335 5905 622 5967 ΡΑΤῐιοι.
664 5905 782 5967 Gn.
832 5906 907 5964 V.

1688 3319 1730 3374 Α
1761 3313 1874 3366 lum
1907 3322 2061 3367 tuum
2108 3313 2341 3380 ﬁdelem,
2377 3313 2638 3381 Domine,
2690 3317 2863 3388 gratia
2889 3325 2980 3372 tua
3011 3317 3215 3386 divina,
3253 3319 3348 3374 sed

1765 3403 1975 3472 placide
2013 3413 2068 3457 et
2108 3404 2364 3475 benigne,
2397 3404 2549 3458 mitte
2579 3405 2985 3462 benedictiones
3021 3415 3143 3462 tuas
3185 3423 3351 3476 super

1765 3497 2247 3568 congregationem
2290 3498 2432 3553 hanc
2492 3497 2840 3553 adorantium
2886 3510 2988 3554 te:
3032 3499 3198 3570 imple
3247 3513 3351 3556 nos

1767 3589 1942 3658 gratia
1981 3597 2036 3643 et
2079 3590 2285 3645 lumine
2329 3593 2738 3658 scientiatum,
2791 3600 2846 3648 et
2893 3593 3111 3662 suscipe
3156 3593 3352 3662 depre-

1769 3682 2012 3736 cationes
2042 3683 2222 3753 gregis
2249 3683 2350 3749 tui,
2379 3693 2438 3738 ut
2464 3683 2518 3738 in
2545 3684 3004 3750 contemplatione
3032 3698 3190 3754 pura,
3225 3695 3351 3738 cum

1770 3776 2030 3846 primitiis
2061 3774 2333 3832 feracibus
2365 3789 2591 3847 Operum
2640 3775 2932 3844 bonorum,
2985 3776 3184 3832 festum
3217 3791 3354 3847 aga-

1771 3885 1896 3924 mus
1925 3870 2022 3924 tibi
2055 3871 2241 3936 simul,
2284 3879 2448 3941 teque
2475 3871 2780 3927 exaltemus
2806 3879 2861 3926 et
2886 3871 3228 3941 unigenitum
3257 3869 3349 3924 Fi-

1771 3964 1905 4017 lium
1939 3973 2093 4018 tuum
2121 3973 2176 4019 et
2209 3963 2470 4034 Spiritum
2501 3972 2656 4019 tuum
2689 3972 2962 4018 sanctUm.

1845 4055 2105 4128 Populus.
2139 4057 2334 4111 Amen.

1847 4147 2104 4202 Sacerdos
2139 4147 2346 4201 elevans
2381 4163 2576 4201 vocem.
2604 4145 2739 4212 Quis
2769 4144 2939 4215 possit
2966 4143 3144 4200 verbis
3185 4143 3356 4214 etpli-

1774 4254 1901 4294 care
1953 4239 2215 4293 beneﬁcia
2241 4238 2542 4293 clementiae
2595 4246 2726 4302 tute,
2775 4237 3049 4292 Domine?
3094 4243 3190 4290 aut
3231 4236 3356 4306 quis

1776 4331 1954 4403 poSsit
1993 4347 2220 4386 narrare
2249 4330 2638 4386 abundantiam
2677 4332 2881 4386 amoris
2911 4329 2990 4384 tui
3020 4345 3146 4400 erga
3175 4329 3356 4383 homi-

1778 4441 1896 4491 nes,
1921 4439 1954 4480 o
1984 4426 2180 4480 beate?
2205 4424 2425 4494 quinos
2464 4440 2590 4480 cum
2633 4423 2981 4479 multitudine
3013 4423 3354 4492 impietatum

1776 4518 2164 4582 detineremur,
2215 4528 2270 4572 et
2310 4518 2518 4571 catenis
2541 4524 2894 4586 peccatorum
2937 4513 3226 4584 compediti
3269 4528 3359 4568 es-

1778 4625 1984 4674 semus,
2019 4610 2213 4680 dignos
2247 4608 2420 4664 fecisti
2447 4607 2764 4678 hujusmodi
2801 4606 3109 4662 ministerio
3138 4604 3357 4660 excelso

1781 4715 1834 4758 et
1877 4709 2095 4772 magno.
2150 4701 2353 4757 Prwsta
2399 4701 2583 4767 nobis,
2631 4711 2690 4754 ut
2741 4699 2974 4754 abstersi
3024 4713 3055 4752 a
3103 4697 3357 4754 sordibus

1785 4795 2014 4865 peccati,
2052 4804 2104 4848 et
2131 4793 2426 4862 purissime
2457 4807 2558 4847 nos
2590 4791 2891 4846 secundum
2932 4805 3131 4859 corpus
3156 4796 3212 4843 et
3239 4787 3360 4841 ani-

1786 4903 1930 4941 mam
1960 4885 2242 4950 habentes,
2272 4884 2420 4954 digni
2445 4883 2744 4938 efﬁciamur
2764 4881 3101 4938 beatitudine
3128 4880 3217 4933 illa
3238 4893 3361 4948 qua:

1785 4993 1816 5031 a
1842 4985 1895 5032 te
1922 4976 2190 5046 promissa
2213 4984 2297 5031 est
2324 4975 2432 5029 illis
2473 4975 2565 5044 qui
2589 4974 2797 5029 faciunt
2825 4974 3157 5028 voluntatem
3185 4980 3357 5036 tuam,

1784 5079 1838 5126 et
1859 5069 2256 5124 illuminatione
2285 5076 2447 5136 atque
2481 5067 2845 5121 illustratione
2870 5065 3107 5136 Spiritus
3129 5065 3207 5120 tui
3234 5079 3362 5119 san-

1785 5165 1879 5230 cti,
1916 5170 1974 5217 nt
2000 5163 2162 5216 etiam
2197 5160 2476 5215 iunctione
2517 5159 2802 5214 sacerdotii
2829 5159 3088 5229 unigeniti
3115 5157 3234 5211 Filii
3256 5157 3358 5222 tui,

1787 5271 1884 5326 per
1909 5262 2072 5324 quem
2103 5263 2156 5308 et
2185 5269 2308 5306 cum
2337 5267 2446 5322 quo
2477 5260 2527 5305 te
2559 5252 2714 5306 decet
2741 5250 2938 5321 gloria,
2971 5252 3146 5306 honor
3170 5258 3224 5303 et
3254 5249 3361 5302 im-

1787 5347 1998 5416 perium
2030 5360 2154 5399 cum
2189 5343 2394 5412 Spiritu
2430 5355 2521 5395 tuo
2552 5353 2760 5396 sancto.

1858 5436 2115 5506 Populus.
2149 5436 2341 5490 Amen.

1859 5530 2149 5583 Diaconus.
2178 5527 2416 5592 Stemus,
2445 5534 2551 5580 etc.

1859 5619 2116 5691 Populus.
2150 5617 2557 5682 Misericordiae,
2589 5625 2691 5670 etc.

1854 5711 2132 5766 Sacerdos.
2166 5709 2442 5772 Charitas,
2474 5716 2579 5762 etc.

1863 5804 2120 5873 Populus.
2151 5803 2214 5858 Et
2241 5817 2363 5858 cum
2395 5801 2584 5871 spiritu
2611 5808 2726 5854 tuo.

3046 5889 3122 5949 31
