  <div class='ocr_page' id='page_1' title='image "/cluster/home/n/w/nwhite01/storage/ocr_20150623/5/nnc1.0046978607/493.png"; bbox 0 0 3806 6208; ppageno 0'>
   <div class='ocr_carea' id='block_1_1' title="bbox 444 296 546 352">
    <p class='ocr_par' dir='ltr' id='par_1_1' title="bbox 444 296 546 352">
     <span class='ocr_line' id='line_1_1' title="bbox 444 296 546 352; baseline -0.029 0"><span class='ocrx_word' id='word_1_1' title='bbox 444 296 546 352; x_wconf 72' lang='grc'><strong>971</strong></span> 
     </span>
    </p>
   </div>
   <div class='ocr_carea' id='block_1_2' title="bbox 522 418 1277 476">
    <p class='ocr_par' dir='ltr' id='par_1_2' title="bbox 522 418 1277 476">
     <span class='ocr_line' id='line_1_2' title="bbox 522 418 1277 476; baseline -0.004 0"><span class='ocrx_word' id='word_1_2' title='bbox 522 418 798 476; x_wconf 78' lang='lat' dir='ltr'><strong>Sacerdos.</strong></span> <span class='ocrx_word' id='word_1_3' title='bbox 830 418 1061 475; x_wconf 84' lang='lat' dir='ltr'><strong>Sursum</strong></span> <span class='ocrx_word' id='word_1_4' title='bbox 1089 420 1277 475; x_wconf 88' lang='lat' dir='ltr'><strong>corda.</strong></span> 
     </span>
    </p>
   </div>
   <div class='ocr_carea' id='block_1_3' title="bbox 519 513 1519 586">
    <p class='ocr_par' dir='ltr' id='par_1_3' title="bbox 519 513 1519 586">
     <span class='ocr_line' id='line_1_3' title="bbox 519 513 1519 586; baseline -0.002 -17"><span class='ocrx_word' id='word_1_5' title='bbox 519 515 778 586; x_wconf 78' lang='lat' dir='ltr'><strong>Populus.</strong></span> <span class='ocrx_word' id='word_1_6' title='bbox 807 513 1083 571; x_wconf 85' lang='lat' dir='ltr'><strong>Habemus</strong></span> <span class='ocrx_word' id='word_1_7' title='bbox 1110 515 1178 570; x_wconf 93' lang='lat' dir='ltr'><strong>ad</strong></span> <span class='ocrx_word' id='word_1_8' title='bbox 1208 514 1519 568; x_wconf 91' lang='lat' dir='ltr'><strong>Dominum.</strong></span> 
     </span>
    </p>
   </div>
   <div class='ocr_carea' id='block_1_4' title="bbox 521 607 1462 681">
    <p class='ocr_par' dir='ltr' id='par_1_4' title="bbox 521 607 1462 681">
     <span class='ocr_line' id='line_1_4' title="bbox 521 607 1462 681; baseline 0 -18"><span class='ocrx_word' id='word_1_9' title='bbox 521 607 797 664; x_wconf 73' lang='lat' dir='ltr'><strong>Sacerdos.</strong></span> <span class='ocrx_word' id='word_1_10' title='bbox 830 608 1047 664; x_wconf 76' lang='lat' dir='ltr'><strong>Gratias</strong></span> <span class='ocrx_word' id='word_1_11' title='bbox 1078 623 1307 681; x_wconf 78' lang='lat' dir='ltr'><strong>agamus</strong></span> <span class='ocrx_word' id='word_1_12' title='bbox 1333 607 1462 663; x_wconf 89' lang='lat' dir='ltr'><strong>Deo.</strong></span> 
     </span>
    </p>
   </div>
   <div class='ocr_carea' id='block_1_5' title="bbox 519 699 1483 771">
    <p class='ocr_par' dir='ltr' id='par_1_5' title="bbox 519 699 1483 771">
     <span class='ocr_line' id='line_1_5' title="bbox 519 699 1483 771; baseline 0 -16"><span class='ocrx_word' id='word_1_13' title='bbox 519 700 776 769; x_wconf 78' lang='lat' dir='ltr'><strong>Populus.</strong></span> <span class='ocrx_word' id='word_1_14' title='bbox 817 699 1049 771; x_wconf 89' lang='lat' dir='ltr'><strong>Dignum</strong></span> <span class='ocrx_word' id='word_1_15' title='bbox 1075 709 1128 755; x_wconf 92' lang='lat' dir='ltr'><strong>et</strong></span> <span class='ocrx_word' id='word_1_16' title='bbox 1147 700 1354 771; x_wconf 88' lang='lat' dir='ltr'><strong>justum</strong></span> <span class='ocrx_word' id='word_1_17' title='bbox 1380 708 1483 756; x_wconf 91' lang='lat' dir='ltr'><strong>est.</strong></span> 
     </span>
    </p>
   </div>
   <div class='ocr_carea' id='block_1_6' title="bbox 518 789 2028 851">
    <p class='ocr_par' dir='ltr' id='par_1_6' title="bbox 518 789 2028 851">
     <span class='ocr_line' id='line_1_6' title="bbox 518 789 2028 851; baseline 0.002 -5"><span class='ocrx_word' id='word_1_18' title='bbox 518 789 777 846; x_wconf 79' lang='lat' dir='ltr'><strong>Sacerdos</strong></span> <span class='ocrx_word' id='word_1_19' title='bbox 808 791 1117 846; x_wconf 77' lang='lat' dir='ltr'><strong>inclinatus.</strong></span> <span class='ocrx_word' id='word_1_20' title='bbox 1164 790 1303 847; x_wconf 81' lang='lat' dir='ltr'><strong>Vere</strong></span> <span class='ocrx_word' id='word_1_21' title='bbox 1334 793 1490 848; x_wconf 86' lang='lat' dir='ltr'><strong>decet</strong></span> <span class='ocrx_word' id='word_1_22' title='bbox 1520 793 1614 848; x_wconf 89' lang='lat' dir='ltr'><strong>tibi</strong></span> <span class='ocrx_word' id='word_1_23' title='bbox 1650 793 2028 851; x_wconf 85' lang='lat' dir='ltr'><strong>adorationem</strong></span> 
     </span>
    </p>
   </div>
   <div class='ocr_carea' id='block_1_7' title="bbox 448 884 2031 952">
    <p class='ocr_par' dir='ltr' id='par_1_7' title="bbox 448 884 2031 952">
     <span class='ocr_line' id='line_1_7' title="bbox 448 884 2031 952; baseline 0.002 -12"><span class='ocrx_word' id='word_1_24' title='bbox 448 900 572 940; x_wconf 91' lang='lat' dir='ltr'><strong>cum</strong></span> <span class='ocrx_word' id='word_1_25' title='bbox 604 884 834 950; x_wconf 86' lang='lat' dir='ltr'><strong>honore,</strong></span> <span class='ocrx_word' id='word_1_26' title='bbox 866 885 1026 940; x_wconf 87' lang='lat' dir='ltr'><strong>laude</strong></span> <span class='ocrx_word' id='word_1_27' title='bbox 1051 893 1106 941; x_wconf 92' lang='lat' dir='ltr'><strong>et</strong></span> <span class='ocrx_word' id='word_1_28' title='bbox 1130 885 1480 952; x_wconf 85' lang='lat' dir='ltr'><strong>exaltatione,</strong></span> <span class='ocrx_word' id='word_1_29' title='bbox 1513 887 1761 943; x_wconf 83' lang='lat' dir='ltr'><strong>exhiberi</strong></span> <span class='ocrx_word' id='word_1_30' title='bbox 1793 888 1863 944; x_wconf 92' lang='lat' dir='ltr'><strong>ab</strong></span> <span class='ocrx_word' id='word_1_31' title='bbox 1906 902 2031 943; x_wconf 90' lang='lat' dir='ltr'><strong>om-</strong></span> 
     </span>
    </p>
   </div>
   <div class='ocr_carea' id='block_1_8' title="bbox 448 977 2031 1051">
    <p class='ocr_par' dir='ltr' id='par_1_8' title="bbox 448 977 2031 1051">
     <span class='ocr_line' id='line_1_8' title="bbox 448 977 2031 1051; baseline 0.003 -21"><span class='ocrx_word' id='word_1_32' title='bbox 448 978 610 1032; x_wconf 84' lang='lat' dir='ltr'><strong>nibus</strong></span> <span class='ocrx_word' id='word_1_33' title='bbox 650 978 920 1033; x_wconf 76' lang='lat' dir='ltr'><strong>creaturis</strong></span> <span class='ocrx_word' id='word_1_34' title='bbox 959 978 1071 1033; x_wconf 92' lang='lat' dir='ltr'><strong>tnis</strong></span> <span class='ocrx_word' id='word_1_35' title='bbox 1107 977 1490 1043; x_wconf 89' lang='lat' dir='ltr'><strong>rationalibus,</strong></span> <span class='ocrx_word' id='word_1_36' title='bbox 1532 980 1808 1051; x_wconf 87' lang='lat' dir='ltr'><strong>simulque</strong></span> <span class='ocrx_word' id='word_1_37' title='bbox 1842 981 2031 1051; x_wconf 87' lang='lat' dir='ltr'><strong>unige-</strong></span> 
     </span>
    </p>
   </div>
   <div class='ocr_carea' id='block_1_9' title="bbox 445 1069 1560 1140">
    <p class='ocr_par' dir='ltr' id='par_1_9' title="bbox 445 1069 1560 1140">
     <span class='ocr_line' id='line_1_9' title="bbox 445 1069 1560 1140; baseline 0.001 -15"><span class='ocrx_word' id='word_1_38' title='bbox 445 1072 561 1127; x_wconf 91' lang='lat' dir='ltr'><strong>nito</strong></span> <span class='ocrx_word' id='word_1_39' title='bbox 586 1069 725 1125; x_wconf 87' lang='lat' dir='ltr'><strong>Filio</strong></span> <span class='ocrx_word' id='word_1_40' title='bbox 747 1080 861 1138; x_wconf 91' lang='lat' dir='ltr'><strong>tuo,</strong></span> <span class='ocrx_word' id='word_1_41' title='bbox 893 1078 947 1125; x_wconf 92' lang='lat' dir='ltr'><strong>et</strong></span> <span class='ocrx_word' id='word_1_42' title='bbox 977 1069 1204 1140; x_wconf 89' lang='lat' dir='ltr'><strong>Spiritui</strong></span> <span class='ocrx_word' id='word_1_43' title='bbox 1228 1083 1323 1126; x_wconf 89' lang='lat' dir='ltr'><strong>tuo</strong></span> <span class='ocrx_word' id='word_1_44' title='bbox 1349 1081 1560 1127; x_wconf 90' lang='lat' dir='ltr'><strong>sancto.</strong></span> 
     </span>
    </p>
   </div>
   <div class='ocr_carea' id='block_1_10' title="bbox 518 1162 2028 1235">
    <p class='ocr_par' dir='ltr' id='par_1_10' title="bbox 518 1162 2028 1235">
     <span class='ocr_line' id='line_1_10' title="bbox 518 1162 2028 1235; baseline 0.001 -16"><span class='ocrx_word' id='word_1_45' title='bbox 518 1163 746 1221; x_wconf 79' lang='lat' dir='ltr'><strong>Elevans</strong></span> <span class='ocrx_word' id='word_1_46' title='bbox 793 1180 988 1220; x_wconf 82' lang='lat' dir='ltr'><strong>vocem.</strong></span> <span class='ocrx_word' id='word_1_47' title='bbox 1017 1163 1100 1220; x_wconf 92' lang='lat' dir='ltr'><strong>Tu</strong></span> <span class='ocrx_word' id='word_1_48' title='bbox 1148 1165 1238 1219; x_wconf 92' lang='lat' dir='ltr'><strong>ille</strong></span> <span class='ocrx_word' id='word_1_49' title='bbox 1262 1180 1322 1220; x_wconf 91' lang='lat' dir='ltr'><strong>es</strong></span> <span class='ocrx_word' id='word_1_50' title='bbox 1354 1164 1448 1235; x_wconf 91' lang='lat' dir='ltr'><strong>qui</strong></span> <span class='ocrx_word' id='word_1_51' title='bbox 1482 1179 1510 1219; x_wconf 90' lang='lat' dir='ltr'><strong>a</strong></span> <span class='ocrx_word' id='word_1_52' title='bbox 1536 1163 1863 1220; x_wconf 81' lang='lat' dir='ltr'><strong>substantiis</strong></span> <span class='ocrx_word' id='word_1_53' title='bbox 1894 1162 2028 1220; x_wconf 84' lang='lat' dir='ltr'><strong>sub-</strong></span> 
     </span>
    </p>
   </div>
   <div class='ocr_carea' id='block_1_11' title="bbox 445 1252 2031 1324">
    <p class='ocr_par' dir='ltr' id='par_1_11' title="bbox 445 1252 2031 1324">
     <span class='ocr_line' id='line_1_11' title="bbox 445 1252 2031 1324; baseline 0.001 -13"><span class='ocrx_word' id='word_1_54' title='bbox 445 1252 704 1324; x_wconf 81' lang='lat' dir='ltr'><strong>limibus,</strong></span> <span class='ocrx_word' id='word_1_55' title='bbox 752 1267 806 1312; x_wconf 91' lang='lat' dir='ltr'><strong>et</strong></span> <span class='ocrx_word' id='word_1_56' title='bbox 857 1256 1347 1323; x_wconf 89' lang='lat' dir='ltr'><strong>immaterialibus,</strong></span> <span class='ocrx_word' id='word_1_57' title='bbox 1415 1257 1611 1313; x_wconf 83' lang='lat' dir='ltr'><strong>decore</strong></span> <span class='ocrx_word' id='word_1_58' title='bbox 1660 1273 1921 1322; x_wconf 90' lang='lat' dir='ltr'><strong>summo,</strong></span> <span class='ocrx_word' id='word_1_59' title='bbox 1976 1267 2031 1313; x_wconf 91' lang='lat' dir='ltr'><strong>et</strong></span> 
     </span>
    </p>
   </div>
   <div class='ocr_carea' id='block_1_12' title="bbox 444 1348 2031 1419">
    <p class='ocr_par' dir='ltr' id='par_1_12' title="bbox 444 1348 2031 1419">
     <span class='ocr_line' id='line_1_12' title="bbox 444 1348 2031 1419; baseline 0 -15"><span class='ocrx_word' id='word_1_60' title='bbox 444 1349 854 1419; x_wconf 89' lang='lat' dir='ltr'><strong>triumphaliter</strong></span> <span class='ocrx_word' id='word_1_61' title='bbox 897 1348 951 1403; x_wconf 92' lang='lat' dir='ltr'><strong>in</strong></span> <span class='ocrx_word' id='word_1_62' title='bbox 1000 1348 1255 1414; x_wconf 85' lang='lat' dir='ltr'><strong>excelsis,</strong></span> <span class='ocrx_word' id='word_1_63' title='bbox 1297 1348 1618 1416; x_wconf 89' lang='lat' dir='ltr'><strong>honoraris,</strong></span> <span class='ocrx_word' id='word_1_64' title='bbox 1667 1350 1942 1417; x_wconf 89' lang='lat' dir='ltr'><strong>laudaris,</strong></span> <span class='ocrx_word' id='word_1_65' title='bbox 1976 1358 2031 1406; x_wconf 91' lang='lat' dir='ltr'><strong>et</strong></span> 
     </span>
    </p>
   </div>
   <div class='ocr_carea' id='block_1_13' title="bbox 445 1432 2031 1515">
    <p class='ocr_par' dir='ltr' id='par_1_13' title="bbox 445 1432 2031 1515">
     <span class='ocr_line' id='line_1_13' title="bbox 445 1432 2031 1515; baseline 0 -16"><span class='ocrx_word' id='word_1_66' title='bbox 445 1442 840 1515; x_wconf 83' lang='lat' dir='ltr'><strong>gloriﬁcatione</strong></span> <span class='ocrx_word' id='word_1_67' title='bbox 867 1452 1125 1512; x_wconf 88' lang='lat' dir='ltr'><strong>perpetua</strong></span> <span class='ocrx_word' id='word_1_68' title='bbox 1142 1432 1473 1507; x_wconf 42' lang='lat' dir='ltr'><strong>&#39;celebraris,</strong></span> <span class='ocrx_word' id='word_1_69' title='bbox 1512 1442 1765 1499; x_wconf 90' lang='lat' dir='ltr'><strong>cantibus</strong></span> <span class='ocrx_word' id='word_1_70' title='bbox 1795 1442 1947 1513; x_wconf 89' lang='lat' dir='ltr'><strong>puris</strong></span> <span class='ocrx_word' id='word_1_71' title='bbox 1974 1453 2031 1498; x_wconf 92' lang='lat' dir='ltr'><strong>et</strong></span> 
     </span>
    </p>
   </div>
   <div class='ocr_carea' id='block_1_14' title="bbox 445 1532 2031 1603">
    <p class='ocr_par' dir='ltr' id='par_1_14' title="bbox 445 1532 2031 1603">
     <span class='ocr_line' id='line_1_14' title="bbox 445 1532 2031 1603; baseline -0.002 -12"><span class='ocrx_word' id='word_1_72' title='bbox 445 1535 674 1601; x_wconf 86' lang='lat' dir='ltr'><strong>sanctis,</strong></span> <span class='ocrx_word' id='word_1_73' title='bbox 715 1534 943 1589; x_wconf 88' lang='lat' dir='ltr'><strong>citharis</strong></span> <span class='ocrx_word' id='word_1_74' title='bbox 973 1533 1256 1599; x_wconf 86' lang='lat' dir='ltr'><strong>suavibus,</strong></span> <span class='ocrx_word' id='word_1_75' title='bbox 1286 1542 1340 1589; x_wconf 89' lang='lat' dir='ltr'><strong>et</strong></span> <span class='ocrx_word' id='word_1_76' title='bbox 1360 1532 1641 1603; x_wconf 89' lang='lat' dir='ltr'><strong>jucundis,</strong></span> <span class='ocrx_word' id='word_1_77' title='bbox 1680 1534 2031 1589; x_wconf 82' lang='lat' dir='ltr'><strong>exaltationi-</strong></span> 
     </span>
    </p>
   </div>
   <div class='ocr_carea' id='block_1_15' title="bbox 444 1627 2031 1701">
    <p class='ocr_par' dir='ltr' id='par_1_15' title="bbox 444 1627 2031 1701">
     <span class='ocr_line' id='line_1_15' title="bbox 444 1627 2031 1701; baseline 0 -16"><span class='ocrx_word' id='word_1_78' title='bbox 444 1631 657 1701; x_wconf 88' lang='lat' dir='ltr'><strong>bnsque</strong></span> <span class='ocrx_word' id='word_1_79' title='bbox 686 1639 740 1686; x_wconf 92' lang='lat' dir='ltr'><strong>et</strong></span> <span class='ocrx_word' id='word_1_80' title='bbox 783 1628 999 1701; x_wconf 84' lang='lat' dir='ltr'><strong>hymnis</strong></span> <span class='ocrx_word' id='word_1_81' title='bbox 1039 1629 1485 1699; x_wconf 84' lang='lat' dir='ltr'><strong>triumphalibus,</strong></span> <span class='ocrx_word' id='word_1_82' title='bbox 1520 1627 1675 1684; x_wconf 89' lang='lat' dir='ltr'><strong>festis</strong></span> <span class='ocrx_word' id='word_1_83' title='bbox 1717 1628 2031 1685; x_wconf 87' lang='lat' dir='ltr'><strong>indesinen-</strong></span> 
     </span>
    </p>
   </div>
   <div class='ocr_carea' id='block_1_16' title="bbox 446 1721 2030 1791">
    <p class='ocr_par' dir='ltr' id='par_1_16' title="bbox 446 1721 2030 1791">
     <span class='ocr_line' id='line_1_16' title="bbox 446 1721 2030 1791; baseline -0.002 -13"><span class='ocrx_word' id='word_1_84' title='bbox 446 1724 614 1789; x_wconf 86' lang='lat' dir='ltr'><strong>tibus,</strong></span> <span class='ocrx_word' id='word_1_85' title='bbox 648 1733 705 1778; x_wconf 87' lang='lat' dir='ltr'><strong>et</strong></span> <span class='ocrx_word' id='word_1_86' title='bbox 732 1722 962 1777; x_wconf 90' lang='lat' dir='ltr'><strong>canticis</strong></span> <span class='ocrx_word' id='word_1_87' title='bbox 999 1737 1106 1776; x_wconf 93' lang='lat' dir='ltr'><strong>non</strong></span> <span class='ocrx_word' id='word_1_88' title='bbox 1150 1722 1519 1786; x_wconf 89' lang='lat' dir='ltr'><strong>cessantibus,</strong></span> <span class='ocrx_word' id='word_1_89' title='bbox 1559 1737 1658 1791; x_wconf 90' lang='lat' dir='ltr'><strong>per</strong></span> <span class='ocrx_word' id='word_1_90' title='bbox 1697 1736 1796 1775; x_wconf 88' lang='lat' dir='ltr'><strong>ora</strong></span> <span class='ocrx_word' id='word_1_91' title='bbox 1845 1721 2030 1775; x_wconf 84' lang='lat' dir='ltr'><strong>incor-</strong></span> 
     </span>
    </p>
   </div>
   <div class='ocr_carea' id='block_1_17' title="bbox 444 1795 2105 1887">
    <p class='ocr_par' dir='ltr' id='par_1_17' title="bbox 444 1795 2105 1887">
     <span class='ocr_line' id='line_1_17' title="bbox 444 1795 2105 1887; baseline -0.001 -18"><span class='ocrx_word' id='word_1_92' title='bbox 444 1831 630 1887; x_wconf 88' lang='lat' dir='ltr'><strong>porca,</strong></span> <span class='ocrx_word' id='word_1_93' title='bbox 657 1832 751 1886; x_wconf 90' lang='lat' dir='ltr'><strong>per</strong></span> <span class='ocrx_word' id='word_1_94' title='bbox 780 1816 991 1887; x_wconf 89' lang='lat' dir='ltr'><strong>linguas</strong></span> <span class='ocrx_word' id='word_1_95' title='bbox 1018 1830 1124 1871; x_wconf 89' lang='lat' dir='ltr'><strong>non</strong></span> <span class='ocrx_word' id='word_1_96' title='bbox 1150 1830 1398 1881; x_wconf 91' lang='lat' dir='ltr'><strong>carneas,</strong></span> <span class='ocrx_word' id='word_1_97' title='bbox 1422 1830 1518 1885; x_wconf 89' lang='lat' dir='ltr'><strong>per</strong></span> <span class='ocrx_word' id='word_1_98' title='bbox 1538 1813 1810 1884; x_wconf 64' lang='lat' dir='ltr'><strong>praeconia</strong></span> <span class='ocrx_word' id='word_1_99' title='bbox 1830 1814 2030 1870; x_wconf 86' lang='lat' dir='ltr'><strong>eximia</strong></span> <span class='ocrx_word' id='word_1_100' title='bbox 2061 1795 2105 1851; x_wconf 76' lang='grc' dir='ltr'><strong>Β</strong></span> 
     </span>
    </p>
   </div>
   <div class='ocr_carea' id='block_1_18' title="bbox 446 1906 2027 1978">
    <p class='ocr_par' dir='ltr' id='par_1_18' title="bbox 446 1906 2027 1978">
     <span class='ocr_line' id='line_1_18' title="bbox 446 1906 2027 1978; baseline -0.001 -15"><span class='ocrx_word' id='word_1_101' title='bbox 446 1908 810 1978; x_wconf 87' lang='lat' dir='ltr'><strong>spiritualium</strong></span> <span class='ocrx_word' id='word_1_102' title='bbox 833 1949 847 1975; x_wconf 93' lang='lat'><strong>,</strong></span> <span class='ocrx_word' id='word_1_103' title='bbox 886 1923 980 1978; x_wconf 90' lang='lat' dir='ltr'><strong>per</strong></span> <span class='ocrx_word' id='word_1_104' title='bbox 1011 1906 1274 1978; x_wconf 69' lang='lat' dir='ltr'><strong>aequalem</strong></span> <span class='ocrx_word' id='word_1_105' title='bbox 1319 1915 1647 1963; x_wconf 84' lang='lat' dir='ltr'><strong>concentum</strong></span> <span class='ocrx_word' id='word_1_106' title='bbox 1690 1908 1987 1978; x_wconf 80' lang='lat' dir='ltr'><strong>~igneorum</strong></span> <span class='ocrx_word' id='word_1_107' title='bbox 2011 1949 2027 1974; x_wconf 90' lang='lat'><strong>,</strong></span> 
     </span>
    </p>
   </div>
   <div class='ocr_carea' id='block_1_19' title="bbox 444 1998 2029 2070">
    <p class='ocr_par' dir='ltr' id='par_1_19' title="bbox 444 1998 2029 2070">
     <span class='ocr_line' id='line_1_19' title="bbox 444 1998 2029 2070; baseline 0.003 -17"><span class='ocrx_word' id='word_1_108' title='bbox 444 2016 542 2069; x_wconf 89' lang='lat' dir='ltr'><strong>per</strong></span> <span class='ocrx_word' id='word_1_109' title='bbox 579 2015 747 2070; x_wconf 90' lang='lat' dir='ltr'><strong>puras</strong></span> <span class='ocrx_word' id='word_1_110' title='bbox 792 2015 954 2055; x_wconf 88' lang='lat' dir='ltr'><strong>voces</strong></span> <span class='ocrx_word' id='word_1_111' title='bbox 1002 1998 1365 2065; x_wconf 89' lang='lat' dir='ltr'><strong>thronorum,</strong></span> <span class='ocrx_word' id='word_1_112' title='bbox 1406 2015 1503 2070; x_wconf 92' lang='lat' dir='ltr'><strong>per</strong></span> <span class='ocrx_word' id='word_1_113' title='bbox 1528 2015 1725 2055; x_wconf 90' lang='lat' dir='ltr'><strong>sonum</strong></span> <span class='ocrx_word' id='word_1_114' title='bbox 1769 2017 2029 2070; x_wconf 84' lang='lat' dir='ltr'><strong>magnum</strong></span> 
     </span>
    </p>
   </div>
   <div class='ocr_carea' id='block_1_20' title="bbox 444 2091 2027 2165">
    <p class='ocr_par' dir='ltr' id='par_1_20' title="bbox 444 2091 2027 2165">
     <span class='ocr_line' id='line_1_20' title="bbox 444 2091 2027 2165; baseline 0.001 -18"><span class='ocrx_word' id='word_1_115' title='bbox 444 2092 726 2147; x_wconf 85' lang='lat' dir='ltr'><strong>cherubim</strong></span> <span class='ocrx_word' id='word_1_116' title='bbox 748 2133 763 2153; x_wconf 93' lang='lat'><strong>,</strong></span> <span class='ocrx_word' id='word_1_117' title='bbox 795 2102 849 2147; x_wconf 92' lang='lat' dir='ltr'><strong>et</strong></span> <span class='ocrx_word' id='word_1_118' title='bbox 875 2091 1339 2147; x_wconf 78' lang='lat' dir='ltr'><strong>sanctificationes</strong></span> <span class='ocrx_word' id='word_1_119' title='bbox 1368 2092 1694 2162; x_wconf 87' lang='lat' dir='ltr'><strong>purissimas</strong></span> <span class='ocrx_word' id='word_1_120' title='bbox 1730 2095 2027 2165; x_wconf 89' lang='lat' dir='ltr'><strong>seraphim,</strong></span> 
     </span>
    </p>
   </div>
   <div class='ocr_carea' id='block_1_21' title="bbox 444 2184 2033 2269">
    <p class='ocr_par' dir='ltr' id='par_1_21' title="bbox 444 2184 2033 2269">
     <span class='ocr_line' id='line_1_21' title="bbox 444 2184 2033 2269; baseline 0.003 -31"><span class='ocrx_word' id='word_1_121' title='bbox 444 2185 555 2269; x_wconf 37' lang='lat' dir='ltr'><strong>quit</strong></span> <span class='ocrx_word' id='word_1_122' title='bbox 582 2185 898 2241; x_wconf 83' lang='lat' dir='ltr'><strong>terribiliter</strong></span> <span class='ocrx_word' id='word_1_123' title='bbox 929 2186 1032 2241; x_wconf 92' lang='lat' dir='ltr'><strong>alis</strong></span> <span class='ocrx_word' id='word_1_124' title='bbox 1070 2184 1354 2255; x_wconf 87' lang='lat' dir='ltr'><strong>plaudunt,</strong></span> <span class='ocrx_word' id='word_1_125' title='bbox 1391 2186 1748 2257; x_wconf 87' lang='lat' dir='ltr'><strong>volantesque</strong></span> <span class='ocrx_word' id='word_1_126' title='bbox 1794 2195 1875 2242; x_wconf 91' lang='lat' dir='ltr'><strong>ter</strong></span> <span class='ocrx_word' id='word_1_127' title='bbox 1910 2202 2033 2242; x_wconf 89' lang='lat' dir='ltr'><strong>san-</strong></span> 
     </span>
    </p>
   </div>
   <div class='ocr_carea' id='block_1_22' title="bbox 445 2277 1746 2346">
    <p class='ocr_par' dir='ltr' id='par_1_22' title="bbox 445 2277 1746 2346">
     <span class='ocr_line' id='line_1_22' title="bbox 445 2277 1746 2346; baseline 0.001 -13"><span class='ocrx_word' id='word_1_128' title='bbox 445 2278 709 2345; x_wconf 79' lang='lat' dir='ltr'><strong>ctificant,</strong></span> <span class='ocrx_word' id='word_1_129' title='bbox 735 2278 1000 2346; x_wconf 85' lang='lat' dir='ltr'><strong>clamant,</strong></span> <span class='ocrx_word' id='word_1_130' title='bbox 1028 2277 1402 2334; x_wconf 77' lang='lat' dir='ltr'><strong>vociferantur</strong></span> <span class='ocrx_word' id='word_1_131' title='bbox 1429 2287 1483 2333; x_wconf 91' lang='lat' dir='ltr'><strong>et</strong></span> <span class='ocrx_word' id='word_1_132' title='bbox 1510 2279 1700 2334; x_wconf 91' lang='lat' dir='ltr'><strong>dicunt</strong></span> <span class='ocrx_word' id='word_1_133' title='bbox 1733 2298 1746 2334; x_wconf 92' lang='lat'><strong>:</strong></span> 
     </span>
    </p>
   </div>
   <div class='ocr_carea' id='block_1_23' title="bbox 518 2368 1652 2442">
    <p class='ocr_par' dir='ltr' id='par_1_23' title="bbox 518 2368 1652 2442">
     <span class='ocr_line' id='line_1_23' title="bbox 518 2368 1652 2442; baseline 0.001 -18"><span class='ocrx_word' id='word_1_134' title='bbox 518 2369 779 2442; x_wconf 82' lang='lat' dir='ltr'><strong>Populus.</strong></span> <span class='ocrx_word' id='word_1_135' title='bbox 820 2370 1081 2439; x_wconf 89' lang='lat' dir='ltr'><strong>Sanctus,</strong></span> <span class='ocrx_word' id='word_1_136' title='bbox 1107 2371 1367 2437; x_wconf 85' lang='lat' dir='ltr'><strong>Sanctus,</strong></span> <span class='ocrx_word' id='word_1_137' title='bbox 1395 2368 1652 2426; x_wconf 91' lang='lat' dir='ltr'><strong>Sanctus.</strong></span> 
     </span>
    </p>
   </div>
   <div class='ocr_carea' id='block_1_24' title="bbox 518 2459 2029 2529">
    <p class='ocr_par' dir='ltr' id='par_1_24' title="bbox 518 2459 2029 2529">
     <span class='ocr_line' id='line_1_24' title="bbox 518 2459 2029 2529; baseline 0.001 -13"><span class='ocrx_word' id='word_1_138' title='bbox 518 2461 779 2516; x_wconf 78' lang='lat' dir='ltr'><strong>Sacerdos</strong></span> <span class='ocrx_word' id='word_1_139' title='bbox 801 2462 1115 2516; x_wconf 78' lang='lat' dir='ltr'><strong>inclinatus.</strong></span> <span class='ocrx_word' id='word_1_140' title='bbox 1150 2460 1386 2517; x_wconf 88' lang='lat' dir='ltr'><strong>Sanctus</strong></span> <span class='ocrx_word' id='word_1_141' title='bbox 1404 2461 1549 2516; x_wconf 91' lang='lat' dir='ltr'><strong>enim</strong></span> <span class='ocrx_word' id='word_1_142' title='bbox 1573 2476 1655 2524; x_wconf 86' lang='lat' dir='ltr'><strong>es,</strong></span> <span class='ocrx_word' id='word_1_143' title='bbox 1681 2459 1824 2518; x_wconf 86' lang='lat' dir='ltr'><strong>Deus</strong></span> <span class='ocrx_word' id='word_1_144' title='bbox 1847 2461 2029 2529; x_wconf 88' lang='lat' dir='ltr'><strong>Pater,</strong></span> 
     </span>
    </p>
   </div>
   <div class='ocr_carea' id='block_1_25' title="bbox 448 2553 2031 2626">
    <p class='ocr_par' dir='ltr' id='par_1_25' title="bbox 448 2553 2031 2626">
     <span class='ocr_line' id='line_1_25' title="bbox 448 2553 2031 2626; baseline 0.001 -17"><span class='ocrx_word' id='word_1_145' title='bbox 448 2555 684 2610; x_wconf 82' lang='lat' dir='ltr'><strong>Sanetus</strong></span> <span class='ocrx_word' id='word_1_146' title='bbox 705 2556 870 2610; x_wconf 91' lang='lat' dir='ltr'><strong>etiam</strong></span> <span class='ocrx_word' id='word_1_147' title='bbox 897 2554 1211 2626; x_wconf 90' lang='lat' dir='ltr'><strong>nnigenitus</strong></span> <span class='ocrx_word' id='word_1_148' title='bbox 1236 2553 1407 2609; x_wconf 87' lang='lat' dir='ltr'><strong>Filius</strong></span> <span class='ocrx_word' id='word_1_149' title='bbox 1436 2565 1583 2621; x_wconf 90' lang='lat' dir='ltr'><strong>tuus,</strong></span> <span class='ocrx_word' id='word_1_150' title='bbox 1611 2553 1847 2611; x_wconf 87' lang='lat' dir='ltr'><strong>Sanctus</strong></span> <span class='ocrx_word' id='word_1_151' title='bbox 1867 2556 2031 2611; x_wconf 90' lang='lat' dir='ltr'><strong>etiam</strong></span> 
     </span>
    </p>
   </div>
   <div class='ocr_carea' id='block_1_26' title="bbox 448 2646 2033 2719">
    <p class='ocr_par' dir='ltr' id='par_1_26' title="bbox 448 2646 2033 2719">
     <span class='ocr_line' id='line_1_26' title="bbox 448 2646 2033 2719; baseline 0.001 -17"><span class='ocrx_word' id='word_1_152' title='bbox 448 2648 685 2719; x_wconf 82' lang='lat' dir='ltr'><strong>Spiritus</strong></span> <span class='ocrx_word' id='word_1_153' title='bbox 717 2656 846 2703; x_wconf 89' lang='lat' dir='ltr'><strong>tuus</strong></span> <span class='ocrx_word' id='word_1_154' title='bbox 890 2657 1151 2703; x_wconf 88' lang='lat' dir='ltr'><strong>sanctus:</strong></span> <span class='ocrx_word' id='word_1_155' title='bbox 1198 2647 1294 2717; x_wconf 92' lang='lat' dir='ltr'><strong>qui</strong></span> <span class='ocrx_word' id='word_1_156' title='bbox 1325 2646 1534 2703; x_wconf 83' lang='lat' dir='ltr'><strong>similes</strong></span> <span class='ocrx_word' id='word_1_157' title='bbox 1574 2647 1891 2703; x_wconf 61' lang='lat' dir='ltr'><strong>caelestibus</strong></span> <span class='ocrx_word' id='word_1_158' title='bbox 1938 2663 2033 2719; x_wconf 89' lang='lat' dir='ltr'><strong>per</strong></span> 
     </span>
    </p>
   </div>
   <div class='ocr_carea' id='block_1_27' title="bbox 446 2740 2032 2811">
    <p class='ocr_par' dir='ltr' id='par_1_27' title="bbox 446 2740 2032 2811">
     <span class='ocr_line' id='line_1_27' title="bbox 446 2740 2032 2811; baseline 0.003 -16"><span class='ocrx_word' id='word_1_159' title='bbox 446 2755 691 2795; x_wconf 72' lang='lat' dir='ltr'><strong>amore&#39;n</strong></span> <span class='ocrx_word' id='word_1_160' title='bbox 736 2749 890 2795; x_wconf 92' lang='lat' dir='ltr'><strong>tuum</strong></span> <span class='ocrx_word' id='word_1_161' title='bbox 925 2755 1055 2811; x_wconf 90' lang='lat' dir='ltr'><strong>erga</strong></span> <span class='ocrx_word' id='word_1_162' title='bbox 1087 2740 1362 2807; x_wconf 87' lang='lat' dir='ltr'><strong>homines,</strong></span> <span class='ocrx_word' id='word_1_163' title='bbox 1414 2756 1517 2798; x_wconf 89' lang='lat' dir='ltr'><strong>nos</strong></span> <span class='ocrx_word' id='word_1_164' title='bbox 1568 2741 1767 2809; x_wconf 81' lang='lat' dir='ltr'><strong>fecisti,</strong></span> <span class='ocrx_word' id='word_1_165' title='bbox 1811 2751 1865 2797; x_wconf 92' lang='lat' dir='ltr'><strong>et</strong></span> <span class='ocrx_word' id='word_1_166' title='bbox 1908 2753 2032 2799; x_wconf 89' lang='lat' dir='ltr'><strong>tan-</strong></span> 
     </span>
    </p>
   </div>
   <div class='ocr_carea' id='block_1_28' title="bbox 444 2833 2030 2904">
    <p class='ocr_par' dir='ltr' id='par_1_28' title="bbox 444 2833 2030 2904">
     <span class='ocr_line' id='line_1_28' title="bbox 444 2833 2030 2904; baseline 0.001 -17"><span class='ocrx_word' id='word_1_167' title='bbox 444 2842 635 2904; x_wconf 88' lang='lat' dir='ltr'><strong>topere</strong></span> <span class='ocrx_word' id='word_1_168' title='bbox 681 2833 922 2888; x_wconf 87' lang='lat' dir='ltr'><strong>dilexisti</strong></span> <span class='ocrx_word' id='word_1_169' title='bbox 967 2847 1092 2900; x_wconf 92' lang='lat' dir='ltr'><strong>nos,</strong></span> <span class='ocrx_word' id='word_1_170' title='bbox 1137 2841 1198 2887; x_wconf 91' lang='lat' dir='ltr'><strong>ut</strong></span> <span class='ocrx_word' id='word_1_171' title='bbox 1239 2834 1404 2888; x_wconf 89' lang='lat' dir='ltr'><strong>etiam</strong></span> <span class='ocrx_word' id='word_1_172' title='bbox 1443 2833 1785 2904; x_wconf 90' lang='lat' dir='ltr'><strong>unigenitum</strong></span> <span class='ocrx_word' id='word_1_173' title='bbox 1833 2835 2030 2890; x_wconf 66' lang='lat' dir='ltr'><strong>Filium</strong></span> 
     </span>
    </p>
   </div>
   <div class='ocr_carea' id='block_1_29' title="bbox 446 2923 2031 2982">
    <p class='ocr_par' dir='ltr' id='par_1_29' title="bbox 446 2923 2031 2982">
     <span class='ocr_line' id='line_1_29' title="bbox 446 2923 2031 2982; baseline 0.001 -3"><span class='ocrx_word' id='word_1_174' title='bbox 446 2935 599 2981; x_wconf 90' lang='lat' dir='ltr'><strong>tuum</strong></span> <span class='ocrx_word' id='word_1_175' title='bbox 650 2925 748 2981; x_wconf 89' lang='lat' dir='ltr'><strong>tibi</strong></span> <span class='ocrx_word' id='word_1_176' title='bbox 812 2923 1340 2981; x_wconf 87' lang='lat' dir='ltr'><strong>consubstantialem</strong></span> <span class='ocrx_word' id='word_1_177' title='bbox 1390 2924 1634 2980; x_wconf 85' lang='lat' dir='ltr'><strong>mitteres</strong></span> <span class='ocrx_word' id='word_1_178' title='bbox 1686 2926 1754 2981; x_wconf 91' lang='lat' dir='ltr'><strong>ad</strong></span> <span class='ocrx_word' id='word_1_179' title='bbox 1799 2927 2031 2982; x_wconf 88' lang='lat' dir='ltr'><strong>salutem</strong></span> 
     </span>
    </p>
   </div>
   <div class='ocr_carea' id='block_1_30' title="bbox 445 3017 2033 3091">
    <p class='ocr_par' dir='ltr' id='par_1_30' title="bbox 445 3017 2033 3091">
     <span class='ocr_line' id='line_1_30' title="bbox 445 3017 2033 3091; baseline 0.001 -17"><span class='ocrx_word' id='word_1_180' title='bbox 445 3030 720 3075; x_wconf 89' lang='lat' dir='ltr'><strong>nostram:</strong></span> <span class='ocrx_word' id='word_1_181' title='bbox 751 3018 845 3091; x_wconf 91' lang='lat' dir='ltr'><strong>qui</strong></span> <span class='ocrx_word' id='word_1_182' title='bbox 885 3019 1207 3073; x_wconf 86' lang='lat' dir='ltr'><strong>incarnatus</strong></span> <span class='ocrx_word' id='word_1_183' title='bbox 1236 3025 1339 3084; x_wconf 91' lang='lat' dir='ltr'><strong>est,</strong></span> <span class='ocrx_word' id='word_1_184' title='bbox 1381 3017 1749 3087; x_wconf 72' lang='lat' dir='ltr'><strong>ineﬂ‘abiliter,</strong></span> <span class='ocrx_word' id='word_1_185' title='bbox 1779 3029 1826 3075; x_wconf 88' lang='lat' dir='ltr'><strong>et</strong></span> <span class='ocrx_word' id='word_1_186' title='bbox 1856 3019 2033 3076; x_wconf 86' lang='lat' dir='ltr'><strong>factus</strong></span> 
     </span>
    </p>
   </div>
   <div class='ocr_carea' id='block_1_31' title="bbox 1682 296 2477 357">
    <p class='ocr_par' dir='ltr' id='par_1_31' title="bbox 1682 296 2477 357">
     <span class='ocr_line' id='line_1_31' title="bbox 1682 296 2477 357; baseline 0.005 -6"><span class='ocrx_word' id='word_1_187' title='bbox 1682 296 2017 355; x_wconf 78' lang='lat' dir='ltr'><strong>LITURGIA</strong></span> <span class='ocrx_word' id='word_1_188' title='bbox 2059 298 2120 356; x_wconf 87' lang='lat' dir='ltr'><strong>S.</strong></span> <span class='ocrx_word' id='word_1_189' title='bbox 2152 298 2444 357; x_wconf 75' lang='lat' dir='ltr'><strong>&#39;IGNATII.</strong></span> <span class='ocrx_word' id='word_1_190' title='bbox 2470 324 2477 329; x_wconf 58' lang='grc' dir='ltr'><strong>ι</strong></span> 
     </span>
    </p>
   </div>
   <div class='ocr_carea' id='block_1_32' title="bbox 2056 422 3731 496">
    <p class='ocr_par' dir='ltr' id='par_1_32' title="bbox 2056 422 3731 496">
     <span class='ocr_line' id='line_1_32' title="bbox 2056 422 3731 496; baseline -0.002 -13"><span class='ocrx_word' id='word_1_191' title='bbox 2056 426 2103 483; x_wconf 78' lang='grc' dir='ltr'><strong>Α</strong></span> <span class='ocrx_word' id='word_1_192' title='bbox 2131 422 2464 492; x_wconf 89' lang='lat' dir='ltr'><strong>baptismum</strong></span> <span class='ocrx_word' id='word_1_193' title='bbox 2501 433 2658 480; x_wconf 90' lang='lat' dir='ltr'><strong>tuum</strong></span> <span class='ocrx_word' id='word_1_194' title='bbox 2694 423 2966 492; x_wconf 90' lang='lat' dir='ltr'><strong>divinum,</strong></span> <span class='ocrx_word' id='word_1_195' title='bbox 3016 427 3355 496; x_wconf 85' lang='lat' dir='ltr'><strong>sepulturam</strong></span> <span class='ocrx_word' id='word_1_196' title='bbox 3406 436 3569 482; x_wconf 84' lang='lat' dir='ltr'><strong>tuam</strong></span> <span class='ocrx_word' id='word_1_197' title='bbox 3602 428 3731 480; x_wconf 74' lang='lat' dir='ltr'><strong>\‘ivi-</strong></span> 
     </span>
    </p>
   </div>
   <div class='ocr_carea' id='block_1_33' title="bbox 3635 304 3731 358">
    <p class='ocr_par' dir='ltr' id='par_1_33' title="bbox 3635 304 3731 358">
     <span class='ocr_line' id='line_1_33' title="bbox 3635 304 3731 358; baseline -0.021 -1"><span class='ocrx_word' id='word_1_198' title='bbox 3635 304 3731 358; x_wconf 67' lang='lat'><strong>972</strong></span> 
     </span>
    </p>
   </div>
   <div class='ocr_carea' id='block_1_34' title="bbox 2135 514 3728 583">
    <p class='ocr_par' dir='ltr' id='par_1_34' title="bbox 2135 514 3728 583">
     <span class='ocr_line' id='line_1_34' title="bbox 2135 514 3728 583; baseline 0.004 -15"><span class='ocrx_word' id='word_1_199' title='bbox 2135 514 2412 579; x_wconf 73' lang='lat' dir='ltr'><strong>licentem,</strong></span> <span class='ocrx_word' id='word_1_200' title='bbox 2444 518 2907 574; x_wconf 86' lang='lat' dir='ltr'><strong>resurrectionem</strong></span> <span class='ocrx_word' id='word_1_201' title='bbox 2948 527 3101 574; x_wconf 90' lang='lat' dir='ltr'><strong>tuam</strong></span> <span class='ocrx_word' id='word_1_202' title='bbox 3136 517 3515 583; x_wconf 90' lang='lat' dir='ltr'><strong>Dominicam,</strong></span> <span class='ocrx_word' id='word_1_203' title='bbox 3542 534 3728 575; x_wconf 83' lang='lat' dir='ltr'><strong>ascen-</strong></span> 
     </span>
    </p>
   </div>
   <div class='ocr_carea' id='block_1_35' title="bbox 2134 607 3728 683">
    <p class='ocr_par' dir='ltr' id='par_1_35' title="bbox 2134 607 3728 683">
     <span class='ocr_line' id='line_1_35' title="bbox 2134 607 3728 683; baseline 0.003 -22"><span class='ocrx_word' id='word_1_204' title='bbox 2134 607 2349 662; x_wconf 85' lang='lat' dir='ltr'><strong>sionem</strong></span> <span class='ocrx_word' id='word_1_205' title='bbox 2388 618 2538 663; x_wconf 92' lang='lat' dir='ltr'><strong>tuam</strong></span> <span class='ocrx_word' id='word_1_206' title='bbox 2581 609 2765 680; x_wconf 78' lang='lat' dir='ltr'><strong>gaudii</strong></span> <span class='ocrx_word' id='word_1_207' title='bbox 2804 610 3054 680; x_wconf 88' lang='lat' dir='ltr'><strong>plenam,</strong></span> <span class='ocrx_word' id='word_1_208' title='bbox 3102 612 3529 683; x_wconf 82' lang='lat' dir='ltr'><strong>sessioneniqne</strong></span> <span class='ocrx_word' id='word_1_209' title='bbox 3587 620 3728 666; x_wconf 83' lang='lat' dir='ltr'><strong>tuam</strong></span> 
     </span>
    </p>
   </div>
   <div class='ocr_carea' id='block_1_36' title="bbox 2133 699 3729 771">
    <p class='ocr_par' dir='ltr' id='par_1_36' title="bbox 2133 699 3729 771">
     <span class='ocr_line' id='line_1_36' title="bbox 2133 699 3729 771; baseline 0.003 -18"><span class='ocrx_word' id='word_1_210' title='bbox 2133 699 2204 753; x_wconf 89' lang='lat' dir='ltr'><strong>ad</strong></span> <span class='ocrx_word' id='word_1_211' title='bbox 2231 700 2515 755; x_wconf 80' lang='lat' dir='ltr'><strong>dexteram</strong></span> <span class='ocrx_word' id='word_1_212' title='bbox 2538 701 2846 771; x_wconf 75' lang='lat' dir='ltr'><strong>maiestatis</strong></span> <span class='ocrx_word' id='word_1_213' title='bbox 2878 700 2974 758; x_wconf 90' lang='lat' dir='ltr'><strong>Dei</strong></span> <span class='ocrx_word' id='word_1_214' title='bbox 3003 712 3060 758; x_wconf 90' lang='lat' dir='ltr'><strong>et</strong></span> <span class='ocrx_word' id='word_1_215' title='bbox 3085 702 3299 760; x_wconf 87' lang='lat' dir='ltr'><strong>Patris:</strong></span> <span class='ocrx_word' id='word_1_216' title='bbox 3328 704 3541 760; x_wconf 89' lang='lat' dir='ltr'><strong>iterum</strong></span> <span class='ocrx_word' id='word_1_217' title='bbox 3569 705 3729 760; x_wconf 82' lang='lat' dir='ltr'><strong>etiam</strong></span> 
     </span>
    </p>
   </div>
   <div class='ocr_carea' id='block_1_37' title="bbox 2134 793 3734 863">
    <p class='ocr_par' dir='ltr' id='par_1_37' title="bbox 2134 793 3734 863">
     <span class='ocr_line' id='line_1_37' title="bbox 2134 793 3734 863; baseline 0.002 -16"><span class='ocrx_word' id='word_1_218' title='bbox 2134 793 2427 848; x_wconf 81' lang='lat' dir='ltr'><strong>adventum</strong></span> <span class='ocrx_word' id='word_1_219' title='bbox 2472 800 2630 848; x_wconf 89' lang='lat' dir='ltr'><strong>tuum</strong></span> <span class='ocrx_word' id='word_1_220' title='bbox 2659 794 2963 850; x_wconf 90' lang='lat' dir='ltr'><strong>secundum</strong></span> <span class='ocrx_word' id='word_1_221' title='bbox 3002 795 3330 863; x_wconf 91' lang='lat' dir='ltr'><strong>timendum,</strong></span> <span class='ocrx_word' id='word_1_222' title='bbox 3372 805 3431 851; x_wconf 91' lang='lat' dir='ltr'><strong>et</strong></span> <span class='ocrx_word' id='word_1_223' title='bbox 3475 797 3734 850; x_wconf 78' lang='lat' dir='ltr'><strong>tremoris</strong></span> 
     </span>
    </p>
   </div>
   <div class='ocr_carea' id='block_1_38' title="bbox 2133 885 3733 960">
    <p class='ocr_par' dir='ltr' id='par_1_38' title="bbox 2133 885 3733 960">
     <span class='ocr_line' id='line_1_38' title="bbox 2133 885 3733 960; baseline 0.004 -21"><span class='ocrx_word' id='word_1_224' title='bbox 2133 885 2353 956; x_wconf 88' lang='lat' dir='ltr'><strong>plenum</strong></span> <span class='ocrx_word' id='word_1_225' title='bbox 2382 901 2900 957; x_wconf 86' lang='lat' dir='ltr'><strong>commemoramus,</strong></span> <span class='ocrx_word' id='word_1_226' title='bbox 2919 889 3143 958; x_wconf 87' lang='lat' dir='ltr'><strong>quando</strong></span> <span class='ocrx_word' id='word_1_227' title='bbox 3170 889 3430 945; x_wconf 78' lang='lat' dir='ltr'><strong>exoriens</strong></span> <span class='ocrx_word' id='word_1_228' title='bbox 3449 905 3589 945; x_wconf 89' lang='lat' dir='ltr'><strong>cum</strong></span> <span class='ocrx_word' id='word_1_229' title='bbox 3618 891 3733 960; x_wconf 83' lang='lat' dir='ltr'><strong>glo-</strong></span> 
     </span>
    </p>
   </div>
   <div class='ocr_carea' id='block_1_39' title="bbox 2134 976 3734 1052">
    <p class='ocr_par' dir='ltr' id='par_1_39' title="bbox 2134 976 3734 1052">
     <span class='ocr_line' id='line_1_39' title="bbox 2134 976 3734 1052; baseline 0.004 -22"><span class='ocrx_word' id='word_1_230' title='bbox 2134 976 2238 1043; x_wconf 89' lang='lat' dir='ltr'><strong>ria,</strong></span> <span class='ocrx_word' id='word_1_231' title='bbox 2275 976 2699 1048; x_wconf 87' lang='lat' dir='ltr'><strong>terribiliterque</strong></span> <span class='ocrx_word' id='word_1_232' title='bbox 2737 980 3188 1050; x_wconf 89' lang='lat' dir='ltr'><strong>conspiciendum</strong></span> <span class='ocrx_word' id='word_1_233' title='bbox 3211 991 3264 1036; x_wconf 93' lang='lat' dir='ltr'><strong>te</strong></span> <span class='ocrx_word' id='word_1_234' title='bbox 3291 983 3561 1052; x_wconf 68' lang='lat' dir='ltr'><strong>praebens</strong></span> <span class='ocrx_word' id='word_1_235' title='bbox 3588 983 3734 1036; x_wconf 78' lang='lat' dir='ltr'><strong>vivos</strong></span> 
     </span>
    </p>
   </div>
   <div class='ocr_carea' id='block_1_40' title="bbox 2131 1066 3739 1140">
    <p class='ocr_par' dir='ltr' id='par_1_40' title="bbox 2131 1066 3739 1140">
     <span class='ocr_line' id='line_1_40' title="bbox 2131 1066 3739 1140; baseline 0.003 -19"><span class='ocrx_word' id='word_1_236' title='bbox 2131 1075 2186 1121; x_wconf 91' lang='lat' dir='ltr'><strong>et</strong></span> <span class='ocrx_word' id='word_1_237' title='bbox 2228 1075 2478 1123; x_wconf 88' lang='lat' dir='ltr'><strong>mortuos</strong></span> <span class='ocrx_word' id='word_1_238' title='bbox 2519 1066 2832 1137; x_wconf 89' lang='lat' dir='ltr'><strong>judicabis;</strong></span> <span class='ocrx_word' id='word_1_239' title='bbox 2877 1067 3101 1139; x_wconf 90' lang='lat' dir='ltr'><strong>quando</strong></span> <span class='ocrx_word' id='word_1_240' title='bbox 3144 1067 3338 1140; x_wconf 81' lang='lat' dir='ltr'><strong>Angeli</strong></span> <span class='ocrx_word' id='word_1_241' title='bbox 3371 1084 3403 1124; x_wconf 91' lang='lat' dir='ltr'><strong>a</strong></span> <span class='ocrx_word' id='word_1_242' title='bbox 3440 1069 3739 1140; x_wconf 79' lang='lat' dir='ltr'><strong>splendore</strong></span> 
     </span>
    </p>
   </div>
   <div class='ocr_carea' id='block_1_41' title="bbox 2126 1156 3733 1235">
    <p class='ocr_par' dir='ltr' id='par_1_41' title="bbox 2126 1156 3733 1235">
     <span class='ocr_line' id='line_1_41' title="bbox 2126 1156 3733 1235; baseline 0.003 -22"><span class='ocrx_word' id='word_1_243' title='bbox 2126 1156 2321 1228; x_wconf 88' lang='lat' dir='ltr'><strong>judicii</strong></span> <span class='ocrx_word' id='word_1_244' title='bbox 2354 1161 2434 1215; x_wconf 89' lang='lat' dir='ltr'><strong>tui</strong></span> <span class='ocrx_word' id='word_1_245' title='bbox 2468 1160 2898 1218; x_wconf 90' lang='lat' dir='ltr'><strong>contremiscent</strong></span> <span class='ocrx_word' id='word_1_246' title='bbox 2919 1204 2936 1231; x_wconf 92' lang='lat'><strong>,</strong></span> <span class='ocrx_word' id='word_1_247' title='bbox 2987 1172 3043 1219; x_wconf 89' lang='lat' dir='ltr'><strong>et</strong></span> <span class='ocrx_word' id='word_1_248' title='bbox 3085 1163 3420 1235; x_wconf 84' lang='lat' dir='ltr'><strong>Archangeli</strong></span> <span class='ocrx_word' id='word_1_249' title='bbox 3453 1172 3733 1231; x_wconf 80' lang='lat' dir='ltr'><strong>tremeat,</strong></span> 
     </span>
    </p>
   </div>
   <div class='ocr_carea' id='block_1_42' title="bbox 2130 1250 3732 1323">
    <p class='ocr_par' dir='ltr' id='par_1_42' title="bbox 2130 1250 3732 1323">
     <span class='ocr_line' id='line_1_42' title="bbox 2130 1250 3732 1323; baseline 0.006 -18"><span class='ocrx_word' id='word_1_250' title='bbox 2130 1250 2439 1309; x_wconf 89' lang='lat' dir='ltr'><strong>Potestates</strong></span> <span class='ocrx_word' id='word_1_251' title='bbox 2486 1254 2899 1322; x_wconf 91' lang='lat' dir='ltr'><strong>concutientur,</strong></span> <span class='ocrx_word' id='word_1_252' title='bbox 2955 1256 3141 1311; x_wconf 90' lang='lat' dir='ltr'><strong>throni</strong></span> <span class='ocrx_word' id='word_1_253' title='bbox 3204 1258 3732 1323; x_wconf 77' lang='lat' dir='ltr'><strong>conturbabuntur,</strong></span> 
     </span>
    </p>
   </div>
   <div class='ocr_carea' id='block_1_43' title="bbox 2129 1344 3711 1419">
    <p class='ocr_par' dir='ltr' id='par_1_43' title="bbox 2129 1344 3711 1419">
     <span class='ocr_line' id='line_1_43' title="bbox 2129 1344 3711 1419; baseline 0.003 -18"><span class='ocrx_word' id='word_1_254' title='bbox 2129 1354 2183 1401; x_wconf 90' lang='lat' dir='ltr'><strong>et</strong></span> <span class='ocrx_word' id='word_1_255' title='bbox 2202 1344 2436 1401; x_wconf 85' lang='lat' dir='ltr'><strong>Ordines</strong></span> <span class='ocrx_word' id='word_1_256' title='bbox 2467 1345 2724 1405; x_wconf 71' lang='lat' dir='ltr'><strong>ctelestes</strong></span> <span class='ocrx_word' id='word_1_257' title='bbox 2750 1354 2961 1403; x_wconf 68' lang='lat' dir='ltr'><strong>terrore</strong></span> <span class='ocrx_word' id='word_1_258' title='bbox 2983 1348 3394 1419; x_wconf 88' lang='lat' dir='ltr'><strong>obstupeseent.</strong></span> <span class='ocrx_word' id='word_1_259' title='bbox 3428 1348 3601 1405; x_wconf 86' lang='lat' dir='ltr'><strong>Tunc</strong></span> <span class='ocrx_word' id='word_1_260' title='bbox 3623 1367 3711 1405; x_wconf 77' lang='lat' dir='ltr'><strong>om</strong></span> 
     </span>
    </p>
   </div>
   <div class='ocr_carea' id='block_1_44' title="bbox 2130 1436 3736 1510">
    <p class='ocr_par' dir='ltr' id='par_1_44' title="bbox 2130 1436 3736 1510">
     <span class='ocr_line' id='line_1_44' title="bbox 2130 1436 3736 1510; baseline 0.003 -17"><span class='ocrx_word' id='word_1_261' title='bbox 2130 1453 2229 1493; x_wconf 91' lang='lat' dir='ltr'><strong>nes</strong></span> <span class='ocrx_word' id='word_1_262' title='bbox 2251 1436 2504 1492; x_wconf 89' lang='lat' dir='ltr'><strong>homines</strong></span> <span class='ocrx_word' id='word_1_263' title='bbox 2553 1436 2611 1491; x_wconf 89' lang='lat' dir='ltr'><strong>in</strong></span> <span class='ocrx_word' id='word_1_264' title='bbox 2660 1436 2851 1493; x_wconf 90' lang='lat' dir='ltr'><strong>dolore</strong></span> <span class='ocrx_word' id='word_1_265' title='bbox 2892 1447 3119 1508; x_wconf 84' lang='lat' dir='ltr'><strong>stantes,</strong></span> <span class='ocrx_word' id='word_1_266' title='bbox 3148 1440 3393 1510; x_wconf 88' lang='lat' dir='ltr'><strong>judicem</strong></span> <span class='ocrx_word' id='word_1_267' title='bbox 3424 1443 3736 1499; x_wconf 84' lang='lat' dir='ltr'><strong>timendum</strong></span> 
     </span>
    </p>
   </div>
   <div class='ocr_carea' id='block_1_45' title="bbox 2129 1531 3740 1602">
    <p class='ocr_par' dir='ltr' id='par_1_45' title="bbox 2129 1531 3740 1602">
     <span class='ocr_line' id='line_1_45' title="bbox 2129 1531 3740 1602; baseline 0.001 -15"><span class='ocrx_word' id='word_1_268' title='bbox 2129 1540 2185 1587; x_wconf 91' lang='lat' dir='ltr'><strong>et</strong></span> <span class='ocrx_word' id='word_1_269' title='bbox 2209 1539 2484 1602; x_wconf 90' lang='lat' dir='ltr'><strong>potentem</strong></span> <span class='ocrx_word' id='word_1_270' title='bbox 2513 1531 2926 1600; x_wconf 85' lang='lat' dir='ltr'><strong>exspectabnnt,</strong></span> <span class='ocrx_word' id='word_1_271' title='bbox 2960 1540 3092 1588; x_wconf 91' lang='lat' dir='ltr'><strong>tunc</strong></span> <span class='ocrx_word' id='word_1_272' title='bbox 3120 1547 3244 1587; x_wconf 89' lang='lat' dir='ltr'><strong>cum</strong></span> <span class='ocrx_word' id='word_1_273' title='bbox 3274 1532 3514 1602; x_wconf 60' lang='lat' dir='ltr'><strong>iustitia</strong></span> <span class='ocrx_word' id='word_1_274' title='bbox 3538 1549 3740 1590; x_wconf 83' lang='lat' dir='ltr'><strong>conve-</strong></span> 
     </span>
    </p>
   </div>
   <div class='ocr_carea' id='block_1_46' title="bbox 2130 1621 3739 1696">
    <p class='ocr_par' dir='ltr' id='par_1_46' title="bbox 2130 1621 3739 1696">
     <span class='ocr_line' id='line_1_46' title="bbox 2130 1621 3739 1696; baseline 0.003 -19"><span class='ocrx_word' id='word_1_275' title='bbox 2130 1623 2289 1678; x_wconf 88' lang='lat' dir='ltr'><strong>niens</strong></span> <span class='ocrx_word' id='word_1_276' title='bbox 2329 1622 2486 1678; x_wconf 90' lang='lat' dir='ltr'><strong>locus</strong></span> <span class='ocrx_word' id='word_1_277' title='bbox 2533 1621 2678 1689; x_wconf 91' lang='lat' dir='ltr'><strong>erit,</strong></span> <span class='ocrx_word' id='word_1_278' title='bbox 2734 1622 2910 1694; x_wconf 88' lang='lat' dir='ltr'><strong>gratia</strong></span> <span class='ocrx_word' id='word_1_279' title='bbox 2954 1632 3137 1678; x_wconf 89' lang='lat' dir='ltr'><strong>autem</strong></span> <span class='ocrx_word' id='word_1_280' title='bbox 3188 1624 3401 1680; x_wconf 87' lang='lat' dir='ltr'><strong>nullam</strong></span> <span class='ocrx_word' id='word_1_281' title='bbox 3449 1627 3739 1696; x_wconf 68' lang='lat' dir='ltr'><strong>praestabit</strong></span> 
     </span>
    </p>
   </div>
   <div class='ocr_carea' id='block_1_47' title="bbox 2130 1716 3737 1784">
    <p class='ocr_par' dir='ltr' id='par_1_47' title="bbox 2130 1716 3737 1784">
     <span class='ocr_line' id='line_1_47' title="bbox 2130 1716 3737 1784; baseline 0.001 -11"><span class='ocrx_word' id='word_1_282' title='bbox 2130 1716 2612 1782; x_wconf 88' lang='lat' dir='ltr'><strong>misericordiam;</strong></span> <span class='ocrx_word' id='word_1_283' title='bbox 2663 1730 2789 1770; x_wconf 90' lang='lat' dir='ltr'><strong>cum</strong></span> <span class='ocrx_word' id='word_1_284' title='bbox 2835 1716 3107 1772; x_wconf 90' lang='lat' dir='ltr'><strong>carbones</strong></span> <span class='ocrx_word' id='word_1_285' title='bbox 3157 1716 3459 1784; x_wconf 84' lang='lat' dir='ltr'><strong>ardentes,</strong></span> <span class='ocrx_word' id='word_1_286' title='bbox 3511 1718 3737 1774; x_wconf 82' lang='lat' dir='ltr'><strong>ﬂamma</strong></span> 
     </span>
    </p>
   </div>
   <div class='ocr_carea' id='block_1_48' title="bbox 2133 1808 3738 1883">
    <p class='ocr_par' dir='ltr' id='par_1_48' title="bbox 2133 1808 3738 1883">
     <span class='ocr_line' id='line_1_48' title="bbox 2133 1808 3738 1883; baseline 0 -15"><span class='ocrx_word' id='word_1_287' title='bbox 2133 1811 2493 1878; x_wconf 88' lang='lat' dir='ltr'><strong>comburens,</strong></span> <span class='ocrx_word' id='word_1_288' title='bbox 2520 1808 2769 1881; x_wconf 89' lang='lat' dir='ltr'><strong>gebenna</strong></span> <span class='ocrx_word' id='word_1_289' title='bbox 2793 1809 3251 1882; x_wconf 82' lang='lat' dir='ltr'><strong>inexstinguihilis</strong></span> <span class='ocrx_word' id='word_1_290' title='bbox 3271 1811 3533 1881; x_wconf 88' lang='lat' dir='ltr'><strong>:quando</strong></span> <span class='ocrx_word' id='word_1_291' title='bbox 3549 1828 3738 1883; x_wconf 80' lang='lat' dir='ltr'><strong>preces</strong></span> 
     </span>
    </p>
   </div>
   <div class='ocr_carea' id='block_1_49' title="bbox 2131 1902 3734 1975">
    <p class='ocr_par' dir='ltr' id='par_1_49' title="bbox 2131 1902 3734 1975">
     <span class='ocr_line' id='line_1_49' title="bbox 2131 1902 3734 1975; baseline -0.001 -16"><span class='ocrx_word' id='word_1_292' title='bbox 2131 1903 2483 1975; x_wconf 87' lang='lat' dir='ltr'><strong>repellentur,</strong></span> <span class='ocrx_word' id='word_1_293' title='bbox 2543 1910 2599 1958; x_wconf 91' lang='lat' dir='ltr'><strong>et</strong></span> <span class='ocrx_word' id='word_1_294' title='bbox 2639 1902 3053 1972; x_wconf 87' lang='lat' dir='ltr'><strong>deprecationes</strong></span> <span class='ocrx_word' id='word_1_295' title='bbox 3096 1917 3206 1957; x_wconf 91' lang='lat' dir='ltr'><strong>non</strong></span> <span class='ocrx_word' id='word_1_296' title='bbox 3250 1903 3734 1973; x_wconf 82' lang='lat' dir='ltr'><strong>acceptabnntur,</strong></span> 
     </span>
    </p>
   </div>
   <div class='ocr_carea' id='block_1_50' title="bbox 2131 1994 3739 2069">
    <p class='ocr_par' dir='ltr' id='par_1_50' title="bbox 2131 1994 3739 2069">
     <span class='ocr_line' id='line_1_50' title="bbox 2131 1994 3739 2069; baseline 0.001 -17"><span class='ocrx_word' id='word_1_297' title='bbox 2131 1997 2411 2053; x_wconf 85' lang='lat' dir='ltr'><strong>orationes</strong></span> <span class='ocrx_word' id='word_1_298' title='bbox 2460 2009 2574 2051; x_wconf 90' lang='lat' dir='ltr'><strong>non</strong></span> <span class='ocrx_word' id='word_1_299' title='bbox 2619 1994 2937 2063; x_wconf 89' lang='lat' dir='ltr'><strong>audientur,</strong></span> <span class='ocrx_word' id='word_1_300' title='bbox 2986 2004 3042 2052; x_wconf 89' lang='lat' dir='ltr'><strong>et</strong></span> <span class='ocrx_word' id='word_1_301' title='bbox 3083 1996 3505 2053; x_wconf 85' lang='lat' dir='ltr'><strong>obsecrationes</strong></span> <span class='ocrx_word' id='word_1_302' title='bbox 3549 1999 3739 2069; x_wconf 78' lang='lat' dir='ltr'><strong>cujus-</strong></span> 
     </span>
    </p>
   </div>
   <div class='ocr_carea' id='block_1_51' title="bbox 2130 2088 3738 2161">
    <p class='ocr_par' dir='ltr' id='par_1_51' title="bbox 2130 2088 3738 2161">
     <span class='ocr_line' id='line_1_51' title="bbox 2130 2088 3738 2161; baseline 0 -16"><span class='ocrx_word' id='word_1_303' title='bbox 2130 2103 2351 2161; x_wconf 89' lang='lat' dir='ltr'><strong>cunque</strong></span> <span class='ocrx_word' id='word_1_304' title='bbox 2391 2088 2795 2159; x_wconf 63' lang='lat' dir='ltr'><strong>pratcidentur:</strong></span> <span class='ocrx_word' id='word_1_305' title='bbox 2840 2102 3003 2158; x_wconf 86' lang='lat' dir='ltr'><strong>parce</strong></span> <span class='ocrx_word' id='word_1_306' title='bbox 3044 2089 3225 2157; x_wconf 89' lang='lat' dir='ltr'><strong>nobis,</strong></span> <span class='ocrx_word' id='word_1_307' title='bbox 3261 2088 3522 2156; x_wconf 88' lang='lat' dir='ltr'><strong>Domine,</strong></span> <span class='ocrx_word' id='word_1_308' title='bbox 3553 2100 3613 2145; x_wconf 90' lang='lat' dir='ltr'><strong>et</strong></span> <span class='ocrx_word' id='word_1_309' title='bbox 3638 2106 3738 2147; x_wconf 83' lang='lat' dir='ltr'><strong>ex-</strong></span> 
     </span>
    </p>
   </div>
   <div class='ocr_carea' id='block_1_52' title="bbox 2130 2182 3738 2252">
    <p class='ocr_par' dir='ltr' id='par_1_52' title="bbox 2130 2182 3738 2252">
     <span class='ocr_line' id='line_1_52' title="bbox 2130 2182 3738 2252; baseline 0.002 -14"><span class='ocrx_word' id='word_1_310' title='bbox 2130 2183 2293 2239; x_wconf 89' lang='lat' dir='ltr'><strong>tende</strong></span> <span class='ocrx_word' id='word_1_311' title='bbox 2317 2183 2599 2238; x_wconf 79' lang='lat' dir='ltr'><strong>dexteram</strong></span> <span class='ocrx_word' id='word_1_312' title='bbox 2632 2190 2783 2237; x_wconf 89' lang='lat' dir='ltr'><strong>tuam</strong></span> <span class='ocrx_word' id='word_1_313' title='bbox 2825 2197 2994 2252; x_wconf 89' lang='lat' dir='ltr'><strong>super</strong></span> <span class='ocrx_word' id='word_1_314' title='bbox 3032 2197 3135 2238; x_wconf 90' lang='lat' dir='ltr'><strong>nos</strong></span> <span class='ocrx_word' id='word_1_315' title='bbox 3162 2197 3378 2240; x_wconf 90' lang='lat' dir='ltr'><strong>omnes.</strong></span> <span class='ocrx_word' id='word_1_316' title='bbox 3423 2182 3511 2240; x_wconf 86' lang='lat' dir='ltr'><strong>Ne</strong></span> <span class='ocrx_word' id='word_1_317' title='bbox 3564 2185 3738 2241; x_wconf 79' lang='lat' dir='ltr'><strong>intres</strong></span> 
     </span>
    </p>
   </div>
   <div class='ocr_carea' id='block_1_53' title="bbox 2132 2275 3737 2346">
    <p class='ocr_par' dir='ltr' id='par_1_53' title="bbox 2132 2275 3737 2346">
     <span class='ocr_line' id='line_1_53' title="bbox 2132 2275 3737 2346; baseline 0.001 -15"><span class='ocrx_word' id='word_1_318' title='bbox 2132 2276 2187 2331; x_wconf 90' lang='lat' dir='ltr'><strong>in</strong></span> <span class='ocrx_word' id='word_1_319' title='bbox 2223 2275 2492 2346; x_wconf 88' lang='lat' dir='ltr'><strong>judicium</strong></span> <span class='ocrx_word' id='word_1_320' title='bbox 2533 2276 2848 2342; x_wconf 90' lang='lat' dir='ltr'><strong>nobiscum,</strong></span> <span class='ocrx_word' id='word_1_321' title='bbox 2896 2290 3008 2330; x_wconf 93' lang='lat' dir='ltr'><strong>non</strong></span> <span class='ocrx_word' id='word_1_322' title='bbox 3053 2276 3286 2332; x_wconf 84' lang='lat' dir='ltr'><strong>reducas</strong></span> <span class='ocrx_word' id='word_1_323' title='bbox 3314 2277 3372 2330; x_wconf 92' lang='lat' dir='ltr'><strong>in</strong></span> <span class='ocrx_word' id='word_1_324' title='bbox 3400 2278 3737 2334; x_wconf 79' lang='lat' dir='ltr'><strong>memoriam</strong></span> 
     </span>
    </p>
   </div>
   <div class='ocr_carea' id='block_1_54' title="bbox 2131 2368 3739 2439">
    <p class='ocr_par' dir='ltr' id='par_1_54' title="bbox 2131 2368 3739 2439">
     <span class='ocr_line' id='line_1_54' title="bbox 2131 2368 3739 2439; baseline 0.002 -16"><span class='ocrx_word' id='word_1_325' title='bbox 2131 2368 2452 2439; x_wconf 86' lang='lat' dir='ltr'><strong>iniquitates</strong></span> <span class='ocrx_word' id='word_1_326' title='bbox 2478 2378 2722 2434; x_wconf 90' lang='lat' dir='ltr'><strong>nostras,</strong></span> <span class='ocrx_word' id='word_1_327' title='bbox 2754 2384 2863 2424; x_wconf 92' lang='lat' dir='ltr'><strong>non</strong></span> <span class='ocrx_word' id='word_1_328' title='bbox 2888 2370 2956 2423; x_wconf 90' lang='lat' dir='ltr'><strong>ad</strong></span> <span class='ocrx_word' id='word_1_329' title='bbox 2989 2383 3217 2424; x_wconf 85' lang='lat' dir='ltr'><strong>examen</strong></span> <span class='ocrx_word' id='word_1_330' title='bbox 3249 2370 3535 2436; x_wconf 90' lang='lat' dir='ltr'><strong>strictum,</strong></span> <span class='ocrx_word' id='word_1_331' title='bbox 3576 2388 3739 2428; x_wconf 75' lang='lat' dir='ltr'><strong>voces</strong></span> 
     </span>
    </p>
   </div>
   <div class='ocr_carea' id='block_1_55' title="bbox 2132 2464 3736 2538">
    <p class='ocr_par' dir='ltr' id='par_1_55' title="bbox 2132 2464 3736 2538">
     <span class='ocr_line' id='line_1_55' title="bbox 2132 2464 3736 2538; baseline 0.003 -20"><span class='ocrx_word' id='word_1_332' title='bbox 2132 2481 2234 2519; x_wconf 86' lang='lat' dir='ltr'><strong>nos</strong></span> <span class='ocrx_word' id='word_1_333' title='bbox 2268 2472 2323 2518; x_wconf 90' lang='lat' dir='ltr'><strong>et</strong></span> <span class='ocrx_word' id='word_1_334' title='bbox 2363 2464 2710 2519; x_wconf 89' lang='lat' dir='ltr'><strong>constituas:</strong></span> <span class='ocrx_word' id='word_1_335' title='bbox 2766 2479 2834 2519; x_wconf 91' lang='lat' dir='ltr'><strong>ne</strong></span> <span class='ocrx_word' id='word_1_336' title='bbox 2868 2464 3045 2520; x_wconf 92' lang='lat' dir='ltr'><strong>simus</strong></span> <span class='ocrx_word' id='word_1_337' title='bbox 3085 2465 3307 2521; x_wconf 88' lang='lat' dir='ltr'><strong>exsules</strong></span> <span class='ocrx_word' id='word_1_338' title='bbox 3331 2480 3365 2520; x_wconf 89' lang='lat' dir='ltr'><strong>a</strong></span> <span class='ocrx_word' id='word_1_339' title='bbox 3407 2468 3594 2538; x_wconf 84' lang='lat' dir='ltr'><strong>gratia</strong></span> <span class='ocrx_word' id='word_1_340' title='bbox 3623 2480 3736 2535; x_wconf 83' lang='lat' dir='ltr'><strong>tua,</strong></span> 
     </span>
    </p>
   </div>
   <div class='ocr_carea' id='block_1_56' title="bbox 2133 2556 3740 2629">
    <p class='ocr_par' dir='ltr' id='par_1_56' title="bbox 2133 2556 3740 2629">
     <span class='ocr_line' id='line_1_56' title="bbox 2133 2556 3740 2629; baseline 0.005 -18"><span class='ocrx_word' id='word_1_341' title='bbox 2133 2572 2311 2629; x_wconf 89' lang='lat' dir='ltr'><strong>neque</strong></span> <span class='ocrx_word' id='word_1_342' title='bbox 2340 2557 2507 2613; x_wconf 89' lang='lat' dir='ltr'><strong>alieni</strong></span> <span class='ocrx_word' id='word_1_343' title='bbox 2540 2557 2610 2612; x_wconf 90' lang='lat' dir='ltr'><strong>ab</strong></span> <span class='ocrx_word' id='word_1_344' title='bbox 2634 2556 2956 2613; x_wconf 65' lang='lat' dir='ltr'><strong>haereditate</strong></span> <span class='ocrx_word' id='word_1_345' title='bbox 2979 2566 3103 2613; x_wconf 82' lang='lat' dir='ltr'><strong>tua:</strong></span> <span class='ocrx_word' id='word_1_346' title='bbox 3132 2573 3200 2613; x_wconf 91' lang='lat' dir='ltr'><strong>ne</strong></span> <span class='ocrx_word' id='word_1_347' title='bbox 3227 2558 3365 2615; x_wconf 88' lang='lat' dir='ltr'><strong>diris</strong></span> <span class='ocrx_word' id='word_1_348' title='bbox 3391 2563 3740 2619; x_wconf 81' lang='lat' dir='ltr'><strong>cruciatibus</strong></span> 
     </span>
    </p>
   </div>
   <div class='ocr_carea' id='block_1_57' title="bbox 2132 2647 3735 2720">
    <p class='ocr_par' dir='ltr' id='par_1_57' title="bbox 2132 2647 3735 2720">
     <span class='ocr_line' id='line_1_57' title="bbox 2132 2647 3735 2720; baseline 0.002 -16"><span class='ocrx_word' id='word_1_349' title='bbox 2132 2650 2448 2713; x_wconf 87' lang='lat' dir='ltr'><strong>tradamur,</strong></span> <span class='ocrx_word' id='word_1_350' title='bbox 2507 2662 2618 2702; x_wconf 90' lang='lat' dir='ltr'><strong>non</strong></span> <span class='ocrx_word' id='word_1_351' title='bbox 2666 2647 2734 2702; x_wconf 89' lang='lat' dir='ltr'><strong>ad</strong></span> <span class='ocrx_word' id='word_1_352' title='bbox 2773 2662 3016 2703; x_wconf 89' lang='lat' dir='ltr'><strong>vermem</strong></span> <span class='ocrx_word' id='word_1_353' title='bbox 3057 2648 3338 2704; x_wconf 83' lang='lat' dir='ltr'><strong>radentem</strong></span> <span class='ocrx_word' id='word_1_354' title='bbox 3382 2652 3696 2720; x_wconf 66' lang='lat' dir='ltr'><strong>praecordia</strong></span> <span class='ocrx_word' id='word_1_355' title='bbox 3719 2694 3735 2717; x_wconf 91' lang='lat'><strong>,</strong></span> 
     </span>
    </p>
   </div>
   <div class='ocr_carea' id='block_1_58' title="bbox 2133 2738 3738 2814">
    <p class='ocr_par' dir='ltr' id='par_1_58' title="bbox 2133 2738 3738 2814">
     <span class='ocr_line' id='line_1_58' title="bbox 2133 2738 3738 2814; baseline 0.001 -19"><span class='ocrx_word' id='word_1_356' title='bbox 2133 2757 2258 2796; x_wconf 90' lang='lat' dir='ltr'><strong>cum</strong></span> <span class='ocrx_word' id='word_1_357' title='bbox 2288 2740 2469 2812; x_wconf 86' lang='lat' dir='ltr'><strong>impiis</strong></span> <span class='ocrx_word' id='word_1_358' title='bbox 2500 2738 2764 2795; x_wconf 83' lang='lat' dir='ltr'><strong>amandes</strong></span> <span class='ocrx_word' id='word_1_359' title='bbox 2796 2754 2929 2805; x_wconf 89' lang='lat' dir='ltr'><strong>nos;</strong></span> <span class='ocrx_word' id='word_1_360' title='bbox 2977 2754 3089 2795; x_wconf 92' lang='lat' dir='ltr'><strong>non</strong></span> <span class='ocrx_word' id='word_1_361' title='bbox 3132 2741 3188 2795; x_wconf 91' lang='lat' dir='ltr'><strong>in</strong></span> <span class='ocrx_word' id='word_1_362' title='bbox 3221 2750 3377 2810; x_wconf 87' lang='lat' dir='ltr'><strong>parte</strong></span> <span class='ocrx_word' id='word_1_363' title='bbox 3412 2756 3616 2798; x_wconf 88' lang='lat' dir='ltr'><strong>eorum</strong></span> <span class='ocrx_word' id='word_1_364' title='bbox 3644 2746 3738 2814; x_wconf 91' lang='lat' dir='ltr'><strong>qui</strong></span> 
     </span>
    </p>
   </div>
   <div class='ocr_carea' id='block_1_59' title="bbox 2131 2833 3740 2906">
    <p class='ocr_par' dir='ltr' id='par_1_59' title="bbox 2131 2833 3740 2906">
     <span class='ocr_line' id='line_1_59' title="bbox 2131 2833 3740 2906; baseline 0.002 -17"><span class='ocrx_word' id='word_1_365' title='bbox 2131 2843 2186 2889; x_wconf 87' lang='lat' dir='ltr'><strong>te</strong></span> <span class='ocrx_word' id='word_1_366' title='bbox 2218 2833 2611 2889; x_wconf 87' lang='lat' dir='ltr'><strong>crucitixernnt</strong></span> <span class='ocrx_word' id='word_1_367' title='bbox 2651 2846 3009 2888; x_wconf 89' lang='lat' dir='ltr'><strong>censeamur:</strong></span> <span class='ocrx_word' id='word_1_368' title='bbox 3055 2848 3168 2888; x_wconf 91' lang='lat' dir='ltr'><strong>non</strong></span> <span class='ocrx_word' id='word_1_369' title='bbox 3218 2848 3346 2889; x_wconf 89' lang='lat' dir='ltr'><strong>cum</strong></span> <span class='ocrx_word' id='word_1_370' title='bbox 3397 2835 3593 2906; x_wconf 89' lang='lat' dir='ltr'><strong>impiis</strong></span> <span class='ocrx_word' id='word_1_371' title='bbox 3627 2849 3740 2893; x_wconf 86' lang='lat' dir='ltr'><strong>sta-</strong></span> 
     </span>
    </p>
   </div>
   <div class='ocr_carea' id='block_1_60' title="bbox 2133 2926 3734 2999">
    <p class='ocr_par' dir='ltr' id='par_1_60' title="bbox 2133 2926 3734 2999">
     <span class='ocr_line' id='line_1_60' title="bbox 2133 2926 3734 2999; baseline 0.002 -17"><span class='ocrx_word' id='word_1_372' title='bbox 2133 2934 2390 2982; x_wconf 88' lang='lat' dir='ltr'><strong>tuamur:</strong></span> <span class='ocrx_word' id='word_1_373' title='bbox 2441 2942 2553 2983; x_wconf 90' lang='lat' dir='ltr'><strong>non</strong></span> <span class='ocrx_word' id='word_1_374' title='bbox 2599 2927 2898 2999; x_wconf 89' lang='lat' dir='ltr'><strong>participes</strong></span> <span class='ocrx_word' id='word_1_375' title='bbox 2926 2926 3245 2997; x_wconf 89' lang='lat' dir='ltr'><strong>iniquorum</strong></span> <span class='ocrx_word' id='word_1_376' title='bbox 3278 2928 3498 2985; x_wconf 88' lang='lat' dir='ltr'><strong>simus:</strong></span> <span class='ocrx_word' id='word_1_377' title='bbox 3537 2947 3650 2986; x_wconf 89' lang='lat' dir='ltr'><strong>non</strong></span> <span class='ocrx_word' id='word_1_378' title='bbox 3684 2933 3734 2986; x_wconf 90' lang='lat' dir='ltr'><strong>in</strong></span> 
     </span>
    </p>
   </div>
   <div class='ocr_carea' id='block_1_61' title="bbox 2134 3018 3736 3090">
    <p class='ocr_par' dir='ltr' id='par_1_61' title="bbox 2134 3018 3736 3090">
     <span class='ocr_line' id='line_1_61' title="bbox 2134 3018 3736 3090; baseline 0.001 -15"><span class='ocrx_word' id='word_1_379' title='bbox 2134 3018 2402 3090; x_wconf 85' lang='lat' dir='ltr'><strong>supplicia</strong></span> <span class='ocrx_word' id='word_1_380' title='bbox 2448 3028 2504 3075; x_wconf 91' lang='lat' dir='ltr'><strong>et</strong></span> <span class='ocrx_word' id='word_1_381' title='bbox 2548 3019 2814 3075; x_wconf 90' lang='lat' dir='ltr'><strong>stridores</strong></span> <span class='ocrx_word' id='word_1_382' title='bbox 2867 3018 3116 3074; x_wconf 91' lang='lat' dir='ltr'><strong>dentium</strong></span> <span class='ocrx_word' id='word_1_383' title='bbox 3165 3019 3576 3089; x_wconf 84' lang='lat' dir='ltr'><strong>projiciamur:</strong></span> <span class='ocrx_word' id='word_1_384' title='bbox 3625 3039 3736 3077; x_wconf 86' lang='lat' dir='ltr'><strong>non</strong></span> 
     </span>
    </p>
   </div>
   <div class='ocr_carea' id='block_1_62' title="bbox 445 3107 3732 3205">
    <p class='ocr_par' dir='ltr' id='par_1_62' title="bbox 445 3107 3732 3205">
     <span class='ocr_line' id='line_1_62' title="bbox 445 3107 3732 3205; baseline 0.002 -41"><span class='ocrx_word' id='word_1_385' title='bbox 445 3120 529 3165; x_wconf 84' lang='lat' dir='ltr'><strong>est</strong></span> <span class='ocrx_word' id='word_1_386' title='bbox 571 3110 757 3174; x_wconf 85' lang='lat' dir='ltr'><strong>homo,</strong></span> <span class='ocrx_word' id='word_1_387' title='bbox 790 3107 1067 3179; x_wconf 89' lang='lat' dir='ltr'><strong>quomodo</strong></span> <span class='ocrx_word' id='word_1_388' title='bbox 1103 3107 1277 3161; x_wconf 93' lang='lat' dir='ltr'><strong>voluit</strong></span> <span class='ocrx_word' id='word_1_389' title='bbox 1316 3115 1371 3162; x_wconf 91' lang='lat' dir='ltr'><strong>et</strong></span> <span class='ocrx_word' id='word_1_390' title='bbox 1406 3107 1578 3172; x_wconf 90' lang='lat' dir='ltr'><strong>novit,</strong></span> <span class='ocrx_word' id='word_1_391' title='bbox 1616 3117 1670 3163; x_wconf 91' lang='lat' dir='ltr'><strong>et</strong></span> <span class='ocrx_word' id='word_1_392' title='bbox 1698 3111 1880 3163; x_wconf 91' lang='lat' dir='ltr'><strong>omnia</strong></span> <span class='ocrx_word' id='word_1_393' title='bbox 1912 3125 2035 3180; x_wconf 71' lang='lat' dir='ltr'><strong>qua:</strong></span> <span class='ocrx_word' id='word_1_394' title='bbox 2061 3146 2103 3205; x_wconf 75' lang='lat' dir='ltr'><strong>C</strong></span> <span class='ocrx_word' id='word_1_395' title='bbox 2137 3110 2372 3182; x_wconf 87' lang='lat' dir='ltr'><strong>abneges</strong></span> <span class='ocrx_word' id='word_1_396' title='bbox 2405 3125 2528 3178; x_wconf 91' lang='lat' dir='ltr'><strong>nos,</strong></span> <span class='ocrx_word' id='word_1_397' title='bbox 2560 3111 2725 3167; x_wconf 89' lang='lat' dir='ltr'><strong>veluti</strong></span> <span class='ocrx_word' id='word_1_398' title='bbox 2747 3126 2844 3167; x_wconf 88' lang='lat' dir='ltr'><strong>eos</strong></span> <span class='ocrx_word' id='word_1_399' title='bbox 2872 3111 2967 3181; x_wconf 90' lang='lat' dir='ltr'><strong>qui</strong></span> <span class='ocrx_word' id='word_1_400' title='bbox 3000 3121 3054 3167; x_wconf 86' lang='lat' dir='ltr'><strong>te</strong></span> <span class='ocrx_word' id='word_1_401' title='bbox 3076 3127 3189 3167; x_wconf 91' lang='lat' dir='ltr'><strong>non</strong></span> <span class='ocrx_word' id='word_1_402' title='bbox 3210 3120 3527 3168; x_wconf 78' lang='lat' dir='ltr'><strong>noverunt:</strong></span> <span class='ocrx_word' id='word_1_403' title='bbox 3557 3130 3732 3186; x_wconf 85' lang='lat' dir='ltr'><strong>neque</strong></span> 
     </span>
    </p>
   </div>
   <div class='ocr_carea' id='block_1_63' title="bbox 444 3199 1957 3271">
    <p class='ocr_par' dir='ltr' id='par_1_63' title="bbox 444 3199 1957 3271">
     <span class='ocr_line' id='line_1_63' title="bbox 444 3199 1957 3271; baseline 0 -15"><span class='ocrx_word' id='word_1_404' title='bbox 444 3212 633 3256; x_wconf 87' lang='lat' dir='ltr'><strong>nostra</strong></span> <span class='ocrx_word' id='word_1_405' title='bbox 660 3210 836 3267; x_wconf 88' lang='lat' dir='ltr'><strong>erant,</strong></span> <span class='ocrx_word' id='word_1_406' title='bbox 866 3209 1093 3270; x_wconf 82' lang='lat' dir='ltr'><strong>excepto</strong></span> <span class='ocrx_word' id='word_1_407' title='bbox 1119 3207 1364 3270; x_wconf 89' lang='lat' dir='ltr'><strong>peccato,</strong></span> <span class='ocrx_word' id='word_1_408' title='bbox 1396 3215 1496 3269; x_wconf 89' lang='lat' dir='ltr'><strong>pro</strong></span> <span class='ocrx_word' id='word_1_409' title='bbox 1525 3200 1685 3255; x_wconf 90' lang='lat' dir='ltr'><strong>nobis</strong></span> <span class='ocrx_word' id='word_1_410' title='bbox 1712 3199 1957 3271; x_wconf 79' lang='lat' dir='ltr'><strong>perfecit.</strong></span> 
     </span>
    </p>
   </div>
   <div class='ocr_carea' id='block_1_64' title="bbox 520 3290 2033 3362">
    <p class='ocr_par' dir='ltr' id='par_1_64' title="bbox 520 3290 2033 3362">
     <span class='ocr_line' id='line_1_64' title="bbox 520 3290 2033 3362; baseline 0.002 -16"><span class='ocrx_word' id='word_1_411' title='bbox 520 3292 745 3347; x_wconf 79' lang='lat' dir='ltr'><strong>Elevans</strong></span> <span class='ocrx_word' id='word_1_412' title='bbox 793 3309 985 3347; x_wconf 85' lang='lat' dir='ltr'><strong>vacem.</strong></span> <span class='ocrx_word' id='word_1_413' title='bbox 1032 3290 1136 3359; x_wconf 87' lang='lat' dir='ltr'><strong>Qui</strong></span> <span class='ocrx_word' id='word_1_414' title='bbox 1180 3300 1347 3346; x_wconf 89' lang='lat' dir='ltr'><strong>totam</strong></span> <span class='ocrx_word' id='word_1_415' title='bbox 1385 3291 1849 3362; x_wconf 90' lang='lat' dir='ltr'><strong>dispensationem</strong></span> <span class='ocrx_word' id='word_1_416' title='bbox 1886 3294 2033 3349; x_wconf 87' lang='lat' dir='ltr'><strong>salu-</strong></span> 
     </span>
    </p>
   </div>
   <div class='ocr_carea' id='block_1_65' title="bbox 447 3383 2033 3457">
    <p class='ocr_par' dir='ltr' id='par_1_65' title="bbox 447 3383 2033 3457">
     <span class='ocr_line' id='line_1_65' title="bbox 447 3383 2033 3457; baseline 0 -16"><span class='ocrx_word' id='word_1_417' title='bbox 447 3398 618 3441; x_wconf 88' lang='lat' dir='ltr'><strong>tarem</strong></span> <span class='ocrx_word' id='word_1_418' title='bbox 649 3401 747 3457; x_wconf 89' lang='lat' dir='ltr'><strong>pro</strong></span> <span class='ocrx_word' id='word_1_419' title='bbox 775 3386 936 3441; x_wconf 89' lang='lat' dir='ltr'><strong>nobis</strong></span> <span class='ocrx_word' id='word_1_420' title='bbox 967 3383 1211 3455; x_wconf 81' lang='lat' dir='ltr'><strong>perfecit,</strong></span> <span class='ocrx_word' id='word_1_421' title='bbox 1240 3393 1294 3439; x_wconf 90' lang='lat' dir='ltr'><strong>et</strong></span> <span class='ocrx_word' id='word_1_422' title='bbox 1322 3400 1419 3455; x_wconf 90' lang='lat' dir='ltr'><strong>per</strong></span> <span class='ocrx_word' id='word_1_423' title='bbox 1440 3387 1723 3454; x_wconf 84' lang='lat' dir='ltr'><strong>passiones</strong></span> <span class='ocrx_word' id='word_1_424' title='bbox 1748 3400 1878 3440; x_wconf 89' lang='lat' dir='ltr'><strong>suas</strong></span> <span class='ocrx_word' id='word_1_425' title='bbox 1908 3401 2033 3441; x_wconf 87' lang='lat' dir='ltr'><strong>san-</strong></span> 
     </span>
    </p>
   </div>
   <div class='ocr_carea' id='block_1_66' title="bbox 446 3476 2033 3546">
    <p class='ocr_par' dir='ltr' id='par_1_66' title="bbox 446 3476 2033 3546">
     <span class='ocr_line' id='line_1_66' title="bbox 446 3476 2033 3546; baseline -0.001 -11"><span class='ocrx_word' id='word_1_426' title='bbox 446 3492 583 3546; x_wconf 86' lang='lat' dir='ltr'><strong>ctas,</strong></span> <span class='ocrx_word' id='word_1_427' title='bbox 628 3479 899 3534; x_wconf 86' lang='lat' dir='ltr'><strong>adventus</strong></span> <span class='ocrx_word' id='word_1_428' title='bbox 925 3478 1011 3532; x_wconf 92' lang='lat' dir='ltr'><strong>sui</strong></span> <span class='ocrx_word' id='word_1_429' title='bbox 1048 3477 1100 3530; x_wconf 92' lang='lat' dir='ltr'><strong>in</strong></span> <span class='ocrx_word' id='word_1_430' title='bbox 1136 3492 1322 3542; x_wconf 86' lang='lat' dir='ltr'><strong>carne,</strong></span> <span class='ocrx_word' id='word_1_431' title='bbox 1380 3476 1663 3532; x_wconf 84' lang='lat' dir='ltr'><strong>veritatem</strong></span> <span class='ocrx_word' id='word_1_432' title='bbox 1689 3477 2033 3534; x_wconf 86' lang='lat' dir='ltr'><strong>demonstra-</strong></span> 
     </span>
    </p>
   </div>
   <div class='ocr_carea' id='block_1_67' title="bbox 446 3569 2030 3639">
    <p class='ocr_par' dir='ltr' id='par_1_67' title="bbox 446 3569 2030 3639">
     <span class='ocr_line' id='line_1_67' title="bbox 446 3569 2030 3639; baseline 0.001 -13"><span class='ocrx_word' id='word_1_433' title='bbox 446 3572 543 3627; x_wconf 84' lang='lat' dir='ltr'><strong>vit.</strong></span> <span class='ocrx_word' id='word_1_434' title='bbox 596 3571 650 3626; x_wconf 91' lang='lat' dir='ltr'><strong>In</strong></span> <span class='ocrx_word' id='word_1_435' title='bbox 690 3581 848 3627; x_wconf 91' lang='lat' dir='ltr'><strong>nocte</strong></span> <span class='ocrx_word' id='word_1_436' title='bbox 879 3569 1165 3627; x_wconf 89' lang='lat' dir='ltr'><strong>Paschatis</strong></span> <span class='ocrx_word' id='word_1_437' title='bbox 1199 3569 1254 3623; x_wconf 93' lang='lat' dir='ltr'><strong>in</strong></span> <span class='ocrx_word' id='word_1_438' title='bbox 1297 3585 1404 3639; x_wconf 92' lang='lat' dir='ltr'><strong>qua</strong></span> <span class='ocrx_word' id='word_1_439' title='bbox 1442 3569 1757 3624; x_wconf 86' lang='lat' dir='ltr'><strong>tradebatur</strong></span> <span class='ocrx_word' id='word_1_440' title='bbox 1787 3585 1888 3639; x_wconf 91' lang='lat' dir='ltr'><strong>pro</strong></span> <span class='ocrx_word' id='word_1_441' title='bbox 1921 3572 2030 3627; x_wconf 85' lang='lat' dir='ltr'><strong>vita</strong></span> 
     </span>
    </p>
   </div>
   <div class='ocr_carea' id='block_1_68' title="bbox 447 3642 2031 3739">
    <p class='ocr_par' dir='ltr' id='par_1_68' title="bbox 447 3642 2031 3739">
     <span class='ocr_line' id='line_1_68' title="bbox 447 3642 2031 3739; baseline 0 -20"><span class='ocrx_word' id='word_1_442' title='bbox 447 3674 500 3720; x_wconf 91' lang='lat' dir='ltr'><strong>et</strong></span> <span class='ocrx_word' id='word_1_443' title='bbox 523 3642 696 3739; x_wconf 69' lang='lat' dir='ltr'><strong>salute</strong></span> <span class='ocrx_word' id='word_1_444' title='bbox 727 3656 939 3729; x_wconf 88' lang='lat' dir='ltr'><strong>mundi,</strong></span> <span class='ocrx_word' id='word_1_445' title='bbox 970 3662 1178 3733; x_wconf 89' lang='lat' dir='ltr'><strong>accepit</strong></span> <span class='ocrx_word' id='word_1_446' title='bbox 1200 3677 1397 3733; x_wconf 92' lang='lat' dir='ltr'><strong>panem</strong></span> <span class='ocrx_word' id='word_1_447' title='bbox 1432 3662 1484 3717; x_wconf 91' lang='lat' dir='ltr'><strong>in</strong></span> <span class='ocrx_word' id='word_1_448' title='bbox 1515 3679 1712 3720; x_wconf 88' lang='lat' dir='ltr'><strong>manus</strong></span> <span class='ocrx_word' id='word_1_449' title='bbox 1744 3678 1874 3720; x_wconf 82' lang='lat' dir='ltr'><strong>suas</strong></span> <span class='ocrx_word' id='word_1_450' title='bbox 1904 3680 2031 3720; x_wconf 91' lang='lat' dir='ltr'><strong>san-</strong></span> 
     </span>
    </p>
   </div>
   <div class='ocr_carea' id='block_1_69' title="bbox 446 3752 2031 3833">
    <p class='ocr_par' dir='ltr' id='par_1_69' title="bbox 446 3752 2031 3833">
     <span class='ocr_line' id='line_1_69' title="bbox 446 3752 2031 3833; baseline 0 -22"><span class='ocrx_word' id='word_1_451' title='bbox 446 3766 584 3823; x_wconf 88' lang='lat' dir='ltr'><strong>ctas,</strong></span> <span class='ocrx_word' id='word_1_452' title='bbox 632 3755 993 3833; x_wconf 74' lang='lat' dir='ltr'><strong>sanctificavit</strong></span> <span class='ocrx_word' id='word_1_453' title='bbox 1018 3770 1145 3809; x_wconf 93' lang='lat' dir='ltr'><strong>eum</strong></span> <span class='ocrx_word' id='word_1_454' title='bbox 1185 3753 1244 3823; x_wconf 64' lang='lat'><strong>1-,</strong></span> <span class='ocrx_word' id='word_1_455' title='bbox 1274 3762 1330 3809; x_wconf 91' lang='lat' dir='ltr'><strong>et</strong></span> <span class='ocrx_word' id='word_1_456' title='bbox 1354 3752 1514 3825; x_wconf 82' lang='lat' dir='ltr'><strong>fregit</strong></span> <span class='ocrx_word' id='word_1_457' title='bbox 1539 3752 1580 3826; x_wconf 74' lang='grc' dir='ltr'><strong>-ι-</strong></span> <span class='ocrx_word' id='word_1_458' title='bbox 1603 3756 1860 3826; x_wconf 89' lang='lat' dir='ltr'><strong>deditque</strong></span> <span class='ocrx_word' id='word_1_459' title='bbox 1881 3757 1921 3827; x_wconf 74' lang='lat'><strong>1-</strong></span> <span class='ocrx_word' id='word_1_460' title='bbox 1947 3756 2031 3811; x_wconf 90' lang='lat' dir='ltr'><strong>di-</strong></span> 
     </span>
    </p>
   </div>
   <div class='ocr_carea' id='block_1_70' title="bbox 446 3847 2027 3919">
    <p class='ocr_par' dir='ltr' id='par_1_70' title="bbox 446 3847 2027 3919">
     <span class='ocr_line' id='line_1_70' title="bbox 446 3847 2027 3919; baseline -0.001 -14"><span class='ocrx_word' id='word_1_461' title='bbox 446 3849 670 3919; x_wconf 90' lang='lat' dir='ltr'><strong>scipulis</strong></span> <span class='ocrx_word' id='word_1_462' title='bbox 716 3850 831 3905; x_wconf 91' lang='lat' dir='ltr'><strong>suis</strong></span> <span class='ocrx_word' id='word_1_463' title='bbox 889 3848 1151 3918; x_wconf 89' lang='lat' dir='ltr'><strong>apostolis</strong></span> <span class='ocrx_word' id='word_1_464' title='bbox 1194 3848 1438 3914; x_wconf 89' lang='lat' dir='ltr'><strong>sanctis,</strong></span> <span class='ocrx_word' id='word_1_465' title='bbox 1483 3847 1703 3903; x_wconf 91' lang='lat' dir='ltr'><strong>dicens:</strong></span> <span class='ocrx_word' id='word_1_466' title='bbox 1750 3848 2027 3918; x_wconf 87' lang='lat' dir='ltr'><strong>Accipite,</strong></span> 
     </span>
    </p>
   </div>
   <div class='ocr_carea' id='block_1_71' title="bbox 445 3940 2032 4013">
    <p class='ocr_par' dir='ltr' id='par_1_71' title="bbox 445 3940 2032 4013">
     <span class='ocr_line' id='line_1_71' title="bbox 445 3940 2032 4013; baseline -0.001 -15"><span class='ocrx_word' id='word_1_467' title='bbox 445 3944 588 3998; x_wconf 90' lang='lat' dir='ltr'><strong>edite</strong></span> <span class='ocrx_word' id='word_1_468' title='bbox 629 3958 696 3997; x_wconf 86' lang='lat' dir='ltr'><strong>ex</strong></span> <span class='ocrx_word' id='word_1_469' title='bbox 740 3957 846 3996; x_wconf 89' lang='lat' dir='ltr'><strong>eo:</strong></span> <span class='ocrx_word' id='word_1_470' title='bbox 896 3940 1011 3997; x_wconf 86' lang='lat' dir='ltr'><strong>Hoc</strong></span> <span class='ocrx_word' id='word_1_471' title='bbox 1042 3950 1127 3998; x_wconf 86' lang='lat' dir='ltr'><strong>est</strong></span> <span class='ocrx_word' id='word_1_472' title='bbox 1167 3957 1368 4013; x_wconf 88' lang='lat' dir='ltr'><strong>corpus</strong></span> <span class='ocrx_word' id='word_1_473' title='bbox 1417 3957 1598 3997; x_wconf 87' lang='lat' dir='ltr'><strong>meum</strong></span> <span class='ocrx_word' id='word_1_474' title='bbox 1642 3940 1791 4011; x_wconf 92' lang='lat' dir='ltr'><strong>quod</strong></span> <span class='ocrx_word' id='word_1_475' title='bbox 1834 3955 1932 3996; x_wconf 89' lang='lat' dir='ltr'><strong>vos</strong></span> <span class='ocrx_word' id='word_1_476' title='bbox 1974 3949 2032 3996; x_wconf 92' lang='lat' dir='ltr'><strong>ct</strong></span> 
     </span>
    </p>
   </div>
   <div class='ocr_carea' id='block_1_72' title="bbox 446 4034 2030 4106">
    <p class='ocr_par' dir='ltr' id='par_1_72' title="bbox 446 4034 2030 4106">
     <span class='ocr_line' id='line_1_72' title="bbox 446 4034 2030 4106; baseline -0.001 -17"><span class='ocrx_word' id='word_1_477' title='bbox 446 4036 647 4091; x_wconf 85' lang='lat' dir='ltr'><strong>multos</strong></span> <span class='ocrx_word' id='word_1_478' title='bbox 676 4044 943 4104; x_wconf 70' lang='lat' dir='ltr'><strong>praeparat</strong></span> <span class='ocrx_word' id='word_1_479' title='bbox 972 4035 1038 4089; x_wconf 89' lang='lat' dir='ltr'><strong>ad</strong></span> <span class='ocrx_word' id='word_1_480' title='bbox 1080 4036 1459 4091; x_wconf 89' lang='lat' dir='ltr'><strong>remissionem</strong></span> <span class='ocrx_word' id='word_1_481' title='bbox 1485 4044 1832 4106; x_wconf 89' lang='lat' dir='ltr'><strong>peccatorum</strong></span> <span class='ocrx_word' id='word_1_482' title='bbox 1863 4043 1917 4089; x_wconf 92' lang='lat' dir='ltr'><strong>et</strong></span> <span class='ocrx_word' id='word_1_483' title='bbox 1949 4034 2030 4089; x_wconf 91' lang='lat' dir='ltr'><strong>vi-</strong></span> 
     </span>
    </p>
   </div>
   <div class='ocr_carea' id='block_1_73' title="bbox 446 4137 868 4183">
    <p class='ocr_par' dir='ltr' id='par_1_73' title="bbox 446 4137 868 4183">
     <span class='ocr_line' id='line_1_73' title="bbox 446 4137 868 4183; baseline 0 -1"><span class='ocrx_word' id='word_1_484' title='bbox 446 4138 555 4182; x_wconf 85' lang='lat' dir='ltr'><strong>tam</strong></span> <span class='ocrx_word' id='word_1_485' title='bbox 587 4137 868 4183; x_wconf 60' lang='lat' dir='ltr'><strong>aeternam.</strong></span> 
     </span>
    </p>
   </div>
   <div class='ocr_carea' id='block_1_74' title="bbox 516 4220 1018 4290">
    <p class='ocr_par' dir='ltr' id='par_1_74' title="bbox 516 4220 1018 4290">
     <span class='ocr_line' id='line_1_74' title="bbox 516 4220 1018 4290; baseline 0.002 -16"><span class='ocrx_word' id='word_1_486' title='bbox 516 4220 777 4290; x_wconf 76' lang='lat' dir='ltr'><strong>Populus.</strong></span> <span class='ocrx_word' id='word_1_487' title='bbox 822 4221 1018 4276; x_wconf 88' lang='lat' dir='ltr'><strong>Amen.</strong></span> 
     </span>
    </p>
   </div>
   <div class='ocr_carea' id='block_1_75' title="bbox 519 4312 2028 4383">
    <p class='ocr_par' dir='ltr' id='par_1_75' title="bbox 519 4312 2028 4383">
     <span class='ocr_line' id='line_1_75' title="bbox 519 4312 2028 4383; baseline -0.001 -13"><span class='ocrx_word' id='word_1_488' title='bbox 519 4315 803 4370; x_wconf 83' lang='lat' dir='ltr'><strong>Sacerdos.</strong></span> <span class='ocrx_word' id='word_1_489' title='bbox 857 4312 1122 4370; x_wconf 90' lang='lat' dir='ltr'><strong>Similiter</strong></span> <span class='ocrx_word' id='word_1_490' title='bbox 1158 4316 1321 4370; x_wconf 89' lang='lat' dir='ltr'><strong>etiam</strong></span> <span class='ocrx_word' id='word_1_491' title='bbox 1356 4326 1411 4371; x_wconf 92' lang='lat' dir='ltr'><strong>et</strong></span> <span class='ocrx_word' id='word_1_492' title='bbox 1458 4316 1682 4372; x_wconf 87' lang='lat' dir='ltr'><strong>calicem</strong></span> <span class='ocrx_word' id='word_1_493' title='bbox 1715 4316 1859 4383; x_wconf 64' lang='lat' dir='ltr'><strong>vitae,</strong></span> <span class='ocrx_word' id='word_1_494' title='bbox 1901 4314 2028 4369; x_wconf 91' lang='lat' dir='ltr'><strong>vino</strong></span> 
     </span>
    </p>
   </div>
   <div class='ocr_carea' id='block_1_76' title="bbox 444 4404 2030 4478">
    <p class='ocr_par' dir='ltr' id='par_1_76' title="bbox 444 4404 2030 4478">
     <span class='ocr_line' id='line_1_76' title="bbox 444 4404 2030 4478; baseline -0.001 -16"><span class='ocrx_word' id='word_1_495' title='bbox 444 4416 499 4463; x_wconf 90' lang='lat' dir='ltr'><strong>et</strong></span> <span class='ocrx_word' id='word_1_496' title='bbox 536 4421 678 4477; x_wconf 91' lang='lat' dir='ltr'><strong>aqua</strong></span> <span class='ocrx_word' id='word_1_497' title='bbox 725 4421 851 4461; x_wconf 90' lang='lat' dir='ltr'><strong>cum</strong></span> <span class='ocrx_word' id='word_1_498' title='bbox 890 4406 1205 4462; x_wconf 90' lang='lat' dir='ltr'><strong>miscuisset</strong></span> <span class='ocrx_word' id='word_1_499' title='bbox 1247 4404 1306 4475; x_wconf 71' lang='lat'><strong>1&#39;,</strong></span> <span class='ocrx_word' id='word_1_500' title='bbox 1344 4407 1708 4463; x_wconf 85' lang='lat' dir='ltr'><strong>sanctiticavit</strong></span> <span class='ocrx_word' id='word_1_501' title='bbox 1735 4409 1944 4478; x_wconf 46' lang='lat' dir='ltr'><strong>reum,</strong></span> <span class='ocrx_word' id='word_1_502' title='bbox 1975 4414 2030 4462; x_wconf 88' lang='lat' dir='ltr'><strong>et</strong></span> 
     </span>
    </p>
   </div>
   <div class='ocr_carea' id='block_1_77' title="bbox 445 4497 2106 4569">
    <p class='ocr_par' dir='ltr' id='par_1_77' title="bbox 445 4497 2106 4569">
     <span class='ocr_line' id='line_1_77' title="bbox 445 4497 2106 4569; baseline 0.004 -16"><span class='ocrx_word' id='word_1_503' title='bbox 445 4497 593 4554; x_wconf 87' lang='lat' dir='ltr'><strong>dedit</strong></span> <span class='ocrx_word' id='word_1_504' title='bbox 615 4497 655 4569; x_wconf 70' lang='lat'><strong>1-</strong></span> <span class='ocrx_word' id='word_1_505' title='bbox 680 4497 966 4568; x_wconf 88' lang='lat' dir='ltr'><strong>discipulis</strong></span> <span class='ocrx_word' id='word_1_506' title='bbox 992 4497 1107 4553; x_wconf 91' lang='lat' dir='ltr'><strong>suis</strong></span> <span class='ocrx_word' id='word_1_507' title='bbox 1150 4498 1355 4554; x_wconf 88' lang='lat' dir='ltr'><strong>sanctis</strong></span> <span class='ocrx_word' id='word_1_508' title='bbox 1385 4499 1608 4554; x_wconf 89' lang='lat' dir='ltr'><strong>dicens:</strong></span> <span class='ocrx_word' id='word_1_509' title='bbox 1649 4499 1908 4568; x_wconf 80' lang='lat' dir='ltr'><strong>Accipite,</strong></span> <span class='ocrx_word' id='word_1_510' title='bbox 1947 4499 2029 4554; x_wconf 90' lang='lat' dir='ltr'><strong>bi—</strong></span> <span class='ocrx_word' id='word_1_511' title='bbox 2059 4504 2106 4560; x_wconf 82' lang='lat' dir='ltr'><strong>D</strong></span> 
     </span>
    </p>
   </div>
   <div class='ocr_carea' id='block_1_78' title="bbox 444 4587 2028 4660">
    <p class='ocr_par' dir='ltr' id='par_1_78' title="bbox 444 4587 2028 4660">
     <span class='ocr_line' id='line_1_78' title="bbox 444 4587 2028 4660; baseline 0.001 -16"><span class='ocrx_word' id='word_1_512' title='bbox 444 4590 558 4645; x_wconf 88' lang='lat' dir='ltr'><strong>bite</strong></span> <span class='ocrx_word' id='word_1_513' title='bbox 582 4604 647 4644; x_wconf 90' lang='lat' dir='ltr'><strong>ex</strong></span> <span class='ocrx_word' id='word_1_514' title='bbox 686 4604 751 4644; x_wconf 92' lang='lat' dir='ltr'><strong>co</strong></span> <span class='ocrx_word' id='word_1_515' title='bbox 780 4603 879 4644; x_wconf 92' lang='lat' dir='ltr'><strong>vos</strong></span> <span class='ocrx_word' id='word_1_516' title='bbox 899 4604 1126 4643; x_wconf 89' lang='lat' dir='ltr'><strong>omnes:</strong></span> <span class='ocrx_word' id='word_1_517' title='bbox 1161 4587 1261 4643; x_wconf 86' lang='lat' dir='ltr'><strong>Hic</strong></span> <span class='ocrx_word' id='word_1_518' title='bbox 1294 4597 1379 4644; x_wconf 90' lang='lat' dir='ltr'><strong>est</strong></span> <span class='ocrx_word' id='word_1_519' title='bbox 1401 4590 1626 4660; x_wconf 82' lang='lat' dir='ltr'><strong>sanguis</strong></span> <span class='ocrx_word' id='word_1_520' title='bbox 1657 4605 1835 4655; x_wconf 89' lang='lat' dir='ltr'><strong>meus,</strong></span> <span class='ocrx_word' id='word_1_521' title='bbox 1865 4605 2028 4660; x_wconf 91' lang='lat' dir='ltr'><strong>quem</strong></span> 
     </span>
    </p>
   </div>
   <div class='ocr_carea' id='block_1_79' title="bbox 445 4679 2029 4751">
    <p class='ocr_par' dir='ltr' id='par_1_79' title="bbox 445 4679 2029 4751">
     <span class='ocr_line' id='line_1_79' title="bbox 445 4679 2029 4751; baseline 0.001 -16"><span class='ocrx_word' id='word_1_522' title='bbox 445 4696 547 4751; x_wconf 89' lang='lat' dir='ltr'><strong>pro</strong></span> <span class='ocrx_word' id='word_1_523' title='bbox 577 4681 684 4735; x_wconf 91' lang='lat' dir='ltr'><strong>vita</strong></span> <span class='ocrx_word' id='word_1_524' title='bbox 725 4680 915 4735; x_wconf 90' lang='lat' dir='ltr'><strong>mundi</strong></span> <span class='ocrx_word' id='word_1_525' title='bbox 946 4679 1018 4734; x_wconf 90' lang='lat' dir='ltr'><strong>do</strong></span> <span class='ocrx_word' id='word_1_526' title='bbox 1044 4695 1166 4750; x_wconf 90' lang='lat' dir='ltr'><strong>ego,</strong></span> <span class='ocrx_word' id='word_1_527' title='bbox 1212 4695 1311 4735; x_wconf 87' lang='lat' dir='ltr'><strong>vos</strong></span> <span class='ocrx_word' id='word_1_528' title='bbox 1351 4689 1530 4735; x_wconf 91' lang='lat' dir='ltr'><strong>autem</strong></span> <span class='ocrx_word' id='word_1_529' title='bbox 1560 4688 1616 4736; x_wconf 91' lang='lat' dir='ltr'><strong>et</strong></span> <span class='ocrx_word' id='word_1_530' title='bbox 1658 4681 1859 4737; x_wconf 90' lang='lat' dir='ltr'><strong>multos</strong></span> <span class='ocrx_word' id='word_1_531' title='bbox 1888 4697 2029 4751; x_wconf 65' lang='lat' dir='ltr'><strong>prte-</strong></span> 
     </span>
    </p>
   </div>
   <div class='ocr_carea' id='block_1_80' title="bbox 444 4772 2028 4843">
    <p class='ocr_par' dir='ltr' id='par_1_80' title="bbox 444 4772 2028 4843">
     <span class='ocr_line' id='line_1_80' title="bbox 444 4772 2028 4843; baseline 0.001 -16"><span class='ocrx_word' id='word_1_532' title='bbox 444 4782 603 4843; x_wconf 87' lang='lat' dir='ltr'><strong>parat</strong></span> <span class='ocrx_word' id='word_1_533' title='bbox 656 4772 723 4827; x_wconf 88' lang='lat' dir='ltr'><strong>ad</strong></span> <span class='ocrx_word' id='word_1_534' title='bbox 778 4773 1161 4828; x_wconf 86' lang='lat' dir='ltr'><strong>remissionem</strong></span> <span class='ocrx_word' id='word_1_535' title='bbox 1215 4781 1602 4841; x_wconf 89' lang='lat' dir='ltr'><strong>peccatorum,</strong></span> <span class='ocrx_word' id='word_1_536' title='bbox 1659 4783 1713 4828; x_wconf 89' lang='lat' dir='ltr'><strong>et</strong></span> <span class='ocrx_word' id='word_1_537' title='bbox 1748 4773 1816 4827; x_wconf 91' lang='lat' dir='ltr'><strong>ad</strong></span> <span class='ocrx_word' id='word_1_538' title='bbox 1861 4774 2028 4828; x_wconf 89' lang='lat' dir='ltr'><strong>vitam</strong></span> 
     </span>
    </p>
   </div>
   <div class='ocr_carea' id='block_1_81' title="bbox 443 4875 726 4922">
    <p class='ocr_par' dir='ltr' id='par_1_81' title="bbox 443 4875 726 4922">
     <span class='ocr_line' id='line_1_81' title="bbox 443 4875 726 4922; baseline -0.007 0"><span class='ocrx_word' id='word_1_539' title='bbox 443 4875 726 4922; x_wconf 67' lang='lat' dir='ltr'><strong>aeternam.</strong></span> 
     </span>
    </p>
   </div>
   <div class='ocr_carea' id='block_1_82' title="bbox 515 4956 1012 5028">
    <p class='ocr_par' dir='ltr' id='par_1_82' title="bbox 515 4956 1012 5028">
     <span class='ocr_line' id='line_1_82' title="bbox 515 4956 1012 5028; baseline -0.002 -17"><span class='ocrx_word' id='word_1_540' title='bbox 515 4957 775 5028; x_wconf 81' lang='lat' dir='ltr'><strong>Populus.</strong></span> <span class='ocrx_word' id='word_1_541' title='bbox 816 4956 1012 5013; x_wconf 83' lang='lat' dir='ltr'><strong>Amen.</strong></span> 
     </span>
    </p>
   </div>
   <div class='ocr_carea' id='block_1_83' title="bbox 518 5047 2029 5119">
    <p class='ocr_par' dir='ltr' id='par_1_83' title="bbox 518 5047 2029 5119">
     <span class='ocr_line' id='line_1_83' title="bbox 518 5047 2029 5119; baseline -0.002 -14"><span class='ocrx_word' id='word_1_542' title='bbox 518 5050 800 5106; x_wconf 78' lang='lat' dir='ltr'><strong>Sacerdos.</strong></span> <span class='ocrx_word' id='word_1_543' title='bbox 834 5049 950 5105; x_wconf 82' lang='lat' dir='ltr'><strong>Hoc</strong></span> <span class='ocrx_word' id='word_1_544' title='bbox 1000 5049 1161 5104; x_wconf 85' lang='lat' dir='ltr'><strong>facite</strong></span> <span class='ocrx_word' id='word_1_545' title='bbox 1213 5047 1268 5100; x_wconf 87' lang='lat' dir='ltr'><strong>in</strong></span> <span class='ocrx_word' id='word_1_546' title='bbox 1317 5048 1426 5102; x_wconf 90' lang='lat' dir='ltr'><strong>mei</strong></span> <span class='ocrx_word' id='word_1_547' title='bbox 1470 5049 1831 5103; x_wconf 88' lang='lat' dir='ltr'><strong>memoriam:</strong></span> <span class='ocrx_word' id='word_1_548' title='bbox 1890 5064 2029 5119; x_wconf 83' lang='lat' dir='ltr'><strong>quo-</strong></span> 
     </span>
    </p>
   </div>
   <div class='ocr_carea' id='block_1_84' title="bbox 447 5139 2030 5211">
    <p class='ocr_par' dir='ltr' id='par_1_84' title="bbox 447 5139 2030 5211">
     <span class='ocr_line' id='line_1_84' title="bbox 447 5139 2030 5211; baseline -0.002 -13"><span class='ocrx_word' id='word_1_549' title='bbox 447 5144 769 5211; x_wconf 90' lang='lat' dir='ltr'><strong>tiescunque</strong></span> <span class='ocrx_word' id='word_1_550' title='bbox 806 5140 951 5197; x_wconf 87' lang='lat' dir='ltr'><strong>enim</strong></span> <span class='ocrx_word' id='word_1_551' title='bbox 1003 5139 1406 5194; x_wconf 88' lang='lat' dir='ltr'><strong>manducabitis</strong></span> <span class='ocrx_word' id='word_1_552' title='bbox 1440 5154 1635 5210; x_wconf 86' lang='lat' dir='ltr'><strong>panem</strong></span> <span class='ocrx_word' id='word_1_553' title='bbox 1678 5140 1826 5195; x_wconf 91' lang='lat' dir='ltr'><strong>hunc</strong></span> <span class='ocrx_word' id='word_1_554' title='bbox 1856 5150 1910 5195; x_wconf 90' lang='lat' dir='ltr'><strong>et</strong></span> <span class='ocrx_word' id='word_1_555' title='bbox 1938 5155 2030 5195; x_wconf 90' lang='lat' dir='ltr'><strong>ca-</strong></span> 
     </span>
    </p>
   </div>
   <div class='ocr_carea' id='block_1_85' title="bbox 442 5233 2026 5299">
    <p class='ocr_par' dir='ltr' id='par_1_85' title="bbox 442 5233 2026 5299">
     <span class='ocr_line' id='line_1_85' title="bbox 442 5233 2026 5299; baseline -0.001 -8"><span class='ocrx_word' id='word_1_556' title='bbox 442 5237 602 5291; x_wconf 91' lang='lat' dir='ltr'><strong>licem</strong></span> <span class='ocrx_word' id='word_1_557' title='bbox 634 5234 782 5289; x_wconf 90' lang='lat' dir='ltr'><strong>hunc</strong></span> <span class='ocrx_word' id='word_1_558' title='bbox 810 5233 1026 5299; x_wconf 89' lang='lat' dir='ltr'><strong>bibetis,</strong></span> <span class='ocrx_word' id='word_1_559' title='bbox 1061 5234 1255 5288; x_wconf 91' lang='lat' dir='ltr'><strong>mortis</strong></span> <span class='ocrx_word' id='word_1_560' title='bbox 1283 5248 1418 5288; x_wconf 72' lang='lat' dir='ltr'><strong>meae</strong></span> <span class='ocrx_word' id='word_1_561' title='bbox 1446 5234 2026 5289; x_wconf 87' lang='lat' dir='ltr'><strong>commemorationem</strong></span> 
     </span>
    </p>
   </div>
   <div class='ocr_carea' id='block_1_86' title="bbox 445 5325 2028 5397">
    <p class='ocr_par' dir='ltr' id='par_1_86' title="bbox 445 5325 2028 5397">
     <span class='ocr_line' id='line_1_86' title="bbox 445 5325 2028 5397; baseline 0.001 -17"><span class='ocrx_word' id='word_1_562' title='bbox 445 5326 640 5397; x_wconf 79' lang='lat' dir='ltr'><strong>agetis,</strong></span> <span class='ocrx_word' id='word_1_563' title='bbox 666 5334 721 5379; x_wconf 91' lang='lat' dir='ltr'><strong>et</strong></span> <span class='ocrx_word' id='word_1_564' title='bbox 741 5326 1200 5380; x_wconf 87' lang='lat' dir='ltr'><strong>resurrectionem</strong></span> <span class='ocrx_word' id='word_1_565' title='bbox 1227 5340 1405 5380; x_wconf 90' lang='lat' dir='ltr'><strong>meam</strong></span> <span class='ocrx_word' id='word_1_566' title='bbox 1430 5325 1825 5380; x_wconf 85' lang='lat' dir='ltr'><strong>conﬁtebimini</strong></span> <span class='ocrx_word' id='word_1_567' title='bbox 1851 5326 2028 5381; x_wconf 90' lang='lat' dir='ltr'><strong>donec</strong></span> 
     </span>
    </p>
   </div>
   <div class='ocr_carea' id='block_1_87' title="bbox 443 5419 682 5472">
    <p class='ocr_par' dir='ltr' id='par_1_87' title="bbox 443 5419 682 5472">
     <span class='ocr_line' id='line_1_87' title="bbox 443 5419 682 5472; baseline 0 -2"><span class='ocrx_word' id='word_1_568' title='bbox 443 5419 682 5472; x_wconf 87' lang='lat' dir='ltr'><strong>veniam.</strong></span> 
     </span>
    </p>
   </div>
   <div class='ocr_carea' id='block_1_88' title="bbox 515 5507 1305 5580">
    <p class='ocr_par' dir='ltr' id='par_1_88' title="bbox 515 5507 1305 5580">
     <span class='ocr_line' id='line_1_88' title="bbox 515 5507 1305 5580; baseline 0.001 -17"><span class='ocrx_word' id='word_1_569' title='bbox 515 5510 776 5580; x_wconf 79' lang='lat' dir='ltr'><strong>Papulas.</strong></span> <span class='ocrx_word' id='word_1_570' title='bbox 812 5507 1005 5564; x_wconf 91' lang='lat' dir='ltr'><strong>Mortis</strong></span> <span class='ocrx_word' id='word_1_571' title='bbox 1034 5518 1159 5575; x_wconf 66' lang='lat' dir='ltr'><strong>tute,</strong></span> <span class='ocrx_word' id='word_1_572' title='bbox 1196 5518 1305 5565; x_wconf 84' lang='lat' dir='ltr'><strong>etc.</strong></span> 
     </span>
    </p>
   </div>
   <div class='ocr_carea' id='block_1_89' title="bbox 518 5598 2027 5671">
    <p class='ocr_par' dir='ltr' id='par_1_89' title="bbox 518 5598 2027 5671">
     <span class='ocr_line' id='line_1_89' title="bbox 518 5598 2027 5671; baseline -0.001 -16"><span class='ocrx_word' id='word_1_573' title='bbox 518 5598 774 5655; x_wconf 84' lang='lat' dir='ltr'><strong>Sacerdos</strong></span> <span class='ocrx_word' id='word_1_574' title='bbox 809 5599 1119 5654; x_wconf 80' lang='lat' dir='ltr'><strong>inclinatus.</strong></span> <span class='ocrx_word' id='word_1_575' title='bbox 1153 5598 1334 5655; x_wconf 86' lang='lat' dir='ltr'><strong>Mente</strong></span> <span class='ocrx_word' id='word_1_576' title='bbox 1379 5600 1543 5671; x_wconf 82' lang='lat' dir='ltr'><strong>igitur</strong></span> <span class='ocrx_word' id='word_1_577' title='bbox 1595 5600 1898 5656; x_wconf 89' lang='lat' dir='ltr'><strong>recolentes</strong></span> <span class='ocrx_word' id='word_1_578' title='bbox 1961 5615 2027 5654; x_wconf 85' lang='lat' dir='ltr'><strong>ea</strong></span> 
     </span>
    </p>
   </div>
   <div class='ocr_carea' id='block_1_90' title="bbox 444 5694 2027 5764">
    <p class='ocr_par' dir='ltr' id='par_1_90' title="bbox 444 5694 2027 5764">
     <span class='ocr_line' id='line_1_90' title="bbox 444 5694 2027 5764; baseline 0.001 -18"><span class='ocrx_word' id='word_1_579' title='bbox 444 5695 649 5760; x_wconf 90' lang='lat' dir='ltr'><strong>omnia,</strong></span> <span class='ocrx_word' id='word_1_580' title='bbox 684 5710 805 5763; x_wconf 73' lang='lat' dir='ltr'><strong>qua:</strong></span> <span class='ocrx_word' id='word_1_581' title='bbox 834 5710 934 5764; x_wconf 91' lang='lat' dir='ltr'><strong>pro</strong></span> <span class='ocrx_word' id='word_1_582' title='bbox 963 5696 1142 5762; x_wconf 91' lang='lat' dir='ltr'><strong>nobis,</strong></span> <span class='ocrx_word' id='word_1_583' title='bbox 1169 5703 1222 5749; x_wconf 91' lang='lat' dir='ltr'><strong>et</strong></span> <span class='ocrx_word' id='word_1_584' title='bbox 1247 5704 1466 5764; x_wconf 88' lang='lat' dir='ltr'><strong>propter</strong></span> <span class='ocrx_word' id='word_1_585' title='bbox 1501 5708 1603 5748; x_wconf 91' lang='lat' dir='ltr'><strong>nos</strong></span> <span class='ocrx_word' id='word_1_586' title='bbox 1626 5694 2027 5764; x_wconf 85' lang='lat' dir='ltr'><strong>dispensatorie</strong></span> 
     </span>
    </p>
   </div>
   <div class='ocr_carea' id='block_1_91' title="bbox 442 5783 2021 5856">
    <p class='ocr_par' dir='ltr' id='par_1_91' title="bbox 442 5783 2021 5856">
     <span class='ocr_line' id='line_1_91' title="bbox 442 5783 2021 5856; baseline 0.001 -16"><span class='ocrx_word' id='word_1_587' title='bbox 442 5801 477 5840; x_wconf 85' lang='lat' dir='ltr'><strong>a</strong></span> <span class='ocrx_word' id='word_1_588' title='bbox 510 5795 561 5839; x_wconf 88' lang='lat' dir='ltr'><strong>te</strong></span> <span class='ocrx_word' id='word_1_589' title='bbox 593 5783 832 5856; x_wconf 87' lang='lat' dir='ltr'><strong>perfecta</strong></span> <span class='ocrx_word' id='word_1_590' title='bbox 865 5786 1107 5853; x_wconf 86' lang='lat' dir='ltr'><strong>fuerunt,</strong></span> <span class='ocrx_word' id='word_1_591' title='bbox 1149 5784 1488 5843; x_wconf 82' lang='lat' dir='ltr'><strong>nativitatem</strong></span> <span class='ocrx_word' id='word_1_592' title='bbox 1523 5795 1672 5841; x_wconf 90' lang='lat' dir='ltr'><strong>tuam</strong></span> <span class='ocrx_word' id='word_1_593' title='bbox 1702 5784 2021 5854; x_wconf 88' lang='lat' dir='ltr'><strong>salutarem,</strong></span> 
     </span>
    </p>
   </div>
   <div class='ocr_carea' id='block_1_92' title="bbox 2136 3203 3734 3275">
    <p class='ocr_par' dir='ltr' id='par_1_92' title="bbox 2136 3203 3734 3275">
     <span class='ocr_line' id='line_1_92' title="bbox 2136 3203 3734 3275; baseline 0.004 -19"><span class='ocrx_word' id='word_1_594' title='bbox 2136 3203 2335 3272; x_wconf 84' lang='lat' dir='ltr'><strong>perdas</strong></span> <span class='ocrx_word' id='word_1_595' title='bbox 2361 3218 2462 3259; x_wconf 88' lang='lat' dir='ltr'><strong>nos</strong></span> <span class='ocrx_word' id='word_1_596' title='bbox 2488 3204 2653 3259; x_wconf 90' lang='lat' dir='ltr'><strong>simul</strong></span> <span class='ocrx_word' id='word_1_597' title='bbox 2684 3218 2811 3259; x_wconf 90' lang='lat' dir='ltr'><strong>cum</strong></span> <span class='ocrx_word' id='word_1_598' title='bbox 2856 3203 2964 3259; x_wconf 88' lang='lat' dir='ltr'><strong>illis</strong></span> <span class='ocrx_word' id='word_1_599' title='bbox 3010 3204 3107 3275; x_wconf 90' lang='lat' dir='ltr'><strong>qui</strong></span> <span class='ocrx_word' id='word_1_600' title='bbox 3154 3212 3209 3259; x_wconf 87' lang='lat' dir='ltr'><strong>te</strong></span> <span class='ocrx_word' id='word_1_601' title='bbox 3248 3219 3363 3260; x_wconf 92' lang='lat' dir='ltr'><strong>non</strong></span> <span class='ocrx_word' id='word_1_602' title='bbox 3390 3206 3734 3263; x_wconf 83' lang='lat' dir='ltr'><strong>dilexerunt.</strong></span> 
     </span>
    </p>
   </div>
   <div class='ocr_carea' id='block_1_93' title="bbox 2141 3294 3740 3368">
    <p class='ocr_par' dir='ltr' id='par_1_93' title="bbox 2141 3294 3740 3368">
     <span class='ocr_line' id='line_1_93' title="bbox 2141 3294 3740 3368; baseline 0.006 -21"><span class='ocrx_word' id='word_1_603' title='bbox 2141 3294 2340 3351; x_wconf 76' lang='lat' dir='ltr'><strong>Verum</strong></span> <span class='ocrx_word' id='word_1_604' title='bbox 2372 3295 2694 3351; x_wconf 89' lang='lat' dir='ltr'><strong>illucescere</strong></span> <span class='ocrx_word' id='word_1_605' title='bbox 2731 3296 2892 3351; x_wconf 89' lang='lat' dir='ltr'><strong>nobis</strong></span> <span class='ocrx_word' id='word_1_606' title='bbox 2921 3294 3010 3351; x_wconf 87' lang='lat' dir='ltr'><strong>fac</strong></span> <span class='ocrx_word' id='word_1_607' title='bbox 3058 3295 3290 3352; x_wconf 89' lang='lat' dir='ltr'><strong>salutem</strong></span> <span class='ocrx_word' id='word_1_608' title='bbox 3337 3305 3533 3366; x_wconf 86' lang='lat' dir='ltr'><strong>tuam;</strong></span> <span class='ocrx_word' id='word_1_609' title='bbox 3573 3314 3740 3368; x_wconf 76' lang='lat' dir='ltr'><strong>parce</strong></span> 
     </span>
    </p>
   </div>
   <div class='ocr_carea' id='block_1_94' title="bbox 2134 3386 3741 3460">
    <p class='ocr_par' dir='ltr' id='par_1_94' title="bbox 2134 3386 3741 3460">
     <span class='ocr_line' id='line_1_94' title="bbox 2134 3386 3741 3460; baseline 0.004 -20"><span class='ocrx_word' id='word_1_610' title='bbox 2134 3386 2293 3442; x_wconf 89' lang='lat' dir='ltr'><strong>nobis</strong></span> <span class='ocrx_word' id='word_1_611' title='bbox 2313 3388 2618 3443; x_wconf 86' lang='lat' dir='ltr'><strong>secundum</strong></span> <span class='ocrx_word' id='word_1_612' title='bbox 2647 3404 2896 3443; x_wconf 90' lang='lat' dir='ltr'><strong>amorem</strong></span> <span class='ocrx_word' id='word_1_613' title='bbox 2926 3397 3085 3444; x_wconf 90' lang='lat' dir='ltr'><strong>tuum</strong></span> <span class='ocrx_word' id='word_1_614' title='bbox 3112 3404 3241 3460; x_wconf 88' lang='lat' dir='ltr'><strong>erga</strong></span> <span class='ocrx_word' id='word_1_615' title='bbox 3271 3389 3556 3446; x_wconf 88' lang='lat' dir='ltr'><strong>homines.</strong></span> <span class='ocrx_word' id='word_1_616' title='bbox 3585 3389 3741 3446; x_wconf 70' lang='lat' dir='ltr'><strong>Mitte</strong></span> 
     </span>
    </p>
   </div>
   <div class='ocr_carea' id='block_1_95' title="bbox 2134 3478 3742 3544">
    <p class='ocr_par' dir='ltr' id='par_1_95' title="bbox 2134 3478 3742 3544">
     <span class='ocr_line' id='line_1_95' title="bbox 2134 3478 3742 3544; baseline 0.005 -12"><span class='ocrx_word' id='word_1_617' title='bbox 2134 3478 2292 3533; x_wconf 90' lang='lat' dir='ltr'><strong>nobis</strong></span> <span class='ocrx_word' id='word_1_618' title='bbox 2332 3478 2554 3535; x_wconf 91' lang='lat' dir='ltr'><strong>divitias</strong></span> <span class='ocrx_word' id='word_1_619' title='bbox 2588 3480 2892 3536; x_wconf 67' lang='lat' dir='ltr'><strong>clementia:</strong></span> <span class='ocrx_word' id='word_1_620' title='bbox 2930 3491 3060 3544; x_wconf 71' lang='lat' dir='ltr'><strong>tuas,</strong></span> <span class='ocrx_word' id='word_1_621' title='bbox 3097 3491 3276 3536; x_wconf 88' lang='lat' dir='ltr'><strong>statue</strong></span> <span class='ocrx_word' id='word_1_622' title='bbox 3310 3496 3416 3537; x_wconf 89' lang='lat' dir='ltr'><strong>nos</strong></span> <span class='ocrx_word' id='word_1_623' title='bbox 3451 3483 3526 3538; x_wconf 89' lang='lat' dir='ltr'><strong>ad</strong></span> <span class='ocrx_word' id='word_1_624' title='bbox 3552 3484 3742 3539; x_wconf 76' lang='lat' dir='ltr'><strong>dexte-</strong></span> 
     </span>
    </p>
   </div>
   <div class='ocr_carea' id='block_1_96' title="bbox 2132 3574 3741 3645">
    <p class='ocr_par' dir='ltr' id='par_1_96' title="bbox 2132 3574 3741 3645">
     <span class='ocr_line' id='line_1_96' title="bbox 2132 3574 3741 3645; baseline 0.004 -18"><span class='ocrx_word' id='word_1_625' title='bbox 2132 3588 2249 3627; x_wconf 90' lang='lat' dir='ltr'><strong>ram</strong></span> <span class='ocrx_word' id='word_1_626' title='bbox 2284 3579 2471 3637; x_wconf 89' lang='lat' dir='ltr'><strong>tuam;</strong></span> <span class='ocrx_word' id='word_1_627' title='bbox 2505 3582 2782 3627; x_wconf 89' lang='lat' dir='ltr'><strong>memento</strong></span> <span class='ocrx_word' id='word_1_628' title='bbox 2813 3574 3065 3629; x_wconf 90' lang='lat' dir='ltr'><strong>omnium</strong></span> <span class='ocrx_word' id='word_1_629' title='bbox 3098 3582 3353 3630; x_wconf 87' lang='lat' dir='ltr'><strong>nostrum</strong></span> <span class='ocrx_word' id='word_1_630' title='bbox 3385 3590 3488 3645; x_wconf 87' lang='lat' dir='ltr'><strong>per</strong></span> <span class='ocrx_word' id='word_1_631' title='bbox 3520 3578 3741 3634; x_wconf 85' lang='lat' dir='ltr'><strong>miseri-</strong></span> 
     </span>
    </p>
   </div>
   <div class='ocr_carea' id='block_1_97' title="bbox 2132 3663 3741 3725">
    <p class='ocr_par' dir='ltr' id='par_1_97' title="bbox 2132 3663 3741 3725">
     <span class='ocr_line' id='line_1_97' title="bbox 2132 3663 3741 3725; baseline 0.004 -6"><span class='ocrx_word' id='word_1_632' title='bbox 2132 3663 2377 3719; x_wconf 88' lang='lat' dir='ltr'><strong>cordiam</strong></span> <span class='ocrx_word' id='word_1_633' title='bbox 2409 3673 2596 3719; x_wconf 90' lang='lat' dir='ltr'><strong>tuam:</strong></span> <span class='ocrx_word' id='word_1_634' title='bbox 2637 3664 2787 3720; x_wconf 88' lang='lat' dir='ltr'><strong>salva</strong></span> <span class='ocrx_word' id='word_1_635' title='bbox 2825 3679 2926 3719; x_wconf 93' lang='lat' dir='ltr'><strong>nos</strong></span> <span class='ocrx_word' id='word_1_636' title='bbox 2971 3667 3274 3721; x_wconf 90' lang='lat' dir='ltr'><strong>secundum</strong></span> <span class='ocrx_word' id='word_1_637' title='bbox 3316 3667 3741 3725; x_wconf 85' lang='lat' dir='ltr'><strong>multitudinem</strong></span> 
     </span>
    </p>
   </div>
   <div class='ocr_carea' id='block_1_98' title="bbox 2130 3758 3738 3830">
    <p class='ocr_par' dir='ltr' id='par_1_98' title="bbox 2130 3758 3738 3830">
     <span class='ocr_line' id='line_1_98' title="bbox 2130 3758 3738 3830; baseline 0.004 -18"><span class='ocrx_word' id='word_1_638' title='bbox 2130 3758 2321 3829; x_wconf 63' lang='lat' dir='ltr'><strong>gratiae</strong></span> <span class='ocrx_word' id='word_1_639' title='bbox 2361 3767 2502 3826; x_wconf 67' lang='lat' dir='ltr'><strong>tuae,</strong></span> <span class='ocrx_word' id='word_1_640' title='bbox 2545 3768 2600 3814; x_wconf 90' lang='lat' dir='ltr'><strong>et</strong></span> <span class='ocrx_word' id='word_1_641' title='bbox 2628 3760 2825 3829; x_wconf 85' lang='lat' dir='ltr'><strong>adjuva</strong></span> <span class='ocrx_word' id='word_1_642' title='bbox 2857 3774 2962 3815; x_wconf 92' lang='lat' dir='ltr'><strong>nos</strong></span> <span class='ocrx_word' id='word_1_643' title='bbox 3011 3774 3109 3830; x_wconf 87' lang='lat' dir='ltr'><strong>per</strong></span> <span class='ocrx_word' id='word_1_644' title='bbox 3153 3759 3508 3817; x_wconf 87' lang='lat' dir='ltr'><strong>clementiam</strong></span> <span class='ocrx_word' id='word_1_645' title='bbox 3560 3773 3738 3819; x_wconf 74' lang='lat' dir='ltr'><strong>tuam.</strong></span> 
     </span>
    </p>
   </div>
   <div class='ocr_carea' id='block_1_99' title="bbox 2131 3850 3740 3924">
    <p class='ocr_par' dir='ltr' id='par_1_99' title="bbox 2131 3850 3740 3924">
     <span class='ocr_line' id='line_1_99' title="bbox 2131 3850 3740 3924; baseline 0.005 -19"><span class='ocrx_word' id='word_1_646' title='bbox 2131 3850 2381 3922; x_wconf 80' lang='lat' dir='ltr'><strong>Adjunge</strong></span> <span class='ocrx_word' id='word_1_647' title='bbox 2406 3866 2509 3908; x_wconf 90' lang='lat' dir='ltr'><strong>nos</strong></span> <span class='ocrx_word' id='word_1_648' title='bbox 2539 3852 2691 3924; x_wconf 84' lang='lat' dir='ltr'><strong>gregi</strong></span> <span class='ocrx_word' id='word_1_649' title='bbox 2713 3861 2829 3918; x_wconf 87' lang='lat' dir='ltr'><strong>tuo,</strong></span> <span class='ocrx_word' id='word_1_650' title='bbox 2860 3863 2915 3907; x_wconf 89' lang='lat' dir='ltr'><strong>et</strong></span> <span class='ocrx_word' id='word_1_651' title='bbox 2945 3867 3175 3907; x_wconf 85' lang='lat' dir='ltr'><strong>numera</strong></span> <span class='ocrx_word' id='word_1_652' title='bbox 3206 3867 3308 3908; x_wconf 90' lang='lat' dir='ltr'><strong>nos</strong></span> <span class='ocrx_word' id='word_1_653' title='bbox 3334 3853 3482 3909; x_wconf 91' lang='lat' dir='ltr'><strong>inter</strong></span> <span class='ocrx_word' id='word_1_654' title='bbox 3510 3857 3740 3913; x_wconf 76' lang='lat' dir='ltr'><strong>onlines</strong></span> 
     </span>
    </p>
   </div>
   <div class='ocr_carea' id='block_1_100' title="bbox 2130 3941 3742 4016">
    <p class='ocr_par' dir='ltr' id='par_1_100' title="bbox 2130 3941 3742 4016">
     <span class='ocr_line' id='line_1_100' title="bbox 2130 3941 3742 4016; baseline 0.004 -20"><span class='ocrx_word' id='word_1_655' title='bbox 2130 3941 2456 3998; x_wconf 84' lang='lat' dir='ltr'><strong>dilectarum</strong></span> <span class='ocrx_word' id='word_1_656' title='bbox 2495 3951 2740 4009; x_wconf 89' lang='lat' dir='ltr'><strong>tuorum,</strong></span> <span class='ocrx_word' id='word_1_657' title='bbox 2788 3942 2876 3999; x_wconf 88' lang='lat' dir='ltr'><strong>fac</strong></span> <span class='ocrx_word' id='word_1_658' title='bbox 2920 3958 3023 3998; x_wconf 89' lang='lat' dir='ltr'><strong>nos</strong></span> <span class='ocrx_word' id='word_1_659' title='bbox 3051 3944 3247 4014; x_wconf 85' lang='lat' dir='ltr'><strong>dignos</strong></span> <span class='ocrx_word' id='word_1_660' title='bbox 3284 3960 3463 4016; x_wconf 89' lang='lat' dir='ltr'><strong>regno</strong></span> <span class='ocrx_word' id='word_1_661' title='bbox 3505 3959 3645 4016; x_wconf 87' lang='lat' dir='ltr'><strong>tuo,</strong></span> <span class='ocrx_word' id='word_1_662' title='bbox 3691 3958 3742 4004; x_wconf 81' lang='lat' dir='ltr'><strong>et</strong></span> 
     </span>
    </p>
   </div>
   <div class='ocr_carea' id='block_1_101' title="bbox 2131 4032 3741 4107">
    <p class='ocr_par' dir='ltr' id='par_1_101' title="bbox 2131 4032 3741 4107">
     <span class='ocr_line' id='line_1_101' title="bbox 2131 4032 3741 4107; baseline 0.007 -20"><span class='ocrx_word' id='word_1_663' title='bbox 2131 4032 2296 4089; x_wconf 90' lang='lat' dir='ltr'><strong>induc</strong></span> <span class='ocrx_word' id='word_1_664' title='bbox 2312 4049 2414 4090; x_wconf 91' lang='lat' dir='ltr'><strong>nos</strong></span> <span class='ocrx_word' id='word_1_665' title='bbox 2436 4035 2492 4089; x_wconf 91' lang='lat' dir='ltr'><strong>in</strong></span> <span class='ocrx_word' id='word_1_666' title='bbox 2509 4034 2808 4090; x_wconf 87' lang='lat' dir='ltr'><strong>thalamum</strong></span> <span class='ocrx_word' id='word_1_667' title='bbox 2834 4043 3009 4089; x_wconf 90' lang='lat' dir='ltr'><strong>tuum.</strong></span> <span class='ocrx_word' id='word_1_668' title='bbox 3035 4034 3099 4090; x_wconf 87' lang='lat' dir='ltr'><strong>Et</strong></span> <span class='ocrx_word' id='word_1_669' title='bbox 3115 4045 3336 4107; x_wconf 87' lang='lat' dir='ltr'><strong>propter</strong></span> <span class='ocrx_word' id='word_1_670' title='bbox 3351 4039 3472 4095; x_wconf 63' lang='lat' dir='ltr'><strong>haec</strong></span> <span class='ocrx_word' id='word_1_671' title='bbox 3490 4039 3741 4098; x_wconf 83' lang='lat' dir='ltr'><strong>Ecclesia</strong></span> 
     </span>
    </p>
   </div>
   <div class='ocr_carea' id='block_1_102' title="bbox 2130 4126 3740 4199">
    <p class='ocr_par' dir='ltr' id='par_1_102' title="bbox 2130 4126 3740 4199">
     <span class='ocr_line' id='line_1_102' title="bbox 2130 4126 3740 4199; baseline 0.009 -22"><span class='ocrx_word' id='word_1_672' title='bbox 2130 4131 2224 4179; x_wconf 90' lang='lat' dir='ltr'><strong>tua</strong></span> <span class='ocrx_word' id='word_1_673' title='bbox 2250 4136 2306 4179; x_wconf 87' lang='lat' dir='ltr'><strong>et</strong></span> <span class='ocrx_word' id='word_1_674' title='bbox 2337 4141 2467 4196; x_wconf 82' lang='lat' dir='ltr'><strong>grex</strong></span> <span class='ocrx_word' id='word_1_675' title='bbox 2500 4135 2630 4182; x_wconf 91' lang='lat' dir='ltr'><strong>tuus</strong></span> <span class='ocrx_word' id='word_1_676' title='bbox 2674 4126 2998 4197; x_wconf 89' lang='lat' dir='ltr'><strong>deprecatur</strong></span> <span class='ocrx_word' id='word_1_677' title='bbox 3036 4137 3122 4195; x_wconf 90' lang='lat' dir='ltr'><strong>te,</strong></span> <span class='ocrx_word' id='word_1_678' title='bbox 3161 4138 3216 4184; x_wconf 90' lang='lat' dir='ltr'><strong>et</strong></span> <span class='ocrx_word' id='word_1_679' title='bbox 3260 4144 3360 4199; x_wconf 89' lang='lat' dir='ltr'><strong>per</strong></span> <span class='ocrx_word' id='word_1_680' title='bbox 3383 4140 3439 4187; x_wconf 88' lang='lat' dir='ltr'><strong>te</strong></span> <span class='ocrx_word' id='word_1_681' title='bbox 3466 4142 3528 4189; x_wconf 88' lang='lat' dir='ltr'><strong>et</strong></span> <span class='ocrx_word' id='word_1_682' title='bbox 3557 4143 3740 4191; x_wconf 79' lang='lat' dir='ltr'><strong>tecum</strong></span> 
     </span>
    </p>
   </div>
   <div class='ocr_carea' id='block_1_103' title="bbox 2129 4214 2809 4282">
    <p class='ocr_par' dir='ltr' id='par_1_103' title="bbox 2129 4214 2809 4282">
     <span class='ocr_line' id='line_1_103' title="bbox 2129 4214 2809 4282; baseline -0.001 -11"><span class='ocrx_word' id='word_1_683' title='bbox 2129 4214 2347 4273; x_wconf 88' lang='lat' dir='ltr'><strong>Patrem</strong></span> <span class='ocrx_word' id='word_1_684' title='bbox 2371 4227 2549 4282; x_wconf 88' lang='lat' dir='ltr'><strong>tuum,</strong></span> <span class='ocrx_word' id='word_1_685' title='bbox 2581 4217 2772 4274; x_wconf 87' lang='lat' dir='ltr'><strong>dicens</strong></span> <span class='ocrx_word' id='word_1_686' title='bbox 2796 4235 2809 4270; x_wconf 89' lang='lat'><strong>:</strong></span> 
     </span>
    </p>
   </div>
   <div class='ocr_carea' id='block_1_104' title="bbox 2206 4352 2774 4425">
    <p class='ocr_par' dir='ltr' id='par_1_104' title="bbox 2206 4352 2774 4425">
     <span class='ocr_line' id='line_1_104' title="bbox 2206 4352 2774 4425; baseline 0.004 -17"><span class='ocrx_word' id='word_1_687' title='bbox 2206 4352 2461 4425; x_wconf 85' lang='lat' dir='ltr'><strong>Populus.</strong></span> <span class='ocrx_word' id='word_1_688' title='bbox 2496 4353 2774 4411; x_wconf 78' lang='lat' dir='ltr'><strong>Miserere.</strong></span> 
     </span>
    </p>
   </div>
   <div class='ocr_carea' id='block_1_105' title="bbox 2206 4446 3049 4520">
    <p class='ocr_par' dir='ltr' id='par_1_105' title="bbox 2206 4446 3049 4520">
     <span class='ocr_line' id='line_1_105' title="bbox 2206 4446 3049 4520; baseline 0.001 -17"><span class='ocrx_word' id='word_1_689' title='bbox 2206 4447 2485 4504; x_wconf 79' lang='lat' dir='ltr'><strong>Sacerdos.</strong></span> <span class='ocrx_word' id='word_1_690' title='bbox 2522 4446 2635 4503; x_wconf 89' lang='lat' dir='ltr'><strong>Nos</strong></span> <span class='ocrx_word' id='word_1_691' title='bbox 2667 4464 2908 4520; x_wconf 89' lang='lat' dir='ltr'><strong>quoque,</strong></span> <span class='ocrx_word' id='word_1_692' title='bbox 2943 4459 3049 4505; x_wconf 89' lang='lat' dir='ltr'><strong>etc.</strong></span> 
     </span>
    </p>
   </div>
   <div class='ocr_carea' id='block_1_106' title="bbox 2204 4539 2997 4613">
    <p class='ocr_par' dir='ltr' id='par_1_106' title="bbox 2204 4539 2997 4613">
     <span class='ocr_line' id='line_1_106' title="bbox 2204 4539 2997 4613; baseline 0.003 -18"><span class='ocrx_word' id='word_1_693' title='bbox 2204 4540 2461 4612; x_wconf 80' lang='lat' dir='ltr'><strong>Populus.</strong></span> <span class='ocrx_word' id='word_1_694' title='bbox 2493 4539 2572 4597; x_wconf 91' lang='lat' dir='ltr'><strong>Te</strong></span> <span class='ocrx_word' id='word_1_695' title='bbox 2600 4541 2997 4613; x_wconf 86' lang='lat' dir='ltr'><strong>gloriﬁcamus.</strong></span> 
     </span>
    </p>
   </div>
   <div class='ocr_carea' id='block_1_107' title="bbox 2206 4631 3554 4702">
    <p class='ocr_par' dir='ltr' id='par_1_107' title="bbox 2206 4631 3554 4702">
     <span class='ocr_line' id='line_1_107' title="bbox 2206 4631 3554 4702; baseline 0.005 -17"><span class='ocrx_word' id='word_1_696' title='bbox 2206 4632 2498 4686; x_wconf 80' lang='lat' dir='ltr'><strong>Diaconus.</strong></span> <span class='ocrx_word' id='word_1_697' title='bbox 2530 4631 2705 4699; x_wconf 87' lang='lat' dir='ltr'><strong>Quam</strong></span> <span class='ocrx_word' id='word_1_698' title='bbox 2733 4634 2974 4689; x_wconf 91' lang='lat' dir='ltr'><strong>timenda</strong></span> <span class='ocrx_word' id='word_1_699' title='bbox 3004 4643 3089 4688; x_wconf 87' lang='lat' dir='ltr'><strong>est</strong></span> <span class='ocrx_word' id='word_1_700' title='bbox 3116 4635 3233 4689; x_wconf 64' lang='lat' dir='ltr'><strong>haec</strong></span> <span class='ocrx_word' id='word_1_701' title='bbox 3258 4635 3415 4702; x_wconf 88' lang='lat' dir='ltr'><strong>hora,</strong></span> <span class='ocrx_word' id='word_1_702' title='bbox 3443 4647 3554 4692; x_wconf 85' lang='lat' dir='ltr'><strong>etc.</strong></span> 
     </span>
    </p>
   </div>
   <div class='ocr_carea' id='block_1_108' title="bbox 2210 4722 3539 4797">
    <p class='ocr_par' dir='ltr' id='par_1_108' title="bbox 2210 4722 3539 4797">
     <span class='ocr_line' id='line_1_108' title="bbox 2210 4722 3539 4797; baseline 0.005 -19"><span class='ocrx_word' id='word_1_703' title='bbox 2210 4722 2465 4780; x_wconf 82' lang='lat' dir='ltr'><strong>Sacerdos</strong></span> <span class='ocrx_word' id='word_1_704' title='bbox 2501 4725 2635 4779; x_wconf 83' lang='lat' dir='ltr'><strong>dicit</strong></span> <span class='ocrx_word' id='word_1_705' title='bbox 2666 4727 3046 4781; x_wconf 84' lang='lat' dir='ltr'><strong>invocationem</strong></span> <span class='ocrx_word' id='word_1_706' title='bbox 3071 4724 3304 4797; x_wconf 77' lang='lat' dir='ltr'><strong>Spiritus</strong></span> <span class='ocrx_word' id='word_1_707' title='bbox 3334 4732 3539 4785; x_wconf 64' lang='lat' dir='ltr'><strong>salicti.</strong></span> 
     </span>
    </p>
   </div>
   <div class='ocr_carea' id='block_1_109' title="bbox 2204 4861 3739 4939">
    <p class='ocr_par' dir='ltr' id='par_1_109' title="bbox 2204 4861 3739 4939">
     <span class='ocr_line' id='line_1_109' title="bbox 2204 4861 3739 4939; baseline 0.005 -24"><span class='ocrx_word' id='word_1_708' title='bbox 2204 4861 2463 4919; x_wconf 86' lang='lat' dir='ltr'><strong>Miserere</strong></span> <span class='ocrx_word' id='word_1_709' title='bbox 2482 4863 2665 4930; x_wconf 89' lang='lat' dir='ltr'><strong>nobis,</strong></span> <span class='ocrx_word' id='word_1_710' title='bbox 2694 4862 2841 4922; x_wconf 90' lang='lat' dir='ltr'><strong>Deus</strong></span> <span class='ocrx_word' id='word_1_711' title='bbox 2860 4863 3024 4921; x_wconf 86' lang='lat' dir='ltr'><strong>Pater</strong></span> <span class='ocrx_word' id='word_1_712' title='bbox 3060 4866 3437 4939; x_wconf 88' lang='lat' dir='ltr'><strong>omnipotens,</strong></span> <span class='ocrx_word' id='word_1_713' title='bbox 3482 4877 3542 4922; x_wconf 84' lang='lat' dir='ltr'><strong>et</strong></span> <span class='ocrx_word' id='word_1_714' title='bbox 3577 4869 3739 4923; x_wconf 86' lang='lat' dir='ltr'><strong>mitte</strong></span> 
     </span>
    </p>
   </div>
   <div class='ocr_carea' id='block_1_110' title="bbox 2133 4954 3741 5027">
    <p class='ocr_par' dir='ltr' id='par_1_110' title="bbox 2133 4954 3741 5027">
     <span class='ocr_line' id='line_1_110' title="bbox 2133 4954 3741 5027; baseline 0.004 -18"><span class='ocrx_word' id='word_1_715' title='bbox 2133 4969 2298 5024; x_wconf 90' lang='lat' dir='ltr'><strong>super</strong></span> <span class='ocrx_word' id='word_1_716' title='bbox 2342 4970 2443 5012; x_wconf 91' lang='lat' dir='ltr'><strong>nos</strong></span> <span class='ocrx_word' id='word_1_717' title='bbox 2483 4954 2748 5027; x_wconf 92' lang='lat' dir='ltr'><strong>Spiritum</strong></span> <span class='ocrx_word' id='word_1_718' title='bbox 2781 4966 2936 5012; x_wconf 89' lang='lat' dir='ltr'><strong>tuum</strong></span> <span class='ocrx_word' id='word_1_719' title='bbox 2977 4965 3229 5013; x_wconf 90' lang='lat' dir='ltr'><strong>sanctum</strong></span> <span class='ocrx_word' id='word_1_720' title='bbox 3273 4958 3372 5027; x_wconf 88' lang='lat' dir='ltr'><strong>qui</strong></span> <span class='ocrx_word' id='word_1_721' title='bbox 3423 4959 3627 5014; x_wconf 86' lang='lat' dir='ltr'><strong>omnia</strong></span> <span class='ocrx_word' id='word_1_722' title='bbox 3654 4976 3741 5015; x_wconf 81' lang='lat' dir='ltr'><strong>re-</strong></span> 
     </span>
    </p>
   </div>
   <div class='ocr_carea' id='block_1_111' title="bbox 2132 5046 3738 5120">
    <p class='ocr_par' dir='ltr' id='par_1_111' title="bbox 2132 5046 3738 5120">
     <span class='ocr_line' id='line_1_111' title="bbox 2132 5046 3738 5120; baseline 0.003 -19"><span class='ocrx_word' id='word_1_723' title='bbox 2132 5048 2262 5117; x_wconf 89' lang='lat' dir='ltr'><strong>plet,</strong></span> <span class='ocrx_word' id='word_1_724' title='bbox 2294 5046 2548 5119; x_wconf 88' lang='lat' dir='ltr'><strong>Deusque</strong></span> <span class='ocrx_word' id='word_1_725' title='bbox 2569 5057 2654 5104; x_wconf 86' lang='lat' dir='ltr'><strong>est</strong></span> <span class='ocrx_word' id='word_1_726' title='bbox 2684 5064 2849 5120; x_wconf 86' lang='lat' dir='ltr'><strong>super</strong></span> <span class='ocrx_word' id='word_1_727' title='bbox 2871 5049 3078 5117; x_wconf 91' lang='lat' dir='ltr'><strong>omnia,</strong></span> <span class='ocrx_word' id='word_1_728' title='bbox 3115 5049 3327 5120; x_wconf 90' lang='lat' dir='ltr'><strong>tibique</strong></span> <span class='ocrx_word' id='word_1_729' title='bbox 3354 5051 3738 5106; x_wconf 85' lang='lat' dir='ltr'><strong>consubstan-</strong></span> 
     </span>
    </p>
   </div>
   <div class='ocr_carea' id='block_1_112' title="bbox 2131 5137 3739 5211">
    <p class='ocr_par' dir='ltr' id='par_1_112' title="bbox 2131 5137 3739 5211">
     <span class='ocr_line' id='line_1_112' title="bbox 2131 5137 3739 5211; baseline 0.004 -20"><span class='ocrx_word' id='word_1_730' title='bbox 2131 5137 2276 5192; x_wconf 89' lang='lat' dir='ltr'><strong>tialis</strong></span> <span class='ocrx_word' id='word_1_731' title='bbox 2310 5147 2366 5193; x_wconf 92' lang='lat' dir='ltr'><strong>et</strong></span> <span class='ocrx_word' id='word_1_732' title='bbox 2409 5140 2695 5210; x_wconf 88' lang='lat' dir='ltr'><strong>unigenito</strong></span> <span class='ocrx_word' id='word_1_733' title='bbox 2736 5139 2877 5195; x_wconf 84' lang='lat' dir='ltr'><strong>Filio</strong></span> <span class='ocrx_word' id='word_1_734' title='bbox 2920 5149 3044 5205; x_wconf 89' lang='lat' dir='ltr'><strong>tuo;</strong></span> <span class='ocrx_word' id='word_1_735' title='bbox 3085 5140 3181 5211; x_wconf 90' lang='lat' dir='ltr'><strong>qui</strong></span> <span class='ocrx_word' id='word_1_736' title='bbox 3216 5141 3369 5195; x_wconf 91' lang='lat' dir='ltr'><strong>omni</strong></span> <span class='ocrx_word' id='word_1_737' title='bbox 3409 5141 3553 5197; x_wconf 84' lang='lat' dir='ltr'><strong>hora</strong></span> <span class='ocrx_word' id='word_1_738' title='bbox 3590 5144 3739 5198; x_wconf 78' lang='lat' dir='ltr'><strong>dona</strong></span> 
     </span>
    </p>
   </div>
   <div class='ocr_carea' id='block_1_113' title="bbox 2129 5230 3735 5304">
    <p class='ocr_par' dir='ltr' id='par_1_113' title="bbox 2129 5230 3735 5304">
     <span class='ocr_line' id='line_1_113' title="bbox 2129 5230 3735 5304; baseline 0.003 -20"><span class='ocrx_word' id='word_1_739' title='bbox 2129 5230 2447 5297; x_wconf 86' lang='lat' dir='ltr'><strong>distribuit;</strong></span> <span class='ocrx_word' id='word_1_740' title='bbox 2497 5232 2801 5302; x_wconf 90' lang='lat' dir='ltr'><strong>dividitque</strong></span> <span class='ocrx_word' id='word_1_741' title='bbox 2835 5242 2890 5288; x_wconf 92' lang='lat' dir='ltr'><strong>et</strong></span> <span class='ocrx_word' id='word_1_742' title='bbox 2932 5233 3026 5288; x_wconf 89' lang='lat' dir='ltr'><strong>dat</strong></span> <span class='ocrx_word' id='word_1_743' title='bbox 3061 5232 3317 5304; x_wconf 88' lang='lat' dir='ltr'><strong>singulis,</strong></span> <span class='ocrx_word' id='word_1_744' title='bbox 3348 5243 3523 5302; x_wconf 88' lang='lat' dir='ltr'><strong>prout</strong></span> <span class='ocrx_word' id='word_1_745' title='bbox 3577 5236 3735 5289; x_wconf 64' lang='lat' dir='ltr'><strong>vult:</strong></span> 
     </span>
    </p>
   </div>
   <div class='ocr_carea' id='block_1_114' title="bbox 2129 5324 3739 5396">
    <p class='ocr_par' dir='ltr' id='par_1_114' title="bbox 2129 5324 3739 5396">
     <span class='ocr_line' id='line_1_114' title="bbox 2129 5324 3739 5396; baseline 0.001 -18"><span class='ocrx_word' id='word_1_746' title='bbox 2129 5324 2224 5394; x_wconf 90' lang='lat' dir='ltr'><strong>qui</strong></span> <span class='ocrx_word' id='word_1_747' title='bbox 2258 5325 2516 5381; x_wconf 91' lang='lat' dir='ltr'><strong>omnibus</strong></span> <span class='ocrx_word' id='word_1_748' title='bbox 2539 5340 2783 5396; x_wconf 64' lang='lat' dir='ltr'><strong>praesens</strong></span> <span class='ocrx_word' id='word_1_749' title='bbox 2807 5334 2912 5391; x_wconf 90' lang='lat' dir='ltr'><strong>est,</strong></span> <span class='ocrx_word' id='word_1_750' title='bbox 2950 5341 3129 5396; x_wconf 88' lang='lat' dir='ltr'><strong>neque</strong></span> <span class='ocrx_word' id='word_1_751' title='bbox 3162 5326 3285 5382; x_wconf 92' lang='lat' dir='ltr'><strong>loco</strong></span> <span class='ocrx_word' id='word_1_752' title='bbox 3314 5327 3739 5382; x_wconf 80' lang='lat' dir='ltr'><strong>circumscribi-</strong></span> 
     </span>
    </p>
   </div>
   <div class='ocr_carea' id='block_1_115' title="bbox 2129 5416 3737 5490">
    <p class='ocr_par' dir='ltr' id='par_1_115' title="bbox 2129 5416 3737 5490">
     <span class='ocr_line' id='line_1_115' title="bbox 2129 5416 3737 5490; baseline 0.002 -21"><span class='ocrx_word' id='word_1_753' title='bbox 2129 5427 2236 5481; x_wconf 89' lang='lat' dir='ltr'><strong>tur,</strong></span> <span class='ocrx_word' id='word_1_754' title='bbox 2268 5417 2560 5486; x_wconf 77' lang='lat' dir='ltr'><strong>qui&#39;vitam</strong></span> <span class='ocrx_word' id='word_1_755' title='bbox 2589 5416 2836 5473; x_wconf 91' lang='lat' dir='ltr'><strong>continet</strong></span> <span class='ocrx_word' id='word_1_756' title='bbox 2860 5433 3052 5473; x_wconf 90' lang='lat' dir='ltr'><strong>eorum</strong></span> <span class='ocrx_word' id='word_1_757' title='bbox 3081 5418 3177 5489; x_wconf 91' lang='lat' dir='ltr'><strong>qui</strong></span> <span class='ocrx_word' id='word_1_758' title='bbox 3207 5419 3426 5486; x_wconf 80' lang='lat' dir='ltr'><strong>vivunt,</strong></span> <span class='ocrx_word' id='word_1_759' title='bbox 3471 5431 3530 5475; x_wconf 86' lang='lat' dir='ltr'><strong>et</strong></span> <span class='ocrx_word' id='word_1_760' title='bbox 3558 5419 3737 5490; x_wconf 76' lang='lat' dir='ltr'><strong>perfe-</strong></span> 
     </span>
    </p>
   </div>
   <div class='ocr_carea' id='block_1_116' title="bbox 2128 5494 3735 5581">
    <p class='ocr_par' dir='ltr' id='par_1_116' title="bbox 2128 5494 3735 5581">
     <span class='ocr_line' id='line_1_116' title="bbox 2128 5494 3735 5581; baseline 0.001 -18"><span class='ocrx_word' id='word_1_761' title='bbox 2128 5494 2246 5563; x_wconf 83' lang='lat' dir='ltr'><strong>ctor</strong></span> <span class='ocrx_word' id='word_1_762' title='bbox 2277 5510 2585 5566; x_wconf 88' lang='lat' dir='ltr'><strong>sanctitatis</strong></span> <span class='ocrx_word' id='word_1_763' title='bbox 2612 5519 2929 5566; x_wconf 87' lang='lat' dir='ltr'><strong>sanctorum</strong></span> <span class='ocrx_word' id='word_1_764' title='bbox 2967 5522 3081 5565; x_wconf 88' lang='lat' dir='ltr'><strong>est:</strong></span> <span class='ocrx_word' id='word_1_765' title='bbox 3121 5518 3181 5565; x_wconf 90' lang='lat' dir='ltr'><strong>ut</strong></span> <span class='ocrx_word' id='word_1_766' title='bbox 3230 5508 3430 5581; x_wconf 87' lang='lat' dir='ltr'><strong>illapsu</strong></span> <span class='ocrx_word' id='word_1_767' title='bbox 3471 5527 3580 5568; x_wconf 89' lang='lat' dir='ltr'><strong>suo</strong></span> <span class='ocrx_word' id='word_1_768' title='bbox 3610 5527 3735 5566; x_wconf 79' lang='lat' dir='ltr'><strong>san-</strong></span> 
     </span>
    </p>
   </div>
   <div class='ocr_carea' id='block_1_117' title="bbox 2127 5601 3733 5676">
    <p class='ocr_par' dir='ltr' id='par_1_117' title="bbox 2127 5601 3733 5676">
     <span class='ocr_line' id='line_1_117' title="bbox 2127 5601 3733 5676; baseline 0.002 -20"><span class='ocrx_word' id='word_1_769' title='bbox 2127 5601 2375 5657; x_wconf 86' lang='lat' dir='ltr'><strong>ctilicans</strong></span> <span class='ocrx_word' id='word_1_770' title='bbox 2408 5604 2666 5674; x_wconf 85' lang='lat' dir='ltr'><strong>mysteria</strong></span> <span class='ocrx_word' id='word_1_771' title='bbox 2694 5604 2810 5660; x_wconf 76' lang='lat' dir='ltr'><strong>haec</strong></span> <span class='ocrx_word' id='word_1_772' title='bbox 2834 5618 2994 5673; x_wconf 87' lang='lat' dir='ltr'><strong>pura,</strong></span> <span class='ocrx_word' id='word_1_773' title='bbox 3022 5618 3109 5659; x_wconf 88' lang='lat' dir='ltr'><strong>me</strong></span> <span class='ocrx_word' id='word_1_774' title='bbox 3150 5619 3379 5676; x_wconf 88' lang='lat' dir='ltr'><strong>quoque</strong></span> <span class='ocrx_word' id='word_1_775' title='bbox 3403 5619 3439 5660; x_wconf 70' lang='grc' dir='ltr'><strong>ει</strong></span> <span class='ocrx_word' id='word_1_776' title='bbox 3476 5605 3733 5662; x_wconf 77' lang='lat' dir='ltr'><strong>sordibus</strong></span> 
     </span>
    </p>
   </div>
   <div class='ocr_carea' id='block_1_118' title="bbox 2128 5696 2645 5750">
    <p class='ocr_par' dir='ltr' id='par_1_118' title="bbox 2128 5696 2645 5750">
     <span class='ocr_line' id='line_1_118' title="bbox 2128 5696 2645 5750; baseline 0.002 -1"><span class='ocrx_word' id='word_1_777' title='bbox 2128 5696 2394 5749; x_wconf 77' lang='lat' dir='ltr'><strong>ninndum</strong></span> <span class='ocrx_word' id='word_1_778' title='bbox 2423 5696 2645 5750; x_wconf 81' lang='lat' dir='ltr'><strong>etliciat.</strong></span> 
     </span>
    </p>
   </div>
   <div class='ocr_carea' id='block_1_119' title="bbox 2202 5784 3153 5858">
    <p class='ocr_par' dir='ltr' id='par_1_119' title="bbox 2202 5784 3153 5858">
     <span class='ocr_line' id='line_1_119' title="bbox 2202 5784 3153 5858; baseline 0.005 -18"><span class='ocrx_word' id='word_1_779' title='bbox 2202 5784 2484 5844; x_wconf 81' lang='lat' dir='ltr'><strong>Sacerdos.</strong></span> <span class='ocrx_word' id='word_1_780' title='bbox 2519 5787 2731 5845; x_wconf 83' lang='lat' dir='ltr'><strong>Exaudi</strong></span> <span class='ocrx_word' id='word_1_781' title='bbox 2766 5804 2876 5858; x_wconf 86' lang='lat' dir='ltr'><strong>me,</strong></span> <span class='ocrx_word' id='word_1_782' title='bbox 2903 5788 3153 5845; x_wconf 88' lang='lat' dir='ltr'><strong>Domine.</strong></span> 
     </span>
    </p>
   </div>
  </div>
