3806 6208
100 321 217 377 973

1331 336 1675 402 ΪιΙΤΠΒΟΙΑ
1717 335 1778 390 S.
1825 337 2100 396 IGNATII.

3287 359 3392 417 974

179 438 442 509 Populus.
488 439 670 513 Kyrie,
706 444 953 514 eleison;
1009 446 1191 521 Kyrie,
1221 451 1461 518 eleison;
1510 454 1691 526 Kyrie,
1728 455 1773 513 Α
1872 453 2132 524 Populus.
2167 457 2350 530 Kyrie,
2380 462 2606 518 eleison.

96 534 334 589 eleison.

175 626 439 684 Sacerdos
469 633 676 686 elevans
714 651 909 690 vocem.
950 633 1179 707 Ipseque
1220 637 1448 709 illapsus
1477 649 1533 694 et
1563 656 1693 695 san—

93 719 378 785 ctiﬁcans,
414 723 611 778 efﬁciat
633 741 829 795 panem
857 728 1078 798 quidem
1101 730 1292 799 istum,
1327 748 1527 804 corpus
1559 749 1690 790 san-

90 818 250 864 ctum
279 820 334 865 et
361 815 741 881 sanctiﬁcans;
783 832 987 888 corpus
1023 821 1322 889 puriﬁcans
1351 832 1405 878 et
1429 825 1691 894 propitia-

91 903 347 970 torinm;
409 920 610 976 corpus
666 909 880 966 donans
927 912 1440 984 incorruptionem:
1487 933 1688 988 corpus

88 995 320 1053 Domini
367 999 461 1054 Dei
506 1011 559 1056 et
605 1001 908 1061 Salvatoris
948 1009 1120 1063 nostri
1161 1006 1292 1064 Jesu
1339 1010 1575 1076 Christi,
1618 1015 1686 1070 ad

83 1092 480 1147 remissionem
520 1104 869 1164 peccatorum
911 1105 966 1153 et
1003 1099 1174 1154 vitam
1220 1110 1478 1158 aeternam
1511 1108 1686 1162 susci—

83 1182 366 1249 pientium

160 1269 432 1340 Populus.
477 1273 672 1332 Amen.

155 1361 442 1419 Sacerdos.
493 1365 562 1422 Et
606 1370 832 1426 calicem
880 1372 1058 1440 hunc,
1112 1375 1312 1432 efﬁciat
1358 1382 1680 1450 sanguinem

77 1453 276 1509 vivum
308 1465 364 1511 et
393 1458 692 1528 viviﬁcum,
728 1466 1052 1536 sanguinem
1084 1483 1285 1538 purum
1317 1481 1372 1527 et
1399 1485 1675 1544 sanctum,

74 1547 416 1617 sanguinem
449 1551 832 1621 purilicantem
858 1567 913 1611 et
935 1561 1402 1632 sanctiﬁcantem;
1450 1569 1677 1638 sangui-

75 1654 209 1693 nem
247 1641 466 1697 Domini
508 1643 603 1700 Dei
649 1657 703 1701 et
735 1647 1036 1708 Salvatoris
1074 1657 1252 1711 nostri
1291 1657 1419 1714 Jesu
1450 1661 1673 1730 Christi,

73 1736 144 1789 ad
181 1738 570 1794 remissionem
594 1752 942 1811 peccatorum
974 1758 1027 1803 et
1056 1749 1224 1806 vitam
1253 1762 1513 1810 aeternam
1547 1771 1672 1812 sus-

72 1837 424 1905 cipientium.
601 1837 606 1842 ’

143 1928 418 1996 Populus.
460 1935 633 1991 Amen

144 2020 435 2079 Sacerdos.
458 2023 568 2081 Nos
590 2027 754 2098 igitur
769 2029 1011 2086 illatione
1026 2033 1412 2103 mysteriorum
1436 2035 1666 2093 istorum

68 2125 397 2170 sanctorum
428 2118 576 2189 digni
599 2119 804 2187 ell'ecti;
843 2131 897 2177 et
934 2137 1028 2192 per
1061 2125 1306 2180 veritatis
1332 2127 1665 2196 agnitionem

68 2210 450 2267 illuminatum
495 2214 759 2271 habentes
789 2218 990 2272 mentis
1024 2219 1246 2274 oculum
1267 2261 1282 2286 ,
1323 2236 1584 2292 rogamus
1613 2232 1667 2279 et

65 2302 454 2366 obsecramus,
491 2315 553 2360 ut
583 2307 840 2377 mysteria
867 2309 980 2362 haec
1012 2309 1313 2380 proposita,
1355 2311 1468 2366 sint
1508 2314 1665 2370 nobis

63 2406 116 2449 et
156 2396 258 2450 illa
310 2397 776 2466 suscipientibus,
823 2399 890 2454 ad
936 2403 1280 2456 excitandam
1324 2405 1663 2474 vigilantiam

63 2489 292 2556 animm,
333 2491 400 2544 ad
426 2490 717 2546 sanitatem
750 2494 1036 2563 corporis,
1077 2495 1144 2548 ad
1185 2495 1662 2566 participationem

64 2595 262 2633 veram
301 2579 612 2649 adoptionis
657 2581 894 2636 ﬁliorum
920 2625 936 2647 ,
994 2599 1060 2638 ac
1103 2587 1658 2644 communicationem

62 2673 313 2741 Spiritus
348 2673 550 2736 sancti,
593 2673 661 2728 ad
690 2674 1061 2730 haereditatem
1093 2677 1244 2747 regni
1281 2679 1522 2734 cmlestis
1549 2699 1562 2734 :
1593 2681 1662 2735 ad

59 2767 452 2822 remissionem
499 2767 827 2822 delictorum
874 2779 930 2823 et
980 2779 1365 2839 peccatorum,
1421 2774 1548 2843 quia
1609 2782 1661 2829 te

57 2860 219 2913 decet
245 2859 468 2914 bonitas
511 2868 566 2913 et
605 2874 763 2913 amor
786 2874 916 2931 erga
959 2859 1212 2917 homines
1236 2903 1251 2929 ,
1292 2863 1500 2932 tibique
1543 2864 1660 2934 glo-

57 2952 198 3004 riam
243 2949 536 3005 referimus
577 2959 632 3005 et
671 2951 973 3021 gratiarum
1027 2954 1333 3020 actionem,
1383 2955 1659 3025 simulque

54 3045 353 3115 unigenito
381 3043 522 3100 Filio
545 3055 663 3112 tuo,
686 3055 791 3101 etc.

123 3137 396 3208 Populus.
461 3138 657 3196 Amen.

122 3228 394 3284 Sacerdos
429 3231 736 3287 inclinatus.
765 3233 960 3288 Coram
991 3243 1064 3301 te,
1112 3235 1364 3303 Domine,
1395 3237 1650 3292 obsecra-

51 3342 202 3386 mus.
250 3342 350 3396 per
395 3327 498 3382 hoc
527 3327 862 3383 sacrificium
891 3328 1042 3398 quod
1076 3329 1377 3398 perfectum
1408 3341 1462 3386 et
1501 3348 1650 3388 com-

50 3423 263 3492 pletum
298 3431 381 3476 est
413 3437 508 3492 per
535 3420 800 3492 Spiritum
828 3432 1100 3491 sanctum,
1137 3439 1236 3494 pro
1277 3423 1521 3480 Ecclesia
1556 3437 1646 3481 tua

50 3526 249 3571 sancta
275 3515 558 3570 Catholica
596 3525 652 3570 et
693 3516 1028 3586 Apostolica,
1080 3526 1142 3572 ut
1183 3527 1537 3574 conservetur
1559 3535 1647 3574 se-

49 3623 184 3663 cure
213 3616 275 3662 et
316 3607 644 3663 inconcusse
668 3649 682 3670 ,
725 3624 826 3663 nec
862 3619 1036 3690 porta:
1081 3609 1280 3664 inferni
1317 3613 1648 3680 praevaleant

47 3701 350 3756 adversum
397 3716 542 3755 eam.
593 3701 658 3756 Et
695 3717 792 3772 pro
834 3703 1083 3772 patribus
1110 3705 1316 3760 nostris
1356 3706 1562 3761 sanctis
1593 3717 1646 3761 et

46 3792 371 3846 rectoribus
406 3792 631 3858 nostris,
659 3792 932 3863 praecipue
960 3809 1060 3862 pro
1091 3794 1286 3860 beatis,
1324 3793 1644 3851 Patriarcha

45 3894 249 3939 nostro
283 3884 348 3941 D.
379 3883 445 3940 Ν.
469 3895 521 3940 et
541 3885 810 3956 Episcopo
847 3896 1036 3942 nostro
1063 3885 1126 3940 Ι).
1160 3885 1226 3942 Ν.
1263 3903 1389 3942 cum
1417 3888 1644 3958 reliquis

45 3971 344 4042 Episcopis
374 3973 728 4032 Orthodoxis.
771 3977 1050 4033 Conserva
1081 3993 1176 4034 eos
1208 3979 1278 4032 ab
1315 3980 1644 4034 incursioni-

45 4064 150 4120 bus
177 4065 366 4130 malis,
402 4077 456 4120 et
482 4081 510 4120 a
544 4068 762 4136 pascuis
817 4069 1159 4138 perniciosis.
1207 4069 1313 4126 Pro
1332 4069 1641 4128 SaCerdoti-

43 4157 152 4212 bus
201 4167 262 4212 et
307 4157 604 4224 Diaconis,
657 4161 920 4231 omnique
978 4162 1172 4217 ordine
1225 4165 1638 4229 ecclesiastico,

42 4268 505 4323 unumquemque
551 4269 888 4309 conservans
950 4255 1007 4310 in
1056 4271 1123 4311 ea
1184 4257 1474 4314 vocatione
1533 4275 1642 4328 qua

42 4354 281 4400 vocatus
317 4354 420 4411 est,
463 4346 671 4416 absque
698 4347 948 4414 crimine,
987 4356 1041 4403 et
1076 4351 1444 4407 accusatione.
1478 4351 1641 4407 Mise-

40 4452 165 4492 rere
191 4437 361 4492 etiam
386 4437 666 4492 tenuitatis
692 4453 828 4494 mea:
854 4441 1156 4497 secundum
1181 4444 1636 4508 misericordiam,

1870 545 2128 604 Sacerdos
2153 551 2357 607 elevans
2381 571 2575 610 vocem.
2603 555 2669 611 Et
2690 573 2975 627 conserva,
3008 561 3260 632 Domine,
3293 581 3392 634 po-

1796 640 1984 708 pulum
2019 651 2172 698 tuum
2199 646 2437 714 ﬁdelem,
2463 657 2518 704 et
2541 649 2715 706 libera
2742 667 2844 708 nos
2873 654 2942 708 ab
2974 657 3235 712 omnibus
3266 674 3388 711 ma-

1796 730 1935 785 culis
1960 740 2012 786 et
2044 734 2210 789 ntevis
2233 738 2461 805 peccati,
2484 748 2538 794 et
2563 741 2632 795 ab
2649 743 2799 797 omni
2831 760 3029 814 genere
3051 747 3382 813 amittionis.

1792 828 1847 874 et
1873 823 2370 883 machinationibus
2398 830 2559 886 malis
2603 842 2658 886 et
2696 834 3023 903 perniciosis
3069 837 3382 894 daemonum

1791 925 1844 969 et
1878 915 2162 972 hominum
2211 936 2469 990 nequam,
2513 933 2569 978 et
2601 925 2670 979 ab
2701 927 2959 982 omnibus
2984 928 3267 985 doloribus
3298 933 3382 986 in-

1791 1007 2202 1073 tolerabilibus;
2250 1027 2281 1065 a
2329 1014 2615 1084 tyrannide
2647 1018 2919 1087 capitibus
2956 1021 3160 1076 nostris
3202 1022 3382 1092 impo-

1789 1099 1914 1164 sita,
1967 1110 2021 1156 et
2068 1105 2464 1161 tentationibus
2507 1107 2849 1177 gravissimis
2883 1125 2986 1165 nos
3015 1111 3196 1181 eripe:
3226 1123 3281 1168 et
3308 1115 3378 1170 da

1788 1193 1966 1257 nobis,
2020 1204 2081 1248 ut
2120 1211 2244 1250 cum
2277 1208 2474 1254 ornatu
2509 1216 2737 1271 operum
2784 1202 3054 1257 bonorum
3095 1215 3151 1259 et
3189 1205 3377 1260 beato-

1785 1297 1930 1350 rum,
1962 1286 2335 1356 ingrediamur
2361 1292 2414 1345 in
2444 1294 2760 1348 sanctuaria
2786 1303 2878 1350 tua
2911 1307 3120 1364 sancta,
3155 1308 3209 1354 et
3237 1315 3376 1368 prve-

1783 1373 1931 1428 clare
1957 1377 2293 1445 gaudeamus
2328 1382 2488 1438 donis
2535 1385 2937 1454 spiritualibus,
2982 1396 3036 1443 et
3073 1389 3238 1444 simul
3283 1408 3375 1446 sa-

1783 1466 2093 1524 criﬁcemus
2140 1471 2241 1525 tibi
2301 1475 2569 1530 sacriﬁcia
2620 1478 3020 1546 a’cceptabilia,
3065 1489 3119 1535 et
3163 1481 3369 1538 indesi-

1781 1567 1970 1613 nenter
1986 1562 2192 1630 gratias
2223 1578 2453 1634 agamus
2484 1567 2578 1622 tibi
2601 1578 2654 1624 et
2678 1570 2961 1641 unigenito
2992 1570 3130 1628 Filio
3164 1583 3277 1630 tuo.

1847 1651 2110 1722 Populus.
2143 1655 2334 1710 Amen.

1850 1744 2111 1800 Sacerdos
2139 1747 2448 1804 inclinatus.
2481 1749 2753 1807 Memento
2790 1753 3039 1820 Domine,
3070 1771 3368 1828 congrega-

1701 1817 1746 1874 Β
1773 1838 1938 1895 tionis
1953 1841 2117 1911 hujus
2133 1843 2427 1901 benedicta:
2443 1847 2785 1903 adorantium
2806 1857 2874 1916 te,
2889 1865 3010 1921 quae
3027 1866 3151 1904 cum
3171 1852 3367 1908 timore

1771 1938 1827 1984 et
1856 1931 1960 1987 ﬁde
1993 1933 2047 1986 in
2067 1941 2138 1998 te,
2158 1944 2265 1990 stat
2295 1952 2482 1992 coram
2507 1949 2595 1993 te:
2619 1949 2673 1994 et
2697 1942 2940 2009 illorum,
2967 1943 3058 2012 qui
3084 1945 3364 2003 orationes

1770 2025 2104 2083 inﬁrmitatis
2129 2038 2327 2085 nostra:
2349 2032 2644 2100 postulant.
2667 2032 2960 2102 Memento,
2985 2034 3230 2104 Domine,
3245 2052 3365 2092 omo

1769 2120 1923 2175 nium
1966 2121 2333 2190 generaliter,
2389 2131 2444 2178 et
2485 2125 2920 2198 uniuscujusque
2969 2129 3361 2199 singulariter,

1768 2211 1915 2281 quod
1972 2211 2106 2280 ipsis
2146 2211 2503 2282 adjumento,
2552 2217 3037 2288 necessariumque
3091 2235 3213 2276 esse
3262 2237 3363 2291 po-

1766 2312 1895 2368 test,
1926 2303 2252 2358 concedens.
2300 2303 2503 2360 Eorum
2532 2306 2696 2361 etiam
2742 2309 2836 2378 qui
2870 2310 3126 2378 praeclare
3169 2321 3359 2383 agunt,

1765 2403 1820 2449 et
1857 2395 1953 2465 qui
2003 2396 2316 2465 producunt
2382 2394 2598 2453 fructus
2653 2397 2912 2454 Ecclesiae
2958 2409 3065 2455 tua:
3112 2412 3355 2469 sanctae;

1764 2501 1954 2542 eorum
1988 2489 2152 2542 etiam
2184 2489 2279 2558 qui
2306 2489 2614 2546 oblationes
2647 2491 2965 2546 obtulerunt
3013 2508 3121 2547 non
3163 2493 3358 2549 oblivi-

1765 2594 1951 2634 scere:
1988 2588 2042 2634 et
2087 2579 2326 2647 illorum,
2373 2580 2468 2651 qui
2495 2580 2692 2636 offerre
2720 2581 3011 2638 voluerunt
3038 2591 3093 2637 et
3121 2597 3231 2638 non
3260 2599 3359 2654 po-

1763 2680 2008 2737 tuerunt,
2045 2672 2354 2728 recordare.

1831 2763 2094 2834 Populus.
2126 2763 2312 2836 Kyrie,
2356 2765 2584 2821 eleison.

1834 2855 2090 2911 Sacerdos
2121 2857 2326 2911 elevans
2349 2873 2544 2914 vocem.
2568 2856 2815 2930 Suscipe,
2849 2858 3097 2928 Domine,
3124 2861 3354 2916 oblatio-

1761 2963 1879 3014 nes,
1921 2948 2163 3004 decimas
2189 2957 2244 3004 et
2272 2950 2567 3020 primitias,
2609 2948 2935 3020 fructusque
2971 2953 3143 3022 pacis,
3181 2953 3356 3009 sacri--

1759 3041 2010 3096 liciorum
2061 3055 2344 3096 servorum
2382 3051 2601 3096 tuorum
2652 3041 2706 3096 in
2750 3042 2971 3097 odorem
3015 3045 3349 3112 suavitatis,

1759 3144 1816 3190 et
1852 3135 2094 3189 retribue
2137 3147 2300 3205 atque
2335 3135 2493 3189 mitte
2525 3133 2706 3200 nobis,
2758 3149 2792 3188 o
2843 3135 3142 3190 retributor
3183 3137 3347 3202 bone,

1760 3228 1990 3297 gratiam
2026 3227 2321 3292 donorum,
2353 3225 2878 3296 amplitudinemque
2907 3242 3196 3282 munerum
3225 3245 3351 3299 quae

1759 3321 1826 3374 ad
1881 3320 2144 3374 auxilium
2200 3329 2451 3375 nostrum
2502 3327 2788 3389 spectant,
2845 3319 3349 3393 abundantiamque

1759 3421 2090 3468 aeternorum
2131 3411 2437 3473 bonorum,
2487 3410 2686 3464 divites
2724 3425 2826 3465 nos
2873 3419 2929 3464 et
2980 3411 3102 3468 illos
3140 3411 3348 3468 faciens

1757 3503 2014 3574 operibus
2059 3501 2299 3572 pietatis,
2337 3510 2391 3558 et
2417 3501 2674 3572 justitiazz
2704 3503 3084 3558 communiens
3115 3519 3217 3560 nos
3248 3521 3348 3560 cu-

1757 3597 1950 3652 stodiis
1995 3595 2290 3665 angelicis,
2334 3603 2388 3649 et
2435 3609 2530 3664 per
2580 3593 2984 3650 confessionem
3024 3596 3346 3652 immacula-

1755 3702 1866 3747 tam
1906 3699 1961 3746 et
2003 3690 2393 3761 apostolicam:
2440 3689 2570 3760 quia
2599 3697 2654 3743 tu
2692 3689 3013 3760 magniﬁcus
3049 3691 3104 3745 in
3149 3706 3345 3746 mune-

1752 3783 1907 3839 ribus
1950 3797 2031 3849 es,
2088 3782 2294 3852 tibique
2336 3781 2567 3852 gloriam
2613 3788 2668 3835 et
2714 3780 3013 3850 gratiarum
3068 3782 3341 3838 actionem

1751 3875 2068 3943 referimus,
2100 3885 2154 3930 et
2187 3876 2468 3946 unigenito
2490 3873 2629 3929 Filio
2651 3884 2766 3939 tuo,
2803 3883 2859 3930 et
2888 3873 3114 3945 Spiritui
3150 3886 3342 3934 sancto

1751 3980 1864 4025 tuo.
2143 4025 2146 4027 λ

1823 4062 2084 4133 Populus.
2133 4061 2332 4118 Amen.

1821 4156 2082 4212 Sacerdos
2128 4156 2440 4209 inclinatus.
2487 4154 2790 4221 Memento,
2836 4153 3083 4222 Domine,
3126 4155 3336 4228 Regum

1749 4247 1990 4303 ﬁdelium
2033 4244 2499 4312 Orthodoxorum,
2543 4255 2598 4301 et
2639 4246 2866 4315 pacifica
2910 4247 3200 4315 imperium
3241 4261 3338 4303 eo-

1747 4355 1910 4407 rum,
1960 4348 2014 4395 et
2063 4340 2130 4395 da
2165 4339 2271 4394 illis
2315 4347 2378 4394 ut
2416 4338 2664 4394 subditos
2703 4338 2807 4394 sibi
2857 4343 3162 4408 gubernem
3208 4354 3335 4394 cum

1747 4427 2024 4498 aequitate.

40 4540 94 4585 et
123 4531 505 4596 clementiam,
539 4549 716 4604 neque
741 4534 906 4589 simul
936 4535 1132 4605 perdas
1163 4553 1251 4592 me
1279 4554 1402 4593 cum
1435 4539 1640 4610 iniqui-

1817 4519 2076 4591 Populus.
2121 4518 2305 4592 Kyrie,
2335 4518 2564 4574 eleison.

40 4626 253 4680 tatibus
297 4625 459 4693 meis,
501 4629 598 4683 sed
625 4629 823 4684 exhibe
855 4643 984 4700 erga
1019 4644 1106 4684 me
1135 4630 1432 4687 bonitatem
1467 4641 1636 4700 tuam,

39 4719 306 4788 quamvis
345 4721 448 4773 sim
484 4721 779 4793 indignus:
826 4724 977 4777 salva
1008 4739 1096 4777 me
1122 4725 1424 4779 secundum
1454 4726 1640 4780 multi-

38 4813 294 4866 tudinem
337 4811 722 4868 misericordiae
753 4824 879 4879 tute,
923 4823 983 4870 ut
1016 4831 1112 4885 per
1135 4816 1318 4871 omnia
1341 4817 1636 4887 gloriﬁcem

37 4916 91 4962 te
130 4906 396 4962 omnibus
425 4907 620 4962 diebus
653 4907 778 4962 vitae
805 4923 969 4964 mete:
1007 4919 1067 4964 ut
1105 4925 1136 4965 a
1164 4910 1400 4966 terrenis
1425 4911 1635 4981 cogita-

39 4999 294 5053 tionibus
306 5014 393 5052 me
411 5011 712 5066 removeas,
741 5016 1023 5072 purusque
1039 5013 1094 5057 et
1122 5003 1348 5068 nitidus,
1363 5015 1414 5058 et
1431 5004 1638 5073 absque

38 5093 263 5148 macula
306 5092 448 5155 sim,
490 5099 543 5144 et
583 5092 724 5147 sicut
767 5093 1063 5162 vigilantia:
1103 5094 1156 5147 in
1197 5095 1506 5150 ministerio
1546 5111 1635 5149 re-

36 5187 262 5254 quisita:
286 5186 560 5250 convenit,
598 5194 787 5240 sancte
812 5194 1039 5240 tractem
1071 5186 1185 5241 haec
1210 5187 1488 5257 mysteria.
1528 5186 1634 5240 Pro

36 5281 147 5334 illis
195 5281 368 5334 etiam
409 5279 501 5350 qui
542 5278 890 5333 inﬁrmantur
930 5294 1176 5349 corpore,
1222 5288 1277 5335 et
1315 5281 1531 5345 anima,
1582 5290 1636 5334 et

33 5390 138 5444 pro
181 5374 298 5427 illis
341 5373 568 5442 reliquis
614 5373 710 5442 qui
757 5373 810 5426 in
865 5372 1282 5443 purgationibus
1337 5372 1632 5438 timendis,

35 5466 306 5535 periculis
328 5466 535 5521 scilicet
573 5467 895 5536 exsiliisque
928 5476 1245 5531 versantur,
1281 5475 1341 5520 ut
1369 5466 1476 5522 illis
1510 5467 1634 5536 qui-

34 5556 162 5609 dem
197 5556 517 5619 sanitatem,
560 5566 614 5611 et
644 5558 1085 5627 respirationem,
1130 5557 1248 5611 istis
1295 5573 1426 5612 vero
1467 5557 1634 5611 liber-

35 5657 207 5702 tatem
242 5657 299 5702 et
331 5648 709 5704 liberationem
748 5649 1039 5705 concedas.
1082 5649 1315 5704 Benedic
1347 5650 1510 5703 etiam
1547 5664 1634 5704 co-

36 5755 194 5794 ronae
233 5741 364 5794 anni
416 5756 512 5811 per
557 5741 947 5812 benignitatem
994 5751 1177 5808 tuam;
1225 5743 1368 5796 aeris
1411 5757 1634 5814 quoque

33 5846 85 5888 ct
114 5834 367 5891 omnium
397 5845 554 5891 terrae
575 5835 864 5902 fructuum,
886 5846 1150 5907 perpetuo
1180 5835 1488 5892 recordare.
1542 5875 1546 5879 -

1773 4635 1776 4638 ’
1814 4631 2072 4688 Sacerdos
2122 4631 2326 4686 elevans
2375 4645 2571 4684 vocem.
2639 4626 2942 4693 Defensor,
2987 4638 3042 4684 et
3090 4629 3333 4685 salvator

1741 4734 1879 4791 esto,
1909 4724 2156 4792 Domine,
2187 4723 2444 4779 Ecclesia:
2467 4731 2572 4778 tuae
2601 4730 2823 4786 sanctae,
2843 4729 2897 4776 et
2921 4721 3178 4777 omnibus
3208 4723 3330 4777 ovi-

1741 4819 1847 4874 bus
1882 4817 2259 4889 spiritualibus
2284 4832 2502 4886 pascuae
2530 4825 2667 4884 tuae;
2697 4825 2751 4870 et
2783 4815 2933 4870 salva
2963 4829 3065 4871 nos
3088 4831 3186 4886 per
3211 4816 3328 4872 for-

1740 4911 2024 4965 titudinem
2051 4920 2222 4976 tuam,
2260 4909 2348 4963 cui
2379 4907 2514 4962 nihil
2545 4905 2884 4976 impossibile
2911 4915 3016 4970 est,
3068 4907 3138 4961 ab
3175 4907 3327 4962 omni

1739 5003 1884 5058 fame
1925 5003 2159 5068 acerba,
2214 5001 2542 5057 mortalitate
2593 4998 2938 5069 perniciosa,
2991 5013 3022 5051 a
3071 4998 3229 5054 bellis
3272 5008 3328 5054 et

1740 5095 2110 5161 tumultibus,
2176 5110 2206 5148 a
2266 5091 2739 5162 persecutionibus
2782 5091 3120 5156 exitialibus,
3157 5098 3212 5145 et
3269 5091 3322 5145 in

1740 5187 2129 5256 tranquillitate
2157 5195 2212 5240 et
2249 5201 2384 5254 pace
2433 5184 2676 5252 guberna
2717 5197 2820 5238 nos
2857 5198 2980 5237 cum
3015 5198 3169 5248 cura,
3201 5199 3324 5236 om-

1738 5282 1902 5337 nibus
1931 5280 2126 5336 diebus
2148 5281 2271 5334 vita:
2308 5287 2534 5344 nostrae,
2583 5277 2710 5346 quia
2749 5292 2859 5330 non
2894 5285 2978 5331 est
3010 5277 3172 5331 nobis
3198 5293 3323 5345 spes

1736 5372 1843 5426 alia
1876 5371 2104 5425 salutem
2135 5367 2528 5438 consequendi,
2566 5366 2674 5421 nisi
2719 5367 2776 5420 in
2817 5377 2890 5431 te,
2923 5365 3174 5420 Domine.
3221 5365 3324 5421 Dc-

1737 5475 1886 5520 strue
1915 5465 2079 5520 etiam
2102 5479 2196 5533 per
2224 5461 2522 5533 potentiam
2554 5470 2725 5523 tuam,
2764 5461 3060 5530 potentiam
3087 5459 3313 5514 illorum

1736 5557 1829 5628 qui
1865 5565 2012 5611 stant
2039 5556 2328 5610 adversum
2350 5553 2637 5623 imperium
2668 5561 2846 5616 tuum,
2871 5558 2926 5606 et
2959 5565 3320 5621 unumquem-

1733 5665 1841 5718 que
1885 5647 2095 5718 subjice
2140 5645 2388 5702 servituti
2431 5645 2674 5700 nominis
2711 5644 2791 5698 tui
2836 5643 3054 5698 sancti:
3085 5642 3212 5713 quia
3260 5650 3318 5696 tu

1733 5743 1910 5798 victor
1939 5757 2020 5808 es,
2053 5749 2107 5796 et
2145 5741 2374 5796 bellator
2403 5739 2573 5805 solus,
2627 5748 2681 5795 et
2715 5738 2808 5795 tibi
2842 5737 3067 5809 gloriam
3098 5743 3154 5791 et
3190 5749 3318 5807 gra-

1738 5836 1933 5892 tiarum
1965 5834 2235 5891 actionem
2263 5831 2575 5890 referimus.
