3806 6208
425 346 538 404 975

505 460 761 531 Populus.
795 459 987 515 Amen.

503 553 764 610 Sacerdos
785 553 1096 608 inclinatus.
1124 551 1658 613 Commemorantes,
1696 548 2018 604 memoriam

431 646 646 715 agimus
671 659 854 699 coram
896 652 967 711 te,
1015 642 1265 708 Domine,
1319 651 1376 696 et
1415 643 1480 696 ad
1527 639 1928 697 obsecrantium
1971 648 2021 692 te

432 737 794 803 adducimus,
846 737 1083 806 primum
1140 735 1359 805 quidem
1415 743 1659 789 sanctam
1698 732 2017 802 genitricem

431 827 527 883 Dei
567 827 814 895 Mariam,
859 837 912 883 et
959 843 1351 899 praecursorem
1394 825 1660 880 Joannem
1695 823 2018 892 Baptistam,

436 919 774 986 Stephanum
823 918 1062 988 primum
1109 915 1495 981 Diaconorum,
1524 924 1578 970 et
1621 924 2020 985 prato-marty-

432 1027 573 1076 rem,
629 1026 936 1082 agmenque
975 1019 1293 1067 sanctorum
1334 1009 1753 1080 Prophetarum,
1786 1008 2022 1080 Aposto-

433 1105 652 1169 lorum,
710 1104 1047 1176 Martyrum,
1092 1104 1485 1160 Confessorum
1535 1115 1588 1158 et
1642 1104 1976 1173 reliquorum
2004 1144 2017 1167 ,

433 1215 669 1271 quorum
699 1199 922 1253 nomina
953 1199 1154 1268 scripta
1180 1206 1310 1252 sunt
1338 1198 1391 1250 in
1425 1197 1564 1251 libro
1593 1195 1734 1249 vitae.

503 1291 766 1361 Populus.
809 1289 992 1361 Kyrie,
1017 1290 1222 1345 eleison

504 1383 766 1440 Sacerdos
789 1383 994 1438 elevans
1018 1398 1212 1438 vocem.
1249 1380 1320 1436 Ut
1354 1382 1768 1452 deprecationes
1803 1379 2020 1434 illorum

435 1482 682 1541 tuorum,
710 1472 925 1544 placide
956 1473 1283 1543 suscipiens,
1316 1474 1594 1528 orationes
1616 1487 1808 1528 eorum
1840 1479 2024 1542 gratas

435 1569 624 1638 pietati
651 1576 758 1622 tuae
789 1575 1062 1636 acceptos.
1102 1563 1213 1620 Nos
1246 1581 1466 1636 quoque
1496 1565 1829 1636 coniunctim
1863 1564 2025 1618 obse-

435 1661 738 1716 crationem
781 1659 1155 1730 imperfectam
1192 1669 1472 1722 nostram,
1523 1674 1712 1714 coram
1755 1668 1809 1714 te
1857 1657 2023 1712 simul

434 1753 766 1808 effundimus
793 1794 808 1819 ,
862 1768 1231 1823 rogamusque
1274 1760 1328 1807 et
1380 1752 1773 1822 deprecamur,
1813 1759 1872 1804 ut
1911 1764 2022 1804 non

437 1855 652 1900 avertas
677 1844 868 1900 faciem
897 1853 1045 1900 tuam
1069 1860 1099 1898 a
1131 1845 1312 1909 nobis,
1345 1859 1524 1914 neque
1554 1844 1606 1898 in
1641 1845 1721 1897 ira
1751 1841 2023 1914 elongeris

436 1953 468 1992 a
501 1938 690 1993 nobis:
739 1955 846 1993 non
900 1939 954 1992 in
1001 1935 1186 1992 furore
1216 1947 1314 1992 tuo
1339 1937 1624 2006 disperdas
1665 1951 1786 2000 nos,
1831 1951 2022 1990 verum

437 2035 740 2090 secundum
774 2033 1206 2088 benevolentiam
1241 2042 1390 2088 tuam
1424 2031 1643 2102 posside
1671 2046 1792 2094 nos,
1839 2039 1893 2084 et
1928 2044 2026 2100 per

438 2126 830 2183 abundantiam
871 2125 1134 2181 bonitatis
1181 2134 1307 2190 tuaa,
1347 2140 1511 2195 parce
1542 2123 1723 2178 nobis.
1772 2121 2023 2177 lllumina

436 2221 649 2274 vultum
685 2229 838 2274 tuum
886 2234 1052 2288 super
1093 2233 1213 2283 nos,
1259 2227 1314 2271 et
1361 2232 1525 2287 super
1555 2231 1772 2271 omnem
1812 2214 2026 2284 plebem

439 2313 774 2368 hereditatis
804 2321 930 2379 tum,
973 2311 1101 2381 quia
1133 2311 1230 2366 tibi
1266 2311 1438 2380 placet
1473 2310 1703 2364 salutem
1745 2316 2025 2378 praestare,

437 2411 492 2458 et
521 2412 612 2458 tua
642 2415 726 2459 est
755 2419 860 2474 pax
893 2412 948 2458 et
986 2403 1168 2458 salus:
1217 2402 1425 2473 tibique
1468 2403 1698 2474 gloriam
1735 2413 1790 2456 et
1827 2400 2028 2470 gratia-

441 2512 561 2549 rum
595 2495 864 2550 actionem
903 2494 1203 2561 otl'erimus,
1244 2505 1297 2549 et
1329 2495 1610 2564 unigenito
1641 2492 1780 2547 Filio
1812 2503 1925 2547 tuo.

513 2586 768 2656 Populus.
810 2589 1004 2642 Amen.

513 2680 772 2736 Sacerdos
792 2679 1103 2734 inclinatus.
1127 2679 1399 2735 Memento
1429 2679 1612 2743 etiam,
1642 2677 1894 2744 Domine,
1923 2677 2029 2732 Pa--

441 2786 585 2830 trum
633 2773 928 2829 electorum
978 2785 1030 2828 et
1083 2785 1423 2839 sanctorum,
1461 2771 1932 2839 Patriarcharum,
1978 2780 2033 2826 et

442 2883 630 2921 eorum
655 2866 747 2937 qui
774 2866 1098 2936 interpretes
1129 2877 1183 2922 et
1213 2865 1448 2920 ministri
1489 2863 1712 2919 fuerunt
1741 2865 2031 2935 mysterio-

441 2974 566 3012 rum
596 2971 879 3013 sacrorum
912 2955 1168 3012 Ecclesia:
1203 2965 1310 3012 tua:
1351 2965 1582 3011 sanctae:
1625 2955 1864 3011 maxime
1905 2971 2032 3010 vero

444 3050 658 3119 lgnatii,
685 3048 950 3119 Dionysii,
991 3047 1145 3114 Julii,
1179 3047 1486 3114 Athanasii,
1518 3046 1729 3114 Basilii,
1757 3045 2028 3117 Gregorii,

447 3139 714 3206 Dioscori,
764 3137 984 3204 Severi,
1026 3139 1362 3208 reliquorum
1401 3137 1786 3208 Apostolorum
1832 3147 1886 3191 et
1928 3136 2028 3191 Pa-
2058 3165 2100 3220 ρ

448 3240 680 3295 storum,
710 3231 804 3301 qui
841 3230 908 3285 ad
943 3239 995 3286 te
1028 3231 1420 3302 migraverunt.

521 3323 777 3392 Populus.
810 3323 994 3394 Kyrie,
1033 3323 1263 3380 eleison.

521 3416 779 3472 Sacerdos
829 3419 1034 3472 elevans
1064 3434 1258 3473 vocem.
1304 3417 1583 3483 Doctores,
1623 3416 1942 3488 EpiscOpos,
1977 3428 2033 3473 et

449 3519 690 3566 rectores
715 3511 896 3566 ovium
930 3511 1320 3580 spiritualium,
1346 3525 1569 3582 gregum
1601 3519 1820 3565 tuorum
1851 3526 2034 3566 sacer-

452 3599 716 3654 dotalium
747 3601 984 3670 suscipe,
1029 3599 1278 3666 Domine,
1321 3609 1375 3654 et
1409 3615 1503 3655 eos
1537 3601 1632 3670 qui
1661 3616 1786 3655 cum
1827 3601 2033 3657 sancti-

454 3699 562 3745 tate
611 3691 884 3762 primitias
911 3733 924 3758 ,
963 3706 1116 3747 more
1171 3693 1510 3763 apostolico,
1557 3705 1816 3762 ceperunt
1864 3694 2035 3749 haere-

453 3784 641 3838 ditatis
686 3784 925 3854 paciﬁca:
952 3825 968 3851 ,
1012 3784 1367 3856 Theologiam
1437 3785 1644 3840 scilicet
1708 3787 2033 3856 acquisitam

454 3877 722 3946 sanguine
749 3877 972 3930 salutari
1008 3875 1211 3932 Christi
1244 3877 1507 3948 unigeniti
1541 3876 1664 3931 Filii
1689 3879 1801 3932 tui:
1845 3894 2035 3934 eorum

457 3967 550 4036 qui
596 3967 650 4020 in
690 3965 950 4022 Ecclesiis
997 3967 1104 4022 tuis
1134 3969 1339 4024 sanctis
1379 3969 1790 4028 exulicaverunt
1829 3971 2036 4037 verbis,

455 4061 686 4129 gloriam
721 4059 1135 4130 magniﬁcentiae
1172 4061 1323 4132 regni
1370 4061 1448 4115 tui
1493 4061 1752 4130 gloriosi,
1793 4071 1848 4118 et
1874 4076 2038 4134 super

456 4151 874 4205 fundamentum
913 4151 1036 4206 fidei
1066 4152 1471 4207 aediﬁcaverunt
1499 4154 1784 4209 scientiam
1821 4155 2039 4209 univer-

459 4258 576 4297 sam
624 4257 764 4296 verze
801 4242 1119 4312 religionis,
1174 4243 1560 4314 salubremque
1597 4245 1942 4301 doctrinam:
1983 4254 2038 4300 ut

459 4351 554 4404 per
599 4335 1019 4390 intercessiones
1069 4350 1260 4390 eorum
1312 4349 1478 4405 puras
1533 4345 1588 4392 et
1638 4338 2037 4408 acceptabiles,

459 4427 723 4492 Domine,
773 4443 880 4481 non
934 4427 1212 4497 relinquas
1262 4443 1364 4484 nos
1406 4429 1685 4499 expositos
1736 4431 1951 4486 insidiis
1986 4442 2039 4486 et

2045 464 2094 514 Α

1721 336 2054 396 LlTURClA
2105 336 2164 390 S.
2214 332 2489 390 IGNATII.

3617 317 3723 371 976

2193 451 2452 506 Sacerdos
2479 447 2683 502 elevans
2710 460 2901 500 eoum.
2935 438 3149 496 Placide
3176 445 3232 493 et
3258 437 3564 506 tranquille
3593 450 3722 496 sus-

2121 546 2241 615 cipe
2290 559 2388 616 per
2434 539 2825 610 benignitatem
2867 545 3055 601 tuam,
3105 532 3355 597 Domine,
3391 530 3628 592 animas
3674 540 3725 584 es

2123 637 2350 706 spiritus
2385 648 2668 690 servorum
2706 638 2766 706 et
2804 627 3159 684 adoratorum
3216 634 3445 684 tuorum
3513 623 3617 691 qui
3660 635 3725 677 ex

2122 703 2225 783 hac
2254 724 2505 798 praesenti
2537 723 2645 780 vita
2672 703 2740 778 ad
2775 730 2826 776 te
2858 719 3258 791 migraverunt:
3297 713 3552 772 maxime
3591 727 3730 768 vero

2123 821 2338 874 illorum
2383 832 2482 888 pro
2532 815 2734 887 quibus
2777 823 2832 869 et
2877 829 2973 883 per
3030 825 3170 882 quos
3219 806 3564 868 sacriﬁcium
3621 805 3730 858 hoc

2122 912 2363 965 oblatum
2395 918 2450 964 et
2477 908 2774 980 perfectum
2795 914 2898 962 est.
2929 903 3201 961 Memento
3221 915 3444 963 eorum,
3479 898 3730 966 quietem

2123 1004 2231 1058 illis
2266 1010 2487 1073 praesta,
2531 1009 2586 1056 et
2616 999 2824 1055 colloca
2865 1012 2962 1053 eos
2999 996 3054 1056 in
3093 993 3430 1052 habitaculis
3459 991 3637 1057 lucis,
3675 990 3732 1042 in

2122 1097 2260 1152 locis
2299 1096 2591 1166 spirituum
2643 1093 2926 1149 beatorum
2954 1133 2968 1158 ,
3019 1090 3074 1144 in
3114 1087 3424 1146 Jerusalem
3485 1085 3730 1148 cii-Jesu,

2125 1190 2178 1243 in
2206 1188 2448 1244 Ecclesia
2477 1184 2964 1258 primogenitorum
3006 1183 3405 1252 descriptorum
3449 1182 3512 1235 in
3545 1181 3731 1241 cadis,

2124 1278 2558 1347 memoriamque
2604 1285 2661 1330 et
2728 1274 2968 1344 quietem
3020 1273 3257 1327 maxime
3309 1271 3582 1334 felicem,
3637 1285 3732 1338 per

2125 1385 2368 1426 amorem
2402 1378 2555 1424 tuum
2581 1381 2709 1437 erga
2734 1365 2984 1426 homines
3014 1372 3278 1434 praestans
3301 1362 3440 1426 illis,
3470 1359 3730 1422 Domine,

2123 1464 2362 1520 concede
2391 1461 2500 1518 illis
2528 1460 2698 1518 vitam
2728 1460 2865 1515 senii
2887 1467 3187 1530 expertem.
3219 1456 3364 1510 bona
3392 1468 3518 1512 non
3548 1463 3737 1506 trans-

2123 1558 2310 1615 euntia
2337 1598 2351 1622 ,
2405 1563 2460 1612 et
2505 1553 2731 1611 delicias
2778 1551 2943 1609 ﬁnem
2995 1565 3106 1606 non
3147 1549 3433 1606 habentes.
3495 1544 3739 1602 Veniam

2125 1649 2410 1708 obtineant
2458 1660 2553 1716 per
2593 1642 2943 1702 clementiam
2987 1649 3175 1700 tuam:
3229 1638 3480 1708 quietem
3527 1650 3737 1694 conse-

2124 1751 2366 1815 quantur
2421 1755 2516 1810 per
2571 1735 3004 1798 misericordiam
3051 1743 3243 1796 tuam:
3302 1729 3740 1794 abscondantur

2127 1837 2232 1894 sub
2269 1835 2371 1890 alis
2413 1832 2600 1905 gratia;
2653 1841 2794 1894 tuae,
2841 1843 3018 1900 neque
3061 1826 3560 1882 condemnentur:
3607 1825 3744 1893 quia

2127 1934 2486 2000 speraverunt
2523 1925 2578 1978 in
2623 1933 2700 1988 te,
2741 1931 2796 1978 et
2836 1922 2890 1976 in
2922 1919 3258 1992 unigenitum
3290 1916 3503 1974 Filium
3551 1928 3741 1979 tuum,

2126 2038 2223 2092 per
2246 2035 2410 2091 quem
2439 2033 2541 2074 nos
2564 2030 2784 2088 quoque
2815 2027 3104 2085 speramus
3125 2009 3581 2070 misericordiam
3611 2024 3744 2064 con-

2128 2114 2306 2184 sequi,
2337 2123 2441 2169 etc.

2193 2205 2452 2274 Populus.
2487 2202 2738 2271 Quietem
2767 2209 2986 2272 praesta.
3594 2267 3616 2278 _

2202 2297 2460 2356 Sacerdos
2510 2295 2824 2354 inclinatus.
2881 2292 3086 2356 Parce,
3150 2289 3383 2347 Domine
3427 2287 3625 2353 Dens,
3691 2296 3746 2341 et

2128 2390 2341 2446 dimitte
2371 2403 2563 2445 omnes
2596 2387 2913 2458 iniquitates
2943 2394 3188 2449 nostras,
3237 2391 3293 2438 et
3330 2383 3590 2450 illorum,
3642 2397 3743 2436 nec

2129 2499 2235 2554 que
2265 2483 2388 2539 illas
2417 2483 2675 2552 imputes,
2703 2481 2830 2551 quia
2854 2495 2961 2536 non
2983 2478 3316 2549 justiﬁeatur
3344 2477 3400 2531 in
3424 2484 3746 2547 conspecm

2131 2585 2225 2630 tuo
2249 2575 2430 2630 omnis
2456 2575 2662 2640 vivens,
2691 2588 2868 2643 neque
2899 2572 3045 2628 ullus
3073 2580 3156 2626 est
3181 2585 3354 2640 purus
3381 2586 3413 2624 a
3443 2570 3743 2632 sordibus,

2131 2678 2184 2723 et
2211 2668 2440 2723 maculis
2468 2665 2701 2736 peccati,
2731 2665 2836 2720 nisi
2863 2672 2946 2729 tu,
2973 2661 3220 2724 Domine.
3264 2659 3662 2717 Obsecramus
3687 2672 3744 2715 et

2131 2761 2488 2830 deprecamur
2532 2758 2792 2830 abyssum
2833 2754 3362 2824 imperscrutabilem
3418 2755 3748 2810 clementia:

2134 2860 2260 2915 tuas,
2293 2859 2350 2906 ut
2383 2849 2539 2905 nobis
2570 2848 2830 2914 inﬁrmis,
2875 2855 2929 2902 et
2969 2847 3035 2900 ad
3077 2855 3360 2916 peccatum
3409 2849 3744 2917 propensis,

2133 2943 2348 2997 veniam
2401 2941 2673 2998 concedas
2715 2955 2811 3010 per
2856 2939 3294 2998 misericordiam
3325 2947 3512 3004 tuam,
3558 2956 3746 3010 neque

2132 3033 2378 3088 dimittas
2423 3048 2524 3087 nos
2570 3032 2625 3085 in
2677 3031 2934 3086 manibus
2980 3045 3012 3086 a
3049 3030 3252 3100 quibus
3285 3030 3648 3100 abripiamur
3687 3035 3743 3087 in

2134 3141 2375 3180 errorem
2403 3125 2794 3195 perniciosum,
2823 3124 2916 3194 qui
2939 3137 3041 3179 nos
3065 3123 3135 3178 ad
3163 3123 3451 3178 interitum
3473 3123 3738 3179 deducat.

2137 3217 2242 3274 Sed
2274 3219 2514 3275 concede
2553 3227 2614 3274 ut
2639 3218 2957 3290 gradiamur
2984 3219 3038 3280 in
3069 3218 3172 3274 viis
3198 3218 3328 3284 tuis,
3379 3228 3436 3274 et
3463 3217 3743 3274 faciamus

2134 3311 2469 3368 voluntatem
2509 3319 2657 3373 tuam
2682 3352 2698 3376 ,
2756 3310 3208 3381 invenianiusque
3249 3310 3744 3374 misericordiam,

2136 3403 2297 3466 ﬁnem
2345 3403 2723 3473 tranquillum,
2768 3402 3132 3473 ﬁduciamque
3169 3402 3263 3460 tibi
3300 3402 3650 3473 placentem,
3694 3415 3748 3459 et

2136 3493 2550 3552 consistentiam
2592 3493 2802 3563 absque
2849 3491 3174 3548 confusione
3214 3507 3401 3548 coram
3438 3494 3588 3548 solio
3635 3504 3750 3548 ter.

2137 3583 2280 3638 ribili
2313 3584 2575 3656 unigeniti
2609 3583 2732 3638 Filii
2761 3585 2863 3651 tui,
2895 3594 2954 3639 ut
2976 3585 3031 3640 in
3056 3585 3180 3650 hoc,
3211 3585 3360 3640 sicut
3385 3593 3444 3640 et
3469 3585 3530 3640 in
3554 3588 3749 3641 omni-

2139 3673 2285 3741 bus,
2330 3674 2662 3745 gloriﬁcetur
2690 3681 2747 3728 et
2794 3673 3048 3730 laudetur
3103 3688 3302 3731 nomen
3366 3682 3534 3730 tuum
3583 3675 3752 3729 valde

2140 3767 2519 3822 honorandum
2547 3776 2600 3822 et
2628 3767 2999 3830 benedictum,
3050 3766 3326 3836 simulque
3368 3764 3605 3822 Domini
3648 3784 3751 3822 no-

2141 3857 2236 3913 stri
2265 3855 2396 3913 Jesu
2424 3856 2628 3912 Christi
2660 3867 2714 3913 et
2740 3857 2981 3930 Spiritus
3009 3857 3087 3912 tui
3116 3857 3313 3922 sancti,
3344 3873 3527 3922 nunc,
3561 3868 3677 3915 etc.

2211 3947 2469 4019 Populus.
2506 3947 2595 4016 Ut.

2212 4037 2494 4094 Sacerdos.
2524 4037 2660 4092 Pax.

2211 4128 2470 4200 Populus.
2502 4127 2570 4183 Et
2593 4144 2718 4184 eum
2752 4129 2949 4203 spiritu,
2979 4137 3091 4184 tuo.

2213 4223 2493 4280 Sacerdos.
2518 4221 2900 4278 Misericordia
2931 4221 3047 4286 Dei,
3074 4233 3180 4277 etc.

2213 4315 2470 4386 Populus.
2502 4314 2570 4370 Et
2603 4330 2729 4370 cum
2761 4313 2957 4384 spiritu
2983 4323 3100 4378 tuo.

2210 4407 2480 4464 Diaconus
2529 4407 2658 4464 dicit
2699 4406 3055 4462 Catholicam.
3108 4405 3371 4463 Sacerdos
3422 4409 3640 4481 frangit
3701 4422 3750 4466 et

461 4520 726 4590 decipulis
756 4520 973 4574 erroris
1005 4518 1359 4576 multiformis
1398 4519 1711 4591 dogmatum
1746 4521 2042 4590 reproban-
2071 4516 2122 4579 Β
2145 4502 2318 4570 δίθηαε
2353 4500 2623 4556 Oblatum-

460 4613 691 4667 dorum:
728 4627 918 4666 verum
955 4625 1050 4681 per
1096 4611 1402 4666 doctrinam
1429 4621 1645 4681 patrum
1675 4613 1893 4668 illorum
1937 4627 2041 4667 no-

460 4715 699 4760 strorum
726 4705 1033 4769 beatorum,
1075 4705 1340 4760 conﬁrma
1365 4721 1486 4769 nos,
1533 4714 1588 4760 et
1626 4705 1788 4760 ﬁdem
1824 4705 2042 4764 illorum

463 4793 631 4849 funda
673 4795 728 4849 in
772 4794 952 4858 nobis,
1002 4794 1270 4864 bonisque
1316 4811 1507 4850 eorum
1545 4810 1642 4851 eos
1673 4796 1868 4866 dignos
1895 4795 2044 4851 effice

367 4927 370 4930 .
461 4897 672 4942 etcum
717 4886 826 4942 illis
868 4884 1170 4941 referemus
1221 4886 1320 4940 tibi
1363 4887 1593 4957 gloriam
1647 4896 1702 4942 et
1745 4887 2043 4958 gratiarum

462 4979 755 5033 actionem.

533 5071 790 5141 Populus.
827 5070 1020 5125 Amen.

541 5165 800 5220 Sacerdos
830 5165 1140 5218 inclinatus.
1186 5162 1258 5218 Ut
1283 5165 1449 5220 etiam
1485 5179 1676 5219 eorum
1706 5165 2040 5229 memineris,

465 5259 558 5327 qui
585 5273 652 5312 ex
683 5258 785 5310 hac
813 5256 925 5310 vita
962 5256 1030 5310 ad
1063 5265 1114 5310 te
1148 5255 1543 5326 migraverunt,
1577 5264 1628 5310 te
1661 5255 2041 5326 deprecamur,

467 5345 730 5409 Domine.
765 5344 1122 5400 Sacerdotum
1172 5353 1227 5400 et
1269 5343 1636 5402 Diaconorum
1662 5387 1678 5410 ,
1715 5346 1809 5416 qui
1857 5360 2043 5406 coram

465 5438 626 5493 altari
651 5447 766 5505 tuo,
797 5436 1113 5492 Sacerdotio
1134 5446 1190 5492 et
1215 5438 1532 5493 ministerio.
1547 5437 1720 5494 functi
1741 5447 1887 5504 sunt,
1918 5453 2043 5498 cum

470 5531 708 5607 puritate
740 5539 796 5584 et
832 5529 1154 5585 sanctitate:
1200 5527 1695 5597 Subdiaconorum,
1731 5528 2041 5596 Lectorum,

470 5621 906 5693 Religiosorum,
957 5620 1383 5690 Monacborum,
1435 5631 1491 5678 et
1535 5623 1781 5680 omnium
1831 5637 2040 5688 eorum,

469 5727 607 5780 quos
637 5712 1014 5782 unusquisque
1044 5711 1228 5770 animo
1261 5725 1364 5768 suo
1397 5711 1663 5782 designat.

542 5799 795 5870 Populus.
844 5799 1028 5871 Kyrie,
1053 5801 1258 5858 eleison

2215 4595 2506 4650 Diaconos.
2535 4595 2796 4668 Angelus.

2267 4687 2526 4743 Sacerdos
2553 4688 2683 4742 dicit
2715 4687 3025 4749 Orationem
3053 4697 3174 4744 ante
3206 4686 3370 4744 Pater
3399 4696 3624 4751 noster.

2217 4778 2356 4835 Vere
2393 4779 2542 4836 enim
2574 4789 2628 4835 et
2655 4781 2863 4849 absque
2891 4781 3081 4848 dubio,
3127 4789 3184 4838 tu
3231 4795 3290 4835 es
3314 4777 3487 4847 Pater
3514 4791 3747 4836 sanctus

2145 4873 2272 4928 Filii
2308 4874 2504 4941 sancti,
2539 4874 2636 4944 qui
2678 4873 2972 4940 sanctitate
3001 4873 3231 4944 aequalis
3256 4882 3342 4929 est
3369 4889 3502 4928 cum
3530 4873 3744 4945 Spiritu

2145 4977 2371 5024 sancto:
2403 4967 2500 5039 qui
2551 4965 2791 5037 perfecte
2836 4976 2893 5023 et
2932 4981 3060 5024 cum
3103 4982 3322 5023 summa
3366 4977 3652 5036 potestate
3693 4971 3746 5022 in

2146 5060 2351 5116 sanctis
2375 5058 2696 5132 requiescis,
2747 5069 2802 5114 et
2835 5068 3097 5130 perpetuo
3125 5059 3604 5116 sanctificationes
3645 5076 3743 5115 eo-

2147 5165 2269 5205 rum
2321 5151 2414 5220 qui
2444 5159 2494 5206 te
2516 5150 2863 5207 sanetiﬁcant
2891 5151 3146 5220 suscipis.
3193 5149 3278 5205 Tu
3316 5166 3379 5207 es
3426 5148 3562 5206 fons
3591 5151 3743 5206 inco—

2145 5242 2430 5309 lumitatis,
2472 5251 2527 5297 et
2554 5245 2709 5314 origo
2745 5243 3098 5307 auxiliorum,
3133 5251 3192 5296 tu
3224 5257 3286 5296 es
3315 5241 3540 5312 genitor
3571 5243 3740 5297 mise—

2145 5335 2426 5402 ricordiae,
2477 5343 2533 5390 et
2571 5345 2723 5405 pater
2756 5335 3097 5400 clementiae,
3135 5336 3470 5400 miserator,
3529 5335 3740 5400 fautor,

2145 5427 2362 5497 adjutor
2401 5435 2458 5482 et
2488 5427 2804 5494 auxiliator,
2842 5442 3034 5482 curam
3073 5421 3285 5481 habens
3317 5442 3660 5496 pauperum,
3688 5438 3739 5481 et

2146 5519 2414 5590 refugium
2451 5517 2798 5586 alllictorum,
2843 5534 3028 5575 comes
3069 5519 3286 5574 itineris
3330 5521 3734 5590 navigantium,

2144 5621 2335 5684 portus
2381 5619 2435 5666 et
2481 5610 2698 5681 requies
2742 5611 3108 5680 jaCtatorum,
3163 5610 3442 5681 refugium
3485 5621 3738 5681 peccato-

2146 5723 2308 5761 rum:
2361 5702 2608 5759 medicus
2659 5703 2837 5758 bonus
2877 5702 3221 5758 inﬁrmorum
3257 5721 3271 5756 :
3313 5703 3416 5774 qui
3455 5718 3620 5757 amas
3661 5702 3735 5756 la-

2146 5811 2362 5868 crymas
2394 5793 2795 5867 ptenitentium,
2857 5794 3182 5852 emundator
3221 5793 3503 5863 sordium,
3543 5795 3599 5849 in
3632 5793 3735 5849 illis
