3806 6208
462 348 568 407 979

1915 344 1974 399 S.
2011 341 2271 400 [GNATII
3650 344 3729 398 νει

576 474 3739 511 W

1147 630 3044 846 ΜΑΡΤΥΡΙΟΝ

1601 972 1738 1029 ΤΟΥ
1766 973 1972 1028 ΑΓΙΟΥ
2001 972 2537 1028 ΙΕΡΟΜΔΡἸῪΡΟΣ

583 1194 1644 1372 ΙΓΝΑΤΙΟΥ
1719 1193 2159 1366 ΤΟΥ
2235 1185 3618 1368 ΘΕΟΦΟΡΟΥΜ)

1663 1687 2546 1805 MARTYRIUM

594 2100 597 2109 Ι
657 1972 1076 2065 SANCTI
1146 1971 2167 2093 HIEROMARTYRIS
2245 1973 2720 2064 IGNATII
2801 1970 3543 2067 THEOPHORI

1360 2214 1601 2279 (Hum,
1635 2215 1775 2266 Patr.
1799 2220 1976 2280 (ipost,
2011 2214 2089 2263 ed.
2119 2213 2170 2274 5,
2197 2212 2439 2278 Tublngs
2467 2213 2610 2278 18H,
2634 2212 2804 2277 in-8°.)

1380 2538 1423 2594 l.
1466 2538 1670 2610 lgnatii
1690 2556 1816 2593 cura
1841 2538 2128 2610 pastoralis
2150 2549 2200 2595 et
2232 2541 2483 2610 martyrii
2515 2539 2861 2596 desiderium

535 2698 673 2753 Cum
701 2711 812 2753 non
841 2697 917 2753 ita
947 2695 1156 2767 pridem
1199 2695 1492 2767 imperium
1535 2694 1911 2752 Romanorum
1940 2711 2036 2750 ex-

2218 2697 2380 2767 Ἀρτι
2422 2693 2811 2767 διαδεξαμένου
2852 2694 2950 2767 τὴν
2999 2693 3291 2767 Ῥωμαίων
3336 2693 3527 2767 ἀρχὴν
3555 2695 3752 2766 Τραϊα-

467 2792 704 2863 cepisset
733 2789 1031 2860 Traianus,
1062 2787 1325 2859 lgnatius,
1363 2788 1595 2867 apostoli
1623 2786 1854 2843 Joannis
1883 2787 2047 2842 disci-
2077 2771 2125 2830 Α

2203 2788 2243 2842 μῦ
2277 2787 2408 2859 (88),
2441 2788 2727 2858 Ἰγνάτιος,
2750 2788 2780 2841 ὁ
2809 2786 2906 2842 τοῦ
2946 2787 3243 2842 ἀποστόλου
3285 2788 3551 2841 Ἰωάννου
3589 2789 3750 2859 μαθη-

464 2885 651 2954 pulus,
680 2881 764 2937 vir
785 2890 903 2937 erat
926 2880 980 2934 in
1004 2879 1262 2936 omnibus
1286 2878 1642 2948 apostolicus,
1670 2890 1725 2932 et
1747 2875 2048 2932 Ecclesiam

465 2974 936 3033 Antiochenorum
986 2986 1201 3027 summa
1247 2985 1378 3026 cura
1415 2971 1654 3039 regebat,
1687 2985 1810 3025 cum
1840 2979 2051 3025 veteres

466 3066 741 3138 procellas
777 3064 1074 3120 multarum
1110 3063 1213 3119 sub
1252 3061 1564 3117 Domitiano
1602 3062 2052 3133 persecutionum

469 3174 614 3232 aegre
658 3157 1043 3230 prateriisset;
1075 3156 1276 3227 quippe
1312 3156 1405 3226 qui
1455 3155 1632 3210 instar
1674 3155 1803 3210 boni
1850 3154 2052 3225 guber-

469 3252 681 3307 natoris
718 3248 1088 3320 gubernaculo
1123 3262 1345 3318 precum
1387 3261 1453 3302 ac
1478 3245 1696 3317 jejunii.
1728 3255 1784 3301 et
1813 3245 2052 3302 assidui-

469 3353 583 3400 tate
609 3342 862 3410 ducendi,
884 3351 938 3398 et
966 3351 1224 3413 perpetua
1254 3339 1606 3397 contentione
1640 3338 1891 3408 spiritus,
1915 3347 2054 3393 tem-

469 3436 668 3506 pestati
697 3436 983 3491 contrariae
1013 3434 1245 3498 restitit;
1276 3433 1503 3499 veritus,
1535 3447 1603 3486 ne
1625 3446 1788 3502 quem
1813 3430 2056 3487 timidiu-

471 3544 595 3584 rum
626 3536 722 3584 aut
759 3527 1155 3599 simpliciorum
1193 3526 1485 3583 amitteret.
1521 3526 1886 3593 Quamobrem
1918 3542 2054 3598 gau-

472 3621 638 3676 debat
684 3620 904 3691 quidem
958 3617 1214 3675 Ecclesiaa
1256 3619 1681 3690 tranquillitate,
1739 3620 2056 3688 quiescente

474 3712 545 3767 ad
570 3713 734 3768 breve
770 3720 987 3782 tempus
1016 3712 1430 3782 persecutione;
1466 3712 1684 3768 dolebat
1722 3721 1905 3768 autem
1931 3713 2054 3767 aui-

472 3820 587 3871 mo,
617 3803 764 3875 quod
811 3803 1054 3859 nondum
1096 3817 1282 3859 veram
1323 3818 1454 3875 erga
1487 3801 1771 3859 Christum
1818 3803 2058 3859 charita-

476 3906 610 3959 tem,
641 3911 819 3965 neque
848 3896 1147 3965 perfectum
1177 3896 1431 3967 discipuli
1458 3897 1706 3953 ordinem
1734 3904 1881 3953 esset
1905 3912 2056 3952 asse-

479 3998 660 4045 cutus.
711 3987 1021 4059 Reputabat
1060 3990 1208 4045 enim
1256 3988 1466 4055 animo,
1510 3986 1879 4052 confessione,
1931 4002 2055 4057 qua:

474 4095 575 4150 per
612 4081 931 4151 martyrium
965 4081 1045 4146 ﬁt,
1069 4080 1207 4148 fore,
1235 4090 1295 4136 ut
1319 4081 1435 4151 ipse
1464 4080 1698 4136 similior
1723 4082 1877 4135 fieret
1896 4078 2052 4134 Chri-

478 4181 583 4230 sto.
624 4171 783 4229 Unde
812 4174 1000 4244 paucis
1026 4174 1189 4230 annis
1215 4174 1395 4229 adhuc
1429 4174 1483 4228 in
1509 4172 1753 4229 Ecclesia
1784 4181 2053 4238 moratus,

477 4277 535 4324 et
556 4268 754 4323 divinae
806 4268 980 4323 instar
1024 4268 1263 4322 lucernae
1308 4266 1353 4299 ³ο
1403 4267 1740 4321 intellectum
1787 4266 2057 4335 cujusque

479 4357 927 4429 interpretatione
944 4354 1300 4428 [divinarum]
1319 4353 1724 4425 Scripturarum
1752 4355 2053 4422 illustrans,

478 4460 731 4509 votorum
755 4465 983 4506 suorum
1013 4465 1242 4520 compos
1272 4448 1449 4505 factus
1472 4458 1575 4504 εει.

2151 2880 2271 2951 τὴς,
2304 2881 2443 2952 ἀνὴρ
2470 2876 2539 2951 ἦν
2579 2879 2689 2952 (89)
2727 2883 2842 2945 τοῖς
2873 2880 3041 2934 πᾶσιν
3075 2879 3465 2943 ἀποστολικὺς,
3501 2881 3602 2933 καὶ
3635 2883 3750 2933 ἐκυ-

2152 2971 2319 3046 ϐέρνα
2362 2973 2461 3045 τὴν
2505 2971 2834 3044 Ἐκκλησίαν
2892 2972 3213 3044 Ἀντιοχέων
3275 2973 3607 3043 ἐπιμελῶς,
3640 2974 3749 3036 τοὺς

2152 3065 2322 3119 πάλαι
2367 3064 2640 3136 χειμῶνας
2691 3064 2843 3137 μόλις
2879 3063 3219 3137 παραγαγὼν
3250 3064 3364 3119 τῶν
3408 3064 3631 3118 πολλῶν
3670 3066 3747 3117 ἐπὶ

2152 3158 2480 3231 Δομετιανοῦ
2520 3157 2799 3230 διωγμῶν,
2840 3156 3093 3230 καθάπερ
3134 3156 3493 3229 κυϐερνήτης
3536 3156 3747 3225 ἀγαθὸς,

2155 3253 2233 3325 τῷ
2262 3253 2411 3310 οίακι
2450 3253 2551 3324 τῆς
2599 3252 2913 3326 προσευχῆς
2954 3250 3049 3305 καὶ
3084 3250 3184 3320 τῆς
3230 3250 3523 3321 νηστείας,
3557 3252 3655 3303 καὶ
3695 3250 3747 3317 τῇ

2157 3344 2407 3417 συνεχείᾳ
2454 3344 2555 3415 τῆς
2595 3343 2963 3408 διδασκαλίας,
3012 3342 3090 3414 τῷ
3130 3342 3267 3413 τόνῳ
3319 3341 3401 3411 τῷ
3454 3359 3749 3414 πνευματι-

2156 3433 2238 3505 κῷ
2272 3434 2403 3506 (90),
2429 3434 2566 3506 πρὸς
2609 3433 2710 3506 τὴν
2738 3431 2906 3506 ζάλην
2935 3432 3033 3504 τὴν
3065 3431 3464 3504 ἀντικειμένην
3492 3435 3750 3503 ἀντεῖχεν·

2154 3525 2426 3592 δεδοικὼς,
2464 3526 2537 3598 μή
2586 3543 2708 3580 τινα
2749 3524 2859 3578 τῶν
2903 3524 3241 3596 ὀλιγοψύχων
3282 3524 3317 3596 ἢ
3349 3525 3751 3596 ἁκεραιοτέρων

2156 3621 2427 3693 ἀποσάλῃ.
2457 3617 2759 3691 Τοιγαροῦν
2779 3616 3113 3689 ηὐφραίνετο
3136 3617 3234 3688 μὲν
3267 3617 3363 3668 ἐπὶ
3392 3616 3479 3687 τῷ
3512 3617 3615 3687 τῆς
3639 3616 3751 3668 Ἐκ-

2156 3713 2387 3787 κλησίας
2444 3710 2726 3781 ἀσαλεύτῳ
2750 3752 2764 3775 ,
2823 3710 3177 3782 λωφήσαντος
3230 3708 3370 3780 πρὸς
3426 3708 3617 3776 ὀλίγον
3672 3707 3753 3759 τοῦ

2157 3804 2421 3877 διωγμοῦ’
2450 3803 2720 3877 ησχαλλεν
2743 3803 2801 3857 δὲ
2832 3802 2957 3856 καθ’
2977 3801 3193 3865 ἑαυτὸν,
3217 3800 3297 3864 ὡς
3335 3802 3514 3872 μήπω
3548 3801 3650 3870 τῆς
3681 3801 3754 3851 δν-

2157 3915 2265 3963 τως
2299 3899 2382 3962 εἰς
2421 3896 2655 3969 Χριστὸν
2698 3896 2921 3965 ἀγάπης
2952 3892 3321 3965 ἐφαψάμενος.
3358 3892 3505 3964 μηδὲ
3536 3892 3637 3963 τῆς

2158 3989 2307 4053 λείας
2353 3989 2447 4043 τοῦ
2505 3986 2751 4061 μαθητοῦ
2800 3987 3027 4054 τάξεως.
3081 3985 3314 4039 Ἐνενόει
3368 3985 3491 4056 γὰρ
3540 3986 3642 4055 τὴν
3680 3983 3753 4035 διὰ

2162 4081 2464 4154 μαρτυρίου
2509 4082 2801 4155 γινομένην
2840 4078 3131 4152 ὁμολογίαν
3166 4076 3353 4130 πλεῖον
3380 4076 3563 4131 αὐτὸν
3598 4092 3751 4148 προσ-

2161 4174 2469 4229 οικειοῦσαν
2500 4175 2579 4247 τῷ
2610 4175 2821 4250 Κυρίῳ.
2870 4172 3035 4227 Ὅθεν
3078 4172 3254 4225 ἐτεσιν
3300 4169 3516 4239 ὀλίγοις
3556 4170 3637 4224 ἔτι
3666 4187 3755 4221 πα-

2164 4268 2415 4338 ραμένων
2447 4271 2512 4340 τῇ
2544 4267 2863 4339 Ἐκκλησία,
2889 4267 2986 4320 καὶ
3023 4265 3216 4336 λύχνου
3246 4263 3407 4335 δίκην
3448 4263 3643 4317 θεῖκοῦ
3670 4264 3753 4333 τὴν

2162 4359 2391 4413 ἑκάστου
2436 4358 2686 4429 φωτίζων
2727 4359 2966 4413 διάνοιαν
3003 4357 3092 4411 διὰ
3125 4358 3218 4429 τῆς
3249 4356 3359 4411 τῶν
3397 4355 3603 4427 [θείων
3634 4356 3751 4426 (91ὶῖ

2164 4451 2395 4525 Γραφῶν
2423 4450 2752 4524 ἐξηγήσεως,
2783 4451 3151 4521 ἐπετύγχανεν
3173 4448 3282 4501 τῶν
3314 4450 3442 4501 κατ’
3466 4450 3658 4522 εὐχήν.

1576 4562 1640 4617 ll.
1671 4561 1917 4634 Ignatius
1953 4581 1985 4618 a
2020 4563 2254 4636 Trajauo
2286 4568 2689 4623 condemnatur.

550 4657 804 4713 Posthac
838 4659 986 4713 enim
1025 4655 1320 4726 Traianus,
1358 4671 1506 4711 nono
1536 4656 1749 4725 imperii
1780 4655 1866 4710 sui
1893 4669 2043 4709 anno

475 4750 705 4808 victoria
725 4750 793 4806 de
820 4748 1039 4821 Scythis
1066 4757 1120 4804 et
1147 4748 1306 4805 Dacis
1325 4748 1556 4819 aliisque
1587 4747 1772 4802 multis
1797 4746 2051 4817 gentibus

566 4887 610 4919 ³⁰
640 4885 797 4942 Joan.
834 4903 889 4954 v,
913 4886 1004 4941 '55.

549 5000 662 5067 (87)
692 4999 971 5071 Syriacam
1002 5001 1309 5055 versionem
1346 5001 1586 5070 capitum
1619 4999 1784 5071 hujus
1811 4999 2059 5071 martyrii

482 5072 576 5126 1-4
610 5069 747 5127 incl.
788 5071 1104 5139 nuperrime
1131 5069 1442 5126 Curetouus
1470 5087 1501 5126 e
1531 5070 1721 5125 codice
1751 5085 1854 5122 ms.
1885 5069 2059 5124 Musei

480 5140 851 5197 Londinensis
882 5141 1025 5211 typis
1055 5142 1315 5211 vulgavit.
1347 5140 1529 5211 Codex
1563 5141 1673 5211 hic,
1703 5155 1907 5211 paucos
1934 5149 2061 5211 ante

482 5228 659 5267 annos
688 5228 719 5266 e
751 5208 1078 5265 bibliotheca
1104 5208 1316 5267 Claudii
1348 5210 1538 5266 Jacobi
1566 5208 1726 5271 Rich,
1754 5210 1914 5279 legati
1950 5209 2062 5263 Bri-

481 5282 690 5338 tannici
735 5282 788 5335 in
838 5282 973 5336 urbe
1013 5281 1609 5351 Bagdad,Londinumi
1638 5281 1870 5344 delatus,
1893 5281 2059 5335 etiam

485 5354 852 5425 fragmentum
881 5350 1136 5422 Epistolas
1167 5352 1225 5407 S.
1262 5350 1455 5425 lgnatii
1481 5352 1551 5404 ad
1585 5350 1853 5425 Romanos
1885 5352 2062 5425 conti:-

485 5420 599 5495 net'.
640 5420 830 5479 Versio
866 5420 1046 5495 autem
1092 5420 1338 5495 martyrii
1370 5422 1592 5495 Syriaca
1625 5436 1732 5495 non
1766 5421 2062 5495 ubiquegad

485 5494 715 5549 verbum
748 5494 917 5549 textui
950 5493 1140 5549 Caeco
1166 5492 1373 5549 codicis
1407 5492 1709 5546 Colbertini
1750 5493 2060 5558 respondet,

485 5578 612 5621 cum
651 5564 821 5634 Syrus
864 5579 1255 5634 nonnunquam
1306 5563 1492 5634 Graeca
1534 5562 1676 5617 male
1712 5561 2061 5634 intellexerit,

488 5631 791 5702 saepissime
843 5644 1025 5688 autem
1081 5631 1399 5704 paraphrasi
1451 5633 1522 5688 sit
1574 5649 1727 5704 usus.
1791 5631 2059 5686 Caeterum

488 5720 681 5829 statues
707 5705 868 5760 varia:
899 5705 1177 5772 lectiones,
1202 5703 1327 5762 inde
1350 5714 1500 5768 ortae,
1528 5703 1728 5759 nullius
1760 5712 1888 5757 sunt
1921 5718 2058 5772 pon~

526 5788 651 5829 ens.

526 5788 651 5829 eris.

264 6086 539 6172 AA

2238 4678 2511 4752 Τραϊανοῦ
2544 4679 2652 4751 γὰρ
2688 4678 2827 4750 μετὰ
2857 4677 3031 4731 ταῦτα
3065 4676 3271 4747 ὲννάτῳ
3314 4676 3430 4729 ἔτει
3470 4676 3577 4747 τῆς
3605 4675 3749 4730 αὐτοῦ

2171 4770 2449 4843 βασιλείας
2480 4770 2609 4841 (92),
2636 4768 2965 4841 ἐπαρθέντος
2992 4769 3083 4821 ἐπὶ
3107 4771 3172 4839 τῇ
3203 4767 3331 4841 νίκῃ
3358 4771 3426 4838 τῇ
3462 4770 3611 4833 κατὰ
3638 4769 3752 4820 Σκυ-

2242 4992 2354 5061 (88)
2381 4990 2420 5061 l.
2449 5006 2499 5044 e.
2529 5002 2581 5041 a.
2616 4985 2687 5041 98
2718 5001 2773 5054 p.
2802 4984 2904 5061 Ch.
2932 5002 2988 5040 n.

2242 5055 2357 5133 (89)
2390 5060 2532 5131 Lege
2562 5073 2687 5133 cum
2719 5057 2886 5133 veteri
2912 5058 3167 5133 versione
3188 5055 3405 5121 Latina,
3435 5058 3524 5133 ab
3544 5057 3747 5133 Usserio

2169 5123 2435 5257 ῗάἷιειὲὲν
2470 5123 2578 5199 pro
2610 5123 2701 5197 ἦν,
2728 5127 3001 5196 particula
3045 5128 3160 5195 καί,
3195 5143 3323 5197 qua:
3361 5130 3640 5197 sequitur,
3668 5130 3747 5182 de-

2191 5218 2296 5257 cla.
2376 5217 2526 5257 una.

2170 5206 2296 5259 leta.
2333 5206 2526 5258 διετῆ.

2242 5274 2356 5347 (90)
2403 5273 2503 5328 Ms.
2536 5275 2613 5347 τῷ
2652 5274 2958 5347 πνεύματι,
2992 5269 3516 5347 male._Legendum
3549 5280 3644 5347 aut
3667 5268 3744 5347 τοῦ

2170 5339 2502 5416 πνεῦματος,
2522 5339 2618 5400 ουί
2640 5345 2717 5415 τῷ
2750 5339 3122 5414 πνευματικῷ.
3150 5339 3433 5416 Posterior
3455 5341 3744 5416 emendatio

2172 5409 2505 5485 pra'l‘crenda
2536 5426 2655 5479 est;
2687 5409 2814 5469 nam
2847 5409 3085 5485 uterque
3104 5421 3276 5485 vetus
3301 5411 3586 5485 interpres
3617 5409 3744 5485 Lati—

2172 5480 2278 5540 nus
2313 5486 2473 5539 habet
2506 5505 2518 5539 :
2558 5505 2577 5537 ι
2603 5486 2890 5555 spirituali.
2918 5502 2935 5535 ι
2975 5480 3189 5555 Clerico
3226 5481 3426 5555 plagetA
3454 5481 3534 5555 τῷ
3573 5480 3743 5555 ὲντᾴνῳ

2171 5556 2480 5626 πνεύματι,
2534 5577 2552 5608 ι
2594 5550 2754 5611 lirmo
2794 5566 2849 5611 et
2895 5552 3201 5619 constanti;
3237 5570 3256 5602 ι
3310 5550 3579 5620 Smithio,
3617 5550 3739 5615 πόνῳ

2171 5625 2544 5697 meum-rimi).
2578 5626 2697 5682 ΙΑο.

2242 5689 2352 5767 (9i)
2375 5689 2573 5753 Neuter
2604 5699 2873 5765 interpres
2901 5694 3131 5767 Latinus
3153 5692 3313 5746 θείων
3344 5694 3596 5767 agnoscit
3626 5689 3737 5767 die.

2246 5762 2358 5839 (92)
2409 5768 2446 5821 1.
2496 5787 2542 5823 c.
2588 5784 2638 5821 a.
2688 5762 2786 5821 107
2830 5784 2884 5838 ι).
2922 5766 3023 5822 Ch.
3071 5764 3185 5820 Vct.
3234 5773 3514 5834 interpres
3557 5762 3735 5817 habet'
