3806 6208
71 339 191 394 931

1376 386 1387 397 ..
1501 345 1936 402 MARTYRIUM.

3259 345 3363 399 982

68 496 197 553 θῶν
233 498 331 554 καὶ
367 503 559 557 Δακῶν
592 505 685 560 καὶ
726 506 930 579 ἑτέρων
963 507 1172 562 πολλῶν
1198 508 1387 573 ὲθνῶν,
1410 510 1503 564 καὶ
1532 529 1571 565 νι

1863 521 2061 581 mrtata
2088 513 2281 579 elatus,
2315 511 2383 567 ad
2425 500 2819 581 subjectionem
2858 508 3102 564 omnium
3137 504 3239 559 sibi
3270 507 3366 558 ad-

70 608 283 657 σαντος
329 594 411 649 ἔτι
448 595 656 651 λείπειν
699 599 850 671 αὐτῷ
890 601 1028 672 πρὸς
1071 602 1251 656 πᾶσαν
1304 604 1580 674 ὑποταγὴν
1620 602 1679 655 τὸ

69 685 194 738 τῶν
238 688 587 760 Χριστιανῶν
634 690 886 757 θεοσεϐὲς
934 694 1224 767 σύστημα,
1254 695 1347 751 καὶ
1380 696 1430 749 εἰ
1461 696 1535 767 μὴ
1581 695 1679 767 τὴν

69 776 194 831 τῶν
229 779 502 851 δαιμόνων
537 780 743 836 ἕλοιντο
769 783 1024 857 λατρείαν
1059 785 1196 856 μετὰ
1242 786 1461 841 πάντων
1490 787 1679 840 ὑπεισο

74 871 228 924 ιέναι
260 872 370 926 τῶν
416 873 607 939 ἐθνῶν,
647 874 887 948 διωγμὸν
930 878 1223 949 ὑπομένειν
1256 879 1674 951 ἀπειλήσαντος,

1781 604 1888 660 huc
1916 604 2065 674 pium
2095 602 2535 659 Christianorum
2567 617 2767 672 corpus
2796 601 2986 656 deesse
3024 610 3197 667 ratus,
3234 612 3363 667 per-

1779 696 2262 767 secutionemque,
2293 695 2401 751 nisi
2436 696 2746 749 daemonum
2777 694 2983 748 cultum
3017 708 3143 749 cum
3179 708 3267 746 om
3280 690 3366 742 ni-

1777 789 1883 846 bus
1909 790 2163 861 gentibus
2209 790 2686 859 amplecterentur,
2719 788 2977 854 minatus,
3009 801 3201 842 omnes
3231 788 3360 841 reli-

1778 879 1928 951 giose
1979 880 2224 936 viventes
2270 888 2366 935 aut
2419 879 2732 935 sacriﬁcare
2778 888 2873 934 aut
2924 880 3061 934 mori
3109 879 3353 948 cogebat.

66 962 302 1027 πάντας
334 962 445 1036 (95)
475 967 600 1030 τοὺς
629 966 869 1032 εὐσεϐῶς
897 965 1156 1040 ζῶνταςῆ
1182 968 1329 1024 θύειν
1366 971 1400 1041 ἢ
1423 971 1677 1042 τελευτᾷν

63 1055 528 1127 κατηνάγκαζεν.
577 1058 711 1112 Τότε
756 1059 934 1114 τοίνυν
974 1060 1231 1133 φοϐηθεὶς
1260 1063 1401 1135 ὑπὲρ
1429 1063 1526 1134 τῆς
1558 1063 1678 1116 Ἀν-

61 1147 314 1218 τιοχέων
339 1150 670 1221 Ἐκκλησίας
691 1153 720 1205 ό
746 1156 996 1222 γενναῖος
1025 1153 1119 1207 τοῦ
1140 1155 1378 1227 Χριστοῦ
1414 1156 1677 1227 στρατιώ-

60 1256 204 1310 της,
257 1242 521 1307 ἑκουσίως
556 1244 721 1315 ἡγετο
764 1245 904 1316 πρὸς
946 1246 1214 1319 Τραϊανὸν
1248 1248 1389 1320 (94),
1418 1249 1675 1318 διάγοντα

64 1333 183 1401 μὲν
236 1334 361 1387 κατ’
381 1335 586 1389 ἐκεῖνον
621 1336 713 1390 τὸν
762 1336 953 1409 καιρὸν
991 1340 1133 1393 κατά
1178 1340 1276 1410 τὴν
1322 1341 1672 1412 Ἀντιόχειαν,

62 1423 457 1490 σπουδάζοντα
486 1427 544 1480 δὲ
583 1429 678 1481 ἐπὶ
723 1429 1017 1501 Ἀρμενίαν
1054 1431 1149 1485 καὶ
1178 1431 1447 1504 Πάρθους.
1497 1435 1582 1498 Ὠς
1618 1434 1675 1487 δὲ

60 1515 226 1569 κατά
260 1516 551 1588 πρόσωπον
582 1518 716 1591 ἐστ-η
758 1520 1029 1593 Τραϊανοῦ
1070 1522 1165 1576 τοῦ
1199 1523 1490 1594 βασιλέως·
1535 1544 1553 1575 ι
1580 1525 1674 1589 Τίς

60 1602 141 1671 εἴ,
181 1607 541 1679 κακόδαιμον,
571 1610 672 1674 τὰς
717 1612 990 1685 ἡμετέρας
1042 1614 1359 1677 σπουδάζων
1405 1614 1673 1680 διατάξεις

60 1699 458 1769 ὑπερϐαίνειν,
485 1701 625 1771 μετά
649 1700 710 1754 τὸ
733 1702 847 1774 (95)
870 1704 963 1757 καὶ
984 1704 1206 1775 ἐτέρους
1232 1706 1563 1771 ἀναπείθειν,

1855 1723 2010 1763 erum
2055 1717 2212 1762 vocet
2258 1707 2736 1772 cacodaemonem;
2789 1705 3177 1761 abscesserunt
3210 1705 3358 1758 enim

58 1790 269 1854 κακῶς
294 1791 633 1858 ἀπολῶνται;
655 1813 674 1845 ι
710 1795 968 1862 Ἰγνάτιος
998 1791 1176 1850 εἶπεν·
1209 1816 1227 1848 ι
1255 1797 1445 1862 Οὐδεὶς
1473 1798 1561 1852 Bst

1853 1800 2041 1855 :monia
2074 1816 2105 1854 a
2133 1799 2306 1855 servis
2335 1799 2450 1853 Dei.
2503 1796 2600 1852 Sin
2634 1812 2784 1863 vero,
2828 1797 2956 1866 quia
3006 1796 3072 1851 iis
3123 1794 3356 1849 infestus

59 1900 167 1956 ρον
203 1885 476 1939 ἀποκαλεῖ
511 1886 897 1959 κακοδαίμονα’
924 1889 1267 1959 ἀφεστήκασι
1291 1890 1400 1962 γὰρ
1429 1892 1537 1945 ἀπὸ

1854 1905 1920 1956 rn,
1956 1904 2043 1944 me
2082 1889 2248 1944 etiam
2286 1887 2489 1941 malum
2534 1887 2591 1940 in
2630 1887 2909 1941 daemonas
2935 1900 3130 1951 vocas,
3166 1900 3357 1939 assen-

55 1975 279 2030 δούλων
306 1977 404 2031 τοῦ
432 1978 567 2032 Θεοῦ
601 1979 668 2033 τά
696 1980 969 2052 δαιμόνια.
1004 1981 1067 2033 Εί
1093 1980 1171 2045 δὲ,
1189 1983 1271 2036 ὅτι
1298 1983 1506 2048 τούτοις
1539 1986 1558 2037 ὲ

1858 2000 1904 2037 r.
1927 1982 2065 2038 Cum
2097 1982 2242 2037 enim
2273 1979 2501 2034 habeam
2531 1978 2812 2033 Christum
2844 1978 3121 2033 caelestem
3153 1991 3358 2046 regem,

58 2069 213 2141 χθής
252 2070 393 2141 εἰμι,
422 2069 541 2143 [καὶ
583 2072 718 2144 (96)]
752 2075 921 2128 κακόν
956 2093 1022 2146 με
1058 2076 1195 2147 πρὸς
1237 2077 1366 2140 τοὺς
1414 2077 1561 2148 δαίμ(

1855 2077 2003 2131 ιίάίοε
2050 2076 2272 2130 illorum
2318 2074 2584 2129 dissolvo.
2619 2092 2636 2122 ι
2686 2072 2758 2126 At
2800 2070 3075 2139 Trajanus
3121 2088 3134 2123 :
3180 2067 3358 2134 «Quis

56 2159 399 2225 ἀποκαλεῖς,
442 2162 808 2234 συνομολογῶ.
850 2150 1084 2238 Χριστὸν
1113 2166 1223 2238 γὰρ
1267 2166 1405 2237 ἔχων
1440 2169 1559 2221 ἐποι

1863 2209 1879 2234 ,
1906 2168 2002 2235 ait,
2035 2165 2433 2237 Theophorus?
2458 2184 2477 2218 ι
2510 2164 2752 2235 lgnatius
2782 2163 3094 2232 respondit:
3122 2178 3140 2212 ι
3166 2162 3240 2228 ls,
3265 2160 3362 2231 qui

54 2270 184 2305 νιον
249 2252 518 2323 βασιλέα,
569 2256 667 2320 τὰς
726 2256 931 2312 τούτων
996 2259 1251 2315 καταλύω
1309 2260 1557 2316 ἐπιϐουλά

1861 2271 1938 2316 oet
1966 2260 2244 2315 Christum
2275 2258 2328 2312 in
2361 2266 2599 2329 pectore.
2628 2277 2646 2309 ι
2681 2255 2822 2311 Tum
2858 2253 3129 2326 Trajanus
3160 2273 3172 2308 :
3202 2274 3220 2305 ι
3251 2255 3364 2308 An-

56 2343 352 2413 Τραῖανὸς
383 2340 556 2399 εἶπεν
589 2366 606 2397 ι
630 2347 740 2401 Καὶ
762 2348 845 2412 τίς
868 2350 985 2403 ἐστι
1044 2349 1313 2420 Θεοφόρος
1334 2367 1348 2416 ;
1372 2370 1391 2403 ι
1413 2351 1559 2420 Ἰγνά

1861 2371 1882 2407 u
1914 2353 2167 2408 videmur
2212 2350 2330 2418 tibi,
2358 2347 2574 2420 inquit,
2608 2357 2663 2403 et
2699 2364 2800 2403 nos
2830 2348 2885 2400 in
2919 2346 3104 2401 animo
3148 2356 3364 2415 gestare.

57 2436 435 2506 ἀπεκρίνατο·
465 2457 483 2489 ι
524 2438 582 2491 Ὁ
611 2439 844 2510 Χριστὸν
872 2440 1011 2512 ἔχων
1043 2443 1101 2496 ὲν
1131 2442 1392 2513 στέρνοις.
1422 2462 1441 2494 ι
1471 2444 1560 2515 Τρ‹

1859 2460 1907 2499 )S
1952 2451 2207 2506 nostros,
2238 2440 2441 2512 quibus
2488 2440 2752 2494 adversus
2792 2438 2977 2492 hostes
3016 2434 3362 2507 adjutoribus

58 2529 160 2592 νὸς
199 2525 379 2583 εἶπεν·
428 2549 447 2581 ι
485 2530 678 2603 Ἡμεῖς
707 2528 800 2586 οὖν
835 2550 916 2587 σοι
954 2534 1220 2607 δοκοῦμεν
1264 2536 1407 2591 κατά
1445 2536 1561 2591 νοῦν

1860 2535 2021 2591 mur?
2045 2553 2063 2586 ι
2106 2532 2349 2605 lgnatius
2389 2529 2672 2600 respondit
2708 2547 2721 2583 :
2752 2548 2771 2579 ι
2795 2526 3074 2582 Dzemonia
3117 2526 3363 2596 gentium

56 2619 223 2691 ἔχειν
254 2621 436 2690 θεοὺς,
468 2617 549 2688 οἷς
581 2624 675 2678 καὶ
706 2624 969 2697 χρώμεθα
1012 2627 1320 2700 συμμάχοις
1368 2628 1505 2700 πρὸς
1550 2648 1559 2663 ι

1861 2643 1969 2683 ’3118
2001 2641 2168 2682 vocas
2199 2625 2361 2691 deos;
2394 2631 2481 2678 est
2506 2621 2651 2677 enim
2679 2634 2821 2675 unus
2850 2618 3019 2686 Deus,
3041 2619 3135 2688 qui
3163 2618 3364 2672 caelum

56 2714 412 2785 πολεμίους;
451 2736 469 2768 ι
524 2718 786 2787 Ἰγνάτιος
832 2714 1006 2774 εἷπεψ
1049 2740 1068 2772 ι
1108 2721 1191 2775 Τά
1242 2721 1498 2793 δαιμόνια

1857 2731 2060 2775 terram
2091 2726 2147 2772 et
2171 2731 2342 2779 mare,
2377 2723 2433 2770 et
2459 2713 2645 2769 omnia
2674 2726 2798 2781 quae
2828 2720 2959 2766 sunt
2983 2709 3039 2763 in
3066 2709 3157 2775 iis,
3197 2707 3360 2773 fecit;

60 2804 252 2858 ἐθνῶν
315 2804 473 2870 θεοὺς
536 2809 967 2881 προσαγορεύεις
1017 2810 1399 2882 πλανώμενος·
1448 2806 1529 2876 εἷς

1860 2827 2003 2867 unus
2026 2810 2284 2865 Christus
2312 2806 2494 2872 Jesus,
2520 2804 2697 2860 Filius
2717 2803 2815 2859 Dei
2844 2802 3181 2873 unigenitus,
3203 2800 3363 2869 cujus

59 2897 228 2950 ἔστιν
262 2898 421 2964 Θεὸς,
449 2901 479 2953 ὁ
510 2903 742 2972 ποιήσας
782 2901 873 2954 τὸν
904 2902 1135 2973 οὐρανὸν
1178 2905 1273 2958 καὶ
1304 2904 1401 2976 τὴν
1440 2905 1542 2976 γῆν

1856 2918 1948 2975 ςιιο
1970 2904 2180 2957 utinam
2204 2900 2357 2954 fruar
2378 2905 2391 2953 ι
2415 2917 2434 2949 9
2468 2896 2742 2968 Trajanus
2771 2894 2942 2951 dixit:
2969 2914 2987 2945 ι
3012 2893 3169 2947 Illum
3200 2893 3359 2958 dicis,

57 2991 173 3061 τὴν
211 2989 516 3057 θάλασσαν,
538 2992 631 3046 καὶ
662 2992 842 3049 πάντα
872 2994 939 3048 τὰ
970 2996 1030 3049 ὲν
1067 2996 1271 3062 αὐτοῖς’
1299 2998 1392 3051 καὶ
1424 2991 1505 3061 εἷς
1540 3000 1674 3069 Χρι-

63 3083 208 3146 στὸς
242 3084 475 3155 Ἰησοῦς,
510 3088 539 3139 ό
585 3085 713 3151 Υἱὸς
755 3086 849 3141 τοῦ
895 3086 1031 3141 Θεοῦ
1072 3092 1102 3143 ό
1143 3090 1456 3162 μονογενὴς,
1484 3084 1545 3144 οὗ

1857 3089 2093 3161 spondit:
2120 3107 2138 3140 ι
2170 3085 2330 3152 Eum,
2359 3083 2453 3155 qui
2484 3084 2538 3137 in
2569 3096 2789 3138 crucem
2817 3079 3040 3136 sustulit
3073 3088 3360 3148 peccatum

60 3174 365 3246 βασιλείας
397 3177 660 3251 ὀναίμηνί
691 3200 709 3232 ι
750 3180 1015 3253 Τραϊανὸς
1040 3176 1212 3236 εἶπεν·
1245 3203 1263 3234 ι
1292 3183 1396 3237 Τὸν
1427 3200 1558 3236 σταυ

1856 3198 1961 3238 :um
1992 3196 2117 3236 cum
2147 3180 2267 3250 ejus
2306 3178 2611 3238 inventore,
2639 3182 2694 3228 et
2724 3186 2944 3227 omnem
2975 3183 3220 3225 errorem
3247 3168 3359 3222 dae-

59 3268 243 3322 θέντα
275 3268 456 3338 λέγεις
491 3272 584 3325 ἐπὶ
616 3273 843 3337 Ποντίου
874 3273 1140 3340 Πιλάτου;
1164 3295 1183 3325 ι
1212 3274 1469 3343 Ἰγνάτιος
1498 3271 1562 3329 εἷς

1858 3275 2090 3329 miacum
2135 3283 2464 3339 omnemque
2510 3266 2773 3321 malitiam
2818 3264 3089 3319 damnans
3124 3260 3361 3330 subjecit

68 3380 87 3410 ι
123 3359 240 3413 Τὸν
272 3362 774 3433 ἀνασταυρώσαντα
803 3364 899 3436 τὴν
935 3366 1076 3437 ὲμὴν
1101 3366 1377 3437 ἁμαρτίαν
1408 3366 1545 3437 μετά

1859 3367 2007 3422 libus
2052 3378 2268 3428 eorum,
2299 3361 2395 3432 qui
2444 3360 2623 3430 ipsum
2672 3357 2726 3411 in
2768 3356 2933 3412 corde
2991 3364 3205 3426 gerunt.
3241 3374 3259 3405 ι
3292 3354 3362 3408 At

58 3451 285 3522 ταύτης
309 3453 554 3525 εὑρετοῦ,
578 3456 672 3509 καὶ
698 3457 878 3510 πᾶσαν
898 3456 1336 3511 καταδικάσαντα
1353 3457 1561 3529 δαιμονι

1850 3459 2050 3530 νοῙιιιιυε
2096 3476 2110 3512 :
2144 3475 2162 3509 ι
2186 3455 2364 3529 Ergo,
2405 3455 2515 3519 ait,
2560 3452 2705 3524 geris
2744 3452 2798 3505 in
2854 3459 2908 3505 te
2948 3448 3308 3505 cruciﬁxum?
3335 3466 3353 3499 ι

59 3544 294 3615 πλάνην
342 3545 435 3598 καὶ
479 3547 678 3601 κακίαν
725 3548 830 3601 ὑπὸ
869 3549 995 3613 τοὺς
1037 3549 1205 3613 πόδας
1259 3549 1367 3604 τῶν
1411 3551 1562 3604 αύτὺι

1859 3551 2018 3606 latius
2059 3548 2415 3619 respondit”
2442 3545 2583 3613 lmo;
2613 3546 2875 3616 scriptum
2919 3542 3065 3599 enim
3098 3551 3221 3595 est:
3246 3538 3362 3593 Ha-

1778 970 1918 1027 Tum
1963 988 2094 1028 vero
2135 987 2237 1043 pro
2281 973 2618 1027 Antiochena
2664 970 2910 1028 Ecclesia
2967 971 3358 1042 pertimescens

1777 1080 2077 1136 generosus
2105 1063 2310 1121 Christi
2348 1065 2525 1130 miles,
2565 1072 2760 1135 sponte
2782 1063 2983 1121 ductus
3011 1073 3095 1119 est
3126 1065 3192 1119 ad
3215 1062 3355 1118 Tra-

1772 1157 1988 1228 janum,
2018 1158 2111 1228 qui
2140 1173 2206 1213 eo
2245 1167 2490 1227 tempore
2518 1156 2826 1211 Antiochiae
2852 1156 3076 1226 quidem
3103 1156 3358 1210 moraba-

1778 1259 1887 1318 tur,
1910 1251 2004 1306 sed
2034 1260 2225 1306 contra
2246 1247 2559 1303 Armeniam
2590 1257 2645 1304 et
2666 1247 2902 1304 Parthos
2929 1249 3008 1303 ire
3042 1242 3354 1304 festinabat.

1777 1339 1848 1395 Ut
1895 1357 2026 1397 vero
2062 1343 2115 1396 in
2152 1350 2453 1411 conspectu
2500 1338 2724 1409 Trajani
2772 1338 3121 1409 imperatoris
3165 1339 3354 1394 stetit:

1783 1453 1801 1485 ι
1823 1432 1958 1501 Quis
1985 1449 2065 1498 es,
2102 1434 2298 1504 inquit,
2334 1448 2367 1488 o
2402 1432 2776 1497 cacodaémon,
2816 1432 2909 1502 qui
2956 1441 3147 1487 nostra
3196 1447 3361 1485 man-

1774 1523 1904 1580 data
1942 1524 2249 1595 transgredi
2279 1523 2525 1589 eniteris,
2557 1521 2833 1591 simulque
2877 1522 3001 1576 aliis
3046 1522 3266 1586 suades,
3300 1537 3362 1575 ut

1776 1617 1918 1671 male
1944 1616 2208 1687 pereant?
2233 1635 2252 1667 ι
2296 1616 2540 1685 Ignatius
2569 1614 2890 1684 respondit:
2922 1632 2940 1665 ι
2973 1612 3147 1669 Nemo
3174 1613 3359 1669 Theo-

1778 2999 1873 3069 qui
1915 2996 2018 3052 sub
2064 2993 2258 3050 Pontio
2312 2991 2488 3045 Pilato
2553 2988 2848 3044 cruciﬁxus
2904 2986 3068 3042 est?»
3120 2984 3361 3056 lgnatius

60 3637 284 3708 καρδίᾳ
343 3639 670 3710 φορούντων.
696 3661 715 3693 ο
774 3643 1042 3715 Τραϊανὸς
1078 3638 1249 3695 εἶπεν·
1304 3662 1323 3692 ε
1355 3644 1427 3697 Σὺ
1472 3638 1565 3697 οὖν
1611 3645 1671 3697 ἐν

62 3722 261 3793 ἑαυτῷ
313 3724 500 3796 φέρεις
544 3728 636 3781 τὸν
683 3729 1093 3803 σταυρωθέντα;
1116 3751 1134 3782 ι
1188 3733 1450 3801 Ἰγνάτιος
1496 3729 1670 3787 εἷπεν-

67 3835 88 3867 ι
118 3816 261 3870 Ναί·
314 3817 621 3889 γέγραπται
669 3823 794 3894 γάρ·
833 3822 1157 3890 Ἐνοικήσω
1192 3823 1263 3878 ἐν
1302 3824 1529 3892 αὐτοῖς,
1571 3826 1669 3881 καί

59 3911 562 3979 ἑμπεριπατήσω.
588 3933 606 3965 ι
656 3915 926 3986 Τραϊανὸς
966 3917 1304 3988 ἀπεφήνατο·
1366 3937 1383 3968 ι
1413 3918 1672 3987 Ἰγνάτιον

65 4001 522 4074 προσετάξαμεν,
548 4006 638 4060 τὸν
679 4008 738 4061 ἐν
766 4007 947 4079 ἑαυτῷ
977 4008 1204 4077 λέγοντα
1233 4011 1554 4083 περιφέρειν
1582 4011 1672 4065 τὸν

62 4094 522 4166 ἐσταυρωμένον,
568 4097 788 4169 δέσμιον
836 4100 942 4153 ὑπὸ
988 4101 1338 4173 στρατιωτῶν
1382 4103 1671 4173 γενόμενον

61 4184 315 4255 ἄγεσθαι
348 4188 499 4260 παρά
526 4189 626 4261 τὴν
656 4191 899 4262 μεγάλην
944 4191 1183 4264 Ῥώμην,
1217 4192 1412 4266 βρῶμα
1443 4197 1671 4266 γενησό-

67 4295 247 4349 μενον
290 4278 494 4351 θηρίων
534 4283 614 4346 είς
641 4284 830 4355 τέρψιν
863 4284 956 4338 τοῦ
991 4285 1166 4357 δήμου
1197 4286 1326 4356 (97).
1353 4307 1371 4337 ι
1403 4287 1620 4359 Ταύτης
1645 4291 1674 4343 ὁ

64 4371 237 4439 ἅγιος
263 4371 474 4443 μάρτυς
500 4375 812 4440 ἐπακούσας
835 4376 933 4444 τῆς
957 4378 1306 4446 ἀποφάσεως,
1333 4379 1472 4450 μετὰ
1497 4382 1671 4453 χαρᾶς

62 4465 333 4536 ἐϐόησενο
385 4486 405 4517 ι
431 4467 753 4540 Εὐχαριστῶ
796 4486 906 4535 σοι,
944 4471 1222 4536 Δέσποτα,
1253 4472 1335 4525 ὅτι
1381 4489 1448 4543 με
1489 4472 1671 4544 τελείᾳ

1778 3643 1958 3698 bitabo
1982 3651 2032 3696 et
2064 3640 2347 3695 ambulabo
2386 3640 2525 3693 inter
2554 3656 2640 3695 eos
2670 3637 2737 3693 ³¹.
2769 3657 2787 3689 ι
2826 3634 3099 3706 Trajanus
3129 3641 3355 3689 senten-

1776 3737 1907 3790 tiam
1945 3733 2107 3787 tulit:
2142 3752 2159 3784 ι
2186 3730 2456 3803 Ignatium
2478 3772 2492 3797 ,
2529 3730 2620 3799 qui
2665 3730 2719 3783 in
2751 3744 2810 3785 se
2840 3728 2962 3799 ipso
3000 3724 3359 3782 circumferre

1776 3832 2097 3887 cruciﬁxum
2134 3828 2437 3892 contendit,
2463 3827 2734 3897 jussimus
2765 3827 2821 3879 in
2851 3824 3071 3880 vincula
3104 3840 3135 3878 a
3168 3824 3358 3879 militi-

1774 3925 1879 3979 bus
1906 3922 2214 3992 oonjectum
2260 3920 2455 3975 abduci
2490 3918 2719 3973 Romam
2751 3932 3032 3989 magnam,
3065 3923 3125 3972 ut
3152 3916 3224 3972 sit
3256 3933 3355 3986 pa-

1775 4026 1894 4072 stus
1949 4015 2188 4070 ferarum
2231 4012 2300 4067 ad
2349 4011 2768 4067 delectationem
2814 4010 3021 4080 populi.
3049 4028 3067 4060 ι
3125 4007 3359 4065 Senten-

1775 4107 1909 4161 tiam
1944 4112 2088 4160 hanc
2125 4119 2251 4161 cum
2281 4111 2507 4157 sanctus
2538 4112 2747 4173 martyr
2784 4101 3049 4166 audisset,
3083 4115 3194 4169 prm
3224 4115 3359 4170 gau-

1775 4200 1866 4255 dio
1905 4197 2231 4254 exclamavit
2271 4215 2283 4249 :
2324 4216 2341 4247 ι
2374 4195 2592 4250 Gratias
2637 4194 2734 4249 tibi
2782 4209 2906 4264 ago,
2940 4192 3190 4259 Domine,
3231 4193 3360 4263 quia

1775 4307 1864 4347 me
1888 4291 2128 4361 perfecta
2153 4304 2281 4360 erga
2308 4297 2360 4343 te
2381 4287 2647 4343 charitate
2674 4288 2949 4343 honorare
2972 4287 3229 4355 dignatus
3273 4302 3357 4349 es,

1774 4385 1867 4455 qui
1900 4400 1987 4439 me
2020 4399 2147 4439 cum
2193 4384 2442 4453 apostolo
2479 4392 2574 4436 tuo
2608 4380 2779 4434 Paulo
2821 4380 2877 4433 in
2920 4378 3097 4433 ferrea
3138 4378 3358 4432 vincula

1774 4476 2096 4546 conjeceris.
2126 4496 2144 4529 ι
2175 4475 2301 4530 Haec
2329 4489 2454 4531 cum
2477 4473 2728 4537 dixisset,
2753 4479 2808 4526 et
2834 4471 2993 4525 hilari
3023 4471 3211 4524 animo
3241 4470 3359 4523 vin-

61 4563 135 4630 τῇ
171 4559 320 4630 πρὸς
343 4559 404 4612 σὲ
428 4561 617 4633 ἀγάπῃ
639 4562 867 4633 τιμῆσαι
898 4563 1262 4634 κατηξίωσας,
1285 4562 1363 4634 τῷ
1384 4566 1564 4618 ἀποστι

1856 4565 1898 4618 la
1938 4566 2291 4635 suscepisset,
2324 4578 2561 4632 cumque
2595 4562 2750 4632 prius
2792 4570 3006 4617 orasset
3047 4576 3146 4630 pro
3176 4560 3359 4615 Eccle-

64 4670 172 4705 σου
216 4651 422 4724 Παύλῳ
466 4652 684 4725 δεσμοῖς
730 4654 995 4726 συνδήσας
1038 4656 1297 4727 σιδηροῖς.
1326 4675 1345 4707 ι
1384 4656 1567 4710 Ταῦτα

1879 4668 1962 4712 ,et
1996 4673 2117 4713 eam
2156 4672 2281 4712 cum
2325 4657 2582 4727 lacrymis
2620 4654 2853 4710 Domino
2894 4654 3382 4719 commendasset,

62 4743 233 4809 πῶν,
271 4745 368 4798 καὶ
423 4748 543 4816 μετ’
563 4746 903 4818 εὐφροσύνης
950 4747 1306 4820 περιθέμενος
1348 4748 1415 4802 τὰ
1455 4748 1565 4819 ὄεσε

1851 4758 1953 4806 star
1987 4751 2175 4807 arietis
2216 4750 2470 4822 insignis,
2495 4750 2590 4819 qui
2629 4748 2907 4820 egregium
2942 4762 3159 4817 gregem
3188 4747 3354 4811 ducit.

63 4837 451 4907 ἐπευξάμενος
510 4840 776 4910 πρότερον
817 4841 882 4910 τῇ
928 4838 1260 4910 Ἐκκλησία,
1317 4841 1412 4892 καὶ
1468 4839 1566 4894 ταύ

1863 4844 1951 4897 ina
1980 4843 2289 4903 et.militari
2313 4843 2609 4897 acerbitate
2636 4848 2921 4909 correptus
2949 4848 3052 4905 est,
3089 4838 3365 4894 abduccn.

64 4929 464 5003 παραθέμενος
493 4930 631 5001 μετά
664 4929 918 5003 δακρύων
946 4930 1024 5001 τῷ
1052 4932 1264 5003 Κυρίῳ,
1296 4931 1487 5004 ῶσπερ
1516 4950 1567 5003 κε

1651 4950 1670 4996 ;
1776 4932 1879 4986 dus
1912 4930 2142 4986 Romam
2168 4932 2235 4986 ad
2263 4941 2478 5002 pastum
2510 4939 2862 4986 cruentarum
2893 4928 3154 4983 ferarum.

64 5027 387 5099 ἐπίσημος,
424 5025 625 5099 ἀγέλης
665 5026 835 5098 καλῆς
873 5026 1192 5099 ἡγούμενος,
1232 5027 1338 5080 ὑπὸ
1373 5027 1669 5100 θηριώδους
1709 5028 2105 5099 στρατιωτικῆς
2168 5027 2470 5099 δεινότητος
2510 5024 2907 5098 συνηρπάζετο,
2940 5024 3148 5098 θηρίοις
3200 5028 3361 5097 αἱμοσ-

64 5124 263 5197 ϐόροις
327 5122 424 5175 ἐπὶ
478 5123 578 5193 τὴν
633 5121 851 5194 Ῥώμην
896 5122 1355 5194 ἀπαχθησόμενος
1410 5123 1545 5194 πρὸς
1595 5122 1777 5193 βοράν.

1702 4609 1747 4664 D

131 5285 179 5316 ³¹
224 5282 405 5339 Levit.
440 5301 590 5346 xxvi.
620 5285 722 5346 ης
764 5285 808 5340 ll
832 5286 959 5343 Cor.
994 5303 1071 5347 vr.
1105 5287 1188 5343 l6.

69 5472 91 5532 ε
122 5465 283 5532 anno
329 5456 555 5532 quarto:
571 5469 600 5532 ὲ
649 5449 885 5507 Grabius
939 5454 1168 5526 corrigit
1206 5455 1418 5526 δεκάτῳ
1461 5456 1666 5528 ἐννάτῳ
1770 5460 1817 5512 si
1847 5459 2029 5532 minus
2057 5474 2182 5532 eu_m
2213 5458 2441 5532 placare
2469 5464 2674 5532 posset,
2700 5465 2871 5532 totam
2914 5456 3049 5532 iram
3083 5454 3202 5524 ejus
3250 5455 3367 5524 ipse

63 5521 373 5608 ἐτῗξζηξ-,ςε
407 5521 621 5608 a-mﬂﬁ.
691 5601 703 5608 Δ
831 5593 843 5608 ¹
1014 5595 1025 5608 ν
1094 5521 1115 5526 ⁷
1337 5597 1351 5608 .
1390 5521 1402 5526 ’
1639 5521 1649 5528 ’
1767 5521 2512 5608 exciperet,Ecclesiamqu'e
2553 5526 2949 5582 Antiochenam
3000 5526 3078 5580 sic
3113 5521 3363 5580 inetu'li-

144 5592 268 5658 (95)
310 5590 367 5643 '0
411 5590 574 5660 φόϐος
614 5601 740 5649 ante
774 5593 983 5658 πάντας
1014 5595 1067 5650 in
1099 5611 1205 5651 ms.
1244 5597 1387 5651 male
1423 5596 1647 5653 additun

701 5603 740 5649 te
774 5593 983 5658 πάντας
1014 5595 1067 5650 in
1099 5611 1205 5651 ms.
1244 5597 1387 5651 male
1423 5596 1666 5653 additum
1773 5590 2010 5656 nera'ret.
2038 5590 2204 5655 CLEB.

64 5673 463 5742 assumentum
487 5670 593 5742 est,
622 5665 769 5742 quod
811 5673 1001 5720 neuter
1032 5679 1185 5722 vetus
1212 5666 1309 5720 int.
1350 5666 1579 5723 Latinus
1613 5670 1667 5722 in
1846 5671 1957 5739 (95)
1991 5671 2182 5725 Melius
2208 5669 2321 5723 τοῦ.
2360 5668 2554 5726 Smru.

66 5731 271 5812 codice
293 5745 404 5812 suo
435 5731 668 5812 legebat.
703 5732 821 5788 Jac.
1054 5806 1085 5812 __
1203 5807 1216 5812 _
1253 5806 1294 5812 _
1368 5808 1379 5812 ,

1203 5807 1216 5812 -
1253 5806 1294 5812 _
1368 5808 1379 5812 ,
1847 5731 1959 5808 (96)
1988 5743 2096 5794 Καί
2124 5743 2397 5812 abundat,
2422 5741 2610 5794 Sirmi.

137 5799 537 5884 (9-5).lgnatiu's
565 5816 757 5884 sponte
796 5820 855 5860 se
883 5806 1116 5884 contulit
1153 5807 1226 5884 ad
1252 5806 1578 5884 Trajanum,
1610 5819 1670 5862 ut
1848 5799 1955 5883 (97)
1985 5813 2097 5868 Cfr.
2135 5813 2245 5884 Igu.
2276 5812 2342 5865 ad
2376 5811 2523 5865 Rom.
2558 5826 2606 5865 ο.
2634 5811 2685 5863 6.

67 5883 203 5926 eum
229 5870 843 5953 placarebexpositione
873 5875 1135 5936 doctrina:
1168 5870 1514 5950 Christianae,
1554 5870 1667 5951 aut,
