3806 6208
174 261 286 318 985

1646 255 2088 314 MARTYBIUM.

3331 248 3437 312 53—6

179 378 470 450 Ἤπειρον,
498 377 598 450 τὴν
630 377 767 450 πρὸς
787 377 1139 452 Ἐπίδαμνον,
1164 379 1224 432 ἐν
1261 381 1372 442 τοῖς
1412 376 1757 449 παραθαλατ-

1888 382 2101 440 nveuta,
2134 388 2231 443 per
2258 371 2599 428 Adriaticum
2632 387 2786 428 mare
2820 369 3127 442 navigavit;
3153 367 3280 424 inde
3301 369 3440 441 Tyr-

176 469 314 533 τίοις
346 470 472 541 νηὸς
504 469 810 542 ἐπιτυχὼν,
840 470 992 524 ἔπλει
1024 471 1084 524 τὸ
1116 470 1456 542 ’Δδριατικὺν
1500 469 1756 537 πέλαγος,

176 559 432 613 κάκεῖθεν
475 560 673 624 ἐπιϐάς
709 561 803 615 τοῦ
849 562 1215 634 Τυρρηνικοῦ,
1259 562 1353 616 καὶ
1398 560 1759 632 παραμείϐων

174 653 373 722 νήσους
402 669 460 704 τε
487 653 582 706 καὶ
610 652 814 717 πόλεις,
833 653 1256 724 ὑποδειχθέντων
1292 653 1370 724 τῷ
1399 654 1540 724 ἁγίῳ
1574 652 1761 706 Ποτιό-

175 740 308 804 λων,
339 742 500 805 αὐτὸς
519 742 618 814 μὲν
638 741 872 807 ἐξελθεῖν
903 743 1186 808 ἐσπευδεν,
1209 747 1328 798 κατ’
1353 744 1497 814 ἴχνος
1525 742 1764 814 βαδίζειν

175 830 380 885 ἐθέλων
407 831 500 886 τοῦ
522 834 818 887 ἀποστόλου
853 834 1088 888 Παύλου.
1125 835 1212 898 Ὡς
1226 835 1282 888 δέ
1310 835 1570 888 ἐπιπεσδν
1588 834 1762 905 βίαιον

175 923 398 994 πνεῦμα
422 925 484 978 οὐ
514 925 831 999 συνεχώρει,
856 928 954 999 τῆς
981 927 1106 998 νηὸς
1148 929 1214 980 ἐκ
1257 927 1514 999 πρύμνης
1549 928 1764 996 ἐπειγο-

178 1013 370 1086 μένης,
406 1015 715 1087 μακαρίσας
747 1018 847 1088 τὴν
873 1020 931 1072 ἐν
959 1019 1155 1089 ἐκείνῳ
1187 1017 1266 1089 τῷ
1295 1019 1446 1090 τόπῳ
1473 1017 1580 1072 τῶν
1611 1018 1764 1072 ἀδελ-

175 1102 300 1173 φῶν
327 1104 570 1176 ἀγάπην,
593 1105 739 1160 οὕτω
758 1108 1048 1178 παρέπλει.
1081 1107 1382 1180 Τοιγαροῦν
1411 1109 1470 1162 ἐν
1503 1109 1602 1180 μιᾷ
1633 1108 1766 1179 ἠμέ-

178 1211 253 1266 pq.
275 1196 371 1249 ml.
401 1198 558 1251 νυκτὶ
587 1202 652 1269 τῇ
685 1200 822 1271 αὐτῇ
857 1201 1060 1274 ούρίοις
1085 1202 1307 1272 ἀνέμοις
1335 1201 1762 1274 προσχρησάμε-

173 1303 282 1350 νοι,
314 1289 473 1358 ἡμεῖς
503 1289 602 1359 μὲν
629 1289 854 1354 ἄκοντες
885 1291 1233 1362 ἀπηγόμεθα,
1261 1293 1537 1357 στένοντες
1565 1294 1659 1347 ἐπὶ
1687 1293 1766 1364 τῷ

173 1380 275 1448 ἀφ’
299 1380 450 1450 ἡμῶν
477 1382 721 1452 μέλλοντι
753 1386 1015 1458 χωρισμῷ
1047 1387 1140 1440 τοῦ
1157 1387 1366 1441 δικαίου
1391 1387 1656 1457 γίνεσθαι.
1676 1387 1768 1460 Τῷ

171 1468 235 1521 δὲ
270 1471 389 1524 κατ’
414 1471 580 1544 εὐχὴν
610 1474 904 1529 ἀπέϐαινεν
946 1476 1228 1531 σπεύδοντι
1258 1476 1452 1531 θᾶττον
1487 1478 1769 1550 ἀναχωρῆ-

177 1577 273 1613 σαι
321 1561 413 1615 τοῦ
448 1565 678 1636 κόσμου,
721 1566 811 1620 ἵνα
852 1566 1034 1640 φθάσῃ
1073 1567 1211 1640 πρὸς
1245 1567 1304 1621 ὃν
1346 1569 1632 1641 ἠγάπησεν
1664 1568 1770 1621 Κύρ

175 1668 318 1722 ριον,
354 1655 755 1721 Καταπλεύσας
776 1658 908 1728 γοῦν
936 1661 1016 1723 είς
1041 1661 1168 1722 τοὺς
1203 1660 1427 1730 λιμένας
1455 1659 1763 1731 Ῥωμαίων,

1869 466 2101 519 rhenum
2154 464 2468 534 ingressus,
2521 463 2729 518 insulas
2787 471 2842 517 et
2896 462 3150 516 civitates
3200 461 3441 524 transiit,

1867 559 2216 627 ostensisque
2247 565 2436 612 sancto
2471 555 2588 609 viro
2613 554 2878 618 Puteolis,
2911 553 3027 624 ipse
3049 552 3271 623 quidem
3296 568 3446 620 egre-

1865 653 1920 709 di
1952 652 2231 722 cupiebat,
2263 665 2390 704 eum
2423 649 2586 704 vellet
2627 663 2724 718 per
2755 647 2983 718 vestigia
3026 645 3182 700 Pauli
3210 644 3442 714 apostoli

1865 744 2118 800 incedere
2144 743 2208 795 ³⁸.
2251 741 2389 797 Cum
2424 756 2553 795 vero
2582 740 2798 796 irruens
2832 747 3028 794 ventus
3070 737 3448 792 vehementior

1863 837 1918 891 id
1952 853 2060 891 non
2113 844 2408 906 pateretur.
2459 849 2595 888 nave
2630 849 2661 888 a
2710 833 2877 903 puppi
2923 831 3186 901 impulsa,
3224 829 3444 883 beatam

1863 925 2180 999 praedicavit
2231 925 2556 981 charitatem
2605 921 2836 978 fratrum
2886 921 3035 975 illius
3086 918 3223 984 loci,
3266 928 3320 972 et
3365 918 3448 971 sic

1864 1017 2360 1088 praeternavigaVit.
2397 1015 2569 1085 Igitur
2597 1029 2708 1068 uno
2738 1013 2825 1068 die
2847 1021 2901 1067 et
2947 1019 3108 1066 nocte
3134 1010 3324 1063 eadem
3359 1023 3447 1061 sc-

1867 1110 2062 1166 cundis
2090 1111 2267 1164 ventis
2298 1109 2385 1164 usi
2408 1108 2842 1169 ahduceba‘mur,
2876 1120 2978 1159 nos
3007 1103 3226 1176 quidem
3262 1101 3443 1168 inviti,

1868 1210 2150 1271 gementes
2172 1201 2243 1256 oh
2274 1199 2677 1270 separationem
2705 1197 2840 1260 justi
2880 1195 3031 1250 illius
3065 1210 3096 1249 a
3127 1193 3288 1248 nobis
3319 1207 3448 1246 nrox

1869 1293 2133 1349 futuram.
2161 1293 2230 1346 At
2255 1292 2306 1347 ei
2331 1307 2395 1347 ex
2421 1301 2549 1347 voto
2576 1306 2665 1345 res
2693 1287 3068 1356 contingebat,
3104 1285 3383 1340 festinanti
3418 1300 3449 1338 e

1869 1385 2075 1440 mundo
2111 1385 2392 1440 discedere
2434 1393 2496 1439 ut
2529 1384 2596 1438 ad
2635 1383 2892 1438 dilectum
2929 1379 3220 1434 Dominum
3257 1393 3450 1448 perve-

1869 1479 2033 1532 niret.
2074 1475 2259 1544 Quare
2301 1493 2428 1533 cum
2456 1477 2764 1547 navigando
2792 1476 3132 1546 pervenisset
3165 1476 3221 1527 in
3259 1481 3450 1542 portus

1871 1568 2272 1636 Romanorum,
2314 1569 2549 1639 ﬁnisque
2587 1568 2854 1623 immundi
2881 1566 3173 1637 spectaculi
3201 1564 3452 1618 immine-

1874 1671 1978 1724 ret,
2026 1660 2228 1717 milites
2275 1660 2588 1716 tarditatem
2639 1675 2780 1730 egre
2831 1657 3104 1724 ferebant;
3146 1669 3202 1710 at
3239 1655 3453 1726 episeoo

176 1744 483 1818 μελλούσης
521 1747 710 1819 λήγειν
753 1751 854 1822 τῆς
872 1751 1180 1824 ἀκαθάρτου
1212 1751 1543 1822 φιλοτιμίας,
1578 1753 1627 1804 οἱ
1669 1753 1769 1823 μὲν

1888 1770 1974 1809 ωε
1999 1755 2243 1822 gaudens
2275 1753 2597 1824 urgentibus
2620 1752 2863 1822 parebat.

172 1834 510 1905 στρατιῶται
554 1838 698 1910 ὑπὲρ
727 1841 825 1912 τῆς
855 1839 1190 1913 βραδυτῆτος
1219 1841 1506 1913 ῆσχαλλον,
1535 1845 1564 1896 ὁ
1591 1843 1647 1896 δέ
1698 1844 1997 1907 ἐπίσκοπος
2018 1844 2224 1916 χαίρων
2255 1843 2672 1913 κατεπείγουσιν
2698 1844 3008 1915 ὑπήκουσεν

1212 1993 1302 2051 Vl.
1341 1993 1584 2064 [gnatius
1616 1994 1794 2050 Roma:
1831 2013 1864 2049 a
1899 1996 2078 2050 bestiis
2109 1997 2414 2050 devoratur.

248 2148 495 2204 Ἐκεῖθεν
527 2145 621 2205 οῦν
653 2149 938 2221 ἐὼσθησαν
980 2151 1090 2205 ἀπὸ
1127 2151 1220 2204 τοῦ
1253 2152 1586 2224 καλουμένου
1620 2154 1760 2225 Πόρ-

167 2260 270 2298 του
307 2242 380 2313 (9)
431 2241 842 2313 (διεπεφήμιστο
892 2241 1000 2313 γάρ
1052 2242 1154 2314 ἥδη
1192 2243 1259 2296 τά
1301 2243 1441 2297 κατὰ
1472 2243 1562 2297 τὸν
1608 2243 1760 2312 ἆγιον

174 2331 480 2404 μάρτυρα)’
513 2331 865 2403 συναντῶμεν
897 2332 1005 2405 (10)
1045 2336 1160 2396 τοῖς
1190 2333 1440 2403 ἀδελφοῖς
1485 2333 1633 2405 φόϐῳ
1666 2335 1762 2388 καὶ

170 2427 329 2497 χαρᾷ
357 2424 830 2497 πεπληρωμένοις,
865 2427 1149 2500 χαίρουσιν
1187 2428 1286 2498 μὲν
1334 2430 1419 2498 ἐφ’
1451 2423 1534 2492 οἷς
1565 2428 1762 2498 ἠξίων-

169 2535 239 2572 το
263 2518 366 2588 τῆς
396 2517 489 2571 τοῦ
517 2518 785 2591 Θεοφόρου
815 2519 1125 2590 συντυχίας,
1153 2519 1508 2591 φοϐουμένοις
1536 2519 1612 2585 δέ,
1631 2520 1764 2575 διότι

168 2627 288 2682 περ
327 2611 419 2662 ἐπὶ
449 2608 680 2664 θάνατον
709 2612 736 2664 ὁ
768 2609 1010 2674 τοιοῦτος
1037 2611 1220 2682 ἤγετο.
1250 2612 1376 2665 Τισὶ
1406 2612 1463 2666 δέ
1493 2612 1590 2666 καὶ
1622 2629 1763 2683 παρο

170 2701 450 2774 ήγγελλεν
473 2700 792 2774 ἡσυχάζειν,
825 2701 1006 2768 ζέουσι
1043 2704 1138 2757 καὶ
1177 2703 1392 2772 λέγουσι
1438 2703 1773 2757 καταπαύειν

169 2795 273 2848 τὸν
309 2793 480 2866 δῆμον
527 2793 664 2866 πρὸς
709 2794 769 2848 τὺ
805 2795 886 2866 μὴ¹
923 2794 1203 2866 ἐπιζητεῖν
1239 2795 1536 2849 ἀπολέσθαι
1577 2794 1669 2848 τὸν
1709 2793 1779 2847 δί-

171 2903 358 2940 καιον,
399 2887 495 2948 Ὃς
548 2885 711 2950 εὐθὺς
763 2887 926 2955 γνοὺς
972 2886 1050 2957 τῷ
1087 2887 1382 2957 πνεύματι,
1426 2887 1522 2941 καὶ
1568 2887 1776 2949 πάντας

1947 2153 2098 2210 illinc
2139 2171 2269 2226 ergo
2304 2155 2560 2210 abierunt
2602 2154 2670 2210 ab
2712 2169 2816 2220 eo,
2857 2153 2954 2224 qui
2999 2153 3200 2209 dicitur
3250 2155 3449 2213 Portus

1867 2247 2002 2325 (jam
2036 2263 2165 2301 vero
2189 2262 2384 2316 sparsa
2408 2257 2526 2300 erat
2547 2246 2723 2300 sancti
2753 2246 3008 2315 martyris
3042 2245 3239 2317 fama);
3265 2249 3454 2302 obvia-

1867 2352 1992 2392 mus
2024 2335 2286 2390 fratribus
2313 2343 2461 2390 metu
2500 2344 2554 2390 et
2578 2335 2777 2404 gaudio
2806 2333 3050 2404 repletis,
3088 2337 3452 2405 gaudentibus

1868 2430 2112 2500 quidem,
2137 2429 2283 2498 quod
2311 2443 2610 2500 congressu
2636 2426 2948 2496 Theophori
2974 2426 3116 2482 Deus
3139 2429 3284 2497 ipsos
3308 2437 3460 2484 esset

1867 2523 2144 2592 dignatus,
2181 2521 2499 2576 timentibus
2533 2529 2736 2584 autem,
2773 2519 2920 2589 quod
2954 2521 3079 2575 talis
3114 2521 3198 2574 vir
3215 2522 3281 2575 ad
3303 2537 3451 2575 mor-

1877 2615 2317 2668 temduceretur.
2338 2613 2618 2679 Quosdam
2654 2612 2818 2666 etiam
2855 2613 3090 2678 monuit,
3129 2615 3459 2682 utquiesce-

1876 2712 2028 2770 rent,
2074 2704 2167 2774 qui
2213 2702 2498 2758 fervebant
2531 2702 2898 2772 aiebantque,
2931 2719 2988 2758 se
3037 2705 3297 2773 populum
3334 2720 3459 2760 esse

1876 2795 2197 2862 sedaturos,
2243 2811 2312 2850 ne
2344 2795 2521 2849 virum
2573 2794 2784 2864 justum
2819 2795 2888 2848 ad
2931 2811 3119 2850 necem
3167 2806 3456 2866 quaereret.

1878 2884 1983 2952 Qui
2012 2901 2138 2940 cum
2174 2885 2465 2941 confestim
2501 2901 2614 2940 rem
2641 2886 2836 2954 Spiritu
2882 2887 3230 2957 cognovisset
3258 2898 3311 2942 et
3337 2906 3460 2943 om—

168 2977 593 3048 ἀσπασάμενος,
627 2978 862 3049 αἰτήσας
900 2995 958 3030 τε
997 2980 1129 3049 παρ’
1163 2979 1344 3032 αὐτῶν
1387 2977 1486 3050 τὴν
1516 2977 1769 3050 ἀληθινὴν

1888 2990 1976 3030 nes
2025 2977 2339 3039 salutasset,
2391 2985 2444 3030 et
2488 2975 2556 3030 ab
2598 2976 2666 3030 iis
2714 2991 2904 3030 verum
2933 2992 3174 3032 amorem
3207 2980 3458 3048 pluribus

170 3068 426 3137 ἀγάπην,
445 3067 543 3120 πλε
551 3066 667 3120 ίονά
683 3084 743 3121 τε
759 3067 867 3121 τῶν
886 3069 944 3121 ἐν
960 3071 1024 3139 τῇ
1041 3067 1295 3140 ἐπιστολῇ
1314 3068 1618 3139 διαλεχθεὶς
1637 3068 1770 3140 (11),

172 3159 282 3213 καὶ
308 3159 506 3222 πείσας
543 3158 618 3230 μὴ
647 3157 912 3229 φθονῆσαι
942 3158 1020 3229 τῷ
1054 3159 1337 3213 σπεύδοντι
1379 3161 1514 3231 πρὸς
1543 3160 1630 3214 τὸν
1659 3159 1774 3212 Κύ-

179 3267 327 3323 ριον,
368 3249 511 3303 οὕτω
545 3250 681 3320 μετά
719 3251 1069 3320 γονυκλισίας
1102 3251 1320 3306 πάντων
1363 3252 1475 3304 τῶν
1505 3251 1771 3321 ἀδελφῶν,

173 3339 577 3412 παρακαλέσας
625 3339 716 3393 τὸν
773 3341 902 3394 Υίὸν
949 3341 1042 3394 τοῦ
1071 3341 1207 3395 Θεοῦ
1244 3343 1382 3414 ὑπὲρ
1412 3342 1518 3395 τῶν
1544 3343 1775 3414 Ἐκκλη-

174 3433 342 3496 σιῶν,
377 3433 520 3502 ὑπὲρ
550 3431 650 3502 τῆς
669 3431 762 3485 τοῦ
783 3432 1023 3504 διωγμοῦ
1057 3435 1473 3500 καταπαύσεως,
1507 3435 1647 3507 ὑπὲρ
1676 3436 1776 3506 τῆς

171 3525 292 3578 τῶν
334 3524 579 3594 ἀδελφῶν
625 3525 705 3588 είς
753 3523 1016 3596 ἀλλήλους
1059 3526 1314 3596 ἀγάπης,
1371 3526 1594 3598 ἀπήχθη
1637 3527 1774 3598 μετά

175 3616 422 3688 σπουδῆς
449 3619 529 3680 είς
573 3615 634 3669 τὸ
667 3615 1057 3688 ἀμφιθέατρον.
1099 3613 1235 3671 Εἶτα
1281 3616 1443 3681 εὐθὺς
1482 3617 1775 3688 ἐμϐληθεὶς

172 3706 330 3760 κατά
361 3706 422 3759 τὸ
463 3705 629 3759 πάλαι
662 3706 995 3778 πρόσταγμα
1041 3706 1135 3760 τοῦ
1174 3707 1454 3780 Καίσαρος
1481 3707 1612 3777 (~12),
1651 3708 1776 3779 μελ-

174 3795 393 3850 λουσῶν
416 3796 760 3852 καταπαύειν
790 3797 900 3851 τῶν
943 3797 1262 3869 φιλοτιμιῶν
1301 3795 1389 3870 (ἦν
1429 3799 1538 3868 γὰρ
1577 3801 1776 3868 ἐπιφα-

177 3887 318 3956 νὴς,
364 3885 441 3948 ὡς
486 3885 724 3950 ἐδόκουν,
771 3889 804 3957 ἠ
850 3886 1119 3958 λεγομένη
1171 3890 1236 3958 τῇ
1279 3889 1569 3959 Ῥωμαϊκῇ,
1622 3890 1772 3959 φωνῇ

175 3976 609 4049 τρισκαιδεκάτη
655 3977 766 4048 (15)
786 4018 800 4043 ,
849 3977 971 4032 καθ’
1010 3978 1077 4049 ἢν
1113 3979 1420 4042 σπουδαίως
1467 3979 1772 4050 συνῄεσαν),

175 4067 363 4132 οὕτως
387 4067 581 4139 θηρσὶν
611 4069 782 4140 ὠμοῖς
809 4069 962 4142 παρά
990 4069 1068 4140 τῷ
1093 4069 1214 4140 ναῷ
1237 4069 1608 4142 παρεϐάλλετο
1640 4070 1771 4140 (14),

175 4160 260 4224 ὡς
295 4160 427 4230 παρ’
460 4160 600 4214 αύτά
624 4158 716 4212 τοῦ
746 4159 900 4228 ἁγίου
937 4160 1210 4233 μάρτυρος
1227 4160 1490 4230 ’Ῑγνατίου
1531 4161 1774 4234 πληροῦ-

180 4250 315 4304 σθαι
337 4249 434 4320 τὴν
450 4250 742 4322 ἐπιθυμίαν
765 4249 896 4320 (15),
934 4251 1076 4304 κατὰ
1098 4250 1158 4302 τὸ
1187 4250 1593 4322 γεγραμμένον·
1625 4252 1777 4306 Ἐπι-

1877 3067 2094 3134 verbis,
2126 3083 2292 3137 quam
2333 3067 2387 3120 in
2423 3067 2677 3137 epistola,
2719 3067 2986 3137 petiisset,
3038 3069 3215 3137 iisque
3237 3086 3459 3140 persua-

1875 3159 2076 3227 sisset,
2119 3175 2189 3215 ne
2221 3160 2326 3215 sibi
2365 3160 2671 3216 inviderent
2717 3161 2784 3214 ad
2828 3159 3120 3216 Dominum
3157 3161 3456 3232 festinanti,

1875 3267 2055 3317 nunc,
2091 3260 2386 3321 postquam
2421 3253 2601 3306 cuncti
2653 3251 2853 3307 fratres
2905 3269 3081 3324 genua
3133 3254 3454 3322 ﬂexissent,

1875 3341 2102 3412 ipseque
2139 3341 2339 3395 Filium
2373 3342 2470 3396 Dei
2497 3358 2596 3411 pro
2626 3341 2888 3398 Ecclesiis
2915 3353 2969 3398 et
3015 3361 3115 3415 pro
3151 3348 3459 3404 cessatione

1874 3433 2275 3502 persecutionis
2308 3441 2364 3486 et
2394 3447 2492 3502 pro
2519 3442 2712 3488 mutuo
2747 3433 2977 3489 fratrum
3012 3437 3155 3492 inter
3187 3453 3245 3492 se
3269 3455 3457 3494 amore

1875 3533 2130 3591 precatus
2164 3530 2349 3589 esset,
2389 3523 2660 3578 abductus
2693 3535 2775 3579 est
2810 3524 3097 3581 confestim
3146 3528 3200 3581 in
3245 3530 3460 3600 amphi-

1877 3616 2176 3670 theatrum.
2216 3614 2350 3669 Dein
2379 3615 2525 3670 illico
2560 3616 2614 3669 in
2652 3617 2704 3670 id
2758 3617 3042 3672 immissus
3081 3635 3149 3673 ex
3202 3625 3458 3676 mandato

1875 3705 2109 3762 Caesaris
2170 3707 2379 3777 pridem
2421 3707 2572 3775 dato,
2629 3709 2737 3763 line
2790 3711 3226 3779 spectaculorum
3278 3714 3459 3768 immi~

1874 3804 2038 3850 nente
2073 3797 2214 3869 (erat
2253 3795 2400 3850 enim
2435 3797 2719 3865 solemnis,
2755 3809 2815 3853 ut
2847 3801 3133 3869 putabant,
3165 3801 3304 3866 dies,
3357 3805 3455 3873 qui

1876 3885 2079 3941 dicitur
2114 3888 2360 3941 Romana
2404 3888 2592 3960 lingua
2640 3889 2834 3944 tertius
2885 3890 3155 3958 decimus,
3195 3908 3306 3961 quo
3345 3902 3459 3948 stu-

1876 3977 2030 4033 diose
2061 3979 2480 4051 convenerant),
2517 3981 2596 4035 sic
2625 3981 2938 4038 crudelibus
2978 3982 3112 4038 feris
3135 3983 3293 4053 juxta
3319 3994 3456 4039 tem-

1875 4068 2025 4136 plum
2055 4076 2138 4122 est
2161 4067 2432 4137 objectus,
2466 4077 2526 4122 ut
2559 4068 2706 4124 illico
2747 4069 2921 4124 sancti
2957 4070 3214 4140 martyris
3261 4071 3458 4142 lgnatii

1877 4161 2193 4230 impleretur
2223 4160 2556 4215 desiderium
2577 4203 2590 4225 ,
2631 4171 2789 4230 prout
2823 4163 3086 4231 scriptum
3135 4170 3218 4216 est
3247 4180 3260 4215 :
3305 4160 3457 4214 Desi-

1875 4253 2079 4305 derium
2096 4252 2234 4320 justi
2263 4261 2340 4306 est
2370 4261 2639 4321 acceptum
2655 4253 2720 4318 3‘;
2756 4260 2814 4306 ut
2836 4268 3028 4322 nempe
3060 4253 3194 4306 nulli
3228 4252 3457 4307 fratrum

180 4342 373 4411 θυμία
407 4342 641 4394 δικαίου
683 4338 884 4407 ἃεκτή·
913 4341 1002 4393 ἵνα
1031 4339 1219 4410 μηδενὶ
1239 4339 1345 4393 τῶν
1369 4340 1614 4410 ἀδελφῶν
1647 4343 1769 4395 ἐπα-

1888 4343 2058 4412 gravis
2093 4343 2248 4396 fleret
2289 4343 2360 4398 ob
2396 4359 2620 4398 suarum
2658 4343 3012 4413 reliquiarum
3057 4343 3458 4409 collectionem,

180 4431 328 4502 χθὴς
355 4431 443 4485 διὰ
469 4431 568 4501 τῆς
603 4430 868 4501 συλλογῆς
895 4429 987 4484 τοῦ
1017 4431 1268 4492 λειψάνου
1300 4431 1560 4501 γένηται,
1593 4431 1769 4496 καθὼς

1888 4435 2346 4506 quemadmodum
2392 4437 2545 4506 prius
2578 4436 2632 4490 in
2683 4436 2912 4506 epistola
2954 4445 3256 4505 optaverat,
3301 4451 3456 4490 suam

184 4523 410 4594 φθάσας
439 4525 497 4576 ἐν
537 4525 603 4595 τῇ
643 4523 895 4594 ἐπιστολῇ
930 4523 1026 4594 τὴν
1059 4523 1196 4578 ἰδίαν
1229 4523 1494 4594 ἐπεθύμει
1524 4524 1769 4593 γενέσθαι

1888 4527 2419 4582 consummationem
2454 4527 2590 4581 fieri.
2625 4526 2765 4582 Sola:
2797 4529 2942 4581 enim
2967 4527 3216 4582 duriores
3243 4537 3462 4580 sancta-

181 4614 492 4668 τελείωσιν.
524 4614 680 4668 Μόνα
703 4615 812 4686 γὰρ
834 4616 902 4668 τὰ
924 4614 1235 4686 τραχύτερα
1275 4615 1382 4668 τῶν
1403 4616 1574 4684 ἁγίων
1617 4617 1769 4671 αύτοῐ

1888 4634 2004 4672 rum
2026 4619 2145 4688 ejus
2170 4601 2532 4688 reliquiarum.
2565 4628 2745 4688 partes
2777 4619 3008 4684 relictae,
3034 4627 3086 4673 et
3114 4618 3462 4672 Antiochiam

186 4707 464 4777 λειψάνων
518 4706 904 4777 περιελείφθη,
965 4707 1125 4760 ἅτινα
1178 4708 1258 4771 είς
1308 4707 1415 4779 τὴν·
1449 4709 1769 4778 Ἀντιόχειαη

1889 4713 2084 4767 ablatae
2107 4720 2268 4780 sunt,
2297 4721 2460 4783 atque
2490 4713 2544 4766 in
2570 4712 2739 4767 linteo
2767 4713 3049 4782 depositae,
3091 4720 3149 4766 ut
3172 4713 3460 4766 thesaurus

261 4885 313 4917 ³³
339 4885 461 4939 Aet.
494 4900 690 4948 xxvm,
729 4883 905 4949 15,14.
1052 4883 1099 4915 ³⁸
1131 4883 1295 4939 Prov.
1330 4902 1384 4952 x,
1409 4886 1500 4940 24.

288 5062 347 5126 9)
374 5059 543 5116 Ιλιοόίε
577 5060 627 5115 Il
663 5061 826 5115 Porto
848 5075 1016 5130 prope
1039 5059 1271 5116 Ostiam.

288 5064 347 5126 9)
374 5064 543 5116 l‘lodie
577 5064 627 5115 Il
663 5064 826 5115 Porto
848 5075 1016 5130 prope
1039 5064 1271 5116 Ostiam.

265 5064 381 5204 ίιο)
413 5131 488 5204 Ita
524 5141 784 5204 monente
828 5131 1063 5204 Smithio
1092 5130 1331 5204 restituit
1366 5128 1711 5204 Jacobsonus
1742 5148 1772 5204 e

185 5201 387 5262 codice
431 5201 730 5258 Parisiensi
785 5217 885 5272 pro
936 5201 1153 5271 vulgata
1206 5201 1437 5255 lectione
1489 5202 1589 5255 σὺν
1624 5201 1774 5273 αὐτῷ

192 5277 386 5483 μέἶὶη
415 5340 503 5396 Sc.
535 5341 590 5395 in
619 5340 860 5411 Epistola
888 5357 985 5394 sua
1016 5341 1082 5394 ad
1109 5340 1390 5396 Romanos

267 5414 365 5483 (12
425 5413 513 5465 Sic
540 5412 780 5481 loquitur
809 5411 1052 5482 Martyrii
1088 5411 1390 5479 seriptor,q

267 5411 386 5483 ('12)
425 5413 513 5465 Sic
540 5412 780 5481 loquitur
809 5411 1052 5482 Martyrii
1088 5411 1345 5479 scriptor,
1368 5412 1653 5483 quia_ante
1675 5413 1775 5466 ali—

191 5481 614 5570 q‘not'menses
665 5481 988 5536 sententiam
1044 5482 1426 5551 pronuntiat-at
1481 5481 1775 5551 Trajanus.

193 5558 384 5694 (11.8%.)
417 5621 506 5694 Sc.
543 5630 670 5694 ante
708 5619 978 5694 Kalendas
1009 5618 1333 5694 Januarias,
1378 5632 1439 5677 ut
1477 5638 1540 5694 ex
1587 5637 1709 5694 cap.
1751 5621 1782 5673 7

199 5691 466 5766 apparet:
493 5693 746 5762 Ἐγένετο
764 5692 822 5745 δέ
844 5691 1015 5745 ταῦτα
1039 5694 1104 5761 τῆ
1131 5692 1235 5763 πρὸ
1252 5693 1554 5765 δεκατριῶν
1579 5692 1786 5746 Καλαν-

1873 5063 1978 5116 δῶν
2011 5060 2534 5134 Ἰαννουαρίων.βὶθ
2569 5060 2664 5134 illo
2706 5060 3122 5134 celebrabantur
3161 5059 3306 5114 binis
3348 5057 3464 5111 die-

1878 5135 1981 5188 bus
2017 5130 2314 5203 Sigillaria,
2365 5131 2573 5201 adjecta
2609 5130 3014 5203 Saturnalibus.

1949 5203 2060 5275 (14)
2084 5198 2248 5275 Erat_
2271 5198 2734 5275 amphitheatrum
2768 5209 2862 5252 aut
2900 5198 3021 5275 Jovi
3072 5199 3276 5275 Latiari
3305 5242 3320 5263 ,
3370 5206 3463 5250 aut

1883 5270 2102 5345 Stygio,
2138 5283 2193 5326 et
2229 5272 2414 5345 Diana:
2443 5285 2684 5345 sacrum;
2721 5271 3078 5345 quamobrem
3116 5270 3314 5345 mirum
3355 5285 3462 5345 non

1893 5337 2010 5407 est:
2041 5345 2128 5397 hic
2163 5343 2346 5412 templi
2386 5337 2896 5412 mentionem—fieri.
2933 5339 3100 5412 (Itan.
3165 5337 3331 5412 Vetus
3383 5339 3466 5412 in-

1883 5423 2092 5482 terpres
2127 5428 2234 5465 non
2274 5407 2401 5479 legit
2427 5410 2503 5480 τῷ
2533 5409 2867 5482 ναῷηιιθὶξρι
2899 5411 3043 5482 enim
3086 5426 3110 5482 :7
3149 5410 3212 5462 ab
3238 5407 3463 5482 _in_tpiis,

1882 5478 2117 5538 fortasse
2163 5478 2347 5552 legens
2389 5498 2404 5535 :
2440 5478 2746 5552 παράτῶν
2790 5479 3020 5534 ἀνοσίων
3068 5481 3182 5536 sive
3227 5478 3465 5548 ἀνόμων.

1895 5553 2092 5608 Snn'u.

1962 5624 2072 5679 llhl
2115 5623 2248 5681 Vide
2289 5623 2404 5695 lgn.
2440 5623 2508 5676 ad
2539 5620 2692 5684 Rom.
2723 5636 2770 5677 c.
2806 5620 2857 5676 1.
