3806 6208
353 326 453 380 θεζῖ

1852 324 1913 379 S.
1952 319 2207 381 IGNA'I‘II

3452 352 3459 357 -
3537 313 3638 368 983

352 444 795 517 inaestimabilis,
834 448 905 505 ob
943 446 1203 519 martyris
1245 445 1478 517 gratiam
1518 452 1724 501 sanctae
1755 442 1940 500 Eccle-

2103 436 2398 508 τεκομίσθη
2419 477 2433 500 ,
2482 435 2577 489 καὶ
2625 435 2683 489 ὲν
2715 435 2846 505 λίνῳ
2878 430 3140 504 κατετέθη
3162 471 3176 495 ,
3212 429 3488 502 θησαυρὸς
3527 429 3640 482 ario

351 539 448 594 sia:
478 543 710 599 relicta.

2056 546 2252 602 μητος,
2286 528 2391 581 ὑπὸ
2421 527 2520 598 τῆς
2550 528 2609 580 ὲν
2643 527 2721 598 τῷ
2756 528 2991 599 μάρτυρι
3018 524 3235 596 χάριτος
3268 525 3331 593 τῇ
3358 521 3496 592 ἁγίᾳ
3528 521 3640 573 Ἑκ-

2052 622 2257 696 κλησία
2284 619 2710 691 καταλειφθέντα
2742 618 2849 689 (l6)

1307 775 1416 830 VII.
1461 775 1708 849 Ignatius
1746 788 1990 833 mortuus
2016 787 2236 849 apparet
2267 777 2674 832 dormientibus.

428 935 789 1007 Contigerant
816 949 949 989 vero
979 933 1097 989 haec
1124 948 1177 988 a.
1209 936 1265 987 d.
1298 946 1396 988 xm
1429 930 1701 988 Kalendas
1731 931 1936 988 Janua-

356 1029 491 1097 rias,
528 1029 633 1084 hoc
660 1035 764 1095 est,
793 1026 1109 1082 Decembris
1135 1024 1423 1096 vigesima,
1457 1025 1778 1081 consulibus
1797 1024 1941 1095 apud

359 1121 640 1178 Romanos
684 1121 881 1177 iterum
933 1118 1075 1175 Sura
1122 1128 1172 1175 et
1215 1118 1537 1175 Senecione.
1582 1116 1789 1173 Horum
1843 1134 1944 1174 nos

356 1216 462 1286 ipsi
493 1223 830 1285 spectatores
882 1212 1046 1280 facti,
1089 1229 1217 1269 cum
1256 1214 1313 1268 in
1348 1213 1608 1285 lacrymis
1643 1221 1811 1267 totam
1839 1227 1943 1267 uo-

355 1316 499 1361 ctem
526 1304 924 1377 exegissemus,
959 1313 1015 1359 et
1041 1304 1273 1375 genibus
1309 1304 1465 1360 ﬂexis
1499 1303 1782 1374 multaque
1815 1317 1944 1358 ora-

358 1398 505 1452 tione
532 1395 824 1450 Dominum
848 1437 864 1462 ,
906 1407 966 1450 ut
1012 1411 1114 1451 nos
1137 1396 1385 1452 inﬁrmos
1411 1396 1478 1451 de
1512 1396 1602 1462 iis,
1643 1411 1766 1466 qua!
1800 1394 1945 1450 facta

357 1489 596 1555 fuerant,
621 1497 802 1545 certos
842 1486 1071 1555 faceret,
1113 1504 1367 1543 essemus
1398 1487 1630 1558 precati,
1666 1502 1731 1541 ac
1751 1484 1967 1557 paulu?

356 1581 469 1635 lum
518 1579 1032 1646 obdormissemus;
1093 1578 1187 1632 alii
1252 1578 1439 1633 statim
1495 1585 1765 1633 astantem
1818 1592 1942 1631 eum

357 1688 570 1744 nosque
595 1674 1051 1744 complectentem
1085 1672 1347 1742 vidimus,
1378 1671 1471 1725 alii
1501 1686 1697 1725 rursus
1722 1683 1822 1740 pro
1846 1685 1943 1724 no-

355 1763 441 1820 bis
485 1771 735 1818 orantem
779 1764 1001 1819 beatum
1045 1762 1317 1836 lgnatium
1375 1765 1802 1832 conspeximus,
1851 1760 1944 1814 alii

356 1872 486 1911 vero
516 1855 720 1913 sudore
745 1857 1067 1921 stillantem,
1095 1864 1355 1927 tanquam
1382 1871 1411 1909 a
1435 1854 1605 1909 multo
1640 1854 1825 1908 labore
1850 1851 1946 1907 ad—

355 1947 685 2015 venientem,
744 1957 910 2018 atque
962 1955 1232 2003 astantem
1305 1945 1553 1999 Domino.
1625 1942 1763 1998 Cum
1812 1955 1946 2013 ergo

355 2039 531 2093 multo
561 2054 689 2093 cum
730 2039 931 2111 gaudio
982 2040 1090 2095 ista
1125 2040 1479 2104 vidissemus,
1519 2044 1574 2090 et
1601 2034 1945 2089 somniorum

355 2133 474 2186 visa
502 2132 955 2199 contulissemus,
991 2130 1165 2186 Deum
1211 2130 1461 2185 datorem
1510 2128 1781 2183 bonorum
1822 2127 1945 2181 lau-

355 2224 644 2292 davrmus,
697 2233 952 2280 sanctum
992 2224 1172 2279 virum
1218 2222 1439 2277 beatum
1492 2219 1942 2292 praedicavimus,

355 2317 514 2374 vobis
544 2327 597 2372 et
633 2318 779 2373 diem
814 2328 868 2373 et
889 2325 1106 2388 tempus
1136 2314 1593 2387 signiﬁcavimus,
1619 2325 1680 2369 ut
1700 2323 1945 2381 tempore

356 2410 604 2482 martyrii
645 2410 767 2480 ejus
796 2410 1184 2466 convenientes
1217 2407 1666 2463 communionem
1700 2412 1944 2459 nostram

356 2503 711 2559 testiﬁcemur
739 2518 867 2559 cum
898 2503 1101 2558 athleta
1124 2511 1179 2557 et
1205 2516 1472 2573 generoso
1510 2508 1751 2571 martyre
1778 2496 1942 2554 Chri-

355 2592 448 2656 sti,
485 2591 580 2661 qui
604 2592 950 2647 conculcavit
996 2592 1300 2657 diabolum,
1333 2601 1388 2647 et
1419 2590 1678 2646 desiderii
1726 2588 1835 2655 sui,
1875 2603 1944 2643 ex

354 2700 543 2739 amore
575 2683 783 2739 Christi
808 2683 1062 2756 profecti,
1098 2701 1323 2741 cursum
1353 2685 1610 2754 explevit,
1638 2685 1693 2738 in
1723 2682 1944 2738 Christo

355 2774 508 2842 Jesu,
540 2773 777 2832 Domino
815 2787 1039 2843 nostro,
1066 2792 1161 2848 per
1196 2792 1357 2848 quem
1394 2786 1450 2832 et
1489 2790 1617 2831 cum
1647 2790 1760 2845 quo
1791 2773 1942 2828 Patri

355 2862 428 2915 sit
453 2861 621 2932 gloria
648 2872 705 2919 et
731 2865 977 2934 potentia
1009 2880 1135 2921 cum
1162 2864 1372 2936 Spiritu
1399 2873 1616 2930 sancto,
1643 2865 1699 2918 in
1717 2864 1939 2920 saecula.

357 2952 526 3007 Amen
544 2991 556 3006 .

2126 937 2377 1006 Ἐγένετο
2419 936 2479 991 δὲ
2519 934 2692 991 ταῦτα
2742 936 2807 1005 τῇ
2852 932 2958 1003 πρὸ
3004 928 3299 1001 δεκατριῶν
3335 924 3640 981 Καλανδιῖιν

2051 1029 2741 1101 ’1αννουαρίων,τουτέστιν
2771 1024 3091 1096 Δεκεμϐρίῳ
3115 1022 3310 1087 εἰκάδι,
3341 1019 3641 1073 ὑπατευόν-

2052 1139 2160 1177 των
2198 1122 2349 1193 παρὰ
2395 1120 2686 1193 Ῥωμαίοις
2735 1119 2884 1191 Σύρα
2925 1118 3021 1172 καὶ
3062 1116 3312 1170 Σενεκίου
3356 1114 3421 1168 τὸ
3461 1111 3639 1165 δεύτε-

2054 1233 2146 1289 ρον
2172 1215 2303 1286 (17).
2336 1214 2553 1268 Τούτων
2583 1212 2851 1267 αὐτόπται
2885 1211 3184 1281 γενόμενοι,
3210 1206 3347 1278 μετὰ
3380 1202 3639 1276 δακρύων

2050 1312 2171 1365 κατ’
2203 1308 2349 1363 οἶκόν
2384 1325 2442 1362 τε
2479 1306 2931 1377 παννυχίσαντες,
2959 1304 3057 1357 καὶ
3097 1300 3266 1355 πολλὰ
3298 1296 3441 1370 μετὰ
3480 1312 3640 1364 γονυ-

2048 1400 2263 1464 κλισίας
2309 1398 2405 1454 καὶ
2448 1397 2687 1468 δεήσεως
2754 1394 3231 1468 παρακαλέσαντες
3287 1390 3381 1443 τὸν
3431 1386 3641 1457 Κύριον

2050 1490 2463 1562 πληροφρῆσαι
2510 1490 2635 1553 τοὺς
2668 1486 2915 1550 ἀσθενεῖς
2943 1487 3108 1557 ,ἡμᾶς
3144 1483 3238 1536 ἐπὶ
3277 1484 3391 1544 τοῖς
3446 1494 3642 1550 προγεο

2050 1583 2262 1652 γονόσιν
2291 1583 2422 1652 (l8),
2452 1581 2647 1652 μικρὸν
2677 1577 3126 1648 ἀφυπνώσαντες,
3157 1575 3208 1628 οἱ
3242 1573 3339 1644 μὲν
3370 1569 3639 1639 ἐξαίφνης

2050 1675 2347 1729 ἐπιστάντα
2375 1675 2471 1728 καὶ
2500 1673 3003 1745 περιπτυσσόμενον
3032 1669 3181 1740 ἡμᾶς
3212 1665 3526 1734 ἐϐλέπομεν
3545 1703 3562 1726 ,
3592 1662 3642 1713 οξ

2046 1768 2103 1822 δὲ
2139 1767 2299 1821 πάλιν
2331 1767 2695 1836 ὲπευχόμενον
2736 1766 2868 1835 ἡμῖν
2915 1759 3175 1832 ἑωρῶμεν
3221 1757 3312 1810 τὸν
3362 1753 3642 1825 μακάρων

2048 1861 2329 1929 Ἰγνάτιον,
2361 1860 2512 1913 ἄλλοι
2537 1858 2595 1911 δὲ
2631 1855 2960 1927 σταζόμενον
2986 1852 3074 1921 ὑφ’
3109 1848 3327 1921 ἱδρῶτος
3348 1846 3430 1909 ὡς
3458 1846 3527 1896 ὲκ
3544 1859 3643 1895 κα-

2050 1953 2220 2024 μάτου
2268 1948 2465 2005 πολλοῦ
2519 1948 2965 2020 παραγενόμενον
2984 1984 3000 2009 ,
3046 1942 3139 1996 καὶ
3189 1937 3527 2009 παρεστῶτα
3566 1932 3642 2002 τῷ

2046 2047 2255 2119 Κυρίῳ.
2289 2045 2445 2099 Μετὰ
2489 2042 2688 2112 πολλῆς
2735 2040 2913 2093 τοίνυν
2949 2036 3127 2108 χαρᾶς
3178 2032 3354 2086 ταῦτα
3403 2028 3639 2089 ἰδόντες,

2047 2139 2141 2193 καὶ
2171 2136 2540 2209 συμϐαλόντες
2565 2134 2663 2197 τὰς
2698 2131 2848 2202 wet;
2881 2128 2990 2182 τῶν
3021 2125 3332 2196 ὀνειράτων,
3366 2121 3645 2193 ὑμνήσαν-

2045 2250 2137 2296 τες
2156 2230 2246 2285 τὺν
2278 2229 2432 2293 Θεὸν,
2477 2227 2567 2281 τὸν
2598 2226 2802 2297 δοτῆρα
2833 2223 2943 2276 τῶν
2979 2218 3198 2289 ἀγαθῶν
3217 2257 3232 2282 ,
3266 2215 3362 2268 καὶ
3397 2211 3644 2285 μάκαρες

2047 2341 2237 2388 σαντες
2257 2324 2347 2377 τὸν
2375 2322 2548 2390 ἅγιον,
2569 2315 2994 2389 ἐφανερώσαμεν
3017 2314 3143 2383 ὑμῖν
3169 2309 3264 2362 καὶ
3291 2306 3391 2378 τὴν
3421 2305 3645 2377 ἡμέραν

2046 2419 2141 2473 καὶ
2180 2435 2272 2471 τον
2317 2416 2528 2487 χρόνον,
2563 2414 2651 2465 ἵνα
2698 2409 2840 2464 κατὰ
2866 2407 2960 2462 τὸν
2982 2403 3170 2477 καιρὸν
3196 2400 3291 2456 τοῦ
3329 2398 3643 2471 μαρτυρίαι

2047 2512 2403 2581 συναγόμενοι
2443 2506 2590 2578 (l9),
2629 2500 2977 2572 κοινωνῶμεν
3024 2496 3100 2567 τῷ
3142 2495 3352 2564 ἀθλητῇ
3394 2492 3494 2544 καὶ
3520 2507 3646 2557 γεν-

2045 2605 2183 2674 ναίῳ
2212 2603 2449 2674 μάρτυρι
2477 2594 2738 2669 Χριστοῦ,
2774 2591 3227 2661 καταπατήσαντι
3256 2585 3345 2637 τὸν
3362 2581 3640 2643 διάϐολον,

2045 2672 2164 2753 και
2191 2672 2302 2751 τὸν
2331 2694 2431 2764 τῆς
2475 2688 2820 2762 φιλοχρίστου
2862 2681 3029 2738 αὐτοῦ
3079 2677 3378 2748 ἐπιθυμίας
3422 2672 3647 2727 τελειώ-

2046 2807 2201 2845 σαντι
2224 2788 2445 2860 δρόμον,
2473 2787 2531 2838 ὲν
2557 2779 2777 2853 Χριστῷ
2798 2776 2998 2860 Ἰησοῦ,
3022 2774 3100 2846 τῷ
3124 2771 3317 2843 Κυρίῳ
3346 2767 3534 2841 ἡμῶν,
3571 2765 3643 2819 δι’

2047 2876 2108 2938 οὗ
2147 2882 2243 2937 καὶ⁸
2262 2858 2391 2953 μεθ’
2420 2872 2482 2932 οὗ
2512 2876 2588 2947 τῷ
2623 2873 2801 2945 Πατρὶ
2826 2873 2859 2941 ἡ
2888 2858 3016 2933 δόξα
3062 2866 3156 2919 καὶ⁵
3196 2864 3255 2916 τὸ
3289 2860 3496 2933 κράτος
3546 2860 3647 2909 om

1969 2972 2017 3037 C
2048 2976 2127 3048 τῷ
2147 2974 2288 3046 ἁγίῳ
2312 2971 2612 3043 Πνεύματι,
2636 2969 2715 3030 είς
2742 2962 2963 3026 αἰῶνας.
2996 2959 3169 3030 Ἀμήν
3190 2992 3201 3009 ε

2666 3216 3641 3248 Μ

2358 3238 2646 3253 ᾔ

1096 3471 1836 3563 MARTYBIUM
1879 3467 2300 3561 SANCTI
2386 3459 2856 3553 IGNATII

1348 3759 1358 3771 ,
1393 3690 1744 3753 EPISCOPl
1776 3686 2244 3751 ANTIOCHUE
2282 3682 2545 3746 SYRUE

360 3860 453 3919 ΕΑ
515 3865 731 3921 vetere
782 3857 1347 3937 lnterpretatione,
1401 3855 1471 3917 in
1505 3852 1896 3942 membranis
1942 3848 2349 3991 Cottotriijanis
2401 3854 2679 3929 reperta.
2725 3851 2919 3922 atque
2977 3855 3013 3901 ει
3072 3837 3310 3901 Jacobo
3375 3836 3642 3898 Usserio

1765 3948 2047 3991 primum
2081 3948 2115 3991 e
2168 3940 2272 3991 ita.

1763 3948 2047 4011 primum
2081 3946 2272 3992 euua.

1171 4098 1461 4161 (Canum,
1488 4098 1596 4149 Yet.
1626 4097 1768 4145 Patr.
1802 4090 2052 4154 Biblioth,
2075 4092 2115 4155 ι,
2138 4091 2250 4150 299,
2285 4090 2514 4141 Venetils
2540 4088 2676 4149 1765,
2698 4086 2887 4150 in-l‘ol.)

990 4246 1217 4303 CAPUT
1260 4248 1300 4301 I.

430 4344 568 4399 Cum
606 4341 879 4413 Trajanus
919 4340 1296 4396 Romanorum
1337 4341 1582 4412 suscepit
1630 4340 1943 4411 imperium,

359 4435 604 4507 lgnatius
625 4435 931 4505 discipulus
954 4434 1131 4490 sancti
1165 4432 1399 4489 Joannis
1430 4433 1750 4503 apostoli-et
1775 4447 1941 4487 evan-

2048 4241 2460 4314 pusillanimum
2498 4252 2594 4294 aut
2621 4230 2901 4292 infirmum
2932 4236 3224 4292 amitteret.
3268 4232 3523 4302 Denique
3549 4233 3645 4287 la:—

2050 4335 2269 4390 tabatur
2304 4333 2371 4389 de
2418 4332 2677 4388 Ecclesiae
2724 4330 3126 4397 immobilitate,
3167 4342 3296 4383 cum
3329 4326 3647 4396 quiesceret

2051 4426 2337 4498 paululum
2370 4440 2402 4481 a
2429 4425 2831 4497 persecutione.
2855 4421 3252 4478 Considerabat
3293 4420 3463 4475 etiam
3494 4418 3645 4489 apud

359 4528 588 4598 gelislm,
618 4528 703 4582 vir
730 4528 784 4581 in
815 4527 1073 4583 omnibus
1100 4526 1461 4598 apostolicus,
1487 4526 1731 4595 suscepit
1755 4522 1944 4579 Eccle-
1973 4533 2019 4588 ι)
2048 4521 2426 4590 semetipsum,
2467 4517 2612 4587 quod
2647 4531 2927 4586 nunquam
2962 4521 3152 4586 posset
3179 4512 3248 4568 ad
3285 4511 3646 4568 dilectionem

360 4621 499 4676 siam
556 4619 1023 4676 Antiochenorum
1069 4618 1512 4692 gubernandam;
1568 4632 1691 4688 qua:
1736 4616 1867 4670 olim
1908 4631 1940 4671 a

360 4715 779 4787 tempestatibus
806 4723 863 4771 et
900 4713 1379 4785 persecutionibus
1421 4712 1751 4784 agitabatur.
1796 4709 1941 4765 Tan-

360 4825 523 4879 quam
568 4808 748 4864 bonus
782 4808 1137 4879 gubernator,
1184 4820 1376 4861 omnes
1408 4805 1790 4861 infestationes
1824 4804 1941 4860 suis

360 4899 708 4955 orationibus
749 4899 1049 4969 repellebat
1090 4906 1146 4952 et
1186 4897 1448 4968 jejuniis,
1508 4907 1673 4967 atque
1719 4896 1941 4953 assidua

361 4993 610 5049 doctrina
640 5000 695 5048 et
742 4992 932 5048 labore
974 4991 1246 5062 spirituali
1296 4991 1703 5047 incumbentem
1736 5001 1937 5061 tempe-

364 5095 561 5144 statem
613 5102 713 5142 sua
761 5086 963 5141 virtute
1004 5086 1312 5150 avertebat;
1357 5087 1559 5141 timens
1604 5099 1674 5140 ne
1701 5085 1942 5155 aliquem

433 5262 545 5337 (l6)
580 5264 862 5337 Reliquias
896 5264 955 5337 S.
988 5263 1182 5337 lgnatii
1230 5264 1299 5319 ab
1339 5264 1474 5319 urbe
1531 5262 1706 5337 Roma
1741 5265 1941 5337 relatas

362 5334 556 5390 omnes
584 5351 652 5391 ex
680 5334 875 5390 ordine
902 5336 1152 5389 civitates
1186 5344 1549 5404 susceperunt
1589 5343 1644 5388 et
1694 5334 1941 5391 humeris

363 5415 734 5477 gestaverunt.
760 5405 1029 5477 Praeterea
1061 5405 1443 5477 Cbrysoslomi
1469 5404 1649 5477 adhuc
1668 5408 1943 5477 tempori-

363 5473 469 5547 bus
506 5476 752 5547 reliquiae
785 5476 843 5531 S.
876 5474 1071 5547 lgnatii
1101 5473 1446 5547 magnopere
1466 5474 1771 5530 Antiochiae
1795 5473 1944 5531 cole-

367 5545 586 5618 bantur.
611 5544 729 5618 Cir.
755 5544 1041 5618 Chrysost.
1064 5544 1381 5618 oratfin'S.
1416 5544 1595 5615 Ignat.
1623 5561 1673 5601 c.
1706 5548 1760 5612 5,
1800 5547 1938 5618 Opp.

366 5624 409 5669 t.
446 5613 511 5672 ιι.
552 5632 604 5685 p.
636 5616 762 5683 660,
790 5613 887 5671 ed:
918 5616 1111 5671 Montf.

441 5686 551 5753 (l7)
584 5685 624 5739 Ι.
658 5703 708 5742 e.
751 5703 876 5741 cum
919 5688 1083 5741 ambo
1110 5686 1387 5755 conjuncti
1428 5703 1666 5742 unacum
1696 5688 1942 5743 secundo

369 5756 624 5833 consules
661 5756 1089 5833 essent.‘l’rimo
1126 5758 1204 5833 illi
1230 5773 1466 5833 uuacum
1490 5758 1750 5833 consules
1784 5768 1943 5833 erant

371 5837 517 5879 anno
556 5827 760 5883 Christi
794 5827 896 5883 102
917 5867 930 5894 ,
971 5838 1026 5883 et
1064 5828 1285 5898 quidem
1312 5828 1540 5885 Senecio
1578 5827 1643 5882 Ill
1662 5870 1675 5896 ,
1702 5828 1842 5887 Sura
1875 5828 1937 5883 ll.

2045 4609 2140 4665 Dei
2168 4611 2221 4665 in
2248 4611 2466 4681 plenum
2495 4608 2824 4679 pertingere,
2852 4621 3032 4677 neque
3056 4604 3355 4672 perfectum
3387 4603 3646 4658 ordinem

2042 4700 2306 4756 doctrinae
2333 4699 2601 4764 obtinere,
2624 4697 2731 4752 nisi
2772 4712 2870 4767 per
2903 4695 3150 4766 martyrii
3189 4692 3390 4748 factam
3422 4690 3643 4747 confes-

2042 4792 2254 4847 sionem
2300 4789 2533 4845 Domino
2570 4788 3061 4858 appropinquaret.
3099 4782 3257 4840 Unde
3299 4783 3497 4853 paucis
3546 4798 3647 4837 an-

2043 4884 2130 4939 nis
2157 4896 2484 4953 permanens
2514 4879 2568 4934 in
2600 4878 2868 4942 Ecclesia,
2919 4878 3145 4933 lucerna
3186 4874 3406 4938 deiﬁca,
3452 4874 3647 4945 singu-

2042 4975 2221 5031 lorum
2247 4974 2411 5031 corda
2440 4973 2751 5029 illuminare
2771 4987 2869 5042 per
2894 4970 3307 5041 Scripturarum
3335 4968 3645 5038 expositio—

2044 5082 2168 5122 nem
2193 5065 2445 5138 precibus
2477 5063 2716 5120 assiduis
2748 5062 2971 5119 meruit.
3086 5088 3097 5100 -

2046 5267 2298 5323 Secunda
2339 5267 2460 5322 vice
2498 5266 2533 5321 ii
2567 5266 2747 5336 juncti
2791 5279 3023 5336 munere
3067 5262 3638 5336 fu_nge_bantur__anno

2043 5336 2525 5407 ChristiilO'ltet
2562 5332 2783 5407 quidem
2819 5334 3051 5407 Senecio
3090 5332 3365 5407 lY,_Sura
3416 5333 3506 5391 Ill.
3543 5333 3637 5388 Vi-

2044 5408 2239 5463 deatur
2263 5406 2394 5479 Pagi
2419 5403 2624 5462 Critiea
2653 5406 2719 5461 ad
2746 5420 2876 5479 ann.
2907 5404 3011 5479 1οἓ
3034 5414 3089 5457 et
3120 5403 3243 5457 107.

2120 5479 2230 5550 (18)
2263 5477 2303 5532 l.
2336 5474 2488 5550 é._ut
2519 5494 2617 5533 nos
2662 5476 2926 5532 certiores
2977 5474 3201 5550 faceret,
3244 5490 3377 5529 num
3442 5476 3633 5546 lgnatii

2045 5543 2369 5616 martyrium
2399 5546 2511 5602 Deo
2531 5557 2674 5603 esset
2694 5558 3003 5616 acceptum.
3032 5543 3202 5616 Cum.

2118 5614 2305 5690 (19)}.
2331 5635 2383 5690 ο.
2417 5627 2477 5672 ιιι
2512 5618 2580 5672 τὰ
2614 5614 2862 5690 γενέθλια
2890 5614 3068 5671 sancti
3103 5615 3361 5690 martyris
3398 5617 3633 5672 celebre-

2048 5685 2190 5746 mus.
2217 5685 2293 5742 Ea
2326 5687 2706 5759 Cbrysostomi
2738 5685 3288 5759 adhuctemporibus
3328 5701 3458 5759 esse
3497 5695 3634 5741 cele~

2046 5763 2224 5827 brata,
2249 5775 2313 5812 ex
2342 5755 2596 5812 sermone
2615 5757 2736 5827 ejus
2762 5758 2827 5827 in,
2846 5755 2904 5811 S.
2933 5755 3202 5827 lgnatium
3239 5758 3632 5827 perspicimus.

2050 5820 2181 5887 Vide
2201 5820 2747 5901 Chrysost.0pp.'cd.
2784 5820 2987 5884 Menti".—
3014 5835 3051 5882 t.
3090 5823 3151 5892 ll,
3187 5820 3525 5898 prIltl'sqq.
