3806 6208
200 348 312 408 989

828 468 1056 526 CAPUT
1097 467 1158 523 11.

268 589 465 645 Postea
493 602 623 644 vero
648 602 775 643 cum
818 603 965 642 nono
1000 601 1146 642 anno
1191 600 1342 656 regni
1390 585 1476 638 sui
1512 581 1783 650 Trajanus

191 695 497 740 remeasset
532 683 598 737 de
625 680 854 736 victoria
886 681 1214 751 Scytharum
1254 685 1310 732 et
1351 675 1555 730 Dacum
1600 680 1656 727 et
1695 671 1782 726 di-

189 793 484 833 versarum
527 775 807 847 gentium;
840 783 895 827 et
935 781 1151 843 putaret
1197 768 1346 840 quod
1387 774 1576 839 posset
1620 779 1782 820 suum

195 871 490 940 imperium
521 867 789 931 amittere,
838 865 946 920 nisi
985 863 1426 918 Christianorum
1469 857 1782 929 piissimum

193 964 408 1018 cultum
436 960 503 1016 ad
529 958 898 1016 idololatriam
923 957 1234 1021 inclinaret;
1259 969 1452 1009 omnes
1479 951 1574 1006 Dei
1601 951 1782 1007 culto-

194 1066 287 1110 res
342 1062 437 1108 aut
484 1052 814 1116 sacrificare,
865 1059 961 1104 aut
1007 1056 1154 1104 certe
1205 1047 1347 1102 mori
1402 1044 1781 1114 compellebat.

192 1146 354 1202 Tunc
385 1145 584 1200 timens
611 1159 715 1215 pro
751 1141 993 1198 Ecclesia
1031 1139 1498 1194 Antiochenorum
1541 1135 1782 1191 fortissi-

187 1255 322 1295 mus
357 1238 562 1294 Christi
607 1238 764 1292 miles
797 1236 1062 1304 lgnatius,
1093 1234 1236 1288 ultro
1275 1230 1517 1302 perrexit
1546 1229 1614 1284 ad
1647 1228 1784 1283 Tra-

179 1333 404 1402 janum,
441 1337 816 1385 transeuntem
856 1329 949 1382 illo
988 1337 1231 1396 tempore
1271 1340 1367 1394 per
1406 1322 1777 1384 Antiochiam,

185 1434 247 1480 et
270 1423 616 1480 festinantem
641 1423 709 1476 ad
740 1420 1056 1476 Armeniam
1079 1429 1133 1473 et
1158 1418 1414 1472 Parthos.
1441 1416 1689 1486 Cumque
1723 1415 1780 1470 in

183 1517 391 1572 faciem
456 1517 600 1588 regis
648 1513 873 1584 Trajani
920 1512 1207 1575 astitisset,
1271 1509 1543 1580 Trajanus
1593 1508 1775 1563 dixit:

193 1629 215 1661 ε
246 1609 384 1676 Quis
410 1625 469 1664 es
511 1618 591 1674 tu,
628 1608 1002 1669 cacodaemon,
1045 1605 1140 1674 qui
1178 1611 1367 1658 nostra
1394 1610 1662 1672 praecepta
1702 1598 1782 1654 fe-

183 1705 368 1758 stinas
402 1701 731 1773 transgredi,
765 1709 820 1754 et
842 1699 963 1754 aliis
993 1697 1293 1768 persuades
1338 1707 1396 1750 ut
1451 1695 1594 1749 male
1640 1709 1771 1762 per-

1655 337 1849 395 MART
1861 335 2098 394 YRlUM.

1816 468 1865 524 Α
1893 473 2018 514 cum
2052 456 2301 526 apostolo
2336 464 2430 510 tuo
2470 451 2640 506 Paulo
2687 448 2880 504 ferreis
2916 446 3151 502 vinculis
3181 445 3412 516 alligari.
3452 462 3472 497 ι

3343 339 3346 342 ’
3373 319 3480 377 990

1887 551 2006 606 Hoc
2053 551 2261 612 dicens,
2302 556 2356 602 et
2394 561 2518 600 cum
2566 543 2753 598 laetitia
2795 540 3102 610 suscipiens
3154 536 3392 601 vincula,
3425 545 3479 589 ct

1887 657 2050 699 orans
2081 641 2257 711 primo
2291 654 2389 709 pro
2439 636 2707 698 Ecclesia,
2751 643 2806 688 et
2858 648 2980 686 eam
3040 645 3165 684 cum
3224 628 3478 698 lacrymis

1887 734 2281 792 commendans
2338 731 2616 796 Domino;
2673 727 2814 782 sicut
2866 726 3008 779 aries
3058 737 3292 792 magnus
3348 719 3477 774 boni

1886 827 2063 898 gregis
2086 827 2217 893 dux,
2253 840 2286 879 a
2320 821 2679 878 ferocissimis
2703 819 2970 873 militibus
2997 815 3321 878 ducebatur,
3345 827 3478 866 cru-

1885 917 2180 974 delissimis
2205 914 2480 980 manibus,
2505 911 2738 966 Romam
2762 909 2954 964 bestiis
2968 907 3035 962 ad
3059 905 3472 962 comestionem.

2507 1042 2734 1101 CAPUT
2777 1043 2863 1098 Ill.

1955 1163 2229 1219 Tollentes
2281 1163 2448 1233 igitur
2501 1161 2724 1216 beatum
2775 1157 3066 1229 lgnatium,
3111 1152 3361 1224 pervenit
3407 1151 3476 1206 ad

1888 1257 2228 1323 Seleuciam;
2263 1257 2407 1311 unde
2439 1264 2492 1310 et
2522 1254 2787 1324 navigare
2830 1251 3159 1304 habuerunt.
3206 1244 3270 1299 Et
3303 1243 3478 1313 respi-

1885 1352 2032 1406 ciens
2080 1359 2303 1404 sanctus
2348 1347 2594 1419 lgnatius
2638 1353 2763 1415 post
2823 1343 3056 1397 multum
3122 1339 3366 1394 laborem
3407 1337 3477 1391 ad

1887 1442 2295 1516 Smyrnmorum
2328 1441 2628 1504 civitatem,
2653 1453 2775 1492 cum
2811 1436 2982 1490 multo
3011 1432 3212 1503 gaudio
3249 1431 3474 1485 descen-

1883 1539 2018 1594 dens
2049 1538 2116 1592 de
2146 1536 2292 1602 navi,
2338 1534 2633 1590 festinabat
2673 1536 2924 1585 sanctum
2967 1525 3323 1596 Polycarpum
3359 1521 3478 1586 epi-

1885 1645 2114 1700 sc0pum
2172 1627 2583 1700 Smyrnaaorum
2642 1621 3018 1690 coadjutorem
3060 1633 3223 1673 suum
3271 1615 3474 1668 videre.

1883 1724 2128 1780 Fuerunt
2175 1733 2358 1778 autem
2405 1719 2565 1801 ambo
2614 1713 2870 1784 discipuli
2925 1710 3154 1765 Joannis
3217 1706 3474 1777 apostoli.

183 1795 360 1850 ean”
404 1814 422 1847 ³
484 1793 728 1866 Ῐῧηθίωδ
758 1792 937 1848 dm“
988 1808 1008 1842 ⁸
1052 1788 1224 1885 Νῗωθ
1259 1787 1649 1885 ΤῇθθΡὴθξυξη
1687 1801 1777 1841 ea"
1808 1815 1850 1870 B
1881 1817 2053 1885 Quem
2081 1817 2184 1873 sibi
2227 1792 2524 1870 adductum
2565 1810 2760 1864 beatus
2801 1805 3136 1875 Polycarpus
3179 1801 3391 1864 videns,
3424 1806 3478 1852 et

181 1891 560 1946 codzemonem
602 1896 796 1953 vocat;
837 1885 998 1955 longe
1035 1883 1183 1938 enim
1219 1895 1248 1935 a
1289 1879 1465 1936 servis
1508 1878 1604 1935 Dei
1630 1893 1780 1933 rece-

179 1983 327 2037 dunt
350 1982 648 2036 daimones.
675 1977 803 2033 Scio
829 1977 1047 2047 quidem
1069 1974 1198 2044 quia
1224 1974 1488 2028 molestus
1512 1973 1592 2027 eis
1623 1986 1776 2038 sum;

177 2084 475 2145 propterea
526 2089 612 2128 me
667 2071 812 2126 male
862 2069 1302 2125 cacodaemonem
1337 2066 1570 2121 vocasti.
1596 2064 1782 2119 Confi-

181 2179 310 2222 tcor
337 2167 483 2221 enim
511 2181 599 2220 me
625 2163 908 2219 Christum
936 2176 1118 2232 regem
1161 2159 1400 2224 habere;
1445 2168 1498 2213 et
1539 2156 1781 2212 dissolvo

180 2262 410 2315 illorum
442 2259 694 2315 consilia.
737 2276 755 2308 1
806 2255 1080 2325 Trajanus
1112 2252 1248 2308 dixit
1285 2270 1298 2305 :
1355 2270 1374 2302 ε
1426 2249 1494 2304 Et
1535 2251 1660 2319 quis
1697 2258 1782 2304 est

180 2351 592 2422 Theophorus?
631 2370 650 2403 1
685 2349 928 2421 lgnatius
957 2346 1095 2402 dixit
1127 2364 1140 2399 :
1180 2364 1198 2396 r
1236 2343 1342 2410 Qui
1369 2343 1649 2398 Christum
1682 2342 1778 2395 ha-

180 2448 278 2501 bet
310 2447 362 2500 in
397 2453 639 2515 pectore.
682 2462 701 2494 »
740 2440 1015 2511 Trajanns
1038 2439 1173 2493 dixit
1204 2457 1216 2492 :
1257 2455 1275 2488 ι
1311 2436 1380 2490 Et
1408 2451 1509 2491 nos
1548 2450 1656 2489 non
1685 2434 1779 2489 tibi

177 2540 440 2593 videmur
491 2537 694 2591 habere
750 2533 883 2589 deos
929 2533 984 2586 in
1030 2539 1273 2601 pectore,
1329 2543 1468 2598 quos
1516 2527 1780 2580 habemus

181 2632 546 2686 auxiliatores
588 2636 781 2684 contra
827 2624 1052 2680 hostes?
1087 2643 1105 2674 ι
1150 2621 1390 2692 lgnatius
1423 2619 1606 2673 dixit:
1659 2635 1678 2666 1
1715 2616 1782 2670 Et

180 2724 462 2780 daemonia
491 2722 734 2794 gentium
756 2721 891 2775 deos
931 2717 1275 2779 existimans,
1309 2729 1484 2769 erras.
1520 2710 1674 2765 Unus
1698 2718 1782 2764 est

177 2818 336 2872 enim
370 2815 536 2882 Deus,
570 2813 665 2885 qui
694 2812 824 2867 fecit
843 2811 1044 2866 coelum
1069 2819 1123 2863 et
1147 2818 1371 2870 terram,
1404 2819 1555 2859 mare
1576 2814 1631 2858 et
1657 2818 1780 2857 om-

181 2912 279 2964 nia
334 2925 458 2980 quae
502 2910 556 2963 in
606 2908 690 2964 eis
733 2915 863 2961 sunt
905 2923 919 2958 :
973 2911 1029 2958 et
1074 2917 1218 2957 unus
1266 2898 1582 2970 unigenitus
1621 2894 1784 2950 Jesus

178 3004 447 3058 Christus
477 3001 650 3057 Filius
689 3000 830 3071 ejus,
882 2997 1044 3067 cujus
1080 2993 1379 3049 amicitiam
1428 2988 1713 3059 acquisivi.
1755 3006 1775 3038 ›

182 3097 465 3167 Trajanus
509 3094 648 3149 dixit
701 3111 715 3148 :
767 3111 785 3144 1
834 3088 1172 3146 Cruciﬁxum
1211 3085 1351 3140 dicis
1393 3100 1423 3138 a
1457 3081 1652 3137 Pontio
1693 3079 1782 3133 Pi-

1883 1908 2243 1980 spiritualiter
2264 1907 2314 1962 ei
2345 1902 2870 1964 communicans,'et
2897 1895 3131 1950 vinculis
3166 1893 3286 1963 ejus
3313 1905 3478 1944 coex-

1882 2001 2115 2066 sultans,
2141 2009 2299 2069 rogat
2327 2013 2452 2052 eum
2492 1997 2573 2050 ire
2600 1994 2667 2048 ad
2705 1991 3046 2062 propositum
3080 2003 3262 2044 suum.
3306 1985 3479 2056 Magis

1883 2102 2066 2148 autem
2111 2090 2485 2146 communiter
2525 2085 2707 2141 omnis
2743 2081 2987 2138 Ecclesia
3027 2090 3183 2149 rogat
3226 2093 3350 2132 eum
3385 2092 3480 2146 per

1883 2193 2134 2240 sanctum
2195 2182 2516 2252 episcopum
2574 2177 2961 2246 Polycarpum,
3006 2181 3060 2226 et
3109 2186 3206 2241 per
3258 2179 3480 2224 sanctos

1881 2277 2237 2347 presbyteros
2287 2282 2342 2329 et
2401 2272 2689 2327 diaconos.
2737 2266 2846 2322 Sed
2898 2274 2954 2320 et
2985 2278 3178 2318 omnes
3220 2259 3481 2315 Ecclesia:

1880 2368 2025 2424 Asia:
2071 2367 2407 2422 festinabant
2460 2364 2529 2418 ad
2585 2378 2734 2426 eum,
2785 2369 2846 2415 ut
2894 2359 3354 2428 participarentur
3411 2355 3480 2410 de

1883 2461 2152 2533 spirituali
2185 2461 2302 2530 ejus
2346 2455 2750 2513 benedictione.
2791 2452 3027 2506 Maxime
3059 2459 3241 2504 autem
3269 2459 3322 2503 et
3348 2463 3478 2502 san-

1882 2566 2032 2610 ctum
2065 2553 2431 2625 Polycarpum
2467 2549 2854 2608 hortabantur,
2905 2555 2965 2599 ut
3012 2559 3136 2598 eum
3184 2543 3474 2606 animaret,

1882 2666 1992 2719 quo
2019 2654 2436 2704 consummatus
2466 2660 2498 2698 a
2547 2641 2762 2706 bestiis,
2800 2638 3094 2693 invisibilis
3145 2635 3353 2690 mundo
3395 2632 3476 2689 ef-

1883 2741 2080 2806 fectus,
2111 2747 2540 2811 praesentarctur
2567 2733 2856 2789 obtutibus
2881 2730 3109 2786 Christi.

1957 2834 2072 2905 (90)

2153 2873 2166 2885 σ
2247 2873 2259 2885 ο
2342 2873 2355 2884 ο
2436 2869 2450 2882 ο
2533 2866 2548 2882 ο
2629 2869 2643 2883 ο
2718 2865 2733 2879 ο
2815 2867 2829 2880 υ
2911 2865 2926 2878 θ
3007 2867 3022 2879 υ
3117 2865 3131 2878 ο
3212 2864 3226 2877 ο
3307 2861 3324 2878 ο
3391 2860 3420 2878 ,ο

2465 2983 2505 3038 Ε
2539 2982 2789 3039 CAPlTE
2826 2982 2893 3037 ν.

1962 3142 1976 3155 .
2017 3144 2031 3156 .
2068 3144 2080 3156 .
2119 3143 2132 3156 .
2169 3141 2182 3155 .
2218 3140 2233 3156 .
2270 3141 2284 3154 .
2327 3098 2394 3153 Et
2427 3099 2622 3153 exinde
2664 3097 3041 3166 proﬁciscens,
3075 3092 3254 3164 Troja:
3279 3107 3475 3162 appro-

175 3192 336 3247 ]ato?
367 3211 386 3242 ι
429 3188 679 3260 lgnatius
704 3186 844 3242 dixit
875 3202 888 3237 :
943 3202 962 3234 r
1006 3181 1165 3236 lllum
1207 3178 1302 3250 qui
1346 3175 1620 3233 cruciﬁxit
1653 3188 1781 3243 pec-
1810 3168 1853 3226 C
1888 3194 2192 3265 pinquavit.
2227 3193 2509 3246 Adduclus
2535 3199 2716 3244 autem
2744 3187 3050 3258 Maponm’
3077 3202 3172 3256 per
3199 3184 3467 3254 Philippﬁ

177 3295 392 3347 catum,
424 3291 480 3337 et
524 3282 869 3336 inventorem
909 3276 1070 3346 ejus;
1121 3281 1177 3328 et
1218 3272 1314 3342 qui
1367 3285 1476 3324 non
1519 3265 1784 3338 justiﬁcat

179 3377 462 3432 idolorum
489 3373 832 3436 servitorem,
870 3368 966 3424 sed
998 3367 1092 3437 qui
1126 3365 1180 3420 in
1215 3363 1380 3420 corde
1419 3376 1522 3416 suo
1563 3360 1669 3413 hoc
1693 3374 1784 3412 sa-

175 3472 281 3542 pit.
322 3488 342 3522 )
375 3467 652 3537 Trajanus
703 3464 842 3520 dixit
877 3480 890 3516 :
935 3480 954 3513 1
1000 3459 1083 3514 Tu
1135 3473 1266 3528 ergo
1313 3459 1370 3510 in
1413 3454 1591 3523 teipso
1623 3451 1784 3507 Chri-

178 3574 329 3620 stum
359 3560 584 3633 gestas?
615 3578 634 3613 ›
665 3557 907 3629 lgnatius
933 3555 1073 3609 dixit
1117 3572 1131 3607 :
1171 3570 1189 3603 ‹
1228 3549 1450 3620 Utique.
1504 3545 1780 3615 Scriptum

176 3669 266 3714 est
285 3657 435 3712 enim
469 3673 484 3710 :
524 3651 795 3707 Habitabo
825 3651 882 3702 in
908 3649 1005 3712 eis,
1041 3657 1090 3700 et
1129 3641 1491 3699 inambulaba.
1529 3659 1546 3690 1
1584 3637 1780 3706 Traja-

177 3767 290 3805 nus
319 3749 506 3804 dixit:
551 3764 569 3796 ‹
603 3744 872 3816 lgnatium
921 3738 1134 3802 censui,
1174 3735 1448 3791 dicentem
1496 3732 1553 3786 in
1599 3730 1780 3799 seipso

179 3844 471 3899 continere
504 3839 854 3902 cruciﬁxum,
885 3835 1132 3888 vinctum
1177 3844 1207 3884 a
1244 3828 1514 3883 militibus
1554 3821 1778 3894 perduci

179 3938 248 3991 ad
277 3949 537 4006 magnam
575 3933 768 3987 urbem
801 3927 1060 3990 Romam,
1089 3938 1274 3978 escam
1301 3919 1490 3975 bestiis
1515 3932 1615 3987 pro
1643 3931 1777 3970 avo-

179 4030 401 4084 catione
421 4027 630 4097 populi.
667 4044 685 4076 ›
727 4021 882 4078 Hanc
908 4019 1241 4076 sententiam
1288 4013 1517 4068 audiens
1556 4017 1779 4066 sanctus

178 4132 394 4192 martyr
432 4118 699 4190 lgnatius,
736 4131 861 4171 cum
921 4112 1122 4180 gaudio
1163 4106 1479 4169 exsultavit,
1532 4103 1723 4158 dicens
1763 4118 1776 4154 :

185 4233 206 4266 ‹
243 4213 465 4269 Gratias
492 4212 591 4266 tibi
633 4223 756 4280 ago,
813 4206 1064 4271 Domine,
1115 4200 1376 4272 quoniam
1414 4212 1503 4251 me
1541 4193 1780 4265 perfecte

179 4305 474 4362 bonorasti
525 4305 582 4358 in
626 4311 722 4357 tua
768 4300 1080 4363 dilectione,
1122 4304 1176 4350 et
1215 4294 1440 4363 dignum
1479 4304 1566 4343 me
1599 4285 1777 4343 fecisti

256 4482 374 4554 (20)
412 4481 686 4550 lntcgrum
726 4485 890 4546 caput
922 4477 977 4554 ξ,
1015 4488 1139 4554 cum
1201 4479 1352 4542 parte
1396 4469 1644 4554 proxime
1686 4480 1776 4520 se-

180 4534 443 4624 que—litis,
483 4534 638 4624 abest
691 4563 721 4601 a
767 4534 1309 4624 ms._Cottonian'o;_.
1333 4534 1455 4611 qua:
1491 4539 1708 4624 quidem
1748 4552 1779 4591 e
1812 4534 1854 4588 D

179 4608 348 4680 t'ertio
379 4608 785 4692 lgnatianarum
821 4617 1178 4687 epistolarum
1207 4608 1499 4668 collectore
1525 4608 1778 4664 Usserius

182 4697 480 4764 supplevit.

259 4759 375 4836 (21)
418 4764 546 4832 Leg.
577 4780 595 4812 1
628 4759 1047 4836 Tyrrhenicum.
1091 4775 1108 4806 1

259 4823 375 4905 (εἳ)
415 4823 566 4887 Αιῶτ
611 4823 771 4905 vetus
814 4833 1148 4905 interpres“:
1214 4843 1233 4876 1
1269 4823 1537 4905 “Omen-sis
1587 4827 1779 4876 sancto

179 4893 443 4970 Pocioiis,
505 4923 522 4954 ι
584 4903 673 4956 ubi
720 4893 1060 4971 legendum_r
1095 4897 1356 4971 Puteolis.
1405 4915 1421 4945 D
1454 4893 1555 4971 llic
1595 4901 1779 4946 autem

180 4966 550 5031 Cottonianus
601 4966 872 5041 interpres
932 4989 949 5020 1
1012 4966 1697 5041 Pontiolum‘cpiscopum
1753 4981 1771 5014 ι

181 5047 498 5111 fabricavit,
525 5059 690 5113 quem
733 5033 787 5095 et
815 5049 1006 5095 sancto
1032 5111 1038 5113 Α
1066 5039 1271 5113 lgnatio
1318 5033 1536 5113 obviam
1579 5033 1777 5086 exiisse

182 5118 367 5182 tinxit,
391 5108 705 5170 Graecorum
731 5129 850 5182 qua;
877 5108 1120 5165 vertebat
1141 5111 1404 5163 Actorum
1425 5108 1607 5160 minus
1632 5113 1778 5157 recte

181 5181 455 5259 percepta
471 5181 760 5259 sententia.
785 5181 993 5259 Ussen.

258 5252 375 5328 (25’)
417 5254 674 5328 ExaCtior
702 5254 926 5328 quidem
957 5253 1100 5328 alius
1123 5252 1605 5328 vetus_interpres.

260 5317 378 5396 (24)
420 5327 651 5396 Reliqua
702 5317 897 5396 horum
940 5323 1201 5396 Actorum
1261 5320 1512 5396 similiter
1562 5317 1771 5396 priesti~

188 5389 405 5468 tiséctn,
457 5389 575 5453 nisi
607 5395 920 5466 interpretis
950 5394 1253 5451 obstitisset
1293 5389 1538 5463 ἀκρισία,
1572 5391 1666 5457 qui
1719 5389 1774 5441 in

1885 3287 1999 3341 sios
2030 3285 2250 3340 transiit
2296 3282 2676 3338 Macedoniam
2717 3280 2971 3350 pedibus,
3005 3287 3059 3333 et
3097 3276 3322 3346 Epirum
3351 3291 3474 3345 quae

1883 3377 2146 3446 estjuxta
2173 3374 2563 3445 Epidamnium
2615 3387 2774 3427 secus
2829 3386 3011 3435 mare;
3066 3378 3230 3438 atque
3277 3369 3474 3423 exinde

1883 3469 2066 3523 navim
2097 3466 2499 3530 conscendens,
2535 3463 2814 3534 navigavit
2843 3479 2939 3533 per
2962 3461 3300 3515 Adriaticum
3324 3461 3476 3529 pela-

1881 3578 2002 3633 gus.
2048 3560 2117 3615 Et
2161 3577 2285 3615 cum
2333 3559 2460 3614 inde
2502 3557 2827 3612 ascenderet
2873 3555 2938 3609 ad
2971 3553 3298 3625 Tyranicum
3333 3553 3471 3624 (21),

1880 3661 2166 3710 ostensum
2199 3660 2282 3707 est
2315 3660 2506 3706 sancto
2549 3648 2802 3702 Pontiolo
2843 3647 2957 3717 (9.2)
3002 3645 3281 3715 episcopo,
3325 3646 3474 3713 quod

1879 3748 1995 3818 ipse
2020 3745 2354 3801 transiturus
2377 3751 2540 3798 esset.
2573 3740 2641 3794 Et
2667 3741 2880 3795 obviam
2916 3739 2965 3792 ei
3005 3739 3213 3802 exiens,
3246 3736 3472 3790 festina-

1880 3841 1975 3893 bat
2009 3837 2163 3908 sequi
2193 3836 2314 3906 ejus
2341 3834 2573 3904 vestigia
2616 3841 2876 3902 tanquam
2911 3829 3142 3900 apostoli
3187 3827 3361 3882 Pauli.
3410 3827 3476 3882 Et

1881 3944 1992 3983 non
2040 3928 2217 3998 potuit
2259 3925 2438 3994 sequi,
2480 3923 2679 3993 spiritu
2713 3922 2870 3976 navis
2897 3936 3074 3990 prorae
3100 3919 3472 3973 incumbente.

1882 4021 1949 4075 Et
1980 4021 2245 4092 lgnatius,
2273 4019 2594 4074 beatiticans
2627 4016 2681 4070 in
2706 4031 2772 4070 eo
2805 4015 2928 4068 loco
2971 4013 3192 4066 fratrem
3219 4026 3380 4065 suum
3419 4010 3476 4063 in

1879 4115 2175 4169 dilectione
2205 4111 2342 4184 (25),
2392 4111 2466 4164 ita
2513 4109 2810 4179 navigavit.
2851 4106 3098 4175 Denique
3137 4119 3246 4157 una
3288 4103 3378 4156 die
3423 4110 3478 4155 et

1879 4220 1941 4259 ea
1988 4213 2150 4260 nocte
2189 4201 2468 4273 prosperis
2517 4201 2694 4256 ventis
2725 4199 2834 4265 usi,
2877 4203 3245 4267 pervenerunt
3276 4193 3344 4248 ad
3384 4208 3476 4248 ur-

1880 4298 2003 4352 bem
2031 4297 2258 4352 Romam
2293 4295 2408 4366 (‘24)

1883 4481 2052 4536 rebus
2095 4487 2387 4549 postquam
2435 4475 2666 4529 Romam
2723 4472 2994 4549 attigisset
3025 4467 3262 4545 lgnatius
3307 4481 3476 4534 expo-

1883 4536 2442 4618 nendis,‘posiltabita
2471 4561 2662 4618 eorum
2701 4544 2794 4612 qui
2830 4536 2998 4618 agoni
3037 4536 3307 4615 martyris
3330 4552 3471 4604 pra:-

1884 4633 2067 4676 sentes
2085 4607 2336 4674 adfuisse
2372 4633 2430 4671 se
2455 4607 3079 4674 dixerunt'narratione,
3107 4607 3472 4661 recentioretn

1883 4691 2242 4761 biographutn
2291 4688 2445 4757 sequi
2477 4687 2652 4761 magis
2691 4683 2892 4761 voluit;
2929 4681 3022 4749 qui
3074 4678 3283 4761 poetica
3317 4676 3476 4754 plane

1883 4746 2204 4830 lidevloitgos
2229 4746 2511 4830 serm'ones
2537 4746 2676 4809 initer
2704 4746 3087 4830 imperatorem
3121 4759 3172 4802 et
3207 4746 3472 4816 lgnatium

1883 4832 2085 4886 ibidem
2113 4826 2518 4890 intercessisse,
2551 4836 2604 4878 et
2638 4826 2786 4878 varia
2815 4829 3214 4876 tormentorum
3247 4830 3470 4886 genera,

1883 4911 2011 4956 ante
2056 4911 2363 4955 extremum
2417 4895 2777 4967 supplicium,
2838 4891 3130 4967 pertulisse
3178 4897 3473 4955 martyrem

1883 4981 2228 5026 commentus
2257 4978 2374 5033 est;
2405 4962 2898 5030 cnt'ti'crttciatuutit
2928 4962 3145 5014 illorttm
3172 4973 3350 5033 neque
3380 4971 3474 5007 an-

1884 5042 2121 5110 tiquiora
2158 5041 2314 5103 Aeta,
2342 5030 2522 5106 neque
2555 5039 2670 5110 ipse
2689 5033 3094 5110 _l\_lctaphrastc_s
3123 5030 3472 5110 Omentitmem

1881 5094 2047 5166 tiliam
2083 5094 2313 5174 fecerit;
2334 5119 2389 5162 et
2412 5094 2533 5177 post
2556 5094 2866 5177 Parthicam
2901 5100 3303 5177 expeditionem
3333 5094 3469 5177 Tra—

1874 5184 2066 5252 janum
2118 5165 2427 5248 numquam.
2456 5177 2686 5252 Romam
2735 5165 2988 5252 rediisse,
3034 5172 3265 5252 ideoque
3310 5165 3474 5220 rebus

1880 5239 2000 5308 istis
2053 5239 2316 5305 interesQe
2361 5251 2588 5302 omnino
2637 5262 2743 5299 non
2780 5243 3042 5314 potuisse,
3077 5239 3326 5293 Romana
3373 5250 3474 5290 nos

1878 5326 2071 5379 doceat
2105 5321 2354 5376 historia.
2392 5317 2679 5384 Usssmus,
2712 5318 2763 5371 in
2780 5312 3002 5385 praefat.
