3758 6216
105 308 210 367 995

1237 314 1679 371 RESCRIPTUM
1719 315 1805 370 DE
1837 315 2301 374 CHRISTIANIS.

3289 323 3395 380 998

312 477 385 538 C.
422 477 622 539 Plinii
679 475 1007 550 Secundi,
1040 476 1358 558 Bithyniae
1407 479 1839 558 pr0praatoris,
1879 481 1954 542 ad
1998 481 2294 543 eumdem
2349 484 2426 544 de
2454 482 2723 555 eisdem,
2762 483 3008 545 Relatio
3043 485 3188 564 (26).

179 639 453 695 Selemne
489 649 573 695 est
595 640 763 707 mihi,
788 640 1030 704 domine,
1056 641 1242 696 omnia
1267 641 1336 697 de
1367 643 1569 712 quibus
1595 641 1702 696 du-
1735 645 1780 702 Α
1807 658 1894 697 res
1925 659 2100 700 annos
2123 688 2137 711 ,
2199 659 2307 699 non
2366 661 2526 700 nemo
2563 647 2728 702 etiam
2763 657 2887 702 ante
2919 648 3107 718 viginti
3141 665 3391 720 quoque;

108 733 242 798 bitu,
276 732 348 786 ad
409 741 467 788 te
528 731 754 788 referre.
805 732 940 800 Quis
985 734 1131 790 enim
1165 741 1346 802 potest
1391 735 1590 793 melius
1619 735 1705 790 vel

109 825 526 882 cunctationem
587 842 767 882 meam
819 842 1032 898 regere,
1083 827 1170 882 vel
1216 827 1584 896 ignorantiam
1617 827 1706 880 in-

110 921 361 977 struere?
392 920 824 993 Cognitionibus
845 921 914 976 de
946 919 1280 981 Christianis
1311 919 1534 976 interfui
1564 937 1706 980 nun-

109 1028 317 1084 quam:
370 1013 502 1068 ideo
528 1015 716 1069 nescio
754 1015 908 1085 quid,
963 1025 1017 1069 et
1049 1022 1342 1084 quatenus,
1400 1022 1495 1070 aut
1522 1013 1707 1084 puniri

111 1107 314 1174 soleat,
345 1114 447 1160 aut
472 1107 667 1177 quaeri.
701 1104 813 1161 Nec
855 1105 1205 1162 mediocriter
1256 1105 1527 1172 haesitavi,
1561 1105 1704 1162 sitne

110 1199 326 1269 aliquod
373 1199 680 1254 discrimen
725 1199 990 1254 aetatum?
1050 1213 1120 1253 an
1165 1198 1470 1268 quamlibet
1529 1197 1704 1254 teneri

112 1292 245 1348 nihil
275 1308 305 1348 a
335 1293 758 1348 robustioribus
787 1291 1086 1348 differant?
1112 1291 1343 1347 deturne
1370 1290 1705 1361 poenitentiae

111 1386 304 1439 venia?
333 1401 404 1439 an
431 1385 512 1450 ei,
545 1386 641 1457 qui
666 1387 896 1441 omnino
921 1384 1275 1441 Christianus
1307 1385 1439 1449 fuit,
1471 1386 1702 1444 desiisse

113 1491 216 1532 non
252 1477 482 1546 prosit?
508 1492 711 1532 nomen
743 1478 946 1547 ipsum,
983 1477 1202 1532 etiamsi
1239 1476 1459 1548 ﬂagitiis
1494 1484 1701 1544 careat,

113 1585 176 1622 an
216 1569 422 1638 ﬂagitia
448 1570 786 1624 cohaerentia
810 1569 1020 1624 nomini
1049 1569 1382 1638 puniantur?
1405 1568 1624 1628 interim
1647 1569 1704 1624 in

114 1660 196 1725 iis,
223 1661 316 1730 qui
361 1660 433 1714 ad
480 1676 573 1715 me
611 1670 875 1730 tanquam
926 1660 1227 1716 Christiani
1283 1659 1701 1727 deferebantur,

117 1754 254 1807 hunc
285 1768 412 1808 sum
469 1763 694 1809 secutus
747 1753 994 1808 modum.
1045 1751 1384 1824 interrogavi
1414 1753 1597 1822 ipsos,
1631 1769 1700 1809 an

116 1850 293 1897 essent
335 1841 689 1898 Christiani?
722 1843 1047 1898 conﬁtentes
1082 1844 1282 1899 iterum
1332 1859 1397 1899 ac
1429 1845 1592 1899 tertio
1619 1845 1704 1898 in-

118 1935 406 2005 terrogavi,
441 1935 774 2005 supplicium
809 1935 1052 1991 minatus
1085 1954 1098 1990 :
1133 1947 1544 2006 perseverantes
1573 1938 1702 1994 duci

1810 749 2004 792 omnes
2059 743 2113 790 et
2163 735 2454 806 imaginem
2511 747 2658 790 tuam
2708 737 3048 807 deorumque
3099 739 3393 796 simulacra

1809 825 2054 881 venerati
2089 837 2239 893 sunt,
2271 835 2326 882 et
2351 825 2574 886 Christo
2619 828 3042 888 maledixerunt.

1879 915 2242 978 Afﬁrmabant
2294 929 2476 974 autem
2529 920 2672 976 hanc
2749 918 2922 975 fuisse
2973 937 3246 976 summam
3308 922 3393 977 vel

1808 1008 1982 1078 culpae
2024 1024 2168 1075 suae,
2220 1011 2302 1065 vel
2364 1011 2604 1080 erroris;
2658 1014 2804 1082 quod
2846 1021 3034 1068 essent
3067 1014 3213 1068 soliti
3248 1023 3393 1068 stato

1807 1099 1898 1153 die
1936 1108 2063 1156 ante
2115 1102 2291 1158 lucem
2349 1104 2680 1169 convenire,
2739 1120 3078 1176 carmenque
3131 1104 3388 1170 Christo,

1806 1193 1964 1262 quasi
2025 1191 2137 1247 Deo
2165 1233 2180 1257 ,
2214 1194 2396 1250 dicere
2446 1210 2634 1254 secum
2689 1195 2962 1264 invicem;
3003 1210 3171 1266 seque
3203 1211 3390 1251 sacra-

1806 1295 1994 1344 mento
2031 1299 2140 1339 non
2186 1285 2240 1339 in
2299 1285 2478 1341 scelus
2507 1286 2728 1355 aliquod
2775 1288 3140 1356 obstringere,
3186 1289 3280 1341 sed
3322 1303 3392 1343 ne

1806 1376 1972 1440 furta,
2002 1393 2070 1432 ne
2102 1378 2410 1445 latrocinia,
2446 1395 2513 1432 ne
2541 1379 2807 1440 adulteria
2850 1379 3295 1446 committerent,
3323 1396 3392 1435 ne

1807 1468 1969 1524 ﬁdem
2001 1469 2274 1536 fallerent,
2310 1487 2379 1526 ne
2397 1471 2701 1542 depositum
2738 1472 2990 1542 appellati
3021 1472 3388 1544 abnegarent,

1804 1563 2007 1632 quibus
2040 1565 2296 1634 peractis,
2326 1580 2534 1619 morem
2568 1566 2671 1621 sibi
2706 1566 3020 1621 discedendi
3043 1566 3236 1632 luisse,
3268 1584 3390 1622 rur-

1805 1671 2008 1725 susque
2032 1656 2261 1711 coeundi
2284 1658 2352 1712 ad
2379 1658 2703 1728 capiendum
2738 1660 2922 1714 cibum
2951 1702 2966 1728 ,
3007 1661 3386 1730 promiscuum

1803 1753 1985 1808 tamen
2038 1756 2094 1802 et
2135 1748 2455 1816 innoxium;
2490 1751 2634 1820 quod
2687 1751 2866 1821 ipsum
2908 1750 3091 1807 facere
3125 1753 3385 1821 desiisse,

1802 1849 1926 1907 post
1971 1839 2208 1894 edictum
2264 1856 2470 1908 meum,
2521 1857 2636 1911 quo
2687 1845 2990 1898 secundum
3013 1847 3268 1900 mandata
3293 1854 3388 1902 tua

1807 1929 2062 1986 hetaerias
2114 1946 2237 1986 esse
2282 1942 2583 1987 vetueram.
2619 1932 2740 2000 Quo
2791 1935 2964 2003 magis
3011 1939 3388 1994 necessarium

113 1998 285 2099 jussi.’
301 1998 692 2097 Neque-enim
727 2027 1046 2082 dubitabam
1087 1998 1501 2098 (qualecunque
1529 2038 1697 2094 esset,
1733 1998 1776 2055 Β
1804 2021 2029 2088 credidi,
2065 2036 2130 2076 ex
2154 2023 2367 2078 duabus
2397 1998 2784 2096 ancillisgquae
2817 1998 3084 2081 ministrae
3109 2028 3380 2084 diceban-

119 2121 256 2190 quod
288 2120 628 2190 faterentur)
657 2120 1025 2190 pervicaciam
1062 2128 1210 2175 certe
1247 2128 1303 2174 et
1347 2120 1701 2176 inﬂexibilem

118 2214 544 2269 obstinationem
578 2214 778 2269 debere
805 2214 1010 2284 puniri.
1360 2290 1362 2293 ι

181 2306 422 2361 Fuerunt
477 2306 574 2362 alii
626 2307 828 2370 similis
863 2308 1152 2373 amentiae,
1184 2322 1322 2378 quos
1355 2305 1507 2386 (quia
1551 2306 1700 2368 cives

119 2396 340 2452 Romani
399 2401 587 2468 erant)
651 2399 908 2454 annotavi
952 2399 1006 2453 in
1067 2397 1266 2454 Urbem
1301 2401 1697 2455 remittendos:

123 2507 237 2545 mox
261 2491 380 2561 ipso
411 2500 677 2557 tractatu,
716 2504 775 2546 ut
809 2491 924 2545 ﬁeri
953 2491 1112 2555 solet,
1149 2491 1485 2546 diﬂ‘undente
1507 2507 1563 2547 se
1588 2492 1698 2547 cri-

122 2578 284 2642 mine,
313 2579 503 2648 plures
544 2580 759 2649 species
790 2580 1123 2635 inciderunt.
1161 2579 1488 2652 Propositus
1520 2592 1603 2637 est
1628 2583 1699 2636 lio

124 2669 282 2726 bellus
311 2671 430 2725 sine
481 2680 732 2738 auctore,
763 2672 1063 2726 multorum
1108 2673 1330 2727 nomina
1367 2673 1655 2728 continens
1681 2713 1696 2738 ,

122 2763 204 2833 qui
235 2772 500 2834 negarent
537 2779 595 2819 se
625 2780 748 2819 esse
778 2763 1160 2834 Christianos,
1195 2774 1290 2820 aut
1329 2763 1500 2822 fuisse
1525 2806 1540 2831 ,
1571 2781 1696 2820 cum

124 2865 380 2924 praeeunte
448 2871 542 2912 me
599 2857 732 2912 deos
786 2857 1159 2928 appellarent,
1215 2868 1271 2913 et
1313 2858 1538 2928 imagini
1591 2867 1698 2911 tuae

127 2949 293 3018 (quam
339 2957 570 3020 propter
613 2949 718 3004 hoc
759 2949 1038 3026 iusseram
1084 2965 1212 3006 cum
1251 2949 1564 3006 simulacris
1595 2965 1697 3002 nu-

128 3043 318 3094 minum
375 3040 587 3113 afferri)
636 3042 796 3097 thure
843 3056 908 3097 ac
948 3042 1078 3097 vino
1109 3043 1516 3112 supplicarent,
1552 3057 1694 3112 prae-

131 3139 257 3186 terea
280 3132 674 3188 maledicerent
701 3131 924 3187 Christo
941 3135 1198 3203 (quorum
1221 3132 1358 3186 nihil
1387 3133 1506 3202 cogi
1531 3147 1695 3202 posse

128 3222 384 3290 dicuntur,
415 3219 517 3294 qui
547 3233 677 3280 sunt
707 3239 895 3278 revera
943 3223 1306 3293 Christiani):
1339 3224 1694 3279 dimittendos

1804 2121 1912 2177 tur,
1959 2114 2090 2182 quid
2123 2124 2266 2169 esset
2309 2116 2422 2169 veri
2469 2125 2523 2170 et
2563 2132 2660 2185 per
2685 2126 2952 2172 tormenta
2981 2134 3244 2188 quaerere.
3280 2120 3386 2176 Sed

1802 2205 1947 2286 nihil
1973 2205 2121 2264 aliud
2159 2207 2366 2274 inveni,
2399 2223 2563 2277 quam
2599 2208 3044 2278 superstitionem
3081 2225 3304 2280 pravam
3333 2221 3387 2268 et

1802 2299 2154 2360 immodicam
2187 2319 2199 2354 :
2247 2301 2478 2371 ideoque
2523 2302 2692 2358 dilata
2727 2302 3040 2373 cognitione
3082 2304 3150 2359 ad
3178 2319 3384 2360 consu-

1801 2389 2023 2450 lendum
2058 2402 2107 2446 te
2128 2393 2365 2448 decurri.

1872 2482 2003 2540 Visa
2036 2495 2118 2540 est
2140 2487 2286 2539 enim
2319 2486 2452 2540 mihi
2483 2502 2571 2541 res
2595 2487 2758 2558 digna
2801 2487 3230 2557 consultatione,
3263 2504 3381 2545 ma-

1802 2576 1948 2632 xime
1990 2589 2214 2648 propter
2237 2579 2665 2649 periclitantium
2697 2595 3008 2636 numerum.
3043 2581 3194 2637 Multi
3235 2584 3383 2638 enim

1798 2669 1979 2725 omnis
2010 2671 2208 2736 aetatis,
2245 2671 2426 2727 omnis
2459 2671 2692 2738 ordinis,
2715 2673 3006 2744 utriusque
3029 2690 3193 2729 sexus
3217 2675 3381 2730 etiam

1800 2769 2066 2815 vocantur
2098 2761 2155 2816 in
2187 2763 2514 2832 periculum,
2548 2771 2602 2816 et
2627 2764 2992 2820 vocabuntur.
3019 2765 3206 2838 Neque
3234 2769 3381 2822 enim

1799 2856 2049 2910 civitates
2071 2865 2306 2921 tantum,
2340 2858 2434 2911 sed
2457 2857 2607 2912 vicos
2627 2859 2792 2912 etiam
2818 2868 2982 2930 atque
3005 2876 3165 2930 agros
3193 2877 3382 2932 super-

1799 2948 2039 3004 stitionis
2066 2949 2228 3005 istius
2266 2950 2520 3018 contagio
2551 2962 2846 3020 pervagata
2876 2959 2982 3016 est,
3015 2969 3137 3022 qum
3168 2954 3382 3009 videtur

1797 3042 1916 3097 sisti
1951 3050 2004 3096 et
2037 3041 2239 3112 corrigi
2276 3056 2459 3110 posse.
2509 3040 2672 3100 Certe
2719 3043 2854 3098 satis
2917 3055 3161 3112 constat,
3212 3061 3381 3117 prope

1793 3132 1906 3202 jam
1933 3132 2174 3187 desolata
2208 3133 2408 3201 templa
2432 3134 2664 3202 ccepisse
2689 3134 2994 3199 celebrari,
3019 3144 3073 3188 et
3101 3152 3256 3191 sacra
3289 3154 3380 3193 so-

1795 3225 1999 3280 lemnia
2024 3225 2116 3279 diu
2156 3225 2473 3280 intermissa
2521 3226 2714 3295 repeti,
2745 3226 3060 3298 passimque
3090 3229 3274 3282 venire
3299 3230 3378 3283 vi-

130 3312 310 3380 putavi.
336 3314 441 3368 Alii
469 3316 542 3370 ab
577 3314 758 3370 indice
785 3316 1076 3381 nominati,
1102 3331 1226 3372 esse
1255 3332 1314 3371 se
1343 3315 1689 3371 Christianos
1721 3342 1764 3398 α
1798 3320 1996 3372 etimas
2021 3334 2034 3382 ;
2063 3332 2297 3386 quarum
2333 3318 2514 3371 adhuc
2538 3317 2854 3373 rarissimus
2898 3327 3110 3388 emptor
3138 3319 3378 3375 invenie-

129 3403 380 3469 dixeruut,
423 3416 479 3461 et
531 3423 662 3460 mox
701 3416 1073 3478 negaverunt;
1103 3407 1275 3464 fuisse
1317 3408 1560 3478 quidem,
1597 3408 1690 3462 sed

132 3497 354 3565 desiisse,
396 3501 622 3571 quidam
654 3511 781 3558 ante
811 3502 1134 3569 triennium,
1161 3503 1386 3572 quidam
1411 3512 1535 3557 ante
1561 3502 1686 3572 plu-

1800 3409 1977 3463 batur.
2004 3406 2081 3461 Ex
2115 3423 2227 3478 quo
2271 3407 2428 3462 facile
2479 3419 2561 3462 est
2593 3409 2827 3478 opinari,
2860 3425 2982 3479 qua:
3013 3411 3170 3465 turba
3199 3412 3379 3465 homi—

1800 3516 1932 3555 num
1960 3500 2241 3555 emendari
2281 3500 2491 3569 possit,
2527 3500 2572 3556 si
2604 3501 2676 3555 sit
2703 3501 3033 3570 poenitentiae
3059 3502 3232 3558 locus.

907 3852 1161 3932 Trajani
1206 3851 1647 3931 imperatoris,
1683 3851 1763 3914 de
1799 3846 2204 3922 Christianis,
2237 3849 2665 3927 Rescriptum.

182 4013 430 4085 Trajanus
441 4015 623 4070 Plinio
651 4013 709 4069 S.
725 4014 924 4070 Actum
945 4030 1106 4085 quem
1123 4015 1381 4080 debuisti,
1397 4016 1470 4070 mi
1492 4014 1694 4069 Secun-

137 4107 218 4172 de,
241 4108 290 4162 in
315 4107 655 4164 excutiendis
687 4107 871 4163 causis
893 4122 1106 4173 eorum,
1123 4108 1215 4177 qui
1232 4106 1529 4162 Christiani
1549 4106 1615 4160 ad
1641 4114 1693 4160 te

139 4197 274 4253 delati
301 4199 530 4266 fuerant,
554 4209 776 4255 secutus
804 4215 884 4254 es.
914 4197 1097 4268 Neque
1125 4199 1268 4253 enim
1295 4200 1348 4252 in
1373 4199 1688 4252 universum

139 4290 338 4359 aliquid,
361 4293 506 4362 quod
530 4292 689 4363 quasi
712 4301 917 4348 certam
945 4291 1175 4345 formam
1196 4290 1413 4354 habeat,
1431 4288 1689 4344 constitui

141 4393 308 4449 pctest.
338 4382 708 4455 Conquirendi
753 4398 863 4442 non
896 4391 1054 4449 sunt;
1089 4382 1134 4437 si
1168 4381 1486 4437 deferantur
1519 4390 1573 4435 et
1601 4397 1690 4434 ar~

1801 4028 1862 4068 se
1899 4012 2276 4069 Christianum
2309 4028 2450 4077 esse,
2489 4013 2648 4082 idque
2687 4012 2868 4081 reipsa
2912 4011 3263 4069 manifestum
3299 4013 3374 4071 fe-

1799 4105 1936 4160 cerit
2009 4106 2098 4175 (id
2136 4116 2220 4161 est
2278 4104 2638 4176 supplicando
2667 4104 2773 4158 diis
2807 4105 3071 4175 nostris),
3119 4108 3371 4174 quamvis

1795 4206 2086 4266 suspectus
2138 4200 2191 4253 in
2246 4199 2578 4268 praeteritum
2621 4196 2807 4262 fuerit,
2849 4197 3062 4252 veniam
3092 4213 3160 4252 ex
3191 4200 3370 4268 paeni-

1796 4290 1962 4344 tentia
1997 4290 2275 4360 impetret.
2305 4289 2432 4344 Sine
2467 4296 2691 4344 auctore
2718 4304 2846 4343 vero
2875 4290 3142 4358 propositi
3176 4291 3366 4357 libelli,

1794 4382 1944 4436 nullo
1967 4384 2199 4438 crimine
2224 4384 2404 4438 locum
2433 4383 2634 4436 habere
2665 4381 2882 4436 debent.
2908 4379 3042 4436 Nam
3072 4391 3126 4438 et
3145 4384 3366 4453 pessimi

141 4486 375 4543 guantur,
405 4477 670 4549 puniendi
693 4485 863 4532 sunt:
895 4477 972 4532 ita
1001 4484 1186 4530 tamen
1208 4482 1267 4529 ut
1291 4474 1384 4545 qui
1415 4473 1694 4546 negaverit
1724 4468 1768 4523 D
1799 4475 2054 4544 exempli,
2080 4491 2178 4530 nec
2211 4475 2381 4531 nostri
2406 4474 2591 4530 saeculi
2619 4481 2717 4528 est.

145 4781 234 4849 iam
256 4801 394 4842 mors
419 4789 583 4842 etiam
613 4787 719 4841 fuit
761 4786 1060 4840 multorum
1109 4785 1378 4839 bonorum
1423 4784 1684 4838 concilia-

149 4854 310 4926 trix”
357 4859 484 4926 quia
540 4860 686 4922 hoc,
726 4859 1010 4920 nimirum,
1048 4856 1340 4926 decretum
1415 4854 1687 4926 mitiorem

147 4923 389 4997 eﬁecisset‘
416 4930 847 4997 persecutionem
871 4969 886 4990 ,
921 4926 1011 4979 τὸν
1032 4925 1278 4997 ῥιωγμὸν
1301 4923 1686 4996 μετριώτερον,

151 4996 284 5068 ut_in
329 4995 540 5068 Traiani
572 4999 800 5053 historia
842 4997 1002 5051 habet
1030 4995 1292 5068 Zonaras.

207 5063 314 5140 sub,
331 5063 486 5123 tertio
513 5068 735 5140 Trajani
768 5069 1078 5140 consulatu,
1114 5067 1295 5140 qui‘in
1319 5081 1524 5140 annum
1557 5079 1681 5140 atra:

151 5131 436 5194 Christiana:
471 5131 662 5194 incidit
696 5131 1080 5203 centesimum,
1107 5131 1167 5191 C.
1205 5135 1442 5190 Plinium
1472 5135 1678 5190 Kalen-

153 5203 229 5281 glis
281 5206 679 5281 Septembribus
726 5210 1090 5281 consulatum_
1131 5222 1291 5281 suum
1324 5206 1678 5281 honorarium

154 5274 327 5350 iniisse,
347 5274 403 5332 in
430 5282 728 5350 primorum
750 5294 1022 5334 annorum
1049 5277 1270 5350 Trajani
1299 5277 1495 5350 tabella
1516 5277 1679 5330 chro-

155 5346 366 5420 nulogica
393 5346 500 5420 jam
531 5351 932 5415 indicavimus;
961 5363 1073 5418 quo
1120 5349 1240 5420 ipso
1267 5349 1432 5420 e_tiam
1457 5360 1603 5400 anno
1623 5357 1678 5420 et

156 5411 225 5489 die
263 5411 507 5491 insignem
562 5423 714 5475 illum
747 5411 1236 5491 panegyricum'ad
1273 5418 1572 5485 Traianum
1594 5417 1675 5491 __ab

158 5486 250 5548 ίμδο
276 5486 431 5560 [uisse
462 5486 815 5553 habitumfin
844 5486 1092 5560 ej'u'sdem
1123 5497 1450 5560 argumento
1478 5488 1678 5560 conﬁr-

159 5564 249 5631 ntat
275 5557 488 5628 Lipsius.
519 5562 632 5616 Sub
663 5557 886 5631 quarto‘
907 5569 1087 5614 tamen
1124 5557 1345 5628 Traiani
1386 5558 1674 5631 consulatu

162 5620 346 5700 [33mm-
379 5631 476 5686 boc
521 5633 638 5686 vult
681 5620 993 5686 Baronius:
1028 5631 1123 5700 qui
1167 5620 1395 5684 et'atmo
1425 5629 1678 5696 proximo

161 5687 355 5770 Plinium
376 5703 703 5768 provinciam
730 5702 1036 5770 suscepisse
1047 5687 1576 5770 administrandam,
1596 5707 1679 5750 at-

163 5776 246 5828 llue
274 5767 450 5827 has’ad
504 5771 804 5845 Traianum
839 5767 1049 5828 litteras
1093 5771 1309 5826 dedisse
1360 5768 1674 5835 existimat;

1797 4781 2031 4850 indeque
2059 4798 2078 4834 ι
2121 4778 2321 4850 erroris
2362 4775 2612 4850 redargui
2642 4775 2764 4841 jure
2811 4790 2974 4844 posse
3003 4795 3022 4827 ι
3065 4775 3364 4850 Eusebium

1796 4852 1898 4907 sibi
1929 4845 2096 4906 videri
2126 4849 2395 4921 significat
2416 4845 2606 4921 ,_apud
2637 4859 2798 4921 quem
2835 4851 3026 4921 posita:
3059 4861 3138 4899 ea:
3162 4845 3365 4921 fuerint

1798 4940 1943 4977 anno
1971 4941 1989 4973 ι
2023 4916 2314 4975 undecimo
2353 4937 2372 4967 ι
2412 4917 2655 4985 ejusdem
2693 4916 3061 4985 imperatoris,
3099 4916 3181 4970 vel
3219 4935 3238 4968 ι
3261 4918 3362 4972 de-

1787 4996 1981 5049 cimo»
2045 4992 2264 5061 potius,
2321 4984 2490 5061 ut_ex
2548 4984 3361 5061 emendatiorihusEusebiani

1787 5054 2350 5120 Chronici'codicibus
2378 5056 2646 5125 Josephus
2681 5055 2922 5124 Scaliger
2950 5057 3136 5109 edidit.
3169 5054 3364 5111 Videa-

1786 5145 1876 5190 tur
1905 5137 2018 5203 ipse
2049 5132 2339 5203 Baronius,
2367 5131 2665 5203 adannum
2684 5126 3026 5203 Christiin
3055 5126 3230 5203 (num.
3257 5127 3363 5203 iet

1786 5207 1866 5273 5),
1901 5194 2063 5274 quem
2093 5217 2214 5256 actm
2250 5199 2577 5274 Christianae
2607 5195 2845 5274 vulgaris
2888 5194 3074 5274 10am
3100 5194 3361 5274 Chr-quia)

1785 5266 1884 5330 suo
1921 5266 2072 5328 recte
2102 5278 2354 5325 numerat
2386 5267 2447 5322 Ι).
2484 5267 2767 5331 Petavius;
2794 5266 2919 5320 licet
2939 5267 3004 5320 ad
3032 5282 3156 5320 eum
3189 5267 3361 5321 bisto.

1785 5347 1922 5400 riam
1955 5345 2094 5404 hanc
2135 5357 2242 5395 non
2291 5349 2440 5395 recte
2471 5339 2688 5393 referat.
2724 5336 2900 5401 Quam
2948 5337 3180 5390 inﬁrmis
3212 5337 3359 5390 enim

1783 5416 2109 5477 Baroniana,
2147 5427 2312 5482 quam
2367 5411 2458 5464 ille
2483 5419 2700 5482 scelstus
2724 5415 2840 5482 est,
2878 5407 3145 5482 sententia
3172 5407 3358 5482 innixa

1783 5487 1950 5540 fuerit
2009 5476 2422 5544 fundamentis,
2479 5493 2508 5532 a
2552 5477 2611 5531 P.
2660 5476 2932 5530 Halloixio
2965 5478 3216 5544 pluribus
3242 5477 3358 5546 jam

1784 5559 1988 5626 pridem
2010 5563 2420 5626 estpstensum,
2448 5549 2636 5602 Natat.
2659 5550 2714 5600 in
2749 5547 2851 5600 Vit.
2882 5546 3244 5617 Ignatii,cap.
3268 5548 3358 5613 id,

1783 5623 1977 5697 quaest.
2009 5623 2300 5700 LAUsssn.
2502 5690 2514 5700 θ
2557 5698 2564 5700 Α
2621 5687 2688 5700 Λ-

1856 5699 1968 5769 (‘26)
2009 5695 2150 5750 Plin.
2189 5695 2280 5749 lib.
2338 5709 2392 5758 χ,
2432 5690 2590 5761 epist.
2620 5688 2711 5743 97,
