3758 6216
399 314 579 380 995⁴

1624 323 1681 377 S.
1722 319 2185 378 POLYCARPUS
2224 318 2535 376 MARTYR.
3581 328 3661 385 ωε

1159 493 1546 557 Tertulliani
1595 493 1675 554 de
1732 493 1853 556 hoc
1908 493 2162 573 Trajani
2195 495 2534 571 Rescripta
2578 490 2919 554 sententia.

470 657 691 715 Plinius
717 657 1038 725 Secundus,
1069 676 1194 716 cum
1220 659 1562 731 provinciam
1593 668 1824 727 regeret,
1848 658 1997 712 dam—
2022 663 2071 720 Α
2099 660 2399 728 quirendos
2457 669 2518 714 ut
2580 659 2902 715 innocentes
2926 698 2942 723 ,
3000 665 3055 713 et
3096 657 3331 713 mandat
3376 657 3659 727 puniendos

397 754 546 808 natis
595 752 926 824 quibusdam
981 752 1349 818 Christianis,
1410 753 1743 825 quibusdam
1808 752 1984 824 gradu

395 845 593 915 pulsis,
650 845 769 915 ipsa
813 855 995 899 tamen
1031 845 1383 901 multitudine
1426 844 1803 915 perturbatus,
1852 844 1985 916 quid

396 935 463 990 de
485 944 682 991 caetero
709 944 895 1006 ageret
928 938 1209 992 consuluit
1238 946 1371 994 tunc
1406 935 1706 1007 Trajanum
1748 936 1985 1007 impera-

396 1037 611 1082 torem:
645 1027 911 1097 allegans,
940 1037 1140 1099 praeter
1172 1028 1599 1084 obstinationem
1631 1044 1742 1083 non
1773 1028 1986 1083 sacriﬁ-

394 1119 577 1185 candi,
607 1119 746 1173 nihil
789 1120 936 1176 aliud
990 1137 1049 1176 se
1076 1121 1145 1177 de
1178 1121 1547 1178 sacramentis
1593 1136 1786 1176 eorum
1829 1135 1983 1176 com-

393 1212 624 1283 perisse,
686 1228 851 1283 quam
915 1221 1094 1269 castus
1153 1213 1514 1268 antelucanos
1560 1211 1630 1267 ad
1674 1210 1978 1267 canendam

392 1307 633 1372 Christo,
685 1315 745 1360 ut
788 1304 935 1372 Deo,
969 1313 1023 1361 et
1081 1304 1151 1359 ad
1202 1302 1690 1361 cnnftederandum
1737 1302 1982 1373 discipli-

394 1414 546 1463 nam,
577 1398 965 1467 homicidium,
1001 1398 1361 1464 adulterium,
1394 1395 1668 1465 fraudem,
1693 1396 1977 1468 perﬁdiam

390 1500 447 1545 et
481 1499 677 1546 caetera
712 1491 918 1547 scelera
955 1491 1329 1561 prohibentes.
1373 1488 1530 1545 Tunc
1574 1489 1848 1560 Trajanus
1894 1504 1983 1544 re-

392 1583 635 1652 scripsit,
663 1583 768 1637 hoc
812 1598 986 1653 genus
1020 1582 1381 1653 inquirendos
1412 1581 1639 1653 quidem
1680 1596 1791 1636 non
1824 1596 1976 1649 esse;

391 1676 608 1731 oblatos
638 1691 768 1730 vero
799 1677 981 1746 puniri
1015 1684 1295 1746 oportere.

461 1766 507 1824 Ο
555 1769 885 1824 sententiam
934 1769 1264 1824 necessitate
1312 1766 1637 1824 confusam!
1680 1766 1853 1839 Negat
1887 1768 1971 1822 in-

2093 758 2153 804 ut
2188 760 2474 807 nocentes.
2513 749 2701 807 Parcit
2745 760 2801 806 et
2842 753 2996 807 saevit
3030 749 3401 805 :dissimulat
3437 755 3661 804 etanim-

2103 842 2357 897 advertit.
2410 841 2554 910 Quid
2597 843 2953 913 temetipsum
2996 857 3234 898 censura
3272 841 3663 896 circumvenis?

2095 935 2155 990 Si
2189 937 2442 1002 damnas,
2475 952 2577 992 cur
2596 952 2705 991 non
2737 946 2793 991 et
2824 935 3106 1006 inquiris?
3157 934 3217 990 Si
3256 949 3377 988 non
3419 933 3660 1004 inquiris,

2094 1043 2194 1083 cur
2211 1043 2320 1084 non
2336 1038 2391 1084 et
2412 1028 2690 1084 absolvis?
2707 1026 3044 1083 Latronibus
3076 1026 3431 1097 vestigandis
3453 1041 3549 1094 per
3566 1029 3661 1079 uni-

2091 1137 2286 1178 versas
2311 1121 2627 1190 provincias
2661 1121 2923 1177 militaris
2946 1122 3115 1176 statio
3158 1120 3407 1175 sortitur
3436 1138 3453 1172 :
3482 1119 3538 1172 in
3563 1134 3662 1174 reos

2088 1213 2397 1285 maiestatis
2425 1223 2481 1269 et
2503 1214 2756 1284 publicos
2774 1215 2961 1270 hostes
2980 1214 3162 1269 omnis
3177 1213 3355 1267 homo
3381 1212 3549 1267 miles
3567 1220 3661 1270 est:

2085 1307 2154 1361 ad
2177 1309 2380 1372 socios,
2409 1306 2478 1362 ad
2510 1306 2764 1363 conscios
2798 1321 2975 1377 usque
3005 1306 3301 1376 inquisitio
3334 1304 3660 1360 extenditur.

2090 1398 2279 1454 Solum
2319 1398 2697 1454 Christianum
2728 1397 2934 1468 inquiri
2963 1412 3073 1453 non
3108 1396 3263 1463 licet,
3294 1395 3496 1450 oﬂ'erri
3524 1395 3662 1449 licet.

2087 1489 2246 1561 quasi
2295 1489 2443 1545 aliud
2482 1499 2674 1545 actura
2713 1498 2864 1545 esset
2891 1489 3203 1560 inquisitio,
3232 1503 3415 1559 quam
3453 1488 3661 1542 oblatio.

2085 1582 2373 1639 Damnatis
2401 1599 2534 1655 ergo
2565 1583 2845 1651 oblatum,
2879 1598 3043 1654 quem
3073 1597 3243 1638 nemo
3270 1581 3459 1636 voluit
3502 1582 3666 1651 requi-

2080 1677 2245 1732 situm
2270 1693 2285 1743 ;
2320 1676 2601 1747 qui,puto,
2615 1675 2726 1746 jam
2753 1691 2864 1730 non
2892 1676 3016 1731 ideo
3038 1674 3247 1729 meruit
3279 1672 3666 1743 poenam,qnia

2076 1785 2282 1825 nocens
2314 1780 2400 1825 est
2425 1788 2438 1823 :
2464 1769 2558 1825 sed
2585 1768 2746 1840 quia,
2779 1783 2887 1824 non
2924 1767 3333 1840 requirendus,
3359 1767 3630 1822 inventus.

967 2239 1178 2453 S.
1345 2237 3113 2453 POLYCABPUS

1731 2639 2343 2755 MARTYB

763 2933 2161 3184 SMYRN/ZEORUM
2271 2938 3317 3098 EPISCOPUS

1464 3408 2635 3538 PROLEGOMENA

1038 3829 1273 3891 (Harena,
1302 3830 1511 3879 Patrum
1549 3825 1929 3890 apostolicorum
1969 3822 2148 3886 Opera,
2184 3822 2263 3872 ed.
2293 3821 2340 3883 3,
2365 3820 2605 3883 Tubingaa
2630 3817 2772 3879 1847,
2796 3819 2967 3881 in-8°.)

1129 4113 1277 4203 DE
1341 4114 1935 4209 EPISTOLA
1989 4118 2084 4209 S.
2160 4114 2886 4211 POLYCABPI.

448 4328 491 4385 l.
528 4328 607 4385 De
629 4326 824 4399 patria,
856 4340 1074 4397 genere,
1103 4325 1227 4383 loco
1271 4342 1337 4383 ac
1374 4340 1619 4400 tempore
1660 4332 1960 4388 nativitatis

2070 4333 2163 4386 καὶ
2194 4331 2481 4405 ὑπηρετῶν
2514 4331 2607 4385 τοῦ
2640 4330 2848 4401 Κυρίου
2868 4370 2884 4395 ,
2930 4328 3029 4403 τὴν
3062 4329 3369 4404 ὲπισκοτὲιν
3418 4333 3657 4405 ἐγκεχει-

381 4423 439 4479 S.
465 4422 749 4496 Polycarpi
777 4420 912 4475 nihil
938 4429 1275 4490 compertum
1304 4421 1588 4479 habemus.
1624 4422 1756 4491 Quae
1775 4434 1958 4481 autem
1989 4445 2038 4507 Β
2070 4425 2344 4497 ρισμένος.
2412 4423 2545 4493 Ejus
2610 4434 2788 4477 tamen
2838 4421 3102 4478 Ecclesiae
3153 4423 3543 4494 episcOpatum
3590 4426 3653 4479 ab

379 4520 447 4573 de
468 4515 760 4586 apostolici
791 4513 956 4584 hujus
983 4513 1085 4567 viri
1113 4515 1225 4569 vita
1260 4515 1329 4570 ad
1358 4532 1461 4571 nos
1482 4527 1868 4586 pervenerunt,
1898 4533 1963 4574 ea

378 4608 698 4665 Gallandius
732 4607 873 4661 bene
904 4607 1182 4677 congessit
1220 4606 1319 4678 (l).
1369 4627 1387 4659 ι
1423 4607 1506 4662 Ab
1539 4610 1802 4679 apostolis
1834 4625 1963 4665 eum

377 4706 654 4771 edoctum,
687 4711 741 4758 et
774 4717 901 4758 cum
937 4703 1147 4768 multis,
1195 4702 1289 4773 qui
1334 4700 1628 4756 Dominum
1689 4703 1958 4769 viderant,

379 4797 723 4854 familiariter
753 4804 1029 4850 versatum
1054 4809 1176 4850 esse
1198 4803 1429 4849 testatur
1449 4793 1685 4850 lrenaeus
1718 4796 1820 4867 (*2),
1842 4796 1962 4866 ejus
2014 4863 2024 4873 ο

381 4888 707 4959 discipulus,
727 4887 815 4942 his
837 4887 1048 4942 verbis:
1073 4888 1183 4940 Καὶ
1216 4887 1575 4959 Πολύκαρπος
1599 4887 1704 4940 ὑπὸ
1730 4888 1963 4941 ἀποστό-

376 4979 481 5033 λων
507 4977 886 5050 μαθητευθεὶς,
907 4977 1001 5030 xal.
1023 4976 1488 5047 συναναστραφεὶς
1507 4974 1721 5038 πολλοῖς
1735 4978 1848 5039 τοῖς
1869 4976 1961 5029 τὸν

375 5070 609 5145 Χριστὸν
644 5069 964 5141 ἑωρακόσιν.
1004 5068 1270 5139 Deinceps
1301 5067 1709 5139 Smyrnaeorum
1743 5068 1959 5136 cpisco-

375 5179 505 5234 pum
535 5162 604 5217 ab
634 5162 769 5231 ipsis
800 5159 1163 5214 familiaribus
1182 5173 1246 5213 ac
1278 5157 1548 5212 ministris
1577 5155 1795 5211 Domini
1827 5172 1961 5211 con-

375 5257 651 5322 stitutum,
706 5262 831 5323 post
860 5253 1121 5306 Irenaeum
1163 5252 1201 5304 l.
1235 5266 1285 5306 c.
1317 5250 1484 5303 tradit
1534 5248 1805 5304 Eusebius
1857 5250 1956 5320 (5),

372 5350 451 5404 sic
488 5348 762 5404 scribens:
800 5343 919 5396 Τῶν
951 5342 1263 5396 ἀποστόλων
1296 5339 1559 5413 ὁμιλητὴς
1578 5340 1954 5411 Πολύκαρπος,

368 5443 471 5508 civ;
505 5440 649 5496 κατὰ
698 5437 948 5510 Σμύρναν
971 5435 1297 5507 Ἐκκλησιας
1330 5434 1466 5506 πρὸς
1510 5433 1620 5486 τῶν
1672 5431 1956 5486 αὐτοπτῶν

443 5624 519 5687 (ι)
557 5620 700 5674 Bibl.
731 5629 830 5671 vet.
859 5615 999 5682 PP.,
1041 5626 1080 5670 t.
1111 5615 1154 5682 l,
1184 5615 1426 5687 Proleg.,
1462 5631 1687 5687 pauiu
1724 5632 1806 5685 sq.

444 5685 520 5747 "2.)
573 5689 855 5740 Αάυ.1ιιεν.
889 5701 971 5756 ιιι,
1000 5687 1055 5740 '5.
1083 5685 1240 5756 Apud
1262 5685 1462 5740 Euseb.
1501 5686 1573 5741 H.
1601 5686 1693 5755 E.,
1714 5702 1764 5740 tv
1826 5686 1911 5740 H.

446 5761 520 5823 (ὃ)
568 5758 633 5809 Η.
672 5756 761 5819 E.,
794 5770 876 5818 Ill,
903 5755 991 5807 36.

2066 4515 2278 4572 Joanne
2304 4515 2555 4585 apostolo
2584 4514 2765 4583 ipsum
2810 4514 3091 4584 accepisse
3110 4556 3126 4581 ,
3152 4515 3339 4584 prodit
3363 4514 3652 4571 Tertullia-

2064 4627 2173 4667 nus
2207 4611 2315 4682 (4):
2352 4609 2531 4663 Edant
2569 4623 2730 4678 ergo,
2772 4608 2978 4678 inquit,
3015 4608 3243 4679 origines
3287 4607 3651 4665 Ecclesiarunt

2065 4720 2318 4767 suarum;
2341 4701 2580 4757 evolvunt
2611 4701 2852 4756 ordinem
2872 4701 3237 4771 episcoporum
3275 4718 3533 4770 suorum,
3579 4706 3650 4757 ita

2062 4814 2155 4867 per
2180 4797 2536 4851 successiones
2560 4795 2625 4849 ab
2659 4795 2814 4848 initio
2836 4793 3224 4859 decurrentem,
3256 4804 3313 4847 ut
3342 4794 3552 4863 primus
3566 4794 3649 4847 ille

2064 4893 2336 4962 episcopus
2363 4888 2593 4959 aliquem
2620 4904 2686 4941 ea:
2713 4886 2969 4957 apostolis
3012 4887 3090 4941 vel
3136 4887 3452 4955 apostolicis
3501 4888 3645 4949 viris,

2061 4981 2154 5051 qui
2200 4988 2373 5033 tamen
2419 4995 2538 5032 cum
2569 4978 2823 5048 apostolis
2875 4977 3365 5042 perseveraverint,
3409 4976 3647 5031 habuerit

2062 5081 2329 5125 auctorem
2358 5080 2407 5122 et
2441 5078 2821 5121 antecessorem
2839 5106 2853 5119 .
2877 5108 2891 5121 .
2911 5108 2926 5122 .
2951 5068 3089 5121 sicut
3120 5067 3524 5137 Smyrna-orum
3549 5067 3645 5120 Er-

2062 5165 2221 5219 clesia
2246 5162 2605 5232 Polycarpum
2636 5161 2700 5214 ab
2724 5160 2933 5215 Joanne
2974 5160 3292 5215 collocatum
3324 5163 3509 5230 refert.
3539 5160 3640 5214 Ne-

2060 5271 2167 5325 que
2195 5255 2353 5308 aliter
2385 5268 2516 5307 sane
2536 5251 2899 5323 llieronymus
2928 5252 3005 5323 (5)
3030 5268 3043 5302 :
3070 5250 3439 5322 Polycarpus,
3473 5251 3637 5305 Joan-

2061 5351 2142 5401 nis
2178 5345 2404 5416 apostoli
2430 5343 2760 5414 discipulus,
2802 5352 2852 5398 et
2890 5344 2955 5397 ab
2992 5360 3053 5398 eo
3091 5344 3335 5415 Smyrna:
3371 5347 3636 5416 episcopus

2059 5439 2359 5493 ordinatus.

2133 5620 2211 5710 tt)
2254 5615 2868 5710 ρερτιεξςῖξξξονεεβε·

2154 5685 2202 5746 δ’
2251 5685 2427 5745 Catal.
2462 5685 2647 5759 script.
2675 5687 2825 5755 eccl.,
2863 5701 2914 5742 c.
2944 5685 3029 5743 l7.
