3758 6216
331 6113 360 6136 Α

389 367 493 424 999

1565 357 1623 412 S.
1659 348 2125 410 POLYCABPUS
2152 345 2467 404 MARTYR.

3547 331 3712 389 seco

389 484 491 538 stri
509 481 838 552 discipulus,
870 481 965 554 qui
999 481 1054 536 in
1093 477 1456 551 agnoscendis
1500 477 1586 531 vel
1623 472 1976 545 designandis
2006 473 2054 532 Α
2079 469 2198 524 suis
2230 467 2370 538 ipsis
2403 462 2711 554 sodalibus,
2739 460 3169 554 ejusdem
3197 455 3354 554 Viris,
3387 467 3422 508 a
3449 467 3601 507 vero
3631 451 3707 502 ita

392 576 643 646 magistri
675 576 761 630 sui
788 575 1035 645 epistolis
1067 573 1182 628 falli
1214 589 1322 628 non
1359 579 1594 642 poterat.
1647 568 1700 624 ls
1734 568 1882 622 enim
1913 567 1982 622 de

393 669 496 724 hac
526 668 810 741 Polycarpi
847 669 1076 739 epistola
1110 669 1228 722 haec
1249 665 1530 720 memoria:
1557 661 1785 718 tradidit
1824 659 1938 733 (16)
1964 677 1977 712 :

396 765 553 816 Ἔστι
571 763 628 816 δὲ
659 763 754 817 καὶ
774 761 1027 832 ἐπιστολὴ
1045 760 1406 831 Πολυκάρπου
1432 757 1570 830 πρὸς
1589 755 1984 826 Φιλιππησίους

392 853 752 925 γεγραμμένη
781 895 794 918 ,
829 851 1138 921 ἱκανωτάτη
1162 893 1176 916 ,
1212 850 1272 918 ἐξ
1296 846 1366 922 ἧς
1405 851 1502 904 καὶ
1535 850 1628 903 τὸν
1662 848 1986 920 χαρακτῆρα

393 945 492 1016 τῆς
525 944 758 1007 πίστεως
794 941 960 997 αὐτοῦ
984 983 998 1007 ,
1036 945 1130 997 καὶ
1160 941 1221 996 τὸ
1255 944 1517 1015 κήρυγμα
1553 941 1656 1012 τῆς
1703 939 1982 1012 ἀληθείας,

393 1037 441 1088 οἱ
473 1035 806 1106 βουλόμενοι,
829 1035 923 1087 καὶ
943 1033 1319 1104 φροντίζοντες
1341 1033 1442 1103 τῆς
1457 1031 1666 1085 ὲαυτῶν
1687 1030 1983 1102 σωτηρίας,

392 1125 648 1178 δύνανται
689 1124 884 1196 μαθεῖν
905 1163 920 1178 .
943 1163 957 1177 .
981 1165 994 1178 .
1019 1164 1032 1178 .
1085 1121 1275 1178 lrcnazi
1316 1123 1602 1178 sententia:
1651 1121 1988 1191 subscripsit

394 1216 689 1272 Eusebius.
714 1217 794 1270 Ac
817 1231 887 1270 ne
918 1215 1065 1285 quis,
1110 1216 1178 1270 de
1204 1230 1314 1285 qua
1340 1213 1627 1285 Polycarpi
1652 1211 1882 1283 epistola
1907 1210 1988 1264 lo-

393 1318 618 1380 quatur,
661 1309 831 1362 ullam
878 1323 1122 1378 unquam
1169 1307 1318 1362 litem
1366 1321 1591 1361 movere
1643 1312 1860 1377 posset,
1897 1304 1988 1359 ille

394 1405 577 1474 plures
597 1419 664 1459 ex
685 1404 874 1458 eadem
901 1403 1134 1473 epistola
1163 1402 1334 1468 locos,
1360 1401 1454 1472 qui
1478 1401 1531 1454 in
1555 1415 1618 1455 ea
1648 1400 1815 1454 etiam
1839 1414 1990 1454 nunc

395 1495 766 1564 reperiuntur,
783 1493 1012 1549 fideliter
1028 1493 1395 1562 transcripsit.
1425 1491 1518 1546 Sic
1539 1502 1720 1547 autem
1744 1491 1834 1546 ille
1848 1489 1894 1563 (l
1908 1491 1984 1559 7):

394 1588 506 1640 Καὶ
536 1588 566 1640 ὁ
597 1585 956 1658 Πολύκαρπος
984 1586 1040 1640 δὲ
1073 1585 1277 1639 τούτων
1308 1584 1488 1639 αὐτῶν
1524 1585 1906 1656 (epistolarum
1925 1583 1984 1640 S.

395 1680 620 1751 lgnatii)
655 1680 927 1751 μέμνηται
962 1680 1019 1732 ὲν
1040 1681 1108 1750 τῇ
1138 1677 1415 1751 φερομένῃ
1434 1678 1599 1732 αὐτοῦ
1634 1678 1771 1751 πρὸς
1800 1676 1992 1731 Φιλιπ-

397 1774 628 1844 πησίους
671 1773 964 1845 ἐπιστολῇ,
1013 1772 1240 1842 φάσκων
1273 1770 1458 1835 αὐτοῖς
1492 1773 1722 1844 ῥήμασι,
1758 1789 1812 1824 κ.
1847 1789 1897 1824 τ.
1933 1770 1984 1824 λ.

2083 561 2320 616 alienam
2341 557 2539 622 videri,
2565 564 2626 610 ut
2641 553 2892 625 Moynius
2909 551 3023 621 (9.2)
3045 550 3112 604 de
3133 565 3200 604 ea
3227 549 3312 602 sic
3339 555 3536 616 aperte
3561 556 3708 613 pro-

2083 650 2336 706 nuntiet:
2376 647 2669 718 Nunquam
2708 645 2858 715 potui
2904 641 3122 712 pedibus
3153 656 3251 693 nec
3278 637 3473 690 animo
3518 635 3614 685 ire
3653 633 3704 682 in

2083 741 2398 797 sententiam
2440 737 2766 793 celeberrimi
2810 735 3041 795 Dallwi,
3071 733 3164 803 qui
3202 732 3346 783 hanc
3395 725 3706 795 Polgcarpi

2083 835 2363 906 epistolam
2387 844 2498 887 tam
2528 831 2800 894 celebrem,
2835 845 2897 882 ac
2921 829 3112 898 ubique
3138 836 3418 880 terrarum
3445 823 3528 873 ita
3555 833 3705 887 prm-

2084 928 2324 981 dicatam
2349 966 2365 991 ,
2395 933 2694 993 suspectam
2742 923 2957 976 reddere
2984 927 3202 974 conatus
3237 926 3356 972 est.
3386 955 3400 968 .
3420 955 3435 967 .
3461 955 3477 968 .
3507 912 3705 981 Neque

2084 1019 2226 1072 enim
2243 1015 2392 1070 video
2415 1014 2680 1085 quomodo
2699 1029 2828 1077 opus
2845 1021 3074 1074 tantum,
3093 1010 3343 1062 omnibus
3373 1008 3460 1059 ita
3485 1014 3701 1066 notum,

2085 1107 2166 1163 vel
2201 1108 2480 1161 minimam
2502 1106 2568 1160 de
2593 1121 2648 1159 se
2676 1106 2844 1174 possit
2872 1103 3106 1157 excitare
3130 1101 3529 1170 suspicionem.
3552 1093 3706 1147 Νιι.

2086 1201 2198 1254 lum
2226 1201 2416 1272 quippe
2443 1208 2618 1253 exstat
2641 1214 2770 1268 opus
2793 1199 2946 1268 cujus
2980 1197 3208 1251 certiora
3240 1193 3705 1247 animadvertas-

2089 1304 2178 1348 tur
2197 1293 2438 1348 veritatis
2457 1303 2789 1364 argumenta,
2813 1308 2971 1362 quam
3000 1289 3226 1362 epistola
3263 1288 3338 1342 ad
3375 1287 3708 1358 Philippa:-

2089 1402 2206 1450 ses;
2239 1402 2302 1439 ac
2322 1387 2370 1439 si
2397 1385 2462 1439 de
2491 1385 2588 1438 illa
2620 1385 2868 1438 dubitare
2889 1383 3090 1449 liceret,
3123 1379 3338 1434 nullum
3374 1388 3523 1433 esset
3551 1377 3704 1432 asti-

2087 1478 2311 1548 quitatis
2351 1486 2747 1531 monumentum
2783 1477 2936 1546 cujus
2973 1474 3104 1544 fides
3152 1475 3322 1529 etiam
3377 1472 3602 1526 incerta
3645 1484 3707 1523 ac

2092 1570 2257 1625 dubia
2288 1587 2391 1624 non
2419 1570 2730 1624 labasceret.
2767 1587 2786 1620 ι

2165 1661 2255 1717 IV.
2291 1661 2412 1718 Jam
2465 1662 2533 1716 de
2565 1661 2872 1730 integritate
2891 1658 3208 1714 dicendum.
3244 1655 3504 1711 Dallaeus
3527 1697 3544 1720 ,
3576 1669 3704 1709 eum

2089 1765 2260 1810 tutam
2286 1753 2573 1826 epistolam
2600 1753 2830 1823 rejicere
2864 1767 2923 1807 se
2949 1764 3111 1822 posse
3138 1764 3251 1804 non
3286 1757 3592 1819 speraret,
3625 1747 3705 1800 ul-

399 1842 758 1938 (Sequuntur
785 1842 952 1922 verba
977 1864 1266 1938 Polycarpi
1298 1883 1366 1922 ex
1395 1842 1518 1935 cap.
1616 1873 1670 1919 et
1694 1864 1806 1934 l5).
1836 1861 1902 1916 Et
1929 1862 1984 1917 in
2017 1849 2059 1904 Β
2089 1846 2281 1901 “mam
2310 1856 2458 1901 certe
2482 1845 2604 1916 eius
2629 1853 2840 1916 Panem
2862 1842 3162 1938 Ροιξεεξνρο
3182 1843 3553 1911 ευιΨοδίωω
3573 1854 3708 1894 om"

398 1959 507 2014 alio
543 1960 684 2013 libro
716 1958 986 2013 Eusebius
1016 1958 1168 2028 (l8):
1207 1959 1265 2012 '0
1303 1958 1402 2030 μέν
1435 1975 1517 2011 τοι.
1552 1956 1910 2031 Πολύκαρπος
1927 1958 1985 2010 ὲν

395 2053 462 2122 τῇ
495 2049 796 2123 δηλωθείσῃ
830 2051 964 2124 πρὸς
990 2049 1385 2122 Φιλιππησίους
1417 2049 1582 2103 αὐτοῦ
1626 2051 1844 2122 γραφῇ,
1891 2065 1988 2118 φε-

399 2142 601 2215 ρομένῃ
636 2144 716 2206 είς
741 2141 920 2216 δεῦρο,
955 2142 1217 2216 κέχρηταί
1244 2160 1354 2195 τισι
1391 2142 1722 2216 μαρτυρίαις
1753 2141 1860 2194 ἀπὸ
1893 2142 1991 2213 τῆς

398 2234 604 2307 Πέτρου
640 2233 912 2307 προτέρας
959 2236 1250 2306 ἐπιστολῆς
1285 2237 1369 2305 (e.
1399 2251 1455 2305 ς.
1498 2251 1547 2290 c.
1587 2235 1640 2300 1,
1673 2235 1730 2298 2,
1762 2235 1817 2300 5,
1851 2234 1903 2302 7,
1935 2234 1992 2302 8,

402 2325 516 2398 10).
546 2325 786 2382 Eusebio
813 2327 1025 2381 accedit
1071 2325 1478 2400 Hieronymus,
1527 2327 1623 2398 qui
1655 2327 1833 2382 eidem
1876 2326 1993 2396 epi-

397 2418 554 2473 stolae
584 2433 746 2473 suum
770 2432 994 2488 quoque
1025 2418 1176 2473 dedit
1210 2419 1591 2474 testimonium
1626 2417 1741 2488 (19)
1771 2437 1782 2471 :
1826 2415 1990 2487 Poly-

399 2527 612 2582 carpus,
645 2509 872 2564 Joannis
896 2509 1128 2580 apostoli
1153 2511 1472 2580 discipulus,
1496 2521 1545 2565 et
1572 2511 1637 2564 ab
1663 2529 1722 2565 eo
1749 2511 1992 2581 Smyrna:

395 2604 670 2672 episcopus
709 2603 1019 2667 ordinatus;
1067 2603 1230 2656 totius
1266 2603 1411 2658 Asiae
1439 2604 1682 2673 princeps
1714 2603 1855 2672 fuit,
1881 2611 1989 2657 etc.

400 2697 627 2762 Scripsit
653 2696 723 2750 ad
760 2693 1126 2766 Philippenses
1151 2696 1304 2750 valde
1334 2697 1518 2751 utilem
1541 2697 1844 2765 epistolam,
1875 2712 1993 2766 qua:

401 2805 566 2860 usque
588 2788 741 2842 hodie
771 2787 826 2842 in
854 2789 999 2843 Asiae
1024 2797 1280 2842 conventu
1308 2787 1520 2859 legitur.
1548 2787 1627 2841 Ex
1651 2787 1852 2857 quibus
1874 2785 1996 2842 Ilie-

401 2881 614 2952 ronymi
641 2879 825 2936 verbis
843 2879 1131 2944 discimus,
1150 2895 1260 2934 non
1289 2879 1472 2934 solum
1499 2879 1569 2932 ab
1595 2879 1687 2931 illo
1714 2879 1856 2930 hanc
1883 2879 1996 2946 epi-

403 2973 600 3026 stolam
629 2969 932 3042 Polycarpo
962 2969 1186 3036 ascribi,
1220 2967 1316 3023 sed
1347 2983 1468 3022 eam
1505 2968 1748 3038 insuper,
1776 2983 1992 3022 summa

400 3079 534 3119 cura
559 3063 613 3118 in
639 3063 891 3119 ecclesiis
922 3070 1288 3126 asservatam,
1325 3060 1400 3115 ibi
1447 3061 1692 3116 maximo
1731 3059 1905 3116 fuisse
1935 3061 1990 3114 in

400 3155 597 3227 pretio.

480 3267 500 3301 ι
531 3247 628 3304 llis
656 3255 838 3304 autem
866 3247 1043 3302 tribus
1072 3244 1529 3318 locupletissimis
1556 3243 1790 3305 testibus
1823 3245 1991 3300 innu-

403 3340 697 3396 merabiles
728 3339 891 3404 alios,
926 3337 973 3393 si
1001 3338 1135 3407 quid
1165 3353 1303 3408 opus
1337 3346 1505 3405 esset,
1529 3337 1832 3408 adjungere
1865 3353 1994 3408 pos—

404 3450 611 3499 semus,
641 3432 920 3495 Pbotium,
955 3429 1280 3490 Maximum,
1309 3431 1712 3487 Tbeodoretum
1737 3439 1996 3487 caeteros-

403 3541 510 3597 que
537 3541 749 3593 omnes,
784 3525 878 3595 qui
911 3524 978 3580 de
1013 3523 1116 3579 bac
1161 3519 1451 3594 Polycarpi
1505 3524 1734 3595 epistola
1787 3523 1995 3594 aliquid

403 3617 662 3687 deinceps
691 3615 914 3686 scriptis
959 3614 1382 3669 mandaverunt.
1431 3613 1537 3670 Sed
1592 3631 1716 3670 cum
1771 3615 1994 3670 illorum

405 3725 547 3779 quos
576 3709 690 3779 jam
731 3709 1025 3764 citavimus
1052 3747 1066 3771 ,
1102 3707 1386 3780 diligentia
1416 3716 1472 3763 et
1506 3708 1611 3764 fide
1637 3708 1788 3763 nulla
1821 3709 1997 3778 major

405 3799 705 3854 desiderari
734 3808 921 3870 queat,
959 3798 1142 3853 inutili
1172 3800 1409 3853 aliorum
1444 3799 1774 3855 nominatim
1811 3800 1997 3872 appel—

405 3891 698 3946 landorum
727 3907 891 3961 opera
919 3891 1170 3946 lubenter
1200 3891 1647 3961 supersedemus.

481 4000 500 4035 ι
531 3982 983 4053 Constatitaque,
1015 3982 1159 4038 hanc
1180 3984 1466 4054 epistolam
1492 3999 1599 4038 non
1625 3983 1792 4039 alium
1828 3999 1994 4054 quam

404 4073 766 4146 Polycarpum
793 4075 1052 4130 habuisse
1078 4087 1385 4130 auctorem.
1415 4075 1698 4132 Mirandus
1723 4093 1852 4147 ergo
1870 4075 1997 4132 Dal-

407 4167 563 4233 lazus,
599 4167 693 4234 qui
728 4182 921 4222 omnes
956 4167 1161 4238 ingenii
1210 4168 1296 4222 sui
1335 4168 1483 4222 vires
1510 4182 1578 4222 eo
1631 4167 1886 4234 intendit,
1936 4177 1998 4222 ut

409 4259 650 4326 aliquam
685 4256 917 4326 hujusce
943 4257 1213 4328 epistola,
1241 4271 1406 4326 quam
1440 4255 1596 4312 falsis
1638 4257 1996 4327 opinionibus

409 4349 526 4404 suis
556 4364 665 4403 non
692 4346 876 4403 favere
905 4348 1198 4412 sentiebat,
1229 4348 1650 4414 dubitationem,
1682 4348 1766 4403 vel
1799 4349 1994 4404 saltem

408 4440 782 4510 suspicionem
801 4455 1135 4511 quocunque
1151 4441 1368 4494 tandem
1397 4439 1561 4494 modo
1580 4439 1809 4509 injiciat.
1836 4438 1998 4494 Nullo

2019 3201 2068 3264 C

2090 1939 2283 2006 tendit,
2311 1939 2650 1994 assentiente
2676 1938 2913 2008 Moynio.
2952 1935 3062 1990 Sed

2233 2055 2302 2123 a)
2333 2051 2454 2107 Jam
2490 2051 2766 2108 Eusebius
2790 2052 2808 2120 (
2832 2050 2979 2105 Hist.
3010 2049 3138 2105 eccl.
3171 2064 3261 2114 ιιι,
3285 2047 3395 2119 '56)
3425 2047 3707 2119 posterio-

2090 2161 2206 2201 rem
2230 2146 2375 2200 banc
2405 2143 2656 2214 epismke
2681 2151 2887 2213 partem
2918 2143 3257 2212 citat,atque
3273 2157 3343 2196 ex
3377 2156 3446 2197 ea
3479 2142 3560 2212 (ο.
3593 2139 3702 2202 13),

2090 2249 2155 2294 ut
2207 2254 2274 2294 ex
2323 2236 2802 2308 praecedentibus,
2865 2235 3116 2306 quadam
3168 2232 3478 2306 Polycarpi
3537 2236 3706 2290 verba

2091 2330 2465 2400 transcripsit.

2235 2421 2592 2491 b)Eusebius
2622 2429 2684 2475 ut
2713 2419 2852 2475 bene
2891 2418 3222 2474 Pearsonius
3250 2418 3425 2474 docet
3459 2417 3701 2490 (23—2t).

2094 2529 2197 2570 nee
2228 2512 2365 2577 falli,
2393 2527 2493 2567 nec
2523 2510 2714 2565 fallere
2740 2510 2936 2580 potuit.
2973 2506 3104 2561 Erat
3123 2508 3276 2561 enim
3314 2516 3442 2560 tota
3473 2506 3702 2576 epistola

2093 2608 2353 2663 omnibus
2384 2606 2662 2676 exposita;
2693 2613 2813 2658 erat
2849 2603 2905 2656 in
2958 2600 3217 2656 Ecclesiis
3263 2599 3551 2654 Asiaticis
3582 2611 3703 2656 tunc

2094 2697 2392 2768 temporis,
2423 2711 2550 2752 cum
2583 2695 2852 2750 scriberet
2900 2691 3207 2759 Eusebius,
3254 2689 3494 2759 publice
3533 2690 3699 2754 lecta;

2094 2801 2258 2846 norat
2304 2805 2426 2846 eam
2472 2787 2864 2859 Hieronymus,
2911 2785 3071 2855 cujus
3100 2783 3376 2849 versioni,
3418 2783 3536 2838 nisi
3592 2783 3699 2836 aliis

2095 2892 2416 2952 occupatus,
2451 2879 2830 2943 incubuisset,
2860 2884 3138 2954 etvtamen
3182 2873 3521 2929 Eusebiana
3571 2889 3703 2926 ιιιιιι⁴

2094 2989 2257 3046 quam
2290 2971 2588 3027 recusavit.
2635 2969 2712 3024 De
2745 2969 2838 3023 illa
2863 2969 3032 3040 igitur
3069 2967 3347 3039 particula
3391 2983 3578 3038 quam
3619 2983 3699 3021 es-

2096 3065 2320 3136 scripsit
2341 3061 2636 3127 Eusebius,
2662 3061 2904 3116 dubitari
2928 3074 3040 3115 non
3066 3068 3265 3130 potest,
3296 3058 3412 3113 nisi
3442 3059 3618 3113 etiam
3647 3057 3699 3111 de

2095 3165 2212 3212 tota
2239 3156 2472 3227 epistola
2505 3153 2673 3210 simul
2703 3154 2914 3222 absque
2949 3150 3057 3206 ulla
3105 3150 3323 3204 ratione
3350 3149 3695 3204 dubitemus.

2167 3246 2302 3312 Quae
2332 3244 2568 3300 Dallzeus
2595 3259 2664 3298 ex
2692 3243 2925 3314 epistola
2955 3241 3071 3313 ipsa
3102 3250 3298 3295 contra
3320 3239 3696 3310 integritatem

2095 3338 2325 3409 profert,
2368 3337 2575 3392 nullius
2603 3336 2870 3390 momenti
2899 3351 3046 3402 esse,
3081 3333 3244 3389 facile
3275 3335 3626 3404 perspicies.

2240 3433 2306 3502 a)
2341 3429 2796 3485 Decentissimam
2823 3427 3068 3497 epistolae
3093 3427 3409 3481 clausulam
3437 3441 3492 3480 c.
3530 3422 3696 3479 12in-

2095 3522 2294 3586 veniri,
2329 3521 2540 3592 reliqua
2571 3520 2738 3591 igitur
2766 3528 2954 3589 postea
2990 3517 3202 3589 adjecta
3229 3532 3381 3582 esse,
3410 3516 3698 3572 contendit

2095 3615 2182 3668 vir
2210 3615 2458 3668 criticus.
2489 3611 2598 3667 Sed
2627 3611 2896 3667 clausulis
2931 3610 3204 3681 ejusmodi
3236 3619 3362 3662 ante
3405 3610 3587 3664 finem
3632 3617 3698 3661 to-

2097 3705 2208 3759 tius
2237 3705 2481 3774 epistolaa
2506 3704 2564 3759 S.
2592 3703 2796 3758 Paulus
2813 3717 3033 3774 quoque
3050 3711 3106 3756 et
3127 3700 3386 3756 Clemens
3410 3699 3697 3754 Romanus

2098 3797 2186 3853 usi
2213 3807 2384 3864 sunt;
2417 3796 2522 3852 cfr.
2552 3796 2620 3850 ad
2655 3795 2816 3852 Rom.
2861 3811 2928 3849 xx
2950 3836 2964 3859 ,
2997 3795 3198 3861 5'5;ad
3228 3793 3442 3863 Ephes.
3477 3809 3571 3860 ιιι,
3607 3792 3696 3856 Si;

2098 3887 2318 3944 lClem.
2348 3894 2417 3946 ad
2441 3893 2566 3949 Cor.
2611 3904 2772 3958 capp.
2809 3888 2902 3954 ρο,
2931 3888 3024 3951 ss,
3055 3887 3147 3954 45,
3171 3886 3260 3952 50,
3289 3887 3379 3942 ss.

2241 3980 2310 4051 b)
2341 3979 2637 4049 lmpostor,
2669 3980 2715 4034 si
2751 3977 3012 4032 Dallaeum
3049 3979 3241 4034 audias
3264 4019 3281 4044 ,
3311 3979 3391 4033 ita
3423 3979 3694 4049 loquitur.

2098 4079 2159 4126 ut
2191 4071 2485 4140 Ignatium,
2521 4085 2632 4141 quo
2659 4078 2907 4140 tempore
2941 4070 3056 4124 haec
3087 4071 3292 4140 scripta
3317 4080 3478 4133 sunt,
3518 4073 3697 4126 adhuc

2099 4178 2390 4233 superesse
2416 4163 2710 4233 signiticet.
2751 4163 2828 4216 De
2860 4164 3008 4232 ipso,
3055 4164 3233 4234 inquit
3257 4178 3308 4218 c.
3333 4164 3430 4231 1'5,
3456 4162 3694 4235 Ignatio,

2097 4268 2148 4310 et
2175 4256 2239 4309 de
2265 4255 2372 4321 his,
2409 4256 2498 4325 qui
2523 4271 2642 4308 cum
2666 4270 2725 4308 eo
2767 4266 2914 4319 sunt,
2949 4255 3091 4325 quod
3121 4255 3317 4308 certius
3345 4259 3693 4326 agnosci-itis,

2099 4349 2416 4420 signiﬁcate.
2453 4347 2662 4401 Prioris
2689 4355 2872 4400 autem
2902 4347 3079 4416 partis
3110 4357 3302 4402 auctor
3334 4346 3408 4417 (c.
3448 4350 3509 4416 9)
3542 4365 3694 4419 aper-

2099 4441 2314 4495 tissime
2340 4440 2593 4504 allirmat,
2613 4438 2883 4510 Ignatium
2908 4439 3027 4508 jam
3055 4439 3228 4494 fuisse
3253 4451 3567 4495 mortuum.
3597 4441 3694 4496 Fu-

406 4532 555 4588 enim
614 4531 720 4586 alio
755 4531 825 4585 ad
880 4531 933 4585 id
988 4529 1334 4601 probandum
1383 4529 1576 4583 nititur
1630 4529 1994 4597 firmamento,
2029 4559 2074 4613 ι)
2103 4533 2197 4589 tile
2241 4535 2344 4590 hoc
2393 4542 2800 4604 argumentum.
2861 4532 2919 4586 Si
2961 4534 3108 4587 enim
3152 4533 3314 4588 verba
3367 4533 3465 4588 illa
3517 4550 3571 4590 c.
3615 4536 3690 4597 15.

407 4639 573 4696 quam
609 4622 1008 4678 Stichometria
1037 4662 1052 4688 ,
1085 4636 1208 4690 quae
1234 4621 1289 4674 in
1337 4620 1485 4675 calce
1527 4620 1994 4692 Chronographia:

407 4714 701 4786 Nicephori
723 4714 1325 4784 Constantinopolitani
1344 4713 1553 4782 adjecta
1578 4722 1660 4767 est
1685 4711 1820 4782 (20).
1844 4732 1863 4764 ι
1882 4711 1998 4768 Hoc

410 4818 592 4862 autem
642 4806 1011 4876 fragmentum
1044 4821 1074 4860 a
1107 4804 1421 4874 Nicephoro
1472 4819 1819 4874 nequaquam
1861 4805 1999 4859 scri-

410 4909 562 4970 ptum
592 4898 788 4962 fuisse,
821 4899 984 4970 eique
1006 4914 1292 4969 perperam
1326 4913 1358 4952 a
1380 4897 1580 4951 Dallreo
1604 4896 1830 4959 ascribi,
1860 4897 2000 4950 invi-

411 4993 514 5048 ctis
535 4993 812 5048 rationum
836 4993 1132 5047 momentis
1148 4993 1458 5047 docuerunt
1475 4989 1743 5047 Nourrius
1763 5002 1818 5046 et
1833 4991 1992 5047 Pear-

413 5085 604 5140 sonius
640 5086 776 5154 (21).

484 5175 754 5231 Praeterea
793 5175 1070 5233 Nourrius
1121 5178 1354 5249 adjicit,
1392 5196 1410 5227 ι
1447 5177 1760 5246 opinionem
1812 5175 1997 5230 Dallaai

487 5422 602 5547 (116‘)
641 5420 775 5477 Adv.
805 5423 935 5478 hwr.
967 5429 1049 5488 ιιι,
1075 5423 1126 5476 ’5.
1152 5420 1306 5492 Apud
1335 5420 1631 5476 Eusebium
1672 5419 1818 5474 Hist.
1843 5423 1969 5474 eccl.

419 5509 492 5558 ιν,

491 5565 603 5630 (17)
646 5563 789 5618 Hist.
821 5568 974 5631 eccl.,
999 5580 1083 5628 ιιι,
1109 5564 1196 5616 56.

492 5633 604 5700 (18)
649 5633 793 5687 Hist.
818 5635 970 5698 eccl.,
1006 5634 1184 5698 tv,l-i.

494 5702 607 5772 (19)
648 5703 826 5772 Catal.
853 5706 1038 5770 script.
1067 5703 1218 5765 eccl.,
1259 5718 1307 5772 (ξ.
1338 5703 1422 5756 17.

495 5769 608 5837 (9.0)
647 5770 910 5838 Quisquis
941 5769 1130 5824 auctor
1166 5774 1237 5824 sit
1268 5771 1670 5828 Stichomelrize
1693 5815 1707 5838 ,
1748 5775 1837 5828 ille
1882 5787 1992 5827 non

426 5844 754 5900 pronuntiat,
788 5841 1045 5914 epistolas
1062 5839 1118 5892 S.
1140 5839 1329 5909 lgnatii
1348 5851 1401 5897 et
1422 5841 1704 5912 Polycarpi
1729 5859 1849 5901 esse
1870 5859 1994 5913 sup.

447 6105 514 6136 Β.

2098 4627 2372 4686 mendacii
2425 4635 2718 4692 accusata,
2767 4624 2960 4680 Graeca
3012 4626 3190 4680 adhuc
3245 4635 3537 4683 exstarent
3575 4629 3690 4697 (καὶ

2097 4722 2224 4797 περὶ
2279 4719 2542 4790 ’ἰγνατίου
2596 4721 2688 4773 καὶ
2740 4721 2870 4792 περὶ
2911 4717 3024 4773 τῶν
3080 4719 3197 4789 μετ’
3248 4718 3475 4792 αὐτοῦ),
3532 4737 3689 4775 nemo

2097 4824 2246 4871 certe
2273 4812 2653 4877 contenderet,
2680 4811 2950 4883 Ignatium
2976 4812 3150 4866 adhuc
3178 4813 3351 4866 vivum
3375 4812 3491 4866 illis
3524 4814 3688 4885 signi-

2096 4907 2250 4962 ﬁcari
2285 4914 2381 4959 aut
2411 4904 2590 4958 innui.

2165 4997 2232 5051 ν.
2267 4996 2567 5066 Epistolam
2595 4996 2654 5050 S.
2684 4993 2974 5067 Polycarpi
3001 4996 3166 5066 paulo
3203 5005 3329 5065 post
3363 4999 3684 5069 martyrium

2101 5089 2159 5145 S.
2198 5087 2392 5159 lgnatii
2429 5095 2710 5140 exaratam
2749 5102 2906 5152 esse,
2941 5101 3011 5141 ex
3060 5088 3296 5158 epistola
3338 5088 3462 5157 ipsa
3504 5091 3683 5144 erudi-

2099 5196 2248 5245 mur,
2274 5195 2324 5234 c.
2365 5179 2452 5232 15.
2483 5177 2598 5232 Cfr.
2633 5194 2822 5248 supra,
2846 5194 2969 5248 qua:
2996 5179 3067 5235 de
3096 5190 3345 5252 tempore
3395 5184 3593 5239 mortis
3629 5183 3677 5238 S.

2100 5421 2390 5492 posititias.
2413 5417 2566 5474 Nuda
2585 5421 2730 5474 enim
2749 5419 2837 5474 hic
2860 5419 3052 5492 lgnatii
3079 5431 3130 5474 et
3146 5418 3437 5492 Polycarpi
3467 5426 3675 5480 nomina

2103 5491 2404 5562 ponuntur,
2432 5505 2609 5563 neque
2636 5493 2716 5546 vel
2743 5491 3083 5563 decpistolis
3099 5492 3182 5546 vel
3211 5491 3279 5545 de
3309 5491 3675 5563 suppositione

2103 5560 2402 5633 quidquam
2430 5561 2751 5615 aﬂirmatur.
2785 5560 2828 5613 E
2860 5570 3115 5633 contextu
3147 5563 3327 5632 potius
3358 5560 3532 5633 patet,
3549 5565 3673 5620 duos

2102 5631 2206 5687 bos
2231 5631 2419 5701 Patres
2447 5647 2477 5685 a
2510 5648 2722 5685 canone
2741 5633 2920 5686 solum
2957 5633 3014 5686 S.
3052 5631 3578 5701 Scripturzearceri.

2176 5703 2289 5776 (gl)
2331 5700 2602 5776 _Vin_diciw
2625 5701 2948 5776 lg_i_zatiante,
2983 5719 3038 5772 p.
3060 5717 3098 5765 ι,
3128 5700 3186 5756 ο.
3206 5702 3241 5756 4
3265 5709 3512 5776 (supra).

2176 5770 2290 5842 (2‘2)
2331 5770 2545 5842 Proleg.
2574 5773 2641 5826 ad
2661 5770 2840 5826 Varia
2870 5770 3046 5827 sacra.

2171 5842 2388 5912 (25-24)
2440 5841 2646 5899 Vindic.
2666 5841 2874 5914 Ignat.,
2898 5858 2952 5914 p.
2984 5842 3254 5913 tt,cap.5.
