3806 6208
65 341 226 398 1001

852 344 1388 405 PROLEGOMENA.
1428 379 1499 390 —
1533 348 1597 405 11.
1636 347 1724 404 DE
1761 346 2126 407 MARTVRIO
2159 351 2215 407 S.
2248 350 2659 410 POLVCARPI.

3227 359 3367 414 1002

62 457 290 528 lgnatii
335 459 742 531 disputavimus
771 462 866 534 (in
905 463 1229 535 praefatione
1271 465 1341 522 ad
1380 466 1502 536 ejus
1541 465 1673 536 Epi-
1703 471 1750 528 Α
1777 484 1844 524 ex
1887 471 2121 526 Andreae
2154 469 2367 527 Scliotti
2417 473 2732 542 apograplio
2759 471 3021 529 Claudius
3063 471 3366 532 Salmasius

62 551 308 606 stolas).

153 552 263 606 ilas
293 592 308 606 .

153 641 252 698 Vl.
271 552 415 701 )llaec
437 646 667 717 epistola
690 662 887 704 manca
913 649 1150 705 habetur
1171 650 1227 705 in
1248 650 1509 706 omnibus
1526 649 1678 706 Grae-

61 733 164 790 cis
195 736 490 794 codicibus
534 739 714 796 mstis.
775 738 880 796 Ubi
927 751 1108 797 autem
1142 742 1360 799 codices
1393 743 1676 809 deﬁciunt,

62 827 158 882 ibi
187 829 545 887 continenter
592 832 939 890 subnectitur
970 833 1204 906 epistola
1244 833 1529 903 Barnabat,
1582 836 1678 892 sed

62 918 268 987 capite
293 927 548 975 truncato
577 921 718 993 (25).

148 1008 358 1066 Totam
395 1027 522 1068 vero
554 1011 841 1086 Polycarpi
869 1015 1158 1086 epistolam
1189 1024 1350 1075 vetus
1376 1017 1538 1074 nobis
1561 1033 1680 1074 ser-

62 1104 236 1158 vavit
286 1105 487 1170 versio,
533 1121 700 1176 quam
738 1109 952 1177 primus
993 1108 1133 1164 M98
1175 1108 1427 1178 Parisiis,
1462 1112 1533 1167 ab
1558 1112 1678 1182 ipso

63 1194 388 1263 inventam,
415 1198 692 1269 evulgavit
714 1198 956 1257 Jacobus
975 1200 1154 1257 Faber
1178 1201 1546 1272 Stapulensis.

149 1287 351 1344 Graece
377 1299 431 1344 et
460 1289 652 1346 Latine
672 1293 884 1361 primus
912 1295 1204 1363 epistolam
1235 1296 1291 1352 in
1322 1297 1501 1352 lucem
1538 1312 1671 1368 pro-

62 1379 210 1436 tulit
252 1379 425 1436 Duaci
476 1382 616 1438 1655
657 1382 856 1440 Petrus
895 1384 1224 1454 Halloixius,
1257 1403 1324 1444 ex
1353 1390 1673 1460 apagraplio

63 1471 370 1531 Francisci
418 1474 700 1544 Turriani,
749 1495 782 1534 a
823 1479 945 1536 viro
983 1480 1305 1537 doctissimo
1333 1481 1536 1537 Jacobo
1565 1481 1676 1537 Sir-

63 1567 291 1622 mondo
321 1566 380 1622 S.
425 1567 476 1623 J.
503 1569 572 1624 ad
603 1571 757 1626 illum
803 1573 1132 1630 transmisso
1158 1574 1296 1648 (26).
1338 1574 1470 1631 Post
1496 1591 1672 1632 annos

64 1661 146 1717 ll
190 1659 437 1721 Iacobus
471 1663 726 1723 Usserius
755 1668 905 1724 aliud
946 1684 1142 1728 nactus
1176 1673 1489 1743 exemplar,
1519 1674 1668 1744 quod

1784 578 1950 618 manu
1975 579 2074 619 sua
2103 565 2437 634 descriptum
2483 579 2610 618 cum
2660 563 2848 620 lsaaco
2882 563 3080 621 Vossio
3109 582 3329 623 commit
3350 597 3363 605 -

1782 657 2082 723 nicaverat,
2116 656 2249 712 illud
2280 658 2514 713 contulit
2542 673 2668 713 cum
2707 659 2856 714 edito
2883 658 3253 726 Halloixiano,
3282 670 3356 716 at-

1779 764 1888 819 que
1915 750 2057 806 hanc
2089 749 2539 822 Polycarpianam
2575 753 2862 822 epistolam
2894 769 3020 809 cum
3056 762 3238 810 vetere
3277 756 3361 808 in-

1778 851 2015 914 terprete
2049 842 2283 901 Londini
2311 843 2586 915 evulgavit
2611 845 2782 913 l6“;
2809 860 2975 916 quam
3001 846 3196 903 deinde
3219 863 3360 903 uovu

1779 935 2228 1005 interpretatione
2301 938 2622 993 adornatam
2697 938 2952 994 exhibuit
3025 938 3356 996 Cotelerius.

1778 1027 1940 1082 Anno
1971 1027 2112 1086 1709
2139 1029 2342 1098 prodiit
2371 1028 2598 1086 Thomte
2620 1027 2843 1085 Smithii
2872 1030 3039 1086 editio
3067 1043 3360 1101 praestans,

1775 1133 2008 1189 eamque
2033 1129 2256 1176 secutus
2279 1130 2363 1177 est
2383 1121 2722 1178 Gallandius.
2745 1120 2955 1178 Novam
2987 1123 3222 1194 denique
3251 1127 3365 1180 eili-

1776 1211 1983 1266 tionem
2010 1210 2150 1267 l858
2177 1221 2234 1268 et
2263 1211 2404 1268 1840
2440 1213 2596 1284 (edit.
2632 1212 2693 1283 ιι)
2724 1213 3013 1269 adornavit
3034 1213 3361 1272 Guilielmus

1773 1305 2137 1373 Jacobsonus,
2169 1305 2452 1362 codicibus
2487 1305 2774 1374 Vaticano,
2816 1304 3070 1363 Parisino
3103 1315 3158 1362 et
3187 1307 3352 1363 Medi-

1776 1397 2278 1453 ceo-Laurentiano
2299 1413 2457 1455 usus.

1846 1489 1956 1545 Vll.
2001 1489 2079 1546 De
2110 1490 2397 1565 Polycarpi
2437 1493 2686 1548 doctrina
2726 1493 3142 1564 disputaverunt
3186 1493 3354 1548 ano

1775 1596 1944 1652 perus
1970 1583 2121 1653 (27),
2159 1583 2467 1656 Heynsius,
2524 1584 2724 1642 Junius
2773 1602 2839 1642 ac
2887 1602 2993 1642 van
3033 1585 3183 1643 Gilse
3212 1587 3350 1657 (289,

1777 1667 2069 1726 Mmhlerus
2116 1674 2231 1747 (29)
2257 1684 2312 1732 et
2343 1676 2457 1731 alii.

830 2062 980 2153 DE
1053 2059 1698 2152 MABTYRIO
1756 2060 1851 2150 S.
1903 2059 2625 2154 POLYCARPI.

139 2284 187 2343 1.
226 2305 249 2339 s
291 2285 435 2340 Inter
483 2281 832 2355 prmelariora
883 2278 1274 2336 ecclesiasticae
1321 2275 1666 2346 antiquitatis
1700 2276 1744 2336 Β
1772 2273 1966 2329 borum
2008 2275 2152 2330 serie
2201 2275 2257 2330 in
2290 2277 2550 2333 omnibus
2579 2287 2811 2347 retenta,
2847 2281 3075 2352 soloque
3108 2285 3354 2354 particu-

60 2385 439 2434 monumenta
495 2375 692 2430 merito
749 2381 1068 2428 recensetur
1121 2368 1364 2440 Epistula
1411 2365 1668 2422 Ecclesiae

64 2469 435 2543 Smyrnensis
471 2468 536 2522 de
567 2465 832 2537 martyrio
862 2461 921 2518 S.
963 2461 1276 2534 Polycarpi,
1311 2459 1468 2524 adeo,
1510 2466 1571 2512 ut
1601 2458 1668 2511 il-

63 2565 181 2619 lam
217 2577 360 2634 pene
408 2561 677 2630 integram
721 2556 994 2612 Eusebius
1042 2553 1302 2608 Historia:
1345 2567 1460 2607 sua:
1491 2567 1666 2605 neres-

63 2655 220 2708 sario
251 2651 588 2706 inserendam
619 2645 1020 2703 existimaverit
1049 2643 1184 2716 (50).
1232 2643 1493 2710 Quinimo
1536 2641 1665 2696 illu-

64 2748 205 2802 stris
250 2746 374 2816 ejus
416 2745 688 2813 interpres
717 2739 974 2795 Valesius
1004 2753 1071 2793 eo
1103 2736 1390 2809 processit,
1422 2744 1484 2791 ut
1513 2735 1662 2790 allir-

64 2838 240 2893 marit
272 2838 411 2908 (5i),
438 2834 728 2906 Polycarpi
765 2833 996 2904 ejusque
1026 2831 1305 2888 sociorum
1337 2829 1664 2902 martyrium

64 2933 274 2987 litteris
321 2929 587 2986 traditum
633 2942 756 2984 esse
804 2927 1050 2982 omnium
1097 2924 1372 2996 primum,
1418 2923 1665 2994 Actaque

65 3034 380 3094 martyrum
419 3021 568 3075 nulla
614 3028 831 3076 exstare
878 3018 1225 3089 antiquiora;
1257 3033 1358 3074 nec
1400 3016 1664 3073 dubitarit

65 3115 352 3186 proinde,
405 3114 540 3184 quin
591 3112 683 3168 illa
730 3111 1147 3184 Smyrnensium
1198 3110 1428 3182 epistola
1483 3110 1663 3180 primo

64 3208 196 3262 foco
230 3207 410 3276 posita
441 3205 606 3260 fuerit
644 3205 714 3259 ab
744 3203 1003 3269 Eusebio,
1029 3204 1084 3257 in
1115 3203 1256 3257 libro
1278 3217 1439 3272 quem
1468 3201 1664 3256 inscri-

67 3299 180 3368 psit
197 3298 493 3366 Ἀρχαὶων
509 3294 852 3367 μαρτυριῶν
866 3293 1210 3365 συναγωγή.
1230 3292 1463 3348 Molliter
1479 3304 1661 3347 tamen

65 3389 430 3460 excipiendus
480 3389 565 3443 vir
610 3388 1000 3454 doctissimus;
1035 3387 1280 3442 nondum
1323 3385 1524 3456 quippe
1567 3385 1661 3440 de-

64 3491 236 3548 tecta,
265 3497 376 3552 quo
406 3490 650 3552 tempore
680 3480 770 3534 ille
800 3479 882 3535 sic
912 3479 1216 3545 sentiebat,
1246 3477 1381 3534 Acta
1412 3477 1660 3548 martyrii

69 3574 130 3630 S.
169 3573 369 3646 lgnatii
401 3573 636 3630 sincera.
669 3591 689 3624 ι
724 3571 802 3627 lta
836 3569 1155 3626 Gallandius
1180 3570 1315 3642 (52).

139 3686 206 3742 ll.
240 3686 480 3758 Insignis
509 3688 624 3742 huic
651 3688 717 3742 de
746 3686 1008 3757 martyrio
1031 3685 1090 3743 S.
1114 3684 1398 3756 Polycarpi
1427 3685 1656 3755 epistola

1767 2364 1898 2420 laris
1945 2363 2244 2435 Ecclesiae,
2297 2368 2367 2424 ad
2410 2385 2572 2440 quam
2624 2369 2902 2443 dirigitur,
2959 2374 3182 2431 nomine
3231 2393 3353 2433 mu-

1768 2466 1904 2514 tato.
1945 2479 1964 2512 ι

1838 2552 1926 2609 lll.
1961 2551 2113 2611 Hanc
2140 2555 2428 2626 epistolam
2458 2573 2570 2614 non
2612 2561 2878 2617 continuo
2907 2569 3034 2632 post
3059 2560 3349 2634 Polycarpi

1765 2647 2113 2718 martyrium,
2159 2649 2254 2704 sed
2303 2650 2588 2720 aliquanto
2635 2662 2759 2723 post
2809 2649 3053 2724 tempore
3081 2669 3114 2711 a
3155 2653 3348 2727 Smyh

1764 2741 1899 2796 natis
1922 2741 2182 2810 scriptam
2209 2740 2380 2798 fuisse
2402 2745 2684 2799 contendit
2699 2742 2952 2803 Valesius
2967 2747 3309 2819 (57),dicens
3333 2769 3346 2804 ;

1771 2851 1790 2884 ι
1831 2833 1970 2888 Cum
1999 2833 2453 2892 Philomelienses
2485 2836 2552 2892 de
2585 2835 2869 2909 Polycarpi
2906 2841 3171 2912 martyrio
3200 2839 3347 2898 fama

1767 2933 1976 2982 tantum
2030 2942 2094 2983 ac
2121 2943 2346 2984 rumore
2376 2939 2536 2985 tenus
2579 2930 2883 2987 audiissent
2902 2972 2918 2999 ,
2949 2932 3158 2989 litteras
3183 2934 3350 2990 dede-

1763 3028 1894 3076 runt
1946 3019 2016 3076 ad
2072 3019 2482 3092 Smyrnaeorum
2537 3021 2875 3091 Ecclesiam,
2929 3034 3223 3096 rogantes,
3287 3033 3348 3082 ut

1763 3119 1988 3178 cuncta,
2020 3126 2143 3182 quae
2171 3113 2226 3166 in
2257 3111 2564 3168 beatissimi
2595 3115 2698 3169 viri
2738 3116 2995 3186 passione
3021 3126 3175 3188 gesta
3221 3117 3342 3173 fue~

1762 3213 1908 3272 rant,
1956 3205 2278 3276 singillatim
2325 3208 2626 3278 perscripta
2667 3209 2735 3264 ad
2775 3210 2927 3279 ipsos
2969 3212 3339 3268 mitterentur.

1762 3299 1920 3368 Quod
1961 3300 2184 3370 quidem
2234 3299 2598 3356 libentissime
2643 3302 3017 3371 praestiterunt
3051 3301 3340 3375 Smyrnaei,

1761 3395 1963 3464 scripta
1993 3393 2062 3448 ad
2107 3393 2257 3462 ipsos
2285 3391 2538 3461 epistola,
2567 3409 2733 3464 quam
2775 3395 2831 3448 in
2875 3395 3131 3451 manibus
3171 3395 3342 3452 liabe-

1761 3502 1906 3541 mus.
1953 3487 2010 3541 ld
2057 3494 2240 3541 autem
2299 3486 2649 3542 subindicant
2696 3487 2782 3541 his
2834 3487 3018 3542 verbis
3060 3489 3146 3558 (c.
3180 3487 3336 3559 20):

1761 3577 1921 3650 ὑμεῖς
1945 3578 2043 3649 μὲν
2067 3573 2161 3632 οὖν
2188 3575 2456 3648 ἠξιώσατε
2484 3576 2573 3630 διὰ
2597 3576 2856 3632 πλειόνων
2883 3577 3184 3650 δηλωθῆναι
3211 3579 3341 3650 ὑμῖν

1761 3668 1830 3722 τὰ
1872 3670 2159 3740 γενόμενα.
2212 3687 2230 3719 ι
2267 3667 2373 3722 Sed
2422 3669 2593 3738 primo
2636 3683 2781 3723 anno
2827 3678 2951 3740 post
2998 3679 3229 3725 mortem
3278 3670 3337 3727 S.

68 3782 403 3848 rectissime,
451 3789 514 3836 ut
560 3780 832 3837 Smithius
879 3779 1039 3836 docet
1084 3779 1237 3848 (55),
1275 3795 1298 3833 ‹
1339 3779 1448 3833 dici
1477 3787 1645 3848 potest

1776 3759 2050 3832 Polycarpi
2083 3770 2201 3816 acta
2243 3761 2361 3816 hmo
2405 3760 2717 3830 conscripta
2746 3775 2868 3816 esse
2895 3761 3020 3816 inde
3048 3777 3114 3817 ex
3143 3777 3210 3818 eo
3237 3779 3338 3834 ap-

67 3874 394 3943 meum
419 3874 534 3928 sive
561 3873 856 3944 encyclica,
879 3881 941 3926 ut
973 3887 1041 3926 ex
1081 3870 1436 3940 inscriptione
1474 3878 1653 3939 patet;

69 3975 263 4037 utpote
297 3965 365 4020 ad
397 3967 580 4021 varias
609 3965 911 4032 Ecclesias,
937 3973 1050 4019 tam
1085 3964 1144 4018 in
1181 3964 1312 4018 Asia
1345 3963 1544 4016 minori
1575 3963 1657 4038 vi-

69 4060 228 4113 cinas
251 4098 266 4123 ,
297 4073 464 4129 quam
492 4059 624 4114 alibi
665 4059 723 4113 in
767 4057 892 4112 aliis
930 4055 1249 4127 provinciis,
1281 4055 1432 4109 κατὰ
1459 4053 1656 4108 πάντα

67 4151 262 4204 τόπον
311 4149 675 4218 transmissa;
718 4163 843 4220 qua:
891 4148 960 4203 de
1011 4148 1081 4204 iis
1135 4147 1292 4212 solis,
1341 4163 1465 4218 qua:
1511 4145 1654 4201 κατὰ

71 4243 293 4306 Πόντον,
309 4243 476 4310 juxta
508 4240 742 4296 Pontum
780 4242 900 4297 sitae
933 4249 1112 4308 erant,
1139 4240 1284 4295 male
1327 4239 1656 4310 interpreta-

71 4345 164 4388 tur
197 4332 471 4393 Eusebius
506 4335 644 4405 (54),
695 4349 797 4404 pro
833 4332 1059 4399 πάσαις
1098 4332 1227 4398 ταῖς
1270 4331 1423 4385 κατὰ
1457 4330 1654 4386 πάντα

70 4427 280 4489 τόπον,
312 4441 438 4480 cum
469 4427 538 4482 ad
589 4441 782 4482 omnes
821 4425 1131 4488 Ecclesias,
1187 4424 1281 4478 ubi
1326 4423 1654 4480 Christianae

70 4516 354 4589 religionis
384 4517 656 4588 professio
682 4519 920 4590 vigebat,
950 4535 1048 4590 per
1069 4516 1348 4576 Orientem
1379 4519 1653 4588 praecipue

71 4624 316 4678 sparsas,
344 4610 540 4666 debeat
567 4613 857 4684 propagari
885 4621 939 4667 et
963 4613 1180 4668 extendi
1217 4613 1286 4667 ab
1312 4612 1444 4682 ipsis
1465 4611 1652 4667 Phila-

71 4703 460 4772 delphensibus
489 4703 628 4777 (55),
653 4714 918 4774 quantum
947 4705 1000 4758 iti
1033 4705 1164 4774 ipsis
1198 4712 1336 4769 erat,
1367 4703 1490 4770 τοῖς
1517 4703 1652 4758 ἑπέ-

71 4811 240 4850 astra
269 4794 558 4865 ἀδελφοῖς
597 4795 1058 4851 communicanda
1108 4795 1262 4866 (56);
1308 4796 1498 4851 eadem
1525 4811 1650 4851 ver-

1761 3862 1934 3922 paret,
1959 3854 2106 3922 quod
2140 3852 2352 3922 primus
2380 3851 2498 3907 dies
2526 3852 2939 3909 anniversarius
2981 3854 3149 3924 hujus
3191 3871 3338 3912 inar-

1760 3944 1888 4015 tyrii
1921 3944 2166 4000 nondum
2197 3943 2504 4000 celebratus
2541 3941 2666 4011 fuit,
2701 3953 2758 4000 ut
2779 3959 2847 4000 ex
2871 3960 2992 4016 cap.
3031 3945 3098 4001 l8
3125 3950 3338 4019 perspi-

1760 4046 1959 4090 etmus.

1829 4144 1920 4201 1V.
1965 4145 2264 4218 Epistolam
2310 4153 2379 4204 de
2430 4153 2696 4220 martyrio
2742 4146 3066 4220 Polycarpi,
3109 4149 3336 4205 nomine

1756 4237 2014 4294 Ecclesia:
2065 4237 2418 4312 Smyrnensis
2475 4241 2546 4294 ab
2609 4239 2870 4296 Evaresto
2930 4240 3332 4311 conscriptam,

1756 4330 1972 4388 Marcus
2010 4333 2268 4403 quidam,
2308 4349 2404 4388 seu
2441 4330 2743 4389 Martianus
2773 4332 2924 4403 (58),
2960 4334 3030 4389 ad
3056 4332 3334 4390 Philome-

1757 4423 1962 4480 lienses
1992 4425 2216 4494 pertulit
2255 4427 2394 4496 (59).
2445 4425 2737 4495 Exemplar
2788 4434 2968 4480 autem
3022 4425 3188 4496 hujus
3215 4426 3332 4494 eri-

1761 4517 1914 4572 stolte
1957 4518 2146 4573 habuit
2187 4519 2458 4584 lrenmus,
2495 4517 2643 4587 quod
2677 4515 2848 4571 Gaius
2876 4516 2998 4586 ejus
3026 4517 3331 4585 discipulus

1758 4609 2068 4680 descripsit,
2097 4619 2152 4664 et
2175 4617 2298 4680 post
2325 4625 2450 4665 eum
2475 4606 2728 4663 Socrates
2750 4607 2970 4676 quidam
2985 4606 3326 4673 Corinthius,

1757 4711 1920 4772 atque
1949 4704 2109 4768 alius,
2140 4702 2364 4758 Pionius
2393 4703 2616 4758 nomine
2639 4701 2774 4775 (40).

1829 4794 1896 4852 V.
1929 4795 2186 4866 Epistola:
2229 4793 2578 4852 varnensis
2611 4793 2868 4850 Ecclesia:
2906 4795 3174 4866 optimum
3221 4793 3328 4848 Eu-

143 4977 260 5051 (25)
297 4975 436 5051 Vide
460 4975 674 5051 Proleg.
701 4978 768 5034 ad
795 4977 957 5048 epist.
993 4978 1053 5034 S.
1085 4977 1382 5046 Barnabae,
1416 4979 1646 5051 hujusce
1677 4989 1722 5046 D
1747 4979 1892 5051 melii
1933 4979 2222 5050 epistolam
2257 4986 2506 5033 nostram
2551 4975 2871 5051 inscriptam
2898 4974 3086 5051 luisse
3131 4977 3324 5051 statuit

71 5045 281 5104 Patro'l.
311 5059 350 5102 t.
379 5045 444 5102 ll.
471 5047 629 5103 EDIT.

141 5121 254 5192 (26)
281 5117 397 5192 gn.
421 5117 637 5192 Proleg.
671 5119 737 5174 ad
773 5117 832 5174 S.
859 5117 1185 5192 Barnabam.

141 5187 253 5262 (27)
283 5187 431 5262 ῌὶει.
469 5187 625 5243 theol.
661 5192 784 5244 erit.
815 5199 855 5262 ι.
892 5190 933 5254 1,
959 5205 1013 5258 p.
1045 5188 1309 5262 ssi-ssc.

141 5257 261 5384 (28)-
286 5257 767 5315 Commentatioues
810 5260 874 5314 de
926 5257 1185 5346 theologia
1217 5258 1443 5314 Patrum
1472 5268 1645 5330 apost.

141 5345 216 5384 ira
243 5347 283 5384 ι.
317 5346 372 5384 n.
397 5328 598 5384 60-69.
638 5347 692 5384 ι).
727 5331 897 5384 74-84
918 5369 933 5384 .
966 5345 1019 5384 ι).
1055 5329 1241 5384 70-78.

76 5328 283 5397 morali,
312 5346 372 5400 p.
397 5328 598 5396 60-69,
638 5347 692 5400 p.
727 5331 897 5386 71-84
918 5369 933 5393 ,
966 5345 1019 5399 p.
1055 5328 1241 5385 75-78.

147 5401 261 5472 (29)
293 5399 573 5472 Patrolog.
603 5399 709 5467 ιξΙ,
735 5417 790 5472 p.
820 5400 1078 5456 159-162.

163 5417 261 5470 zu)
293 5417 573 5470 ratrotog.
603 5417 642 5456 t.
671 5417 709 5467 ι,
776 5443 790 5456 .
820 5426 822 5431 ί

163 5469 252 5541 50)
285 5470 430 5541 (list.
465 5470 593 5525 eccl.
624 5487 699 5537 tv,
733 5417 822 5528 f5.

163 5539 252 5609 δι)
283 5539 426 5594 Ibid.
459 5552 574 5595 not.
599 5543 649 5596 ι.

142 5612 253 5680 (52)
283 5612 523 5682 Βέὺιὶοιιι
552 5622 780 5666 ueterum
806 5611 1032 5666 Patrum
1086 5613 1122 5666 l.
1156 5627 1206 5667 c.
1238 5627 1292 5682 p.
1326 5627 1551 5666 Lxxxlx.

144 5683 252 5754 (55)
292 5681 471 5754 Schol.
503 5682 690 5754 iniEp.
716 5682 932 5754 Smyrn.
964 5682 1137 5750 [ἐι-ειη
1174 5681 1376 5753 p.115.

143 5752 253 5821 (56)
295 5753 440 5808 Hist.
471 5753 600 5809 eccl.
631 5752 705 5820 iv,
736 5752 824 5810 15.

146 5817 254 5896 (55)
283 5822 399 5878 Non
444 5817 992 5894 Pliiladelpliensibus.
1020 5825 1115 5883 sed
1165 5817 1606 5896 ﬁdelibusPhilo
1636 5850 1640 5858 -

296 5921 575 5982 Panos.
631 5922 750 5984 Gtt.
813 5921 889 5983 V.

1742 5044 2106 5115 Jacobsonus,
2134 5064 2299 5120 quem
2325 5063 2426 5120 nos
2448 5047 2620 5120 secuti
2648 5044 2858 5120 sunius.
2891 5044 3154 5120 Cfr._quse
3182 5044 3323 5098 infra

1779 5121 1814 5176 d
1846 5115 2255 5190 inscriptionem
2280 5118 2454 5190 hujus
2491 5115 2747 5190 Epistolas
2775 5116 3176 5171 adnotavimus.

1820 5189 1937 5258 (56)
2097 5188 2242 5244 Eccl.
2274 5185 2595 5259 §niytjtt.,_:c_.
2625 5185 2716 5239 20.

1842 5254 1932 5323 57)
1961 5254 2087 5314 Not.
2129 5260 2151 5312 l
2183 5259 2250 5313 ad
2276 5254 2476 5312 Euseb.
2509 5254 2654 5309 Hist.
2687 5254 2814 5308 eccl.
2847 5270 2920 5322 tv,
2949 5255 3037 5309 15.

1840 5329 1930 5396 58)
1955 5328 2034 5383 lta
2065 5329 2283 5383 exhibet
2311 5337 2464 5396 vetus
2497 5326 2785 5394 interpres.

1844 5400 1935 5468 59)
1969 5399 2100 5453 Vide
2127 5397 2350 5468 Martyr.
2388 5395 2696 5468 Polycarpi,
2722 5395 2893 5468 0.20:

1817 5408 1935 5540 (59)
1971 5408 2100 5482 vide
2127 5408 2350 5468 Martyr.
2388 5408 2696 5466 Potycarpt,
2722 5411 2772 5450 c.
2801 5408 2893 5450 ‘zu.
3141 5465 3153 5476 .

1840 5471 1934 5540 4i):
1964 5468 2308 5540 lbtd.c.722.
2335 5470 2475 5540 Acta
2497 5463 2834 5540 quaedamLS.
2873 5464 3155 5540 Po,ycarpt
3183 5480 3318 5540 spu-o

1747 5524 1852 5604 ria‘,
1883 5524 2078 5594 Pionio
2114 5539 2240 5592 huic
2271 5537 2479 5592 auctori
2514 5524 2660 5589 'l‘also
2691 5535 2926 5604 tributa,
2950 5524 3156 5591 Petrus
3186 5524 3314 5588 Hal-

1746 5603 1948 5665 loixius
1987 5611 2042 5664 in
2069 5607 2202 5663 Vitis
2230 5606 2456 5661 Patrum
2485 5605 2774 5675 t)rigntal.,
2804 5615 2844 5660 t.
2876 5603 2918 5670 l,
2957 5614 3010 5658 et
3040 5614 3160 5675 post
3190 5622 3313 5660 eum

1742 5677 2044 5804 Follandus
2083 5680 2250 5737 edidit
2299 5680 2352 5734 in
2393 5677 2540 5733 Actis
2575 5673 2931 5740 Sanctorum,
2973 5673 3055 5729 ειιῐ
3074 5676 3216 5731 diem
3244 5676 3314 5728 ‘26

1775 5765 1966 5806 anuar.

2924 5905 3003 5964 32
