3806 6208
475 328 616 385 1003

1677 327 1736 384 S.
1781 322 2168 383 POLYCARPI
2198 325 2560 386 MARTYRIS
2595 369 2598 372 ~

3575 331 3685 387 Mil

476 449 660 503 sobius
712 445 940 516 pratbuit
987 445 1393 510 testimonium,
1454 445 1546 515 qui
1613 445 1883 515 potiorem
1911 445 2054 515 .ejus
2085 453 2126 508 Α
2161 447 2293 502 false
2341 449 2709 514 ascribuntur,
2743 447 2991 517 genuina;
3041 446 3440 518 Smyrnaeon
3479 448 3689 517 epistola:

476 551 682 610 partem
713 539 968 594 Historia:
1013 553 1127 594 sua:
1172 537 1442 602 inseruit,
1479 537 1630 592 hisce
1673 537 1855 592 verbis
1888 538 2002 606 (41)
2039 555 2050 588 :

488 633 576 687 Ἐν
607 628 784 702 τούτῳ
832 629 889 684 δὲ
935 630 1221 701 (tempore)
1263 631 1292 681 ὁ
1339 626 1733 700 Πολύκαρπος,
1782 628 2054 698 μεγίστων

471 725 569 796 τὴν
625 723 808 781 Ἀσίαν
857 721 1377 793 ἀναθορυὸησάνιοων
1426 721 1716 792 διωγμῶν,
1770 721 2056 793 μαρτυρίῳ

471 817 791 873 τελειοῦται.
843 815 1297 884 Ἀναγκαιότατον
1338 814 1396 868 δὲ
1433 812 1600 867 αὐτοῦ
1643 814 1704 866 τὸ
1740 813 1892 876 τέλος
1911 852 1926 878 ,
1958 814 2052 882 ἑγ-

470 911 698 982 γράφως
744 907 826 961 ἔτι
883 907 1212 980 φερόμενον,
1259 905 1500 976 ἠγοῦμαι
1547 904 1658 958 δεῖν
1712 906 1904 978 μνήμῃ
1953 904 2053 974 τῆς

471 1003 711 1075 ἱστορίας
757 1001 919 1072 τῆσδε
971 999 1323 1055 καταθέσθαι.
1376 999 1532 1052 Ἐστι
1575 997 1634 1052 δὲ
1682 999 1717 1069 ή
1754 997 1941 1070 γραφὴ
1987 998 2052 1051 ἐκ

470 1091 766 1162 προσώπου
807 1086 876 1163 ἧς
907 1089 1070 1151 αὐτὸς
1116 1088 1442 1159 Ἐκκλησίας
1487 1090 1706 1159 ἡγεῖτο,
1741 1091 1861 1152 ταῖς
1909 1087 2053 1142 κατὰ

473 1184 670 1238 Πόντον
719 1182 1036 1255 παροικίαις
1093 1182 1159 1235 τὰ
1213 1182 1335 1235 κατ’
1383 1180 1546 1235 αὑτὸν
1599 1180 2052 1251 ἀποσημαίνουσα

467 1277 556 1330 διὰ
587 1275 811 1337 τούτων,
841 1291 895 1327 κ.
924 1292 972 1327 τ.
1006 1274 1056 1328 λ.
1093 1272 1410 1342 Sequuntur
1450 1271 1614 1327 verba
1657 1269 1910 1341 Epistolas
1947 1284 2058 1326 uo-~

467 1379 615 1425 stne.

538 1459 764 1526 Ibidem,
795 1469 1082 1530 postquam
1123 1457 1392 1514 Eusebius
1428 1456 1598 1512 multa
1631 1455 1858 1526 protulit
1887 1469 1954 1510 ex
1985 1469 2049 1509 ea

465 1550 720 1620 epistola,
752 1548 1031 1606 concludit
1072 1548 1158 1604 bis
1190 1547 1367 1602 verbis
1395 1563 1410 1598 :
1443 1546 1524 1600 Τὰ
1559 1545 1658 1616 μὲν
1688 1544 1753 1618 δὴ
1781 1543 1922 1598 κατὰ
1958 1544 2050 1597 τὸν

466 1641 772 1712 θαυμάσιον
818 1643 914 1696 καὶ
953 1639 1310 1694 ἀποστολικὸν
1359 1637 1717 1708 Πολύκαρπον
1738 1676 1752 1700 ,
1807 1635 2047 1690 τοιούτου

466 1735 772 1807 κατηξίωτο
803 1735 1008 1799 τέλους,
1038 1734 1146 1788 τῶν
1169 1733 1312 1786 κατὰ
1345 1731 1442 1802 τὴν
1472 1730 1794 1801 Σμυρναίων
1823 1729 2049 1800 Ἐκκλη-

465 1827 588 1880 σίαν
617 1825 864 1894 ἀδελφῶν
885 1824 983 1896 τὴν
1013 1822 1276 1895 ἱστορίαν,
1309 1822 1366 1874 ὲν
1458 1818 1844 1890 δεδηλώκαμεν
1870 1818 2050 1875 αὐτῶν
2084 1817 2124 1871 Β

462 1919 777 1989 Ἐπιστολῇ,
808 1915 1296 1987 κατατεθειμένων.

538 2011 614 2067 De
657 2010 919 2082 martyrio
966 2009 1024 2063 S.
1077 2005 1360 2078 Polycarpi
1404 2003 1642 2060 lrenaaus
1686 2005 1801 2074 (42)
1830 2018 2050 2074 quoque

465 2104 629 2158 verba
661 2102 786 2158 fecit
817 2119 828 2152 :
872 2102 993 2154 Ἐπὶ
1020 2099 1154 2152 πολὺ
1183 2099 1292 2169 γὰρ
1325 2097 1625 2168 παρέμεινε
1649 2095 2048 2168 (Polycarpus)'

465 2191 562 2245 καὶ
595 2189 735 2243 πάνυ
761 2188 1045 2260 γηραλέος,
1084 2186 1310 2253 ἐνδόξως
1334 2185 1427 2237 καὶ
1454 2185 1857 2253 ἐπιφανέστατα
1903 2202 2048 2256 μαρ-

464 2285 726 2357 τυρήσας,
761 2281 951 2353 ἐξῆλθε
983 2280 1076 2334 τοῦ
1108 2280 1243 2350 βίου.

538 2377 806 2433 Similiter
837 2373 1202 2447 Hieronymus
1234 2374 1382 2445 (ιδῃ
1413 2372 1606 2427 Postea
1633 2388 1770 2437 vero,
1798 2383 2050 2443 regnante

468 2469 547 2525 Μ.
594 2470 861 2524 Antonino
902 2477 951 2522 et
991 2467 1054 2522 L.
1100 2467 1316 2521 Aurelio
1356 2466 1668 2531 Commodo,
1709 2475 1902 2536 quarta
1934 2473 2051 2534 post

467 2560 736 2617 Neronem
761 2562 1143 2631 persecutione,
1179 2559 1439 2630 Smyrnae,
1469 2561 1676 2614 sedente
1717 2561 2049 2628 proconsule,

462 2663 518 2708 et
556 2653 799 2707 universo
846 2653 1038 2721 populo
1080 2654 1137 2705 in
1187 2651 1575 2722 amphitheatro
1633 2653 1885 2707 adversus
1931 2668 2051 2707 eum

461 2755 800 2816 personante,
831 2744 940 2813 igni
971 2743 1205 2797 traditus
1228 2753 1324 2796 est.

539 2836 628 2892 ‘VI.
663 2835 856 2891 Totam
888 2835 1144 2891 Ecclesia:
1167 2835 1521 2907 Smyrnensis
1547 2834 1831 2904 epistolam
1867 2849 2049 2902 nemo,

463 2946 628 3002 quem
652 2929 844 2995 sciam,
875 2929 930 2983 in
960 2929 1188 2984 dubium
1215 2929 1450 2994 vocavit,
1477 2927 1692 2998 ipsique
1723 2927 1896 2982 critici
1927 2927 2056 2998 rigi-

465 3023 679 3080 dissimi
723 3023 939 3076 laudem
980 3023 1030 3076 ei
1072 3021 1381 3074 tribuerunt
1416 3019 1551 3089 (14).
1587 3017 1688 3082 Iis.
1717 3033 1841 3088 quae
1886 3034 2052 3088 supra

466 3117 547 3187 (n.
576 3117 630 3183 1)
653 3129 721 3169 ex
753 3112 972 3167 Valesio
1009 3110 1359 3182 protulimus,
1395 3122 1458 3163 ea
1505 3107 1800 3171 addemus,
1832 3123 1954 3177 qua:
1989 3107 2053 3161 il-

465 3206 839 3263 lustrissimus
879 3203 1191 3274 Scaligerus
1236 3202 1289 3255 in
1322 3199 1907 3255 Animadversionibus
1935 3199 2051 3254 suis

470 3297 796 3355 Eusebianis
828 3299 904 3367 (p.
941 3295 1065 3363 121)
1105 3293 1300 3348 eﬂ‘atus
1345 3300 1448 3347 est.
1499 3290 1628 3347 Haec
1665 3300 1821 3357 sunt,
1851 3290 2050 3362 inquit,

467 3391 827 3446 uetustissima
856 3387 954 3442 illa
989 3386 1242 3441 Ecclesia!
1263 3387 1552 3456 martyrio,
1579 3400 1802 3455 quorum
1833 3384 2053 3438 lectione

467 3487 680 3552 piorum
711 3482 919 3536 animus
968 3480 1044 3532 ita
1074 3479 1321 3548 afﬁcitur,
1357 3487 1416 3530 ut
1448 3492 1717 3544 nunquam
1755 3485 1908 3531 satur
1932 3476 2054 3530 inde

467 3577 684 3639 redeat;
717 3574 856 3645 quod
884 3572 1094 3643 quidem
1122 3573 1200 3624 ita
1226 3587 1356 3636 esse,
1386 3570 1744 3641 unusquisque
1769 3584 1865 3638 pro
1895 3576 2054 3638 captu

470 3683 566 3721 suo
610 3675 659 3720 et
712 3664 1050 3718 conscientia:
1084 3661 1240 3715 modo
1297 3662 1493 3714 sentire
1534 3669 1724 3730 potest.
1769 3657 1922 3714 Certo
1959 3675 2054 3729 ego

470 3759 603 3813 nihil
629 3773 860 3829 unquam
891 3758 945 3809 in
983 3755 1208 3808 historia
1247 3753 1606 3808 ecclesiastica
1649 3753 1780 3818 vidi,
1820 3768 1854 3806 a
1901 3752 2053 3821 cujus

472 3849 695 3903 lectione
733 3846 1048 3900 commotior
1090 3843 1366 3908 recedam,
1396 3852 1453 3896 ut
1498 3859 1601 3896 non
1650 3841 1878 3911 amplius
1909 3857 2053 3895 meus

471 3956 582 3995 esse
611 3938 815 3994 videar.

545 4030 760 4086 Nostris
790 4029 1130 4099 temporibus
1147 4028 1450 4100 praesertim
1487 4025 1784 4083 Mmhlerus
1813 4024 2056 4097 epistola:

470 4121 638 4190 hujus
678 4134 905 4175 causam
943 4119 1054 4190 egit
1093 4119 1232 4191 (45).

546 4209 850 4266 Nonnullas
886 4209 1138 4273 lacinias,
1193 4207 1498 4278 praesertim
1547 4205 1788 4263 fabulam
1838 4207 1908 4263 de
1957 4222 2054 4264 co-

2160 540 2300 592 mala
2338 539 2528 595 fraude
2573 539 2841 608 adjunxit.
2879 539 3070 593 Verbis
3106 539 3250 592 enim
3295 538 3474 602 καθὼς
3496 539 3690 608 δηλώσω

2157 634 2216 685 ὲν
2250 631 2326 702 τῷ
2367 631 2601 702 καθεξῆς
2641 630 3100 686 Pseudo—Pionius
3133 631 3355 695 indicat,
3391 632 3687 698 sequentibus

2158 727 2217 784 li.
2246 741 2296 781 e.
2326 725 2478 779 Actis
2519 724 2725 794 spuriis
2754 723 3002 794 adjectis)
3047 738 3108 778 se
3149 723 3548 778 declaraturam
3570 737 3686 786 esse,

2153 833 2278 882 quae
2324 815 2663 889 Polycarpus
2699 831 2795 885 per
2837 815 3222 870 revelationem
3259 813 3367 886 ipsi
3409 811 3690 868 manilesta-

2157 909 2311 964 verit.

2226 997 2340 1054 VII.
2409 996 2708 1068 Epistolam
2773 995 3029 1052 Ecclesiae
3098 993 3450 1067 Smyrnensis
3513 993 3691 1063 primus

2153 1090 2340 1146 Graece
2381 1100 2437 1146 et
2478 1089 2671 1146 Latine
2712 1090 2828 1160 (sed
2863 1089 3052 1145 Graece
3086 1102 3194 1143 non
3239 1085 3530 1158 integram)
3556 1085 3694 1139 edidit

2153 1185 2350 1241 Petrus
2377 1183 2681 1240 lialioixius
2707 1184 2760 1238 in
2799 1182 2932 1237 Vitis
2957 1180 3184 1235 Patruus
3209 1179 3440 1242 0n’ent.,
3473 1187 3514 1231 t.
3544 1175 3690 1246 H47).

2154 1280 2422 1348 integram
2467 1284 2653 1331 autem
2695 1289 2818 1330 eam
2857 1288 3003 1328 anno
3044 1271 3181 1326 1617
3230 1268 3468 1324 Londini
3507 1284 3572 1322 ex
3608 1267 3694 1320 lle-

2154 1363 2372 1434 nologio
2425 1361 2615 1418 Graeco
2671 1377 2805 1418 mss.
2841 1361 3065 1419 Barocc.
3111 1358 3384 1430 evolgavit
3443 1355 3695 1418 Usserius,

2152 1454 2379 1512 Parisiis
2417 1454 2743 1510 Cotelerius.
2787 1453 3052 1508 Eamdem
3091 1453 3288 1509 deinde
3326 1442 3481 1506 Actis'
3521 1461 3694 1521 marty-

2151 1565 2271 1602 rum
2309 1548 2528 1602 sinceris
2568 1545 2869 1602 Ruinartus
2908 1546 3174 1612 intexuit,
3212 1555 3268 1600 et
3307 1544 3576 1600 Smitbios
3605 1545 3697 1598 edi-

2151 1642 2288 1698 tioni
2326 1641 2460 1713 Epp.
2487 1642 2682 1710 lgnatii
2722 1650 2778 1695 et
2819 1639 3104 1712 Polycarpi
3143 1639 3351 1694 addidit
3394 1638 3554 1693 i709.
3580 1637 3697 1692 Smi-

2153 1734 2324 1788 thium
2361 1742 2584 1788 secutus
2623 1741 2708 1788 est
2748 1732 3088 1788 Gallandius.
3131 1729 3497 1785 Novissimam
3539 1738 3590 1784 et
3613 1730 3698 1783 ele-

2153 1827 2534 1897 gantissimam
2577 1826 2873 1881 editionem
2926 1825 3068 1879 1858
3128 1834 3183 1880 et
3243 1823 3386 1878 1810
3437 1823 3600 1894 (edit.
3644 1825 3698 1888 ιι)

2153 1919 2351 1974 Oxonii
2403 1920 2680 1989 evulgavit
2735 1917 3110 1984 Jacobsonus,
3168 1917 3344 1972 tribus
3410 1916 3697 1974 codicibus.

2153 2011 2512 2076 Barocciano,
2537 2011 2787 2068 Parisiuo
2801 2021 2858 2066 et
2872 2007 3554 2066 Catsareo-Vindobonensi
3572 2023 3697 2062 usus.

2226 2103 2360 2159 Vlll.
2405 2103 2481 2159 De
2523 2104 2768 2157 doctrina
2813 2103 2978 2173 hujus
3018 2101 3262 2172 epistolae
3303 2101 3409 2156 cfr.
3451 2099 3698 2169 Lumper.,

2152 2195 2298 2250 Hist.
2335 2195 2494 2251 theol.
2527 2197 2673 2264 crit.,
2699 2205 2740 2250 t.
2768 2197 2810 2249 ll
2830 2236 2844 2260 ,
2870 2211 2924 2265 p.
2957 2195 3216 2250 453-459.

2227 2287 2320 2342 IX.
2367 2288 2648 2344 Addamus
2693 2289 2929 2358 denique
2983 2302 3106 2358 qua:
3147 2286 3392 2343 Thomas
3439 2286 3698 2348 Smithius,

2151 2379 2307 2435 testis
2336 2380 2632 2452 αὐτόπτης,
2669 2380 2736 2434 de
2782 2378 3104 2452 Smyrncnsi
3147 2381 3575 2450 amphitheatro,
3613 2394 3700 2448 quo

2155 2469 2212 2526 S.
2258 2470 2596 2544 Polycarpus
2635 2482 2844 2544 martyr
2883 2473 3154 2544 gloriosus
3195 2473 3352 2538 obiit,
3399 2475 3575 2544 deque
3608 2474 3701 2542 ejus

2154 2563 2406 2632 sepulcro
2443 2573 2665 2618 enarrat
2700 2564 2786 2618 his
2816 2565 2996 2619 verbis
3027 2563 3140 2635 (48)
3174 2581 3187 2616 :
3224 2582 3244 2616 ί
3286 2565 3367 2618 Ad
3416 2566 3610 2628 latera,
3638 2563 3697 2615 iu-

2151 2655 2308 2726 quit,
2345 2655 2572 2710 alterius
2617 2664 2788 2726 porta:
2825 2657 3004 2722 arcis,
3046 2671 3169 2726 qua:
3214 2657 3281 2711 ad
3320 2657 3587 2711 orientem
3618 2665 3700 2715 est,

2154 2749 2335 2804 adhuc
2370 2748 2623 2803 visuntur
2647 2749 2771 2803 dua:
2805 2749 3022 2819 aquilae,
3053 2748 3434 2804 Romanorum
3479 2749 3700 2818 insignis.

2154 2841 2499 2912 largiusculae
2542 2851 2596 2895 et
2647 2841 2788 2896 belle
2820 2841 3039 2911 quidem
3076 2841 3385 2896 delineatas.
3427 2839 3563 2896 Hinc
3592 2840 3706 2893 inter

2154 2933 2622 2999 descendendum,
2653 2933 2893 3003 amplum
2940 2932 3416 3003 amphitheatrum
3467 2933 3536 2988 ad
3571 2929 3703 2985 Nota-

2157 3027 2448 3097 peliotem,
2481 3040 2592 3096 quo
2638 3024 2697 3080 S.
2747 3024 3084 3096 Polycarpus
3131 3026 3398 3096 martyrio
3445 3037 3704 3082 coronatus

2154 3130 2273 3185 est,
2318 3119 2681 3182 intravimus,
2715 3117 2978 3188 gradibus
3024 3117 3207 3172 saxeis
3237 3131 3268 3170 a
3303 3115 3509 3173 Turcis
3546 3118 3607 3172 ad
3632 3131 3702 3169 or-

2158 3208 2370 3264 nandas
2392 3208 2536 3262 ardes
2569 3207 2722 3261 illinc
2748 3206 3001 3262 sublatis.
3039 3207 3096 3260 In
3125 3207 3286 3277 cujus
3318 3207 3583 3262 lateribus
3611 3206 3706 3260 dua

2157 3316 2424 3366 cavernae,
2466 3300 2667 3370 quibus
2707 3299 3104 3354 claudebantur
3135 3299 3340 3363 leones,
3374 3300 3483 3355 sibi
3510 3300 3706 3353 invicem

2156 3402 2526 3461 opponuntur.
2556 3389 2884 3460 Sepulcrum
2935 3389 2993 3444 S.
3032 3389 3343 3461 Polycarpi,
3377 3392 3531 3462 quod
3569 3392 3617 3444 in
3643 3391 3704 3443 la-

2155 3490 2271 3538 tere
2300 3483 2508 3536 montis
2546 3482 2812 3536 adversus
2843 3479 3261 3538 Euro-austrum
3295 3483 3484 3537 adhuc
3522 3496 3707 3537 conser-

2154 3584 2338 3641 vatur,
2380 3573 2553 3630 Graaci
2578 3573 2666 3628 die
2696 3572 3052 3643 festo,ipsius
3076 3574 3358 3628 memoriae
3396 3583 3708 3633 consecrato.

2155 3683 2258 3739 pro
2295 3680 2470 3733 more,
2507 3667 2603 3737 qui
2643 3666 2788 3736 apud
2827 3667 2980 3737 ipsos
3016 3667 3250 3732 obtinet,
3288 3667 3607 3722 solemniter
3639 3665 3706 3717 in.

2158 3761 2363 3817 visunt.
2417 3758 2596 3815 Situm
2651 3768 2738 3814 est
2783 3759 2838 3813 in
2897 3759 3134 3829 quadam
3189 3759 3447 3826 alicula,
3501 3756 3711 3815 ecclesia

2157 3853 2300 3910 forte
2326 3854 2549 3918 sacello,
2583 3853 2706 3917 alii,
2732 3868 2831 3924 per
2853 3867 3019 3923 quam
3062 3851 3193 3908 illuc
3213 3854 3608 3908 transeundum
3626 3861 3707 3910 est.

2155 3949 2434 4017 contigua.
2480 3947 2539 3999 In
2591 3945 2696 4000 hoc.
2733 3953 3092 4000 monumento
3143 3945 3546 4011 instauranda,
3585 3945 3624 4001 si
3656 3943 3709 3996 ab

2154 4037 2613 4108 impressionibus
2652 4037 2852 4102 aeriis,
2893 4037 2938 4092 si
2978 4052 3010 4091 a
3044 4036 3276 4100 Turcis,
3316 4039 3366 4092 si
3408 4054 3442 4092 a
3479 4036 3709 4092 Christia-

2159 4131 2245 4186 nis
2280 4127 2744 4196 Occidentalibus,
2773 4129 2866 4198 qui
2906 4127 3212 4198 iragmenta
3249 4131 3550 4186 marmoris
3581 4125 3707 4198 quasi

2158 4232 2241 4277 tot
2286 4223 2551 4291 reliquias
2606 4222 2804 4276 exinde
2851 4221 3081 4288 tollunt,
3131 4221 3362 4275 laedatur
3419 4230 3708 4277 temeretur-

471 4302 660 4358 lumba
689 4316 740 4356 c.
778 4301 866 4367 16,
897 4299 1155 4370 Epistolm
1201 4307 1406 4354 nostrae
1450 4313 1481 4352 a
1527 4298 1926 4367 posterioribus
1960 4298 2053 4353 ad-

2164 4330 2298 4385 que;
2339 4315 2630 4370 laudabilis
2670 4314 2888 4370 illorum
2943 4314 3249 4370 collocatur
3287 4329 3461 4383 opera
3486 4355 3502 4382 ,
3539 4313 3634 4368 olla
3665 4310 3710 4362 li-

473 4395 618 4450 ditas
662 4409 804 4461 esse,
861 4392 1262 4448 contenderunt
1314 4389 1632 4445 Heumanus
1676 4389 1790 4460 (46)
1835 4399 1890 4444 et
1933 4389 2056 4457 alii;

477 4505 589 4547 non
618 4485 798 4556 plane,
823 4493 886 4539 ut
910 4484 1146 4550 videtur,
1177 4483 1399 4554 injuste.

546 4600 817 4674 Equidem
853 4601 1100 4656 ultimam
1129 4599 1328 4670 capitis
1359 4598 1432 4652 22
1469 4597 1813 4668 particulam,
1843 4611 1964 4667 quae
1987 4595 2056 4653 de

472 4692 669 4749 Pionio
701 4693 966 4764 loquitur,
1009 4693 1255 4763 spuriam
1304 4685 1504 4746 censeo
1547 4699 1602 4746 et
1644 4690 1712 4746 ab
1746 4690 1839 4744 illo
1870 4687 2054 4745 conle-

475 4797 644 4854 ctam,
674 4787 769 4857 qui
801 4786 1151 4856 supposititia
1184 4784 1288 4840 ista
1319 4783 1378 4838 S.
1406 4782 1695 4854 Polycarpi
1733 4790 1876 4847 acta,
1917 4796 2059 4852 quo-

476 4893 600 4934 rum
662 4892 827 4947 supra
880 4877 1211 4930 mentionem
1270 4875 1538 4941 fecimus,
1587 4889 1819 4944 quaeque
1861 4871 2054 4929 Pionio

550 5057 664 5127 (11)
697 5053 845 5110 Hist.
873 5053 1000 5127 eccl.
1026 5069 1098 5118 tv,
1127 5054 1214 5127 ιξ.

554 5117 668 5197 (42)
701 5129 834 5181 Adv.
873 5124 1023 5180 Henr.
1054 5117 1141 5189 tn,
1169 5125 1222 5178 5.
1256 5122 1413 5193 Apud
1444 5121 1641 5179 Euseb.
1682 5117 1828 5174 Hist.
1867 5119 2055 5175 eecles.

480 5199 674 5337 ῃ’(ἒῖλξ).
700 5265 1088 5337 βοωμσσνὶρι.
1126 5264 1256 5337 θεοί.
1287 5278 1336 5319 c.
1366 5264 1456 5319 17.
1486 5281 1492 5289 ·

553 5332 671 5408 (44)
697 5332 1503 5408 Vide_Tilletnon5_Mémgires,
1539 5345 1668 5408 εις..
1701 5345 1742 5408 t.
1770 5332 1817 5408 11
1836 5373 1853 5399 ,
1873 5349 1930 5405 p.

484 5425 630 5479 sqq.,
653 5403 790 5464 'edit.
817 5405 1211 5479 Yeneta,_l752
1263 5415 1318 5462 et
1339 5405 1556 5463 Fabric.
1595 5405 1739 5462 Bibl.
1775 5403 1894 5474 Gn,
1927 5403 2060 5462 edit.

484 5473 720 5545 itai'les.,
744 5487 785 5534 t.
818 5473 930 5545 γυ,
962 5494 1016 5550 p.
1041 5477 1130 5533 51.

2073 5702 2147 5719 ar‘

2161 4407 2275 4462 ctili
2315 4423 2538 4478 quoque
2577 4407 2688 4462 illic
2725 4407 3011 4476 apposita,
3053 4407 3107 4460 in
3146 4423 3312 4477 quam
3354 4408 3592 4476 quisque
3624 4402 3711 4456 lere

2081 4505 2132 4565 ι)
2159 4513 2269 4568 pra:
2321 4499 2704 4565 veneratione,
2741 4513 2848 4568 qua
2901 4514 3032 4569 erga
3079 4498 3190 4552 τὸν
3231 4496 3711 4568 Mento-ptimum

2165 4609 2265 4666 pro
2301 4593 2524 4648 Christo
2573 4593 2776 4648 invicta
2831 4592 3002 4647 animi
3052 4593 3345 4662 praesentia
3403 4593 3541 4646 mori
3576 4588 3713 4644 susti-

2157 4696 2378 4743 nentem
2417 4684 2616 4753 fertur,
2658 4685 2770 4741 illic
2821 4685 3022 4740 ductus
3073 4685 3343 4755 pauculos
3385 4698 3577 4754 aspros
3607 4693 3709 4733 mti-

2151 4780 2308 4852 jicit,
2359 4787 2420 4834 ut
2463 4780 2520 4834 in
2571 4793 2736 4834 omne
2790 4793 2968 4834 aevum
3019 4786 3303 4847 perennet.
3354 4795 3375 4829 ι
3425 4776 3549 4832 Haec
3596 4772 3708 4827 Smi-

2163 4872 2329 4928 thius.

2233 5049 2348 5120 (45)
2380 5047 2685 5120 Patrolog.,
2713 5057 2764 5120 ﬁt.
2795 5047 2838 5117 l,
2869 5063 2928 5119 p.
2949 5046 3075 5104 410.
3106 5046 3222 5103 Cir.
3260 5045 3533 5112 Neander,
3555 5042 3706 5098 Kircll.

2163 5117 2350 5176 Gesch.
2382 5129 2425 5190 ι.
2456 5119 2499 5188 l,
2535 5136 2592 5190 p.
2612 5117 2757 5174 7759.

2235 5190 2350 5260 (46)
2380 5189 2517 5246 Vide
2536 5189 2661 5244 not.
2693 5190 2760 5244 ad
2796 5207 2848 5247 c.
2882 5190 2972 5246 16.

2236 5249 2352 5330 (47)
2383 5260 2514 5316 Duae
2543 5271 2764 5317 exstant
2790 5264 3072 5317 versiones
3108 5259 3374 5329 antiquae.
3399 5270 3615 5329 quarunt
3647 5249 3706 5304 sl-

2162 5339 2277 5387 tera
2305 5332 2656 5402 metaphrasis
2682 5333 2866 5402 potius
2894 5347 3060 5402 quam
3093 5332 3396 5402 versioest.

2238 5402 2353 5474 (18)
2369 5394 2562 5474 nam.
2595 5394 2728 5471 sep't.
2758 5394 3107 5474 Asiwr'iEcclq
3128 5416 3200 5474 ι).
3226 5399 3354 5468 164,
3384 5400 3513 5458 edit.
3544 5394 3708 5454 οιωρ.

2167 5471 2342 5529 1672(
2365 5471 2625 5544 Lumper.
2653 5474 2692 5528 ι.
2723 5488 2801 5540 c.,
2826 5485 2869 5530 ι.
2901 5473 2968 5541 11,
2995 5488 3051 5545 p.
3082 5472 3214 5530 461.
