3806 6208
457 281 589 335 11107

1655 283 1710 337 8.
1755 283 2134 341 I‘OLYCARPI
2167 287 2522 344 MARTYRIS

3563 290 3688 344 1008

450 403 754 471 suscitauit,
787 404 948 475 eique
973 403 1200 475 gloriam
1227 403 1374 459 dedit
1397 404 1415 435 ⁷
1448 423 1465 456 ι
1494 420 1556 459 ac
1585 405 1768 460 sedem
1798 407 1864 461 ad
1894 408 1994 462 dex

2137 427 2245 480 ριον
2294 407 2676 481 ἡμῶνΊησοΰν
2727 410 2959 482 Χριστὸν
3007 411 3072 465 ἐκ
3121 408 3361 480 νεκρῶν,
3414 409 3506 462 καὶ
3549 408 3690 461 δόντα

452 501 592 550 tram
639 509 834 559 suam;
881 496 968 550 cui
1020 495 1262 565 subjecta
1297 503 1425 549 sunt
1473 495 1658 549 omnia
1705 496 1947 551 caelestia
1975 505 2026 552 et

449 586 758 652 terrestria;
794 586 880 642 cui
908 586 1090 641 omnis
1117 586 1344 657 spiritus
1385 586 1585 651 servit;
1620 587 1714 656 qui
1755 588 1906 643 venit
1937 588 2029 659 ju-

446 676 549 731 dex
597 677 845 733 vivorum
905 689 958 734 et
1015 688 1358 732 mortuorum
1388 678 1443 741 3;
1498 679 1658 747 cujus
1701 679 2024 746 sanguinem

448 767 589 824 Deus
621 769 862 839 requiret
901 769 968 822 ab
1013 769 1079 823 iis
1117 769 1211 839 qui
1252 782 1360 823 non
1400 770 1630 824 credunt
1664 769 1718 824 in
1766 770 1941 824 illum.
1974 772 2025 826 ls

447 877 595 928 vero,
625 863 719 932 qui
751 864 928 931 ipsum
962 863 1254 917 suscitavit
1292 878 1322 917 e
1351 864 1604 928 mortuis,
1632 873 1686 919 et
1713 878 1815 918 nos
1843 863 2023 920 susci-

444 955 719 1020 tabit’,si
773 954 1066 1011 fecerimus
1115 957 1452 1010 voluntatem
1500 957 1621 1027 ejus
1663 965 1718 1011 et
1747 956 1803 1010 in
1849 955 2023 1026 ipsius

444 1048 716 1104 mandatis
760 1049 1246 1113 ambulaverimus,
1279 1063 1344 1103 ac
1387 1047 1743 1103 dilexerimus
1789 1063 1853 1104 ea
1898 1061 2022 1119 quae

442 1144 556 1214 ipse
583 1142 808 1208 dilexit.
843 1143 1187 1200 abstinentes
1219 1145 1288 1201 ab
1317 1145 1466 1199 omni
1485 1141 2019 1214 injustitia,frauda—

440 1236 609 1297 tione,
657 1235 910 1298 avaritia.
959 1237 1374 1302 obtrectatione,
1409 1236 1550 1290 falso
1594 1233 1910 1290 testimonio
1941 1234 2015 1300 ";

442 1348 462 1382 ι
495 1345 603 1384 non
631 1329 916 1385 reddentes
950 1330 1157 1384 malum
1192 1343 1289 1400 pro
1322 1329 1498 1394 malo,
1536 1342 1636 1383 nee
1666 1327 2016 1382 maledictum

437 1440 536 1493 pro
562 1423 854 1479 maledicto
887 1424 954 1489 “,
982 1443 998 1474 ι
1031 1438 1132 1477 nec
1160 1437 1406 1493 pugnum
1437 1434 1538 1490 pro
1559 1433 1764 1489 pugno,
1795 1433 1895 1474 nec
1920 1434 2016 1473 ex-

434 1516 794 1572 secrationem
833 1531 933 1586 pro
959 1515 1379 1579 exsecratione;
1418 1526 1690 1570 memores
1716 1519 1897 1567 autem
1922 1525 2014 1565 eo-

435 1622 582 1672 rum,
609 1621 731 1676 que
758 1606 896 1661 dixit
925 1604 1193 1660 Dominus
1221 1604 1426 1660 docens
1453 1621 1465 1656 :
1496 1622 1515 1654 ι
1537 1601 1717 1658 Nolite
1739 1602 2009 1673 judicare,

432 1712 500 1752 ne
525 1696 849 1768 judieemini
880 1698 954 1758 ";
1005 1696 1286 1761 dimittite,
1318 1705 1372 1750 et
1415 1693 1720 1748 dimittetur
1746 1692 1901 1748 vobis
1931 1691 2007 1758 ”;

430 1788 790 1854 miseremini,
813 1797 873 1842 ut
894 1787 1330 1843 misericordiam
1360 1785 1776 1857 consequamini
1806 1784 1880 1852 ¹⁸;
1907 1781 2010 1856 [in]

429 1896 538 1951 qua
566 1894 823 1936 mensura
848 1881 1021 1940 mensi
1053 1877 1293 1943 fueritis,
1337 1880 1656 1935 remetietur
1683 1876 1840 1933 vobis
1867 1877 1942 1943 ¹⁸;
1983 1895 2004 1930 ι

426 1983 512 2027 et:
549 1989 569 2024 ι
597 1970 747 2027 Beati
778 1985 1068 2041 pauperes,
1095 1980 1150 2026 et
1174 1969 1267 2040 qui
1300 1970 1740 2040 persecutionem
1784 1970 2007 2039 patiun-

431 2074 542 2130 tur,
570 2065 832 2136 quoniam
868 2063 1112 2133 ipsorum
1142 2071 1227 2117 est
1257 2076 1485 2132 regnum
1509 2059 1627 2116 Dei.
1652 2081 1671 2112 ι

2129 502 2277 574 αὐτῷ
2324 501 2482 567 δόξαν
2518 504 2630 574 (52)
2677 523 2695 555 ι
2735 505 2828 557 καὶ
2876 503 3064 576 θρόνον
3114 505 3178 556 ἐκ
3227 501 3416 568 δεξιῶν
3447 495 3693 569 αύτοῦοῷ

2129 595 2373 668 ὑπετάγη
2425 596 2493 649 τά
2526 596 2705 650 πάντα
2754 597 3054 670 ἐπουράνια
3079 597 3178 664 καὶ
3211 595 3443 664 ἐπίγεια·
3474 588 3521 664 ᾧ
3552 598 3691 649 πᾶσα

2130 687 2262 757 πνοὴ
2281 687 2550 760 λατρεύει’
2569 687 2628 750 ὃς
2655 687 2872 759 ἔρχεται
2900 688 3092 760 κριτὴς
3118 685 3334 751 ζώντων
3363 687 3456 740 καί⁵
3474 687 3690 758 νεκρῶν·

2124 772 2184 831 οὗ
2218 779 2278 832 τὸ
2319 773 2460 849 αἷμα
2501 776 2794 851 ἐκζητήσει
2826 782 2855 834 ό
2885 780 3019 844 Θεὸς
3054 779 3162 834 ἀπὺ
3195 778 3304 831 τῶν
3333 778 3696 833 ἀπειθούντων

2124 869 2291 940 αὐτῷ.
2334 871 2392 923 '0
2409 870 2466 924 δὲ
2485 871 2702 942 ἐγείρας
2717 872 2882 926 αὐτὸν
2902 873 2966 926 ἐκ
2981 871 3188 942 νεκρῶν
3210 870 3303 924 καὶ
3331 872 3482 942 ἡμᾶς
3501 871 3694 941 ἐγερεῖ,

2122 961 2218 1016 ὲάν
2233 961 2477 1032 ποιῶμεν
2490 962 2655 1016 αὐτοῦ
2670 963 2731 1016 τὸ
2750 963 2979 1036 θέλημα,
3000 963 3094 1017 καὶ
3111 961 3470 1034 πορευώμεθα
3500 962 3561 1014 ἐν
3587 965 3697 1025 ut;

2120 1053 2363 1117 ἐντολαῖς
2379 1054 2566 1120 αὑτοῦ,
2583 1055 2674 1108 καὶ
2689 1055 2994 1127 ἀγαπῶμεν
3009 1055 3045 1108 ἃ
3061 1055 3363 1125 ἠγάπησεν,
3378 1053 3698 1123 ἀπεχόμενοι

2119 1144 2300 1216 πάσης
2331 1145 2565 1212 ἀδικίας,
2591 1147 2922 1214 πλεονεξίας,
2946 1147 3326 1218 φιλαργυρίας,
3347 1145 3697 1208 καταλαλιάς,

2116 1239 2587 1312 ψευδομαρτυρίας
2609 1257 2622 1270 ·
2651 1259 2669 1292 ι
2685 1240 2758 1312 μὴ
2781 1239 3129 1304 ἀποδιδόντες
3159 1239 3324 1294 κακὸν
3344 1238 3469 1294 ἀντὶ
3502 1238 3696 1302 κακοῦ,

2116 1334 2148 1403 ἢ
2178 1332 2444 1404 λοιδορίαν
2467 1334 2589 1387 ἀντὶ
2615 1332 2901 1405 λοιδορίας,
2931 1351 2948 1384 ι
2974 1332 3008 1404 ἦ
3040 1331 3263 1404 γρόνθον
3294 1331 3416 1384 ἀντὶ
3447 1329 3696 1402 γρόνθου,

2115 1425 2147 1497 ἢ
2183 1427 2428 1498 κατάραν
2461 1425 2584 1480 ἀντὶ
2614 1427 2886 1497 κατάρας’
2926 1424 3349 1497 μνημονεύοντες
3385 1424 3505 1494 (55)
3539 1423 3596 1476 δέ
3625 1416 3699 1475 ὧν

2114 1512 2266 1570 εἶπεν
2287 1519 2316 1570 ὁ
2349 1516 2553 1588 Κύριος
2595 1515 2862 1570 διδάσκων
2885 1531 2897 1545 ·
2935 1515 3048 1586 (54)
3087 1535 3106 1566 ι
3135 1514 3227 1586 Μὴ
3259 1515 3478 1578 κρίνετε
3509 1515 3597 1566 ἵνα
3625 1513 3698 1584 μὴ

2113 1607 2338 1679 κριθῆτε
2378 1625 2390 1638 ·
2429 1608 2621 1676 ἀφίετε
2645 1647 2661 1672 ,
2713 1607 2809 1661 καὶ
2875 1606 3204 1677 ἀφεθήσεται
3249 1606 3380 1676 ὑμῖν
3403 1621 3416 1634 ·
3458 1603 3697 1666 ἐλεεῖτε,

2114 1697 2200 1752 ἵνα
2249 1699 2504 1772 ἐλεηθῆτε
2527 1715 2540 1729 ·
2567 1698 2651 1771 [ἐν
2677 1697 2812 1770 (55)]
2861 1692 2906 1766 ᾧ
2942 1698 3122 1770 μέτρῳ
3157 1700 3404 1768 μετρεῖτε
3428 1735 3444 1759 ,
3482 1697 3697 1765 ἀντιμε-

2043 1755 2086 1814 B
2115 1755 2444 1861 τρηθησεταί
2494 1755 2708 1860 ὑμῖν-ι»
2753 1755 2846 1842 καὶ
2878 1755 2979 1841 ’ὅτι
3029 1755 3353 1859 (Μακάριοι
3400 1755 3449 1838 οῖ

2117 1879 2229 1954 (56)
2261 1880 2354 1934 καὶ
2385 1883 2434 1934 οί
2457 1879 2780 1951 διωκόμενοι
2831 1879 3035 1934 ἕνεκεν·
3061 1879 3406 1949 δικαιοσύνης
3428 1918 3443 1944 ,
3483 1879 3570 1934 ὅτι
3602 1883 3698 1931 αὐ⁸

2113 1973 2222 2027 τῶν
2258 1975 2400 2026 ἐστιν
2433 1975 2468 2044 ἡ
2501 1971 2746 2042 βασιλεία
2778 1971 2872 2025 τοῦ
2905 1970 3061 2025 Θεοῦ.
3090 1992 3108 2023 ι

1136 2217 1226 2270 Ill.
1264 2213 1388 2268 Non
1428 2223 1744 2286 arroganter
1774 2214 1884 2268 haec
1909 2213 2105 2268 scribo.
2141 2212 2346 2267 Paulus
2369 2221 2663 2283 prazceptor
2689 2220 2857 2266 uester
2887 2220 2986 2266 est.

499 2353 659 2440 Hae,
696 2373 892 2429 fratres
914 2412 928 2436 ,
964 2386 1073 2426 non
1117 2369 1264 2440 quod
1299 2368 1435 2424 mihi
1469 2382 1725 2440 arrogem
1747 2407 1764 2434 ,
1817 2365 2003 2423 scribo

425 2469 581 2526 vobis
631 2468 697 2524 de
738 2467 989 2537 iustitia;
1041 2463 1136 2519 sed
1187 2463 1316 2533 quia
1357 2476 1456 2517 vos
1497 2461 1841 2532 provocastis
1892 2474 2000 2514 me.

424 2559 612 2631 Neque
651 2559 798 2614 enim
830 2572 932 2628 ego
953 2597 967 2621 ,
1008 2570 1186 2627 neque
1217 2555 1358 2610 alius
1390 2554 1496 2609 mei
1545 2553 1743 2609 similis
1774 2551 1918 2608 beati
1949 2559 2006 2607 et

425 2651 646 2723 gloriosi
672 2649 823 2704 Pauli
851 2649 1173 2720 sapientiam
1200 2647 1420 2718 assequi
1440 2655 1620 2717 potest
1639 2647 1714 2712 ¹⁶;
1748 2647 1842 2717 qui
1874 2661 2001 2702 cum

424 2751 570 2800 esset
599 2742 745 2813 apud
774 2755 907 2806 vos,
943 2754 1128 2795 coram
1163 2739 1481 2796 hominibus
1529 2750 1661 2794 tunc
1692 2738 2002 2794 viventibus

424 2834 661 2908 perfecte
691 2849 756 2890 ac
776 2833 1004 2889 firmiter
1029 2832 1254 2887 verbum
1281 2830 1531 2886 veritatis
1556 2830 1778 2899 docuit;
1813 2829 1911 2901 qui
1944 2837 2001 2884 et

421 2927 623 2981 absens
646 2923 800 2980 vobis
821 2923 1040 2994 scripsit
1057 2923 1340 2993 epistolas,
1366 2921 1421 2977 in
1443 2938 1580 2993 quas
1597 2921 1643 2978 si
1659 2921 1999 2989 intueamini,

421 3016 678 3073 aedificari
734 3013 986 3085 poteritis
1037 3012 1091 3068 in
1145 3011 1284 3079 fide,
1340 3027 1465 3084 quae
1513 3012 1672 3068 vobis
1733 3020 1817 3068 est
1847 3011 1997 3076 data,

429 3127 449 3162 ι
477 3121 709 3181 quasque
737 3115 824 3162 est
848 3115 1025 3161 mater
1054 3105 1302 3161 omnium
1356 3113 1605 3160 nostrum
1636 3105 1700 3170 ίτ,
1731 3121 1752 3156 ι
1807 3104 2001 3160 subse-

2179 2365 2386 2434 Ταῦτα,
2414 2365 2654 2435 ἀδελφοὶ,
2674 2366 2775 2420 οὐκ
2798 2363 3020 2436 ἐμαυτῷ
3039 2365 3334 2436 ἐπιτρέψας
3347 2366 3557 2438 γράφω
3578 2367 3702 2438 ὑμῖν

2093 2459 2236 2529 ’περὶ
2265 2458 2363 2528 τῆς
2394 2457 2737 2528 δικαιοσύνης
2773 2456 2922 2528 (57)·
2959 2457 3074 2511 ἀλλ’
3107 2458 3230 2510 ἐπεὶ
3262 2458 3425 2526 ὑμεῖς
3460 2475 3702 2529 προεπε-

2107 2549 2406 2603 καλέσασθέ
2431 2566 2518 2620 με.
2542 2547 2681 2602 Οὔτε
2714 2547 2824 2618 γὰρ
2856 2546 2989 2616 ἐγὼ,
3013 2545 3136 2601 οὔτε
3169 2546 3326 2611 ἄλλος
3361 2549 3560 2618 ὅμοιος
3582 2549 3704 2619 ἐμοὶ

2105 2641 2326 2696 δύναται
2359 2640 2827 2711 κατακολουθῆσαι
2858 2643 2926 2711 τῇ
2961 2640 3124 2712 σοφίᾳ
3162 2637 3257 2692 τοῦ
3293 2639 3579 2710 μακαρίου
3610 2640 3704 2693 καὶ

2106 2732 2319 2797 ἐνδόξου
2345 2732 2558 2786 Παύλου
2578 2748 2591 2761 ·
2631 2729 2692 2795 ὃς
2722 2732 3012 2801 γενόμενος
3063 2732 3122 2784 ἐν
3154 2731 3304 2802 ὑμῖν,
3339 2730 3492 2784 κατά
3531 2731 3703 2801 πρόσ-

2105 2840 2253 2876 ωπον
2284 2822 2392 2876 τῶν
2424 2822 2544 2875 τότε
2590 2819 2893 2892 ἀνθρώπων
2927 2818 3166 2886 ἐδίδαξεν
3191 2820 3441 2892 ἀκριϐῶς
3479 2822 3582 2874 καὶ
3618 2822 3705 2890 βε-

2104 2916 2272 2980 ϐαίως
2304 2915 2395 2969 τὸν
2428 2915 2558 2986 περὶ
2590 2912 2846 2984 ἀληθείας
2888 2911 3044 2980 λόγον
3069 2927 3082 2941 ⁶
3122 2911 3180 2974 ὃς
3212 2913 3307 2964 καὶ
3356 2911 3526 2966 ἀπὼν
3579 2915 3706 2984 ὑμῖν

2102 3006 2342 3079 ἔγραψεν
2376 3003 2664 3068 ἐπιστολὰς
2699 3003 2848 3074 (58),
2889 3005 2970 3065 είς
3001 3001 3068 3066 ἀς
3100 3002 3196 3055 ἐὰν
3229 3002 3582 3076 ἐγκύπτητε,
3613 3004 3704 3056 δυ-

2102 3097 2400 3170 νηθήσεσθε
2429 3095 2825 3168 οἰκοδομεῖσθαι
2850 3098 2929 3160 είς
2943 3098 3042 3169 τὴν
3069 3097 3308 3150 δοθεῖσαν
3335 3097 3470 3166 ὑμῖν
3495 3097 3704 3159 πίστιν,

421 3210 626 3272 quente
673 3215 804 3272 spe,
857 3197 1199 3270 praecedente
1245 3196 1516 3252 charitate
1565 3197 1620 3252 in
1653 3195 1826 3252 Deum
1857 3196 1998 3252 etin

2155 3189 2276 3259 ἣτις
2321 3187 2439 3240 ἐστὶ
2473 3187 2656 3258 μήτηρ
2701 3186 2919 3240 πάντων
2963 3187 3118 3259 ἡμῶν
3168 3187 3303 3257 (59),
3333 3206 3353 3239 ι
3391 3189 3704 3244 ἐπακολου-

419 3290 704 3348 Christum
733 3301 787 3348 et
817 3291 873 3347 in
901 3289 1235 3362 proximum.
1279 3287 1338 3344 Si
1373 3289 1500 3360 quis
1530 3288 1678 3345 enim
1713 3288 1854 3343 intra
1881 3288 1998 3344 haec

2137 3278 2298 3369 ούσης
2339 3277 2436 3348 τῆς
2473 3275 2731 3369 ἐλπίδος,
2765 3275 3110 3369 προαγούσης
3148 3276 3246 3369 τῆς
3294 3276 3562 3369 ᾴγάπηςν
3606 3279 3708 3348 τῆς

422 3383 607 3449 fuerit,
655 3383 975 3439 mandatum
1003 3381 1234 3454 iustitia:
1267 3380 1544 3452 implevit;
1581 3395 1709 3441 nam
1737 3379 1834 3451 qui
1863 3379 1998 3435 cha-

2137 3370 2180 3432 ίς
2225 3367 2360 3421 Θεὸν
2403 3367 2495 3420 καὶ
2537 3368 2770 3439 Χριστὸν
2798 3369 2893 3421 καὶ
2919 3370 2999 3432 είς
3028 3367 3119 3422 τὸν
3147 3367 3398 3439 πλησίον.
3418 3369 3557 3423 Ἐὰν
3596 3372 3708 3441 γάρ

420 3477 634 3534 ritatem
662 3476 843 3543 habet,
880 3476 1040 3546 longe
1071 3482 1156 3535 est
1185 3475 1256 3530 ab
1286 3473 1435 3528 omni
1470 3481 1715 3546 peccato.

2101 3476 2184 3524 τις
2215 3458 2418 3513 τούτων
2441 3457 2590 3521 ἐντὸς
2678 3458 2810 3531 (60),
2848 3459 3209 3532 πεπλήρωκεν
3245 3460 3469 3533 ἐντολὴν
3495 3462 3711 3516 δικαιο-

2105 3551 2300 3621 σύνης
2362 3552 2391 3602 ό
2437 3551 2547 3622 γὰρ
2574 3549 2712 3621 ἔχων
2765 3551 3008 3622 ἀγάπην,
3061 3551 3280 3622 μακράν
3332 3553 3456 3604 ἐστι
3520 3552 3710 3623 πόσης

2105 3645 2397 3714 ἁμαρτίας.

1058 3796 1148 3853 ιν.
1186 3797 1482 3869 Fugiamus
1515 3798 1800 3852 avaritiam
1819 3813 1840 3862 ;
1873 3797 2152 3853 doceamus
2186 3815 2280 3854 nos
2315 3799 2491 3869 ipsos,
2524 3816 2716 3855 uxores
2748 3811 2799 3856 et
2833 3801 3038 3856 viduas.

496 3973 516 4008 ι
560 3953 898 4026 Principium
947 3963 1128 4009 autem
1177 3953 1425 4009 omnium
1477 3953 1747 4010 malorum
1779 3963 1864 4008 est
1894 3953 1998 4007 ha-

417 4047 582 4105 bendi
633 4047 998 4118 eupiditas".
1027 4066 1046 4099 ι
1107 4044 1353 4102 Scientes
1404 4061 1557 4117 ergo,
1590 4045 1738 4118 quod
1808 4064 1827 4099 ι
1859 4046 1994 4100 nihil

416 4140 706 4196 intulimus
739 4140 793 4194 in
827 4141 975 4195 hunc
1003 4137 1268 4193 mundum
1293 4180 1309 4205 ,
1343 4139 1440 4195 sed
1473 4153 1575 4195 nec
1604 4138 1822 4194 auferre
1861 4138 1995 4209 quid

416 4233 665 4288 valemus
689 4233 756 4297 ¹⁹,
791 4251 809 4283 ι
843 4245 1124 4286 armemur
1167 4231 1340 4287 armis
1367 4231 1595 4302 iustitiae
1617 4233 1686 4299 ³ο,
1721 4241 1775 4288 et
1795 4231 1994 4288 docea-

417 4339 545 4379 mus
572 4323 812 4394 primum
847 4337 949 4378 nos
983 4322 1153 4392 ipsos,
1181 4321 1467 4378 ambulare
1499 4323 1554 4378 in
1589 4323 1850 4379 mandato
1877 4322 1988 4378 Do—

492 4499 513 4529 "
539 4499 559 4551 l
583 4497 729 4553 Petr.
751 4513 792 4565 ι,
817 4496 910 4551 21.

416 4566 564 4626 Petr.
595 4584 678 4635 ιιι,
711 4569 765 4623 9.
875 4569 918 4599 ¹²
947 4566 1138 4623 Matth.
1165 4585 1265 4632 vn,
1292 4569 1345 4624 1.

416 4635 552 4696 Luc.
573 4652 648 4706 νι,
689 4639 778 4693 58.
859 4637 972 4690 “ll
990 4637 1138 4692 Petr.
1173 4654 1255 4705 ιιι,
1294 4639 1380 4693 15.
1463 4639 1504 4670 ³⁷
1535 4637 1655 4694 Gal.
1687 4635 1886 4707 “,26.

485 4794 600 4867 (52)
629 4793 881 4867 Cfr._lgn.
909 4794 978 4848 ad
1013 4792 1254 4867 Smyrn._,
1281 4810 1339 4867 ο.
1376 4792 1432 4867 6_,
1462 4793 1531 4847 ad
1563 4792 1734 4851 Trall.
1761 4809 1812 4850 c.
1837 4794 1896 4860 9,
1923 4794 1994 4848 ad

417 4863 633 4990 Snigrn.
663 4881 716 4922 c.
741 4865 776 4919 2
797 4863 813 4919 Ξ
827 4865 903 4930 ὡς
937 4905 950 4919 .
992 4905 1005 4918 .
1046 4904 1058 4917 .
1097 4863 1287 4920 ἑαυτὸν
1319 4865 1632 4936 ἀνέστησεν.

489 4937 503 4990 f
549 4935 704 4990 '5llta
748 4933 1088 4990 Jacobsonus
1127 4950 1194 4990 ex
1227 4934 1414 4990 codd..
1458 4951 1558 4990 oro
1598 4951 1629 4989 v

489 4933 704 5021 (55)]ta
748 4933 1088 4992 Jacobsonus
1127 4950 1194 4992 ex
1227 4934 1414 5003 codd.,
1458 4933 1558 5006 pro
1598 4935 1745 5006 vulg.
1780 4950 1991 5006 μνημοα

415 5023 807 5146 νεῖἕῖἶτξῗιίιίιί
840 5075 953 5131 fere
979 5078 1142 5132 modo
1167 5077 1316 5132 varia
1347 5078 1467 5132 loca
1503 5091 1570 5132 ex
1597 5075 1904 5144 Evangeliis
1936 5079 1990 5133 in

415 5162 586 5202 unum
611 5147 886 5202 contraxit
907 5145 1160 5202 Clemens
1185 5146 1466 5202 Romanus
1493 5163 1580 5202 eo.
1598 5164 1635 5202 I.
1659 5164 1710 5202 c.
1740 5148 1826 5202 15.
1846 5148 1990 5202 Con-

413 5162 586 5202 unum
611 5161 886 5202 contraxu
907 5161 1160 5202 Clemens
1185 5161 1466 5202 uomanus
1493 5163 1580 5216 ep.
1598 5164 1635 5210 ι,
1659 5164 1710 5202 c.
1740 5161 1826 5202 ιο.
1846 5161 1994 5202 υοη-

414 5214 922 5288 ferUProlegomena
949 5225 1139 5272 nostra
1170 5218 1236 5272 ad
1263 5217 1537 5288 Epistolas
1580 5216 1638 5272 S.
1668 5217 1990 5287 Clementis,

412 5286 601 5426 11,(ἓὲ)
631 5355 1085 5427 Prmpositionem
1120 5359 1200 5424 ἐν,
1234 5341 1410 5427 quam
1437 5358 1668 5413 deletam
1696 5359 1813 5412 vult
1847 5357 1990 5414 Smi-

412 5426 590 5498 titius,
620 5442 730 5498 non
759 5426 1066 5498 agnoscunt
1096 5426 1267 5483 codd.
1284 5429 1451 5483 Laur.
1485 5427 1606 5483 Vat.
1635 5427 1920 5484 Jscoesou.

626 5495 902 5584 Suniitljitts
941 5507 1017 5584 et.
1036 5497 1344 5584 liticliatus'
1359 5499 1567 5580 addunt
1589 5514 1657 5584 ex.
1701 5501 1868 5584 veteri
1896 5501 1986 5584 inf

412 5575 648 5634 terprete
696 5576 806 5622 ete
859 5569 917 5621 S.
971 5567 1158 5623 Matth.
1210 5584 1264 5633 ιν,
1313 5570 1366 5632 5,
1417 5568 1495 5640 τῷ
1527 5569 1794 5640 πνεύματι
1823 5571 2003 5641 (post

412 5635 856 5718 Γ’ξτιξωχρί),ιιιιιιιιιι
889 5638 1338 5718 ηιιίοθηιῆνοξθιη
1369 5640 1572 5718 omittit
1600 5638 1657 5694 S.
1693 5639 1875 5718 Lueas
1903 5657 1980 5706 v1,

412 5704 503 5757 9.0.
539 5703 681 5770 Quid
703 5703 884 5764 autem
907 5703 1074 5775 vetat,
1113 5707 1170 5762 S.
1205 5707 1421 5764 Patrem
1453 5711 1628 5765 locum
1660 5703 1976 5780 parallelum

2184 3973 2200 4005 ι
2227 3954 2394 4026 Ἀρχὴ
2432 3954 2490 4008 δὲ
2520 3956 2738 4010 πάντων
2771 3955 3024 4026 χαλεπῶν
3051 3954 3405 4027 φιλαργυρία.
3432 3974 3451 4006 ι
3477 3956 3708 4018 Em;

2101 4041 2194 4101 οὖν
2231 4047 2311 4100 ὅτι
2362 4066 2379 4096 ι
2407 4047 2556 4100 οὐδὲν
2595 4048 2996 4120 εἰσηνέγκαμεν
3031 4049 3111 4112 είς
3152 4047 3240 4102 τὸν
3281 4047 3495 4118 κόσμον
3521 4087 3539 4112 ,
3584 4050 3707 4101 ἀλλ’

2101 4137 2223 4191 οὐδὲ
2256 4135 2560 4206 ἐξενεγκεῖν
2587 4155 2641 4192 τι
2673 4138 2889 4210 ἔχομεν,
2920 4159 2939 4192 ι
2976 4137 3328 4209 ὁπλισώμεθα
3361 4141 3480 4202 τοῖς
3512 4139 3705 4202 ὅπλοις

2099 4230 2198 4300 τῆς
2223 4230 2587 4302 δικαιοσύνης,
2617 4232 2710 4286 καὶ
2738 4231 3038 4303 διδάξωμεν
3067 4231 3291 4295 ἑαυτοὺς
3321 4231 3578 4302 πρῶτον,
3608 4249 3707 4285 πο-

2098 4321 2348 4394 ρεύεσθαι
2395 4322 2454 4377 ἐν
2491 4327 2556 4396 τῇ
2596 4325 2783 4396 ἐντολῇ
2827 4325 2920 4379 τοῦ
2963 4326 3167 4398 Κυρίου
3197 4322 3307 4395 (61)
3329 4341 3343 4354 ’
3371 4324 3578 4378 ἔπειτα
3607 4326 3706 4377 καὶ

988 4498 1008 4570 f'
1037 4499 1159 4553 Act.
1191 4514 1324 4570 xvii,
1355 4498 1446 4553 51.
1483 4568 1494 4570 _
1522 4499 1595 4570 ξι
1621 4498 1746 4553 Cor.
1772 4515 1847 4560 vr,
1870 4500 1981 4570 AM;

2138 4516 2220 4556 or.
2253 4517 2328 4563 ιν,
2365 4502 2465 4568 u;
2504 4500 2665 4557 Rom.
2700 4503 2925 4570 vm,ll.
3004 4501 3302 4557 “lThess.
3331 4517 3388 4568 ν,
3418 4500 3523 4556 2‘2.
3606 4503 3650 4532 "
3683 4501 3707 4554 Ι

1455 4568 1499 4599 ¹³
1530 4567 1662 4623 Luc.
1705 4585 1780 4637 γι,
1828 4568 1934 4635 ’57;
1968 4570 2155 4624 Matlli.
2190 4587 2264 4637 ιί,
2301 4573 2396 4636 12,
2440 4573 2528 4628 14.

1463 4639 1504 4670 ³⁷
1535 4637 1655 4694 Gal.
1687 4654 1763 4707 Iv,
1794 4638 1886 4693 26.
1987 4641 2075 4693 ³⁸1
2109 4639 2251 4695 Tim.
2283 4657 2362 4707 v1,
2399 4642 2487 4696 10.

2609 4574 2653 4602 ¹⁸
2691 4571 2824 4627 Luc.
2856 4589 2944 4640 νι,
2977 4572 3067 4627 36.
3148 4575 3192 4605 "
3233 4571 3430 4627 Matth.
3471 4587 3592 4638 vn,
3628 4570 3702 4637 Ως

2596 4644 2640 4676 ⁸⁸
2669 4643 2807 4699 Ibid.
2861 4643 2909 4697 7.
3009 4644 3056 4675 ²⁰
3076 4642 3275 4714 Ephes.
3309 4658 3391 4708 νι,
3416 4643 3516 4698 11.

2106 4794 2165 4850 S.
2198 4794 2362 4852 Luca:
2403 4797 2476 4870 in)
2512 4797 2698 4870 animo
2745 4795 3366 4870 habuisseiCrgdnero,
3405 4799 3510 4870 qui
3551 4798 3704 4870 (Bei-

2106 4871 2254 4950 {rrige
2282 4883 2378 4920 χιιι·
2410 4866 2719 4950 Einleitunq
2746 4867 2800 4920 in
2834 4869 2922 4948 die
2950 4868 3078 4921 bibl.
3112 4866 3450 4950 ScliriLterLl',
3617 4873 3702 4924 vi—

2095 4937 2260 4991 detur
2307 4938 2598 5005 suspicari,
2652 4937 2729 5008 τῷ
2761 4938 3034 5008 πνεύματι
3070 4939 3214 5008 apud
3271 4937 3329 4992 S.
3364 4937 3698 4996 Matthaaum

2096 5017 2472 5079 assumentum
2498 5024 2626 5079 esse
2648 5008 2970 5064 recentioris
2999 5010 3120 5075 aevi,
3147 5011 3472 5079 neutiquam
3499 5026 3704 5067 asseu-

2097 5077 2184 5130 tiri
2223 5093 2463 5146 possum.
2497 5076 2573 5132 In.

2171 5145 2858 5236 ('57).Similiternloquitur
2903 5145 2962 5203 S.
2997 5147 3254 5236 lgnatius.
3279 5150 3358 5236 in.
3385 5149 3581 5220 Epist.
3626 5153 3702 5205 ad

2061 5209 2081 5274 ἶ
2105 5209 2357 5300 Ephesio:
2384 5233 2432 5298 ο.
2451 5219 2531 5300 _5_°
2564 5219 2650 5300 Ot’i_
2671 5209 3049 5300 διατάσσομαιξ
3065 5221 3194 5300 ὑμῖν
3318 5220 3404 5300 ῶν
3434 5209 3553 5289 ἰτις.

2172 5289 2284 5360 (58)
2316 5287 2586 5360 Epistolas
2620 5290 2688 5342 de
2723 5309 2742 5341 ι
2773 5306 2881 5344 una
2913 5287 3190 5358 i'epismla
3224 5291 3334 5345 dici
3364 5287 3566 5348 monet
3591 5293 3703 5347 Co-

2095 5358 2337 5422 telerius,
2371 5358 2466 5428 qui
2521 5370 2576 5412 et
2613 5360 2772 5428 plura
2808 5362 3058 5428 exempla
3093 5361 3271 5416 allert.
3310 5361 3619 5419 Cunsentit
3647 5364 3699 5417 ei

2092 5427 2168 5484 De
2196 5427 2414 5506 Wettc,
2473 5427 2623 5482 Einl.’
2650 5431 2705 5484 in
2737 5431 2793 5484 d.
2832 5429 2905 5484 N.
2960 5429 3020 5485 Τ.
3063 5431 3195 5486 edit.
3245 5433 3434 5499 tertia,
3482 5435 3515 5506 §
3567 5434 3694 5497 150,

2085 5509 2202 5555 not.
2230 5502 2286 5554 d.

2158 5571 2272 5646 (59)
2306 5570 2381 5646 Ita
2409 5569 2760 5646 rJacobsonus
2788 5587 2853 5626 ex
2883 5581 3060 5646 U‘LDUS
3093 5579 3253 5626 codd.
3283 5574 3398 5629 Alii
3426 5575 3622 5646 ὑμῶν.

2156 5640 2270 5715 (iiii)
2301 5643 2625 5715 addendum
2660 5642 2895 5715 πλήρης.
2937 5640 3148 5715 Reum.

2106 5729 2109 5733 ‘
2153 5712 2266 5785 (6i)
2309 5712 2521 5769 Similia
2567 5712 2839 5784 leguntur
2870 5714 2926 5769 in
2964 5713 3197 5782 epistola
3234 5731 3250 5772 ι
3284 5715 3471 5774 Clem.
3521 5715 3691 5770 Rom.
