3806 6208
89 446 247 504 1Οθθ

1241 448 1580 505 EPISTULA
1620 449 1710 503 AD
1743 447 2251 504 PHILIPPENSES.

3232 440 3370 497 1010

83 573 199 632 τὰς
235 570 502 638 γυναῖκας
543 567 698 640 ὑμῶν
729 569 788 621 ἐν
835 571 902 640 τῇ
933 567 1151 643 δοθείσῃ
1176 570 1365 634 αὐταῖς
1392 570 1572 624 πίστει
1601 574 1681 624 κα)

1803 569 1954 634 mini,
1987 568 2182 624 deinde
2213 573 2268 622 et
2304 573 2517 622 vestras
2564 579 2788 631 uxores,
2842 562 3124 619 ambulare
3176 563 3230 617 in
3267 564 3369 617 [ide

83 661 296 735 ἀγάπῃ
342 662 439 715 καὶ
466 661 680 734 ἁγνείᾳ,
723 660 1061 733 στεργούσας
1089 663 1216 727 τοὺς
1253 661 1464 717 ἑαυτῶν
1495 663 1693 735 ἀνδρας

82 754 155 806 ἐν
186 753 339 824 πάσῃ
370 753 599 826 ἀληθείᾳ
632 793 648 818 ,
678 753 774 807 καὶ
800 752 1101 822 ἀγαπώσας
1132 754 1340 818 πάντας
1369 753 1430 820 ἐξ
1475 755 1590 809 [σου
1632 757 1691 809 ἐν

84 842 254 917 πάσῃ
298 843 616 915 ἐγκρατείᾳ,
667 843 761 896 καὶ
803 841 874 897 τὰ
894 841 1060 896 τέκνα
1107 843 1384 898 παιδεύειν
1425 844 1525 916 τὴν
1563 862 1693 898 παι-

80 935 245 989 δείαν
273 934 368 988 τοῦ
419 934 584 1004 φόϐου
629 934 724 988 τοῦ
772 933 909 988 Θεοῦ
960 933 1068 1004 (62)
1091 951 1105 964 ο
1134 934 1234 999 τὰς
1270 937 1446 1008 χήρας
1486 953 1698 1008 σωφρο-

81 1025 299 1090 νούσας
339 1027 470 1098 περὶ
508 1025 609 1098 τὴν
651 1025 746 1079 τοῦ
773 1025 981 1097 Κυρίου
1027 1024 1230 1090 πίστιν,
1266 1027 1695 1098 ὲντυγχανούσας

81 1116 458 1182 ἀδιαλείπτως
489 1117 616 1189 περὶ
655 1117 891 1182 πάντων,
924 1118 1143 1190 μακρὰν
1171 1116 1338 1182 οὕσας
1368 1118 1548 1190 πάσης
1574 1118 1693 1172 δια-

81 1211 282 1282 ϐολῆς,
311 1211 659 1276 καταλαλιᾶς,
685 1211 1186 1284 ψευδομαρτυρίας,
1207 1211 1572 1284 φιλαργυρίας
1594 1213 1692 1266 καὶ

83 1303 303 1366 παντὸς
349 1302 555 1357 κακοῦ·
608 1303 987 1373 γινωσκούσας
1047 1304 1130 1357 ὅτι
1173 1305 1281 1358 είσὶ
1306 1304 1693 1376 θυσιαστήριον

82 1392 208 1464 (65)
235 1393 396 1459 Θεοῦ,
419 1396 514 1449 καὶ
540 1396 622 1449 ὄτι
652 1395 829 1449 πάντα
853 1399 1300 1466 μωμοσκοπεϊται
1327 1395 1460 1468 (61),
1490 1397 1584 1450 καὶ
1607 1396 1692 1452 λέ-

79 1485 262 1559 ληθεν
294 1487 454 1541 αὑτὸν
481 1488 654 1548 οὐδὲν.
671 1487 794 1542 οὔτε
813 1489 1111 1562 λογισμῶν,
1139 1487 1262 1542 οὔτε
1293 1489 1540 1555 ἐννοιῶν,
1567 1488 1690 1544 οὔτε

78 1592 141 1628 τι
169 1576 286 1631 τῶν
315 1576 574 1651 κρυπτῶν
599 1578 702 1650 τῆς
731 1579 982 1652 καρδίας.

1789 664 1926 734 ipsis
1977 663 2176 718 tradita
2207 669 2262 715 et
2295 660 2348 714 in
2382 658 2652 715 eharitate
2692 668 2746 713 et
2779 657 3066 724 castitate,
3118 664 3368 711 amantes

1788 755 1936 809 viros
1968 767 2100 808 suos
2143 751 2198 806 in
2233 750 2384 805 omni
2415 750 2678 816 veritate,
2711 764 2776 804 ac
2807 748 3098 819 diligentes
3140 757 3374 802 cunctos.

1787 845 2092 916 aequaliter,
2125 844 2178 898 in
2212 842 2362 898 omni
2395 841 2761 907 continentia,
2793 846 2847 894 et
2885 838 3104 894 erudire
3135 837 3279 894 ﬁlios
3312 837 3365 891 in

1787 936 2076 1006 disciplina
2109 933 2324 989 timoris
2352 932 2483 999 Dei;
2519 932 2714 987 viduas
2743 945 2875 986 vero
2903 930 3216 995 doceamus,
3245 943 3367 984 esse

1788 1028 2086 1099 prudentes
2116 1025 2263 1082 circa
2309 1024 2470 1079 ﬁdem
2514 1022 2755 1081 Domini,
2809 1021 3217 1092 interpellautes
3246 1019 3366 1074 sine

1795 1119 2202 1175 intermissione
2230 1130 2331 1187 pro
2361 1116 2620 1172 omnibus
2661 1117 2730 1182 ²¹,
2758 1115 2917 1184 longe
2953 1113 3268 1169 recedentes
3296 1113 3366 1167 ah

1793 1212 1945 1267 omni
1990 1209 2300 1275 calumnia,
2355 1207 2784 1271 detrectatione,
2839 1206 2974 1262 falso
3025 1205 3363 1268 testimonio,

1791 1305 2025 1361 avaritia
2058 1313 2112 1360 et
2141 1303 2294 1358 omni
2328 1301 2503 1367 malo;
2556 1308 2948 1370 cognoscentes
2969 1342 2983 1367 ,
3017 1299 3164 1369 quod
3193 1298 3365 1352 altare

1795 1397 1890 1451 Dei
1923 1396 2062 1460 sint,
2095 1403 2150 1449 et
2183 1393 2329 1463 quod
2373 1392 2467 1446 ille
2515 1391 2701 1445 omnia
2742 1390 2889 1444 clare
2921 1387 3247 1459 perspiciat,
3280 1387 3365 1441 ni-

1793 1487 1979 1557 hilque
2021 1500 2147 1540 eum
2193 1483 2389 1547 lateat,
2423 1496 2526 1537 nec
2555 1479 3000 1545 ratiociniorum,
3033 1493 3134 1534 nec
3159 1476 3366 1550 cogita-

1786 1580 2021 1645 tionum,
2057 1592 2158 1632 nec
2189 1575 2492 1646 quidquam
2525 1573 2868 1629 occultorum
2909 1570 3110 1627 cordis.

1029 1734 1098 1792 ν.
1135 1733 1320 1806 Οθὶεία
1348 1735 1728 1804 ιίὶασοηοηιηι,
1778 1736 2034 1805 juvenum
2067 1741 2116 1789 et
2151 1733 2438 1802 uirginum.

160 1883 383 1951 Είδότες
411 1881 504 1942 οῦν
535 1888 618 1942 δτι
683 1906 701 1942 ι
725 1886 859 1954 Θεὸς
888 1888 949 1942 ού
986 1887 1404 1962 μυκτηρίζεται,
1431 1909 1450 1944 ι
1477 1889 1688 1960 ὀφείλο-

85 1999 196 2052 μεν
228 1981 400 2048 ἀξίως
428 1982 528 2052 τῆς
560 1981 779 2054 ἐντολῆς
810 1981 976 2038 αὐτοῦ
1009 1982 1104 2036 καὶ
1133 1981 1292 2054 δόξης
1338 1985 1680 2055 περιπατεῖν.

96 2072 346 2144 Ὁμοίως
387 2073 627 2127 διάκονοι
672 2073 953 2146 ἄμεμπτοι
1000 2074 1338 2130 κατενώπιον
1380 2075 1546 2130 αὑτοῦ
1589 2075 1686 2148 τῆς

80 2161 467 2235 δικαιοσύνης,
488 2163 566 2228 ὡς
596 2165 733 2218 Θεοῦ
765 2165 861 2218 καὶ
891 2165 1130 2239 Χριστοῦ
1150 2166 1263 2239 (65)
1295 2168 1555 2233 διάκονοι,
1589 2169 1687 2224 καὶ

80 2253 193 2308 οὐκ
223 2251 534 2326 ἀνθρώπων
551 2272 566 2287 ο
591 2257 666 2328 μὴ
695 2256 956 2321 διάϐολοι,
985 2258 1060 2329 μὴ
1077 2257 1278 2328 δίλογοι
1299 2259 1434 2329 (66),
1453 2259 1688 2332 ἀφιλάρ-

81 2363 276 2417 γυροι,
298 2349 588 2418 ἐγκρατεῖς
611 2348 742 2420 περὶ⁹
762 2348 960 2414 πάντα,
982 2347 1365 2422 εὔσπλαγχνοι,
1384 2352 1686 2422 ἐπιμελεῖς,

81 2439 458 2510 πορευόμενοι
489 2439 630 2494 κατά
661 2441 760 2513 τὴν
790 2440 1053 2513 ἀλήθειαν
1083 2441 1178 2495 τοῦ
1210 2443 1439 2514 Κυρίου,
1471 2443 1531 2508 ὃς
1560 2444 1687 2513 ἐγέ-

83 2549 216 2586 νετο
246 2532 493 2596 διάκονος
524 2533 775 2588 πάντων·
822 2526 868 2603 ᾧ
899 2534 994 2588 ἐὰν
1027 2536 1490 2609 εύαρεστήσωμεν
1521 2541 1580 2593 ἐν
1609 2537 1688 2610 τῷ

82 2623 188 2676 νῦν
219 2622 416 2689 αἰῶνι,
464 2624 865 2696 ἀπληψόμεθα
910 2627 1006 2681 καὶ
1036 2627 1128 2681 τὸν
1163 2627 1458 2699 μέλλοντα,
1505 2629 1688 2695 καθὼς

83 2712 370 2782 ὑπέσχετο
399 2713 531 2784 ἡμῖν
562 2715 778 2786 ἐγεῖραι
807 2717 958 2787 ἡμᾶς
990 2717 1055 2770 ἐκ
1085 2716 1320 2790 νεκρῶν,
1354 2719 1450 2773 καὶ
1480 2721 1561 2774 ὅτι
1593 2720 1689 2775 ἐὰν

83 2803 544 2875 πολιτευσώμεθα
588 2805 757 2873 ἀξίως
801 2806 1002 2872 αὑτοῦ,
1055 2827 1075 2860 ι
1113 2809 1210 2862 καὶ
1257 2810 1688 2880 συμϐασιλεύσο-

90 2911 199 2966 μεν
250 2893 366 2965 (67)
414 2914 434 2946 ι
485 2895 669 2969 αὐτῷ,
735 2897 852 2968 εἴγε
900 2899 1250 2972 πιστεύομεν.
1319 2903 1550 2974 Ὁμοίως
1594 2905 1690 2959 καὶ

84 2985 354 3057 νεώτεροι
385 2986 662 3059 ἄμεμπτοι
695 2991 755 3043 ἐν
783 2991 938 3055 πᾶσι,
962 2991 1069 3064 πρὸ
1102 2993 1303 3057 παντὸς
1335 2995 1690 3066 προνοοῦντες

85 3076 358 3145 ἁγνείας,
408 3077 504 3132 καὶ
549 3079 1052 3150 χαλιναγωγοῦντες
1095 3084 1321 3149 ἑαυτοὺς
1351 3087 1460 3140 ἀπὸ
1489 3087 1690 3152 παντὸς

87 3166 290 3220 κακοῦ.
326 3169 505 3224 Καλὸν
535 3171 645 3243 γὰρ
675 3172 736 3224 τὸ
765 3173 1170 3229 ἀνακόπτεσθαι
1187 3173 1298 3246 (68)
1319 3177 1426 3232 ἀπὸ
1443 3177 1550 3232 τῶν
1571 3181 1691 3232 ἐπι-

1863 1889 2110 1946 Scientcs
2157 1903 2310 1958 ergo,
2343 1884 2492 1956 quod
2549 1903 2569 1936 ι
2601 1882 2747 1939 Deus
2779 1897 2888 1937 non
2923 1880 3183 1938 irridetur
3223 1882 3270 1915 ³¹
3293 1921 3309 1947 ,
3341 1901 3361 1937 ι

1789 1982 2053 2038 debemus
2095 1979 2258 2051 digne
2309 1977 2566 2032 mandato
2597 1991 2662 2031 ac
2684 1975 2964 2030 voluntate
3005 1973 3130 2042 ejus
3173 1974 3366 2029 ambu—

1789 2075 1924 2129 lare.
1974 2069 2240 2127 Similiter
2267 2069 2482 2126 diaconi
2529 2069 2584 2124 in
2622 2076 2918 2138 conspectu
2970 2067 3198 2138 iustitia!
3243 2067 3365 2138 ejus

1788 2164 2052 2236 inculpati
2085 2178 2210 2220 esse
2238 2162 2457 2228 debent,
2490 2161 2636 2216 sicut
2671 2160 2907 2216 ministri
2942 2159 3034 2216 Dei
3059 2169 3114 2215 et
3134 2160 3360 2226 Christi,

1788 2274 1896 2314 non
1946 2257 2268 2322 hominum;
2319 2269 2386 2310 ne
2435 2253 2864 2309 calumniatores
2925 2254 3054 2320 sint,
3107 2268 3176 2308 ne
3205 2252 3367 2308 bilin-

1787 2363 1920 2419 gues
1962 2347 2030 2413 ³⁸,
2083 2362 2185 2402 nec
2215 2347 2398 2412 avari;
2437 2345 2531 2400 sed
2579 2345 2930 2400 continentes
2977 2345 3032 2399 in
3080 2344 3371 2410 omnibus,

1787 2437 2197 2504 misericordes,
2251 2437 2466 2502 seduli,
2519 2436 2835 2493 incedentes
2887 2437 3042 2508 juxta
3077 2437 3362 2492 veritatem

1788 2528 2028 2594 Domini,
2052 2529 2148 2600 qui
2185 2528 2434 2584 omnium
2484 2530 2735 2586 minister
2763 2527 2944 2586 factus
2973 2537 3058 2584 est
3082 2527 3160 2594 ἰς
3194 2527 3284 2583 cui
3317 2527 3364 2584 si

1789 2621 1845 2676 in
1877 2622 1982 2677 hoc
2003 2621 2206 2677 saeculo
2232 2621 2626 2691 placuerimus,
2661 2621 2990 2692 recipiemus
3018 2630 3072 2676 et
3092 2619 3362 2686 futurum,

1787 2714 2250 2783 quemadmodum
2303 2714 2577 2784 pollicitus
2603 2721 2688 2768 est
2725 2713 2906 2778 nobis,
2933 2713 3081 2783 quod
3128 2713 3367 2769 resusci-

1791 2805 1926 2861 tabit
1955 2821 2058 2862 nos
2091 2821 2123 2862 e
2157 2806 2410 2871 mortuis,
2453 2805 2731 2878 quodque,
2773 2805 2821 2860 si
2847 2804 3011 2876 digne
3049 2803 3170 2875 ipso
3216 2805 3368 2860 viva—

1790 2911 1914 2952 mus
1943 2899 2015 2964 ",
2055 2916 2076 2950 ι
2104 2898 2270 2954 etiam
2303 2915 2429 2954 cum
2461 2913 2529 2953 eo
2561 2897 2914 2968 regnabimus
2935 2899 3003 2962 ³⁸,
3035 2915 3055 2949 ι
3094 2897 3366 2967 siquidem

1790 2987 2088 3045 credimus.
2146 2988 2323 3045 Simili
2355 2990 2519 3046 modo
2547 2997 2602 3045 et
2628 2989 2862 3059 juvenes
2897 2988 2950 3042 in
2987 2986 3244 3042 omnibus
3277 2988 3365 3042 in-

1789 3083 2092 3154 culpabiles
2127 3083 2261 3151 sint,
2309 3093 2437 3139 ante
2487 3083 2672 3159 omnia
2733 3082 2955 3138 solliciti
2987 3083 3054 3137 de
3090 3082 3362 3144 castitate,

1791 3196 1858 3237 ac
1885 3195 1946 3236 se
1975 3179 2045 3235 ab
2075 3179 2228 3234 omni
2262 3177 2408 3232 malo
2436 3175 2800 3231 refrenantcs.
2835 3173 3046 3230 Bonum
3084 3175 3228 3229 enim
3259 3184 3362 3238 est,

86 3257 308 3329 θυμιῶν
337 3259 447 3314 τῶν
479 3261 592 3332 (69)
625 3266 685 3317 ἐν
716 3263 796 3337 τῷ
827 3265 1038 3338 κόσμῳ,
1072 3268 1156 3322 ὅτι
1190 3269 1342 3325 πᾶσα
1380 3289 1399 3321 ι
1425 3269 1681 3343 ἐπιθυμία

1803 3271 2040 3328 abscindi
2082 3286 2111 3324 a
2153 3269 2545 3340 cupiditatibus
2576 3269 2749 3339 hujus
2773 3269 2986 3334 mundi,
3018 3269 3147 3339 quia
3182 3269 3363 3326 omnis

88 3349 240 3402 κατά
271 3348 367 3403 τοῦ
402 3351 713 3424 πνεύματος
744 3356 1135 3428 στρατεύεται’
1164 3378 1183 3410 ι
1220 3358 1314 3412 καὶ
1350 3379 1370 3410 ι
1392 3358 1516 3414 οὔτε
1551 3361 1688 3433 πόρ-

86 3459 195 3506 νοι,
229 3441 358 3497 οῦτε
393 3446 647 3516 μαλακοὶ,
680 3447 803 3502 οὔτε
835 3451 1210 3521 ἀρσενοκοῖται
1244 3451 1521 3522 βασιλείαν
1551 3454 1688 3508 Θεοῦ

89 3533 633 3607 κληρονομήσουσιν,
674 3557 692 3590 ι
758 3539 884 3594 οῦτε
945 3544 994 3596 οἱ
1041 3541 1320 3607 ποιοῦντες
1377 3544 1446 3599 τά
1489 3545 1684 3600 ἄτοπα.

87 3626 186 3679 Διὸ
231 3626 354 3680 δέον
396 3629 702 3700 ἀπέχεσθαι
746 3631 855 3686 ἀπὸ
899 3633 1127 3688 πάντων
1182 3635 1404 3701 τούτων,
1453 3637 1689 3692 ὑποτασ-

90 3717 362 3787 σομένους
410 3723 524 3784 τοῖς
569 3722 962 3796 πρεσϐυτέροις
1007 3725 1104 3779 καὶ
1140 3725 1428 3792 διακόνοις,
1459 3728 1533 3793 ὡς
1565 3728 1686 3800 Θεῷ

92 3807 193 3860 καὶ
239 3808 460 3881 Χριστῷ
505 3811 652 3881 (70)’
699 3813 799 3877 τάς
861 3813 1164 3888 παρθένους
1207 3818 1266 3872 ἐν
1311 3817 1530 3890 ἀμώμῳ
1591 3819 1686 3875 καὶ

94 3901 237 3973 ἀγνῇ
274 3902 577 3975 συνειδήσει
609 3911 952 3979 περιπατεῖν.

1797 3382 1818 3416 ι
1846 3363 2118 3433 cupiditas
2146 3361 2344 3416 militat
2372 3361 2637 3416 adversus
2663 3361 2920 3430 spiritum
2944 3361 3012 3424 ’⁷,
3052 3378 3072 3411 ι
3133 3366 3188 3414 et
3218 3376 3242 3412 ι
3271 3375 3366 3414 ne-

1790 3470 1899 3526 que
1928 3453 2232 3518 fornicarii,
2282 3467 2460 3522 neque
2504 3451 2719 3516 molles,
2767 3467 2943 3521 neque
2991 3451 3364 3508 masculorum

1790 3547 2176 3603 concubitores
2229 3559 2457 3616 regnum
2483 3543 2580 3599 Dei
2621 3543 2981 3614 possidebunt
3013 3544 3080 3608 ⁸⁸,
3120 3563 3138 3594 ι
3190 3559 3366 3613 neque

1791 3639 1886 3710 qui
1915 3638 2122 3692 absona
2165 3635 2396 3692 faciunt.
2440 3633 2622 3702 Quare
2651 3643 2862 3704 oportet
2900 3636 2968 3690 ab
2999 3635 3082 3690 his
3111 3634 3367 3689 omnibus

1793 3731 2096 3798 abstinere,
2146 3728 2344 3800 subjici
2393 3738 2573 3784 autem
2631 3727 2959 3799 presbyteris
3001 3736 3056 3782 et
3097 3727 3366 3792 diaconis,

1794 3834 2050 3894 tanquam
2089 3822 2199 3878 Deo
2231 3832 2285 3878 et
2305 3821 2557 3888 Christo;
2593 3820 2832 3891 virgines
2881 3834 3008 3875 vero
3049 3827 3262 3891 oportet
3309 3819 3366 3875 in

1795 3915 2146 3972 immaculata
2169 3923 2224 3972 et
2248 3924 2399 3970 casta
2433 3913 2768 3969 conscientia
2797 3911 3014 3982 degere.

1019 4063 1108 4120 Vl.
1161 4065 1344 4138 Oﬁicia
1376 4070 1797 4141 presbyterorum
1827 4080 1876 4126 et
1913 4072 2081 4143 oﬂicia
2115 4072 2436 4127 communia.

168 4219 284 4275 Kal
327 4220 376 4274 oi
422 4217 786 4290 πρεσϐύτεροι
830 4219 888 4274 δέ
933 4219 1332 4293 εΰσπλαγχνοι,
1367 4225 1447 4288 είς
1479 4224 1688 4290 πάντας

97 4313 394 4384 ἐλεήμονες
413 4352 428 4376 ,
464 4311 884 4383 ἐπιστρέφοντες
914 4312 982 4366 τὰ
1012 4314 1516 4386 ἀποπεπλανημένα
1547 4317 1683 4386 (71),

97 4403 562 4474 ἐπισκεπτόμενοι
623 4403 831 4469 πάντας
891 4403 1170 4470 ἀσθενεῖς,
1235 4406 1310 4478 μὴ
1355 4407 1686 4478 ἀμελοῦντες

97 4498 311 4568 Χήραςν
357 4495 392 4565 ἦ
423 4496 684 4567 ὀρφανοῦ,
729 4496 1058 4568 ἢπένητοςο
1107 4497 1241 4552 ἀλλὰ
1290 4517 1307 4548 ι
1334 4498 1688 4571 προνοοῦντες

95 4588 188 4643 ἀεὶ
218 4587 313 4640 τοῦ
348 4585 514 4642 καλοῦ
561 4586 791 4642 ἐνώπιον
835 4588 972 4643 Θεοῦ
1005 4590 1100 4644 καὶ
1143 4589 1469 4662 ἀνθρώπων,
1497 4611 1514 4644 ι
1553 4594 1688 4646 ἀπε-

1865 4226 1932 4282 Ει
1973 4227 2274 4300 presbyteri
2322 4228 2435 4285 sint
2481 4228 2547 4284 ad
2596 4228 3134 4286 commiserationem
3183 4232 3366 4301 proni,

1792 4321 2179 4378 misericordes
2202 4337 2330 4392 erga
2363 4333 2614 4391 cunctos,
2663 4323 2976 4378 aberrantia
3019 4324 3365 4391 reducentes,

1791 4413 2077 4469 visitantes
2142 4413 2390 4469 inﬁrmos
2449 4429 2662 4479 omnes,
2723 4429 2832 4468 non
2895 4414 3233 4486 negligentes
3282 4417 3366 4470 vi-

1792 4502 1980 4570 duam,
2009 4512 2102 4558 aut
2124 4505 2411 4575 pupillum,
2443 4513 2541 4558 aut
2572 4519 2903 4573 pauperem;
2963 4505 3058 4559 sed
3101 4524 3118 4556 ι
3143 4505 3368 4560 solliciti
3453 4493 3459 4500 ’

1793 4608 2008 4664 semper
2033 4594 2100 4649 de
2141 4595 2282 4650 bono
2305 4609 2490 4650 coram
2523 4593 2635 4649 Deo
2665 4604 2721 4650 et
2742 4595 3056 4649 hominibus
3080 4597 3149 4658 ²⁹,
3182 4613 3200 4647 ι
3240 4596 3366 4651 abs-

97 4679 322 4751 χόμενοι
384 4679 567 4752 πάσης
625 4679 829 4752 ὀργῆς,
892 4680 1385 4751 προσωποληψίας,
1450 4683 1681 4755 κρίσεως

1803 4685 2026 4740 Linentes
2048 4685 2117 4740 ab
2134 4685 2284 4740 omni
2311 4687 2410 4753 ira,
2427 4685 2744 4756 acceptione
2766 4685 3366 4756 personarun:,judicio

170 4836 217 4868 "
251 4833 489 4890 lThess.
519 4849 575 4900 v,
606 4834 691 4891 17.
741 4836 786 4867 ’⁸
808 4835 928 4889 Gal.
954 4851 1028 4901 vr,
1067 4835 1118 4889 7.
1195 4836 1241 4866 "
1275 4835 1462 4889 ITim.
1494 4838 1648 4900 m,8.

1730 4838 1776 4870 ³⁵
1804 4837 1995 4894 Matth.
2024 4839 2222 4903 xx,28.

2299 4842 2344 4872 ’³
2362 4839 2594 4911 Philipp.
2634 4855 2672 4906 ι,
2698 4839 2788 4895 27.
2865 4838 2911 4871 "
2935 4837 2978 4891 ll
3009 4837 3150 4894 Tim.
3179 4855 3240 4905 ιι,
3274 4838 3363 4896 12.

99 4904 147 4937 ⁸⁷
181 4903 382 4962 lPetr.
412 4921 474 4970 ιι,
505 4905 592 4960 11.
669 4906 714 4937 ’⁸
742 4907 762 4959 l
792 4904 921 4962 Cor.
957 4921 1027 4973 vr,
1057 4905 1111 4973 9,
1148 4905 1236 4961 10.
1316 4908 1358 4939 ¹⁹
1394 4906 1555 4962 Rom.
1593 4924 1681 4972 xu,

1803 4927 1808 4972 ι
1838 4911 1882 4963 ιι
1904 4909 2031 4965 Cor.
2060 4926 2177 4974 vm,
2209 4911 2298 4966 2|.

99 5090 171 5144 ad
195 5087 470 5159 Qarinth.,
501 5087 704 5159 c_app.1
735 5096 790 5142 et
810 5087 904 5141 2i.
931 5085 1045 5143 Cir.
1072 5086 1462 5159 Prolegomena
1497 5097 1682 5144 nostra

101 5161 168 5215 ad
199 5158 480 5223 Epistolas
521 5157 580 5212 S.
600 5159 922 5223 Clementis,
955 5175 1011 5212 n.
1046 5159 1098 5213 5.

171 5226 289 5298 (6‘2)
333 5226 424 5300 _Sc.
447 5227 751 5300 διδάξωμεν
783 5227 1027 5300 ἑαυτούς.

174 5297 295 5368 (65)
336 5297 411 5353 lta
451 5297 799 5368 Jacobsonus
843 5313 910 5352 ex
944 5299 1120 5368 tribus
1165 5298 1323 5352 codd.
1360 5308 1414 5353 et
1447 5307 1551 5353 vet.
1601 5299 1686 5352 in-

103 5367 364 5439 terprete.
399 5369 504 5422 Alli
554 5367 934 5440 θυσιαστήρια.
971 5367 1385 5423 Constitutiones
1420 5369 1687 5436 apostolo-

105 5456 222 5492 rum
258 5440 353 5494 lih.
395 5455 454 5500 ll,
491 5454 540 5495 c.
571 5439 665 5500 26,
703 5439 844 5493 hanc
890 5440 1356 5507 comparationem
1398 5439 1684 5494 viduarum

103 5523 230 5565 cum
277 5509 546 5580 altaribus
574 5526 604 5564 a
640 5507 942 5580 Polycarpo
972 5518 1233 5580 mutuatae
1265 5525 1388 5564 esse
1413 5511 1683 5580 videntur.

173 5580 292 5640 (64)
338 5579 414 5634 Ita
455 5578 800 5652 Jacobsonns
846 5595 915 5652 es
962 5579 1088 5652 cod.
1145 5578 1316 5652 Vatic.
1377 5580 1484 5634 Alii
1530 5579 1688 5652 ήμῶν

107 5653 415 5704 σκοπεῖται.
451 5647 562 5704 (ξιτ.
601 5666 617 5703 t
645 5649 817 5704 Clem.
847 5649 916 5702 ad
949 5647 1097 5709 Cor.,
1131 5663 1180 5704 c.
1210 5649 1298 5703 41.

180 5721 296 5790 (65)
339 5720 410 5776 Ita
444 5718 786 5790 Jacobsonns
817 5735 942 5773 cum
978 5719 1152 5790 tribus
1183 5720 1338 5774 codd.
1375 5730 1428 5774 et
1457 5728 1573 5790 vet.
1603 5721 1687 5774 in-

113 5787 371 5854 terprete.
422 5789 560 5845 Huic
599 5790 815 5845 lectioni
845 5792 1009 5844 etiam
1046 5787 1330 5860 Syriacum
1367 5791 1528 5859 hujus
1560 5789 1687 5858 Epi-

115 5862 267 5918 stulae
314 5861 679 5930 fragmentum
734 5860 910 5922 favet,
968 5862 1114 5928 quod
1141 5860 1474 5925 Curetonus,
1504 5876 1557 5929 p.
1591 5862 1681 5925 51,

117 5931 240 6000 (cfr.
276 5947 396 6004 sup.
423 5947 476 6004 p.
513 5931 636 6003 154)
668 5932 955 5988 nobiscum
991 5932 1435 5988 communicavit.
1471 5933 1577 5988 Alii
1607 5931 1682 5988 le-

1793 5100 1988 5162 gerunt
2023 5093 2080 5162 ἐν
2105 5091 2339 5162 Χριστῷ.

1865 5161 1978 5229 (66)
2022 5161 2098 5216 Ita
2128 5161 2471 5216 Jacobsonus
2503 5176 2534 5213 e
2563 5162 2735 5217 tribus
2766 5161 2929 5214 codd.

1865 5231 1979 5299 (67)
2021 5231 2331 5301 Legendum
2381 5231 2772 5302 βασιλεύσομεν
2814 5247 2952 5302 cum
3011 5229 3193 5291 codd.,
3255 5243 3363 5284 non

1795 5299 2204 5372 βασιλεύσωμεν
2235 5318 2359 5357 cum
2382 5299 2543 5356 libris
2571 5299 2873 5370 impressis.
2913 5299 3028 5372 Jic.

1865 5373 1980 5442 (68)
2020 5369 2470 5442 ltaiJacobsonus
2503 5387 2568 5442 ex
2616 5369 2790 5442 trihns
2842 5371 2998 5426 codd.
3041 5380 3095 5425 ct
3132 5379 3236 5424 vet.
3275 5369 3362 5423 in-

1794 5451 2044 5512 terprete.
2085 5441 2221 5497 Male
2252 5443 2342 5497 alii
2378 5441 2808 5504 ἀνακύπτεσθαι,
2845 5457 3125 5512 emergere.

1867 5508 1981 5584 ('69)
2021 5512 2241 5584 {Addidit
2267 5512 2749 5584 Jacobsonusrdw
2771 5528 2853 5584 ex_
2873 5508 3000 5584 cod.
3029 5508 3200 5584 Vatie.

1871 5581 1984 5655 (70)
2023 5583 2354 5654 Polycarpus
2391 5583 2631 5655 episcopi
2681 5598 2789 5655 non
2833 5581 2964 5635 facit
3001 5581 3363 5655 mentionem,

1797 5652 1999 5725 quippe
2026 5652 2143 5725 qui,
2175 5652 2499 5725 verecundia
2551 5652 2870 5725 impeditus,
2903 5667 3028 5707 eum
3078 5652 3246 5706 nollet
3275 5667 3368 5707 co-

1799 5723 2026 5779 hortari.
2059 5724 2192 5780 Vide
2221 5724 2414 5787 Bothe,
2449 5723 2574 5790 Anf.
2609 5739 2660 5792 ῖι.
2693 5723 2796 5777 409
2820 5739 2902 5792 sq.

1867 5795 1982 5861 (7|)
2024 5795 2164 5865 Lege
2212 5795 2336 5857 τοὺς
2395 5789 2992 5865 ἀποπεπλανημένους,
3051 5792 3156 5848 nisi
3227 5789 3366 5848 forte

1797 5867 2044 5939 πρόϐατα
2077 5861 2426 5938 intelligatur.
2460 5861 2577 5919 lux.
