3806 6208
456 406 586 464 1011

1651 411 1710 464 8.
1749 411 2131 468 POEYCARPI
2163 411 2516 468 MARTYRIS

3569 419 3694 472 ιωι

455 526 689 594 injusto;
719 527 876 597 longe
903 526 1220 584 recedentes
1238 528 1307 583 ab
1328 530 1476 584 omni
1503 532 1764 598 avaritia;
1792 549 1898 587 non
1918 534 2026 589 cito

2150 535 2347 587 ιδίκου·
2387 534 2604 606 μακράν
2645 533 2795 598 ὄντες
2826 534 3005 605 πάσης
3049 533 3445 606 φιλαργυρίας·
3488 536 3567 604 μὴ
3612 551 3696 587 ταρ

452 619 735 675 credentes
757 619 1021 675 adversus
1047 620 1286 690 aliquem
1313 638 1328 686 ;
1360 637 1468 676 non
1496 623 1672 678 severi
1705 625 1933 681 nimium
1968 627 2022 680 in

448 710 676 780 judicio,
709 710 966 779 scientes,
995 728 1099 767 nos
1121 729 1314 768 omnes
1342 714 1616 770 debitores
1644 731 1766 772 esse
1795 719 2020 787 peccati.

459 802 518 858 Si
548 818 680 873 ergo
720 803 1081 873 deprecamur
1113 805 1430 872 Dominum,
1463 815 1525 865 ut
1563 809 1722 864 nobis
1761 809 2020 876 dimittat,

449 893 710 950 debemus
740 903 794 950 et
822 912 922 954 nos
952 898 1227 954 dimittere
1249 899 1324 966 ³⁰;
1354 916 1479 956 nam
1507 916 1693 955 coram
1719 901 1938 958 Domini
1969 911 2024 960 et

451 984 545 1043 Dei
571 986 746 1042 oculis
773 1004 987 1056 sumus,
1015 998 1071 1044 et
1106 1008 1126 1042 ι
1155 1005 1350 1047 omnes
1377 1001 1504 1047 ante
1551 991 1790 1048 tribunal
1815 993 2020 1052 Christi

448 1091 622 1148 stare,
668 1091 724 1136 et
758 1099 1206 1156 unumquemque
1249 1101 1348 1156 pro
1389 1103 1448 1144 se
1481 1089 1748 1145 rationem
1796 1089 2020 1144 reddere

446 1181 658 1241 oportet
683 1173 747 1227 ³¹.
783 1193 800 1225 ι
863 1174 954 1230 Sic
985 1175 1172 1246 itaque
1204 1177 1513 1233 serviamus
1560 1179 1638 1232 illi
1665 1194 1788 1234 cum
1824 1179 2019 1234 timore

445 1273 500 1319 et
533 1265 682 1322 omni
715 1267 1043 1333 reverentia,
1074 1268 1217 1324 sicut
1247 1270 1502 1340 pracepit
1529 1270 1662 1340 ipse,
1686 1279 1740 1325 et
1764 1270 2016 1340 apostoli,

445 1356 540 1426 qui
576 1357 734 1412 nobis
765 1356 1120 1428 Evangelium
1155 1361 1580 1425 annuntiarunt,
1629 1371 1684 1418 et
1719 1363 2015 1432 prophetae,

443 1447 539 1516 qui
601 1445 819 1504 Domini
883 1449 1060 1504 nostri
1137 1449 1429 1504 adventum
1492 1451 2014 1522 praesigniﬁcarunt;

445 1538 708 1605 studiose,
759 1541 904 1610 quod
945 1541 1150 1597 bonum
1195 1550 1300 1607 est,
1336 1552 1633 1608 sectantes,
1679 1543 2018 1600 abstinentes

443 1644 473 1689 a
517 1629 792 1686 scandalis
836 1640 890 1685 et
945 1645 974 1684 a
1007 1630 1159 1687 falsis
1215 1630 1477 1687 fratribus
1513 1643 1569 1688 et
1612 1635 1682 1688 ab
1730 1634 1798 1689 iis
1826 1635 1920 1704 qui
1960 1635 2014 1691 in

443 1721 714 1794 hypocrisi
749 1736 948 1777 nomen
973 1721 1190 1778 Domini
1221 1724 1424 1790 ferunt,
1449 1725 1541 1794 qui
1575 1740 1742 1781 vanos
1767 1726 2016 1783 homines

443 1814 501 1876 in
531 1829 775 1877 errorem
811 1815 1100 1871 inducunt.

2125 626 2264 696 χέως
2297 627 2639 690 πιστεύοντες
2685 627 2826 680 κατά
2856 644 3026 690 τινοςο
3067 627 3140 697 μὴ
3171 627 3438 697 ἁπότομοι
3491 628 3550 678 ὲν
3583 629 3696 698 κρε-

2127 733 2229 782 σει,
2263 718 2460 782 εἰδότες
2503 720 2585 772 ὃτι
2616 719 2813 782 πάντες
2856 718 3126 788 ὀφειλέται
3172 721 3339 790 ἐσμὲν
3396 721 3695 790 ἁμαρτω.

2125 811 2187 870 Ei
2219 805 2314 864 οὖν
2344 810 2578 882 δεόμεθα
2609 811 2702 864 τοῦ
2720 811 2922 883 Κυρίου
2943 851 2958 875 ,
3005 813 3094 866 ἵνα
3125 814 3254 882 ἡμῖν
3285 814 3399 882 ἁφῇ
3422 852 3439 875 ,
3490 812 3693 881 ὀφείλο-

2127 922 2226 978 μεν
2258 902 2354 961 καὶ
2385 905 2546 974 ἡμεῖς
2590 902 2811 972 ἀφιέναι
2830 919 2842 932 ⁸
2879 903 3137 956 ἀπέναντι
3166 902 3275 974 γάρ
3319 901 3430 955 τῶν
3464 902 3564 954 τοῦ
3595 904 3702 956 Κυ-

2127 994 2243 1066 ρίου
2289 993 2383 1047 καὶ
2427 991 2563 1046 Θεοῦ
2611 995 2778 1064 ἐσμεν
2821 991 3133 1064 ὀφθαλμῶν,
3178 993 3273 1046 καὶ
3320 1011 3341 1043 ι
3367 992 3586 1055 πάντας
3628 993 3705 1046 δεῖ

2123 1085 2468 1158 παραστῆναι
2512 1084 2588 1155 τῷ
2634 1084 2838 1156 βήματι
2882 1084 2974 1139 τοῦ
3007 1082 3276 1155 Χριστοῦ,
3323 1084 3421 1136 καὶ
3470 1084 3704 1137 ἕκαστον

2123 1179 2262 1251 ὑπὲρ
2309 1177 2500 1232 ἑαυτοῦ
2544 1178 2700 1246 λόγον
2743 1175 2944 1230 δοῦναι.
2973 1195 2991 1228 t
3038 1176 3220 1239 Οὕτως
3273 1171 3368 1228 οὖν
3399 1175 3705 1228 δουλεύσω-

2123 1288 2224 1342 μεν
2253 1269 2402 1339 αὐτῷ
2437 1270 2576 1340 μετά
2621 1267 2786 1338 φόϐου
2821 1268 2915 1322 καὶ
2947 1260 3126 1338 πάσης
3158 1267 3451 1330 εὐλαϐείας
3471 1309 3488 1330 ,
3523 1267 3705 1330 καθὼς

2119 1357 2281 1422 αὐτὸς
2313 1358 2647 1421 ἐνετείλατο,
2683 1357 2779 1411 καὶ
2810 1358 2856 1410 οἱ
2889 1356 3373 1428 εὐαγγελισάμενοι
3417 1359 3561 1426 ἡμῖν
3595 1356 3705 1423 (7‘2)

2119 1449 2443 1513 ἀπόστολοι,
2477 1448 2573 1503 καὶ
2616 1451 2666 1508 οι
2698 1449 2972 1521 προφῆται
2992 1489 3007 1513 ,
3040 1451 3087 1502 οί
3121 1447 3579 1520 προκηρύξαντες
3610 1449 3710 1518 τὴν

2118 1541 2329 1596 ἔλευσιν
2370 1541 2462 1596 τοῦ
2496 1542 2702 1614 Κυρίου
2748 1541 2934 1612 ἡμῶν·
2971 1541 3208 1612 ζηλωταὶ
3250 1540 3384 1610 περὶ
3414 1540 3480 1593 τὺ
3515 1540 3706 1603 καλὸν,

2117 1635 2446 1705 ἀπεχόμενοι
2491 1634 2599 1688 τῶν
2647 1634 2955 1688 σκανδάλων
3013 1633 3106 1686 καὶ
3149 1633 3256 1686 τῶν
3310 1631 3710 1702 ψευδαδέλφων

2117 1727 2213 1781 καὶ
2256 1727 2364 1780 τῶν
2404 1729 2462 1780 ὲν
2502 1726 2786 1797 ὑποκρίσει
2831 1725 3105 1795 φερόντων
3147 1724 3207 1778 τὺ
3247 1722 3421 1794 ὄνομα
3456 1724 3578 1792 (T5)
3613 1721 3709 1776 τοῦ

2116 1819 2345 1894 Κυρίου,
2377 1819 2573 1886 οἵτινες
2604 1816 2957 1873 ἀππλανῶσι
2989 1817 3178 1880 κενοὺς
3207 1814 3559 1891 ἀνθρώπους.

1185 1992 1291 2049 νιι.
1331 1993 1524 2066 Fugite
1557 1994 1782 2050 Docetas
1803 2035 1819 2061 ,
1853 2004 1904 2051 et
1934 2003 2258 2066 perseverate
2288 1997 2344 2049 in
2362 1995 2583 2065 jejuniis
2616 2005 2666 2050 et
2691 1995 2950 2049 oratione.

516 2165 535 2198 ι
567 2147 754 2201 Omnis
803 2145 950 2202 enim
993 2146 1086 2217 qui
1139 2162 1246 2202 non
1295 2145 1583 2204 confessus
1638 2147 1802 2204 fuerit
1825 2147 2010 2205 Iesum

2191 2169 2209 2203 ι
2245 2149 2362 2213 Πᾶς
2405 2148 2535 2220 γὰρ,
2567 2147 2627 2212 ὃς
2665 2147 2734 2202 ἀν
2767 2147 2842 2218 μὴ
2885 2147 3156 2218 ὁμολογῇ,
3201 2145 3413 2218 Ἰησοῦν
3463 2144 3712 2216 Χριστὼ

438 2239 717 2294 Christum
765 2239 820 2294 in
851 2254 1016 2295 carne
1055 2239 1302 2305 venisse,
1343 2239 1715 2296 Antichristus
1753 2251 1835 2297 est
1869 2244 1940 2309 ⁸¹;
1991 2261 2010 2295 t

439 2340 494 2386 et
525 2331 618 2400 qui
652 2347 759 2386 non
791 2331 1078 2387 confessus
1123 2329 1290 2386 fuerit
1339 2332 1662 2403 martyrium
1710 2335 1916 2398 crucis,
1949 2348 2016 2389 ex

438 2423 658 2479 diabolo
700 2433 816 2491 est;
865 2434 920 2478 et
967 2424 1060 2494 qui
1089 2422 1318 2494 Eloquia
1358 2422 1575 2479 Domini
1623 2424 1692 2480 ad
1745 2424 2016 2480 desideria

439 2532 537 2570 sua
584 2516 904 2582 traduxerit,
957 2517 1260 2587 dixeritque
1303 2531 1405 2572 nec
1431 2516 1886 2572 resurrectionem
1917 2531 2018 2572 nec

435 2610 703 2680 judicium
751 2626 902 2676 esse,
941 2612 1031 2666 hic
1067 2611 1463 2681 primogenitus
1491 2619 1576 2665 est
1606 2607 1842 2665 Satanas.
1891 2609 2016 2665 Ideo

441 2702 812 2772 relinquentes
859 2703 1150 2756 vanitatem
1199 2701 1497 2756 multorum
1529 2710 1583 2755 et
1604 2698 1772 2756 falsas
1807 2700 2013 2755 doctri-

439 2808 563 2858 nas,
609 2794 678 2848 ad
718 2793 974 2849 traditam
1026 2795 1182 2850 nobis
1234 2794 1304 2848 ab
1356 2793 1512 2848 initio
1560 2793 1865 2847 doctrinam
1921 2808 2008 2848 re-

439 2898 718 2942 vertamur
748 2887 813 2954 ³⁸,
853 2907 870 2938 ι
896 2887 1185 2958 vigilantes
1217 2888 1270 2942 in
1305 2887 1646 2942 orationibus
1661 2886 1705 2918 “
1735 2904 1754 2937 ι
1804 2895 1859 2940 et
1883 2900 2010 2956 per-

441 2988 753 3034 severantes
795 2979 851 3033 in
880 2977 1132 3048 jejuniis,
1161 2979 1428 3048 precibus
1480 2987 1730 3048 rogantes
1763 2977 2008 3031 omnium

440 3081 854 3140 conspectorem
888 3069 1080 3135 Deum,
1121 3089 1139 3121 ι
1171 3085 1238 3124 ne
1269 3085 1369 3124 nos
1407 3069 1630 3125 inducat
1662 3069 1715 3123 in
1751 3069 2009 3124 tentatio-

440 3176 563 3216 nem
591 3161 658 3228 ³³,
700 3180 718 3214 ι
775 3163 920 3218 sicut
943 3163 1080 3217 dixit
1105 3162 1370 3218 Dominus
1400 3179 1414 3216 :
1471 3183 1489 3214 ι
1519 3161 1756 3232 Spiritus
1788 3161 2009 3232 quidem

438 3261 722 3332 promptus
750 3262 854 3320 est,
888 3268 1018 3309 caro
1048 3263 1230 3316 autem
1262 3255 1477 3315 inﬁrma
1502 3253 1566 3307 ³⁸.
1595 3273 1613 3305 ι
1907 3272 1914 3279 ο

2111 2241 2170 2292 ἐν
2203 2240 2370 2311 σαρκὶ
2401 2238 2748 2312 ἐληλυθέναι,
2794 2237 3159 2308 Ἀντίχριστός
3189 2240 3305 2291 ἐστι
3325 2253 3375 2287 ο»
3411 2235 3519 2289 καὶ
3546 2234 3609 2298 ὃς
3641 2235 3709 2289 ἂν

2115 2329 2190 2400 μὴ
2222 2329 2456 2400 ὁμολογῇ
2487 2329 2548 2383 τὸ
2581 2328 2883 2400 μαρτύριον
2912 2327 3007 2382 τοῦ
3051 2326 3320 2400 σταυροῦ,
3357 2329 3421 2379 ἑκ
3456 2325 3560 2379 τοῦ
3590 2325 3712 2378 διας

2111 2423 2268 2482 δόλου
2315 2423 2462 2482 me
2499 2421 2595 2476 καὶ
2623 2407 2793 2485 ις’διν
2838 2419 3100 2496 μεθοδεύῃ
3140 2419 3209 2474 τὰ
3238 2419 3411 2487 item
3459 2418 3561 2473 τοῦ
3594 2421 3709 2472 Ku-

2113 2516 2231 2588 ρίου
2282 2515 2421 2586 πρὸς
2463 2514 2563 2578 τὰς
2616 2513 2752 2576 ιδίας
2801 2511 3132 2582 ἐπιθυμίας,
3177 2511 3274 2565 καὶ
3325 2511 3508 2583 λέγῃ,
3565 2513 3706 2581 μήτε

2110 2607 2406 2664 ἀνάστασιν
2439 2606 2576 2677 μήτε
2609 2605 2789 2677 κρίσιν
2820 2601 2981 2670 εἶναι,
3013 2599 3165 2668 οὗτος
3195 2604 3554 2676 πρωτότοκός
3586 2607 3706 2656 tm

2113 2699 2207 2754 τοῦ
2239 2700 2472 2755 Σατανᾶ.
2530 2699 2622 2752 Διὸ
2652 2697 3039 2762 ἀπολείποντες
3072 2697 3182 2768 (74)
3215 2698 3313 2767 τὴν
3349 2697 3705 2768 ματαιότητι

2115 2789 2224 2842 τῶν
2254 2787 2463 2842 πολλῶν
2493 2787 2591 2844 καὶ
2620 2787 2720 2850 τὰς
2749 2785 3255 2856 ψευδοδιδασκαλίας
3287 2785 3427 2854 (75),
3481 2786 3580 2838 ἐπὶ
3611 2787 3705 2837 τὸν

2111 2881 2170 2948 ἐξ
2214 2881 2392 2951 ἀρχῆς
2436 2881 2568 2950 ἡμῖν
2619 2878 2991 2950 παραδοθέντα
3034 2878 3188 2946 λόγον
3247 2877 3700 2947 ἐπιστρέψωμεν,

2115 2989 2135 3023 ι
2159 2972 2417 3042 νήφοντες
2449 2969 2583 3041 πρὸς
2615 2969 2712 3032 τὰς
2743 2967 2908 3036 εὐχὰς
2927 3007 2941 3030 ,
2968 2985 2987 3017 ι
3023 2966 3117 3020 καὶ
3148 2964 3703 3036 προσκαρτεροῦντες

2110 3061 2418 3133 νηστείαις,
2473 3060 2722 3131 δεήσεσιν
2783 3058 3090 3129 αἰτούμενοι
3145 3057 3236 3110 τὸν
3298 3055 3702 3125 παντεπόπτην

2111 3153 2264 3218 Θεὸν,
2333 3173 2352 3204 ε
2399 3153 2473 3224 μὴ
2533 3152 2864 3218 εἰσενεγκεῖν
2919 3151 3067 3220 ἡμᾶς
3124 3151 3206 3211 είς
3266 3147 3622 3218 πειρασμὸν,
3679 3166 3698 3196 ι

2113 3242 2296 3307 καθὼς
2327 3238 2480 3296 εἶπεν
2511 3243 2540 3294 ὁ
2563 3241 2766 3314 Κύριος
2785 3258 2798 3270 ·
2839 3259 2858 3292 ι
2881 3240 2955 3293 Τὸ
2995 3239 3093 3310 μὲν
3125 3237 3345 3308 πνεῦμα
3385 3237 3703 3308 πρόθυμον,

2035 3313 2079 3370 C
2110 3338 2144 3408 η
2176 3335 2233 3388 δὲ
2266 3333 2403 3408 σάρξ
2434 3313 2683 3404 ἀσθενής.
2711 3352 2733 3384 ι

1465 3513 1599 3570 Vlll.
1633 3512 1968 3572 Perseverate
1994 3512 2047 3570 in
2075 3526 2166 3580 spe
2195 3519 2246 3564 et
2279 3510 2334 3563 in
2365 3508 2644 3578 patientia.

513 3671 885 3729 indesinenter
931 3688 1062 3744 ergo
1111 3685 1523 3742 perseveremus
1573 3669 1627 3727 in
1679 3683 1776 3738 spe
1822 3675 2008 3722 nostra

435 3778 491 3833 et
525 3770 753 3846 pignore
770 3769 996 3839 justitia:
1020 3779 1240 3834 nostrae,
1265 3767 1412 3839 quod
1438 3777 1522 3823 est
1549 3766 1803 3826 Christus
1825 3763 2008 3831 Jesus,

443 3881 462 3912 ε
495 3861 592 3930 qui
642 3869 863 3931 peccata
898 3870 1084 3916 nostra
1122 3861 1177 3916 in
1210 3874 1439 3930 corpore
1470 3872 1573 3918 suo
1604 3873 1768 3935 super
1799 3857 2006 3928 lignum

437 3952 660 4022 pertulit
682 3953 750 4019 ³⁷,
787 3952 884 4022 qui
917 3961 1198 4022 peccatum
1242 3966 1350 4006 non
1396 3950 1558 4017 fecit,
1604 3965 1706 4004 nec
1755 3949 2006 4004 inventus

435 4054 522 4101 est
549 4045 709 4102 dolus
743 4045 798 4099 in
833 4059 928 4100 ore
956 4043 1080 4114 ejus
1110 4044 1190 4111 ³⁸;
1225 4063 1244 4096 ι
1297 4043 1391 4099 sed
1425 4053 1647 4114 propter
1693 4058 1816 4108 nos,
1849 4051 1910 4096 ut
1949 4041 2004 4094 in

437 4139 558 4206 ipso
585 4137 836 4192 vivamus
858 4137 923 4204 ³⁹,
957 4137 1142 4191 omnia
1175 4136 1456 4192 sustinuit.
1503 4136 1811 4190 lmitatores
1839 4134 2004 4204 igitur

436 4231 611 4284 simus
659 4230 931 4298 patientiae
961 4229 1111 4299 ejus;
1157 4237 1212 4283 et
1251 4229 1296 4283 si
1330 4230 1602 4300 patiamur
1649 4237 1868 4298 propter
1899 4242 2000 4281 no-

436 4339 562 4379 men
609 4324 729 4393 ejus
749 4323 836 4390 δ’,
891 4323 1062 4393 gloria
1114 4323 1265 4376 illum
1319 4324 1640 4378 adiciamus.
1692 4321 1806 4376 Hoc
1854 4321 2000 4375 enim

434 4417 744 4485 exemplum
797 4416 956 4471 nobis
1009 4415 1195 4486 posuit
1255 4415 1310 4470 in
1363 4429 1423 4471 se
1476 4415 1626 4485 ipso,
1672 4422 1728 4469 et
1789 4428 1890 4467 nos
1948 4413 2002 4467 id

433 4508 788 4570 credidimus.

2217 3662 2600 3724 Ἀδιαλείπτως
2661 3653 2755 3713 οὖν
2815 3657 3319 3733 προσκαρτερῶμεν
3382 3660 3449 3728 τῇ
3519 3658 3706 3714 ἐλπίδι

2105 3754 2262 3836 ήμῶν
2307 3754 2402 3807 καὶ
2445 3751 2522 3823 τῷ
2554 3750 2836 3827 appaream
2878 3751 2977 3820 τῆς
3006 3748 3366 3819 ,δικαιοσύνης
3397 3751 3586 3819 ἡμῶν,
3640 3751 3706 3814 ὃς

2103 3849 2220 3899 ἐστι
2276 3846 2512 3916 Χριστὸς
2556 3843 2795 3914 Ἰησοῦς,
2863 3862 2881 3894 ι
2919 3841 2980 3914 ὃς
3039 3843 3340 3914 ἀνήνεγκεν
3398 3843 3565 3912 ήμῶν
3596 3843 3708 3911 τὰς

2102 3937 2375 4008 ἁμαρτίας
2419 3934 2498 4006 τῷ
2544 3935 2659 4006 ίδίῳ
2704 3934 2916 4006 σώματι
2957 3935 3050 3988 ἐπὶ
3092 3935 3152 3988 τὺ
3184 3933 3360 4000 ξύλον,
3399 3934 3463 3997 ὃς
3511 3936 3708 4007 ἁμαρα

2099 4026 2221 4080 τίαν
2251 4028 2352 4080 οὐκ
2381 4027 2654 4098 ἐποίησεν,
2687 4025 2809 4083 οὐδὲ
2849 4025 3048 4097 εὑρέθη
3080 4025 3230 4088 δόλος
3254 4027 3312 4078 ὲν
3343 4024 3420 4095 τῷ
3453 4025 3708 4094 στόματι

2104 4118 2304 4173 αὐτοῦ’
2332 4137 2350 4170 ι
2417 4118 2554 4172 ἀλλὰ
2608 4118 2677 4172 δι’
2732 4119 2900 4188 ἡμᾶς,
2965 4118 3052 4170 ῐνα
3102 4116 3354 4187 ζήσωμεν
3410 4117 3475 4168 ὲν
3521 4117 3704 4186 αὐτῷ,

2106 4209 2288 4262 πάντα
2333 4209 2594 4280 ὑπέμεινε
2627 4207 2760 4280 (76).
2813 4207 3065 4278 Μιμηταὶ
3109 4204 3201 4259 οὖν
3248 4203 3546 4276 γενώμεθα
3599 4207 3704 4277 τῆς

2104 4300 2385 4372 ὑπομονῆς
2417 4300 2580 4354 αὑτοῦ
2609 4318 2621 4330 °
2675 4300 2772 4353 καὶ
2804 4299 2899 4352 ἐὰν
2941 4299 3238 4369 πάσχωμεν
3293 4297 3384 4350 διὰ.
3409 4297 3478 4350 τὸ
3521 4298 3706 4369 ὄνομα

2105 4392 2292 4456 αὐτοῦ,
2341 4391 2650 4462 δοξάζωμεν
2683 4391 2795 4463 (77)
2828 4391 3010 4445 αὐτόν.
3056 4390 3256 4444 Τοῦτον
3286 4389 3396 4460 γὰρ
3428 4391 3573 4461 ἡμῖν
3606 4392 3708 4444 τὸν

2107 4482 2471 4555 ὑπογραμμὸν
2514 4482 2678 4554 ἔθηκε
2707 4482 2772 4536 δι’
2805 4482 3020 4547 ἑαυτοῦ,
3053 4467 3148 4536 καὶ
3178 4483 3339 4552 ἡμεῖς
3383 4481 3550 4535 τοῦτο
3581 4483 3705 4551 (78)

2033 4587 2079 4644 ι)
2107 4574 2532 4647 ἐπιστεύσαμεν.

1335 4742 1426 4807 IX.
1462 4744 1768 4801 Exerceatis
1801 4747 2113 4816 patientiam
2145 4748 2382 4819 exemplo
2418 4745 2642 4824 Ignatii,
2669 4763 2776 4811 etc.

505 4899 657 4971 Rogo
703 4902 885 4971 itaque
932 4915 1030 4956 vos
1071 4915 1282 4966 omnes,
1319 4909 1375 4954 ut
1409 4898 1676 4955 obediatis
1709 4899 1874 4954 verbo
1904 4899 1991 4969 ju-

503 5080 549 5113 '°
582 5079 771 5134 Matth.
794 5079 982 5143 νι,1ἳ,
1016 5081 1104 5132 14.
1181 5080 1221 5110 ³¹
1257 5079 1415 5134 Rom.
1442 5094 1553 5142 xtv,
1590 5078 1676 5142 10,
1710 5079 1796 5133 12.

431 5152 632 5216 νι,15;
664 5166 812 5216 xxvi,
835 5151 924 5204 41.

431 5223 478 5261 ’θ’
506 5221 627 5278 Act.
650 5237 704 5288 ν,
734 5217 794 5275 41
821 5239 835 5287 ;
871 5221 890 5273 l
921 5218 1068 5275 Petr.
1108 5236 1182 5285 ιν,
1221 5221 1305 5274 16.

502 5393 620 5466 (7‘2)
659 5395 762 5454 Ms.
799 5398 964 5521 ήμᾶς.
1436 5482 1447 5492 .
1851 5462 1875 5488 Ὗ

502 5467 614 5521 175)
655 5467 768 5520 Cir.
842 5485 932 5521 un.
981 5467 1051 5519 ad
1097 5465 1231 5521 Eph.
1283 5481 1333 5521 c.
1378 5466 1409 5517 7
1436 5505 1448 5517 .
1478 5463 1616 5521 δόλῳ
1662 5481 1875 5521 “novum;

501 5463 614 5536 (75)
655 5467 768 5520 Cir.
819 5463 932 5536 liga.
981 5467 1051 5519 ad
1097 5465 1231 5536 Eph.
1283 5481 1333 5522 c.
1378 5466 1409 5517 7
1436 5482 1448 5517 :
1478 5463 1616 5534 δόλῳ
1662 5463 1889 5535 πονηρῷ
1940 5463 2000 5517 τὺ

429 5537 609 5614 Mope
633 5537 969 5614 περιφέρειν.
1001 5536 1118 5592 Jac.

503 5555 601 5656 ηἴα
633 5555 969 5614 περιφερειν.
1001 5555 1118 5592 JAC.

503 5608 520 5688 ς
562 5607 632 5688 4).
657 5605 736 5688 Ita
763 5624 842 5688 ex.
861 5608 1232 5688 tribushcodd.
1266 5607 1500 5662 restituit
1527 5604 1869 5688 Jacpbsonus
1895 5617 1996 5688 pro

431 5675 578 5748 vulg.
610 5676 987 5748 ἀπολιπόντες.
1040 5676 1373 5748 Polycarpus
1426 5677 1738 5748 respexisse
1780 5675 1995 5730 videtur

431 5743 612 5815 locum
647 5745 1036 5815 S..4Clementis,
1069 5743 1157 5815 ep:
1194 5765 1207 5801 I
1240 5743 1306 5801 ait
1331 5747 1594 5811 Corinth.,
1624 5763 1671 5800 c.
1709 5745 1760 5797 7.

503 5812 616 5884 (75)
656 5813 768 5884 Cir.
803 5832 962 5884 supra
997 5834 1046 5870 (ε.
1076 5812 1128 5870 Ξ.

430 5922 440 5931 .
506 5881 619 5952 (76)
658 5883 771 5940 Cir.
812 5881 921 5954 lgii.
975 5885 1042 5943 ad
1073 5886 1253 5964 Polyc.
1307 5906 1353 5945 c.
1403 5891 1434 5945 5
1467 5910 1476 5946 :
1525 5891 1611 5946 τὸν
1647 5893 1785 5952 κατὰ
1819 5892 1990 5954 πάντα

1901 5078 1945 5110 ³³
1978 5078 2178 5135 lJoan.
2210 5095 2284 5144 tv,
2320 5081 2376 5137 3.

1017 5150 1062 5180 ⁸³
1093 5148 1281 5203 Matth.
1313 5165 1462 5210 xxvr.
1492 5150 1595 5215 4|;
1636 5149 1803 5204 Marc.
1843 5165 1955 5216 xlv,
1987 5151 2077 5207 58.

2174 4902 2287 4973 (79)
2319 4903 2627 4974 Παρακαλῶ
2656 4900 2748 4957 οὖν
2783 4905 2991 4968 πάντας
3045 4905 3189 4976 ὑμᾶς
3238 4904 3566 4975 πειθαρχεῖν
3621 4908 3700 4976 τῷ

2479 5082 2523 5112 ³³
2553 5080 2678 5137 Jud.
2713 5083 2766 5136 5.
2844 5082 2934 5136 ³⁵1
2961 5082 3105 5136 Petr.
3137 5099 3212 5142 1v.
3241 5081 3294 5138 7.
3411 5082 3458 5114 ³³
3498 5082 3695 5137 ΜιιιΙι.

2151 5151 2200 5184 ³⁷
2232 5153 2253 5204 ι
2278 5150 2421 5212 Petr.
2449 5165 2510 5216 tt,
2537 5151 2627 5207 24.
2735 5154 2780 5186 ⁸⁸
2807 5154 2970 5220 lbid.,
3007 5153 3099 5207 ‘22.
3196 5153 3242 5184 ”
3271 5155 3292 5206 ι
3320 5151 3485 5210 Joan.
3524 5171 3600 5219 ιν,
3637 5158 3694 5209 9.

2105 5399 2305 5472 τρόπον
2322 5398 2399 5472 *δι’
2428 5401 2466 5472 ᾖ
2473 5400 2582 5472 μᾶς
2620 5399 3007 5472 ὑπομείναντα.

2175 5470 2288 5538 (77)
2321 5469 2394 5523 Ita
2421 5466 2764 5525 Jacobsonus
2793 5486 2824 5526 e
2851 5471 2974 5526 cod.
3008 5466 3687 5524 Mediceo—Laurentiano.

2108 5536 2612 5624 νεξεςδρξάξομεν-

2173 5610 2289 5680 (78)
2319 5610 2380 5665 L.
2412 5607 2604 5680 τούτῳ·
2639 5611 2744 5677 vel,
2771 5611 2816 5666 si
2851 5611 3153 5667 retineatur
3195 5607 3381 5674 τοῦτο,
3415 5609 3684 5664 subintel-

2102 5679 2203 5750 Iige
2229 5679 2388 5735 εἶναι.
2422 5679 2616 5736 smn.

2173 5753 2285 5822 (79)
2327 5753 2500 5806 Totus
2531 5753 2619 5805 hic
2648 5751 2801 5822 locus
2834 5766 3006 5822 usque
3033 5751 3098 5804 ad
3149 5749 3467 5822 ἀναστάντα
3502 5758 3587 5806 est
3616 5749 3685 5806 ah

2104 5823 2336 5884 Eusebio
2375 5823 2661 5898 repetitus,
2703 5821 2845 5878 Hist.
2884 5821 3009 5876 eccl.
3048 5836 3133 5888 ιιι,
3167 5821 3255 5876 '56.
