3806 6208
369 347 510 404 ists
1481 307 1489 314 ’
1535 346 1591 400 s.
1632 345 2013 402 POLYCARPI
2055 345 2408 403 MARTYRIS
3503 336 3657 404 una”

370 481 536 536 super
567 463 904 521 iracundiam
942 473 1178 517 vestram
1213 460 1278 516 δ’.
1320 481 1337 512 ι
1371 461 1570 516 Beatus
1609 462 1704 532 qui
1759 463 2068 518 meminerit
2107 462 2250 533 (96);
2286 464 2430 534 quod
2459 479 2560 534 ego
2589 465 2752 518 credo
2785 479 2904 519 esse
2951 463 3005 518 in
3038 463 3213 520 vobis.
3257 463 3412 520 Deus
3459 478 3646 521 autem

371 570 426 614 et
456 559 616 614 Pater
643 558 856 612 Domini
887 557 1058 612 nostri
1094 555 1221 611 Jesu
1261 554 1488 619 Christi,
1523 563 1578 609 et
1608 555 1724 624 ipse
1759 557 2126 626 sempiternus
2155 556 2392 625 pontifex
2417 597 2430 620 ,
2469 555 2560 610 Dei
2595 556 2766 612 Filius
2792 555 2951 611 Jesus
2977 557 3249 624 Christus,
3273 557 3522 613 aediﬁcet
3556 575 3646 615 ωε

373 654 427 705 in
458 653 560 708 ﬁde
577 662 630 708 et
657 653 906 715 veritate,
937 661 992 708 et
1019 652 1072 705 in
1099 651 1247 705 omni
1278 651 1717 716 mansuetudine,
1753 661 1806 706 et
1841 652 1961 706 sine
1992 651 2299 718 iracundia,
2330 661 2384 705 et
2420 654 2472 705 in
2504 652 2762 722 patientia
2795 661 2848 706 et
2876 652 3288 723 longanimitate
3315 661 3370 706 et
3401 651 3648 705 toleran-

373 745 445 799 tia
473 753 528 799 et
557 746 834 811 castitate;
861 754 913 800 et
941 746 1031 800 det
1065 745 1223 799 vobis
1246 753 1447 799 sortem
1470 755 1523 800 et
1544 756 1752 814 partem
1786 746 1927 800 inter
1953 757 2172 801 sanctos
2209 762 2369 810 suos,
2401 755 2457 799 et
2483 745 2641 799 nobis
2674 744 2954 800 vobiscum
2985 753 3041 799 et
3066 746 3326 799 omnibus
3372 744 3478 813 qui
3519 755 3647 800 sunt

373 835 480 889 sub
506 835 666 897 cmlo,
699 835 791 905 qui
821 833 1080 889 credituri
1111 843 1241 888 sunt
1280 835 1332 889 in
1363 834 1650 890 Dominum
1685 845 1934 891 nostrum
1977 835 2163 890 Jesum
2191 836 2475 891 Christum
2513 846 2567 890 et
2595 837 2650 891 in
2684 837 2856 907 ipsius
2884 836 3124 902 Patrem,
3148 837 3242 907 qui
3280 855 3302 887 s
3338 837 3647 890 resuscita-

370 927 449 982 vit
479 941 603 980 eum
627 942 657 981 a
677 927 905 981 mortuis
935 926 1004 980 ⁵⁸.
1043 944 1061 975 ι
1093 923 1200 980 Pro
1217 927 1474 983 omnibus
1495 929 1699 982 sanctis
1724 938 1896 983 orate.
1919 927 2084 984 Orate
2105 929 2270 984 etiam
2293 943 2391 999 pro
2421 928 2642 998 regibus
2671 939 2723 984 et
2745 930 3106 998 potestatibus
3127 941 3182 984 et
3203 929 3564 999 principibus
3581 927 3645 991 ⁸¹,

372 1030 536 1089 atque
558 1035 657 1089 pro
684 1018 1141 1090 persequentibus
1171 1030 1224 1074 et
1245 1021 1556 1076 odientibus
1588 1037 1687 1077 vos
1717 1022 1763 1054 "
1784 1064 1799 1088 ,
1824 1031 1877 1076 et
1905 1037 2009 1092 pro
2047 1020 2286 1078 inimicis
2316 1025 2532 1078 crucis:
2573 1031 2635 1077 ut
2666 1022 2880 1078 fructus
2912 1031 3092 1078 vester
3117 1022 3458 1078 manifestus
3488 1021 3564 1076 sit
3598 1021 3649 1074 in

372 1113 649 1176 omnibus,
682 1123 742 1167 ut
770 1113 890 1168 sitis
924 1113 978 1168 in
1001 1113 1096 1169 illo
1126 1113 1372 1186 perfecti.

878 1267 1017 1322 XIII.
1056 1268 1325 1340 Epistolas
1353 1279 1553 1326 vestras
1593 1271 1932 1326 Antiochenis
1965 1270 2199 1326 tradam.
2243 1269 2399 1325 Vobis
2431 1269 2685 1340 epistolas
2717 1270 2922 1342 lgnatii
2952 1271 3128 1326 mitto.

449 1425 759 1496 Scripsistis
803 1427 870 1480 ad
905 1440 992 1479 me
1035 1434 1091 1479 et
1116 1441 1218 1480 vos
1245 1434 1300 1480 et
1327 1423 1588 1495 Ignatius.
1631 1435 1713 1490 ut,
1745 1426 1791 1480 si
1823 1426 1950 1497 quis

2121 1426 2233 1498 (97)
2281 1426 2588 1500 Ἐγρὰψατέ
2630 1445 2719 1499 μοι
2753 1429 2846 1482 καὶ
2879 1429 3038 1500 ὑμεῖς
3070 1431 3162 1485 καὶ
3208 1431 3485 1500 Ἰγνάτιος
3522 1429 3654 1500 (98).

375 1517 517 1573 forte
541 1517 594 1588 [e
618 1516 878 1588 Smyrna]
910 1517 962 1572 in
990 1515 1206 1588 Syriam
1244 1517 1710 1586 proﬁcisceretur,
1744 1527 1957 1574 vestras

375 1626 594 1680 quoque
625 1610 834 1664 litteras
863 1624 928 1664 eo
949 1609 1214 1673 deferret;
1233 1610 1376 1680 quod
1408 1610 1628 1679 quidem
1653 1610 1956 1679 perﬁciam,

376 1701 422 1753 si
463 1708 680 1769 tempus
717 1711 1086 1768 opportunum
1118 1710 1313 1754 nactus
1354 1698 1543 1765 fuero;
1581 1701 1667 1755 vel
1697 1715 1798 1771 ego
1819 1700 1954 1769 ipse,

377 1793 462 1847 vel
492 1808 591 1862 per
631 1792 800 1846 alium
828 1791 1166 1860 quempiam,
1198 1807 1360 1861 quem
1383 1792 1616 1862 legatum
1647 1802 1702 1847 et
1729 1809 1828 1862 pro
1857 1807 1959 1847 vo-

377 1883 464 1940 bis
492 1885 722 1938 mittam.
766 1883 1040 1954 Epistolas
1080 1882 1304 1952 Ignatii,
1330 1900 1466 1954 quas
1489 1884 1555 1939 ad
1585 1900 1670 1938 me
1693 1884 1861 1950 misit,
1899 1892 1957 1939 et

377 1985 606 2031 cunctas
640 1976 776 2031 alias
803 1992 940 2045 quas
969 1977 1255 2040 habemus,
1288 1977 1355 2031 ad
1383 1991 1480 2032 vos
1517 1975 1790 2041 misimus,
1815 1977 1959 2032 sicut

379 2067 714 2134 mandastis;
745 2083 884 2138 quas
922 2070 1142 2139 quidem
1164 2070 1293 2124 huic
1330 2069 1573 2139 epistolae
1597 2069 1952 2139 subjecimus.

381 2159 460 2215 Ex
491 2161 574 2217 eis
619 2176 876 2232 magnum
921 2161 1159 2218 fructum
1209 2162 1490 2232 percipere
1544 2163 1698 2236 vobis
1750 2163 1953 2218 licebit.

379 2253 674 2310 dontinent
726 2253 871 2308 enim
920 2255 1080 2309 tidem
1127 2265 1182 2311 et
1239 2256 1560 2326 patientiam
1612 2263 1667 2309 et
1720 2255 1958 2309 aediﬁca-

380 2346 584 2401 tionem
614 2361 857 2413 omnem,
884 2345 950 2400 ad
975 2345 1264 2401 Dominum
1289 2356 1537 2402 nostrum
1575 2346 1955 2417 pertinentem.

2063 1518 2172 1582 ἵνα,
2205 1517 2301 1572 ὲάν
2333 1536 2417 1582 τις
2449 1519 2757 1591 ἀπέρχηται
2790 1522 2870 1584 εἰς
2901 1520 3102 1592 Συρίαν
3121 1521 3255 1591 (99),
3281 1522 3379 1574 καὶ
3417 1521 3494 1574 τὰ
3529 1521 3654 1591 παρ’

2062 1609 2217 1681 ὑμῶν
2247 1611 2557 1683 ἀποκομίσῃ
2578 1612 2879 1683 γράμματα
2903 1629 2914 1640 ·
2948 1615 3083 1684 ὅπερ
3112 1615 3342 1686 ποιήσω,
3378 1615 3488 1667 ἐὰν
3512 1615 3657 1668 λάῦω

2063 1703 2256 1775 καιρὸν
2289 1703 2528 1767 εὔθετον,
2568 1704 2676 1757 εἴτε
2723 1705 2854 1773 ἐγὼ,
2889 1706 2998 1758 εἶτε
3045 1706 3104 1758 ὃν
3135 1706 3339 1777 πέμψω
3380 1707 3648 1778 17956656-

2064 1812 2226 1850 σοντα
2273 1796 2365 1850 καὶ
2411 1795 2538 1867 περὶ
2577 1795 2752 1867 ὑμῶν.
2796 1795 2906 1860 Τὰς
2950 1797 3234 1860 ἐπιστολὰς
3265 1797 3551 1864 Ίγνατίου
3587 1799 3656 1866 (I';

2063 1890 2160 1955 τὰς
2205 1888 2550 1960 πεμφθείσας
2585 1890 2716 1960 ἡμῖν
2757 1890 2849 1943 ὑπ’
2903 1890 3092 1954 αὑτοῦ,
3138 1891 3234 1944 καὶ
3278 1891 3484 1954 ἄλλας,
3534 1893 3661 1954 ὅσας

2062 1981 2280 2051 εἴχομεν
2314 1982 2445 2053 παρ’
2476 1983 2629 2052 ἡμῖν,
2663 1979 2990 2052 ἐπέμψαμεν
3024 1981 3170 2051 ὑμῖν,
3212 1979 3398 2044 καθὼς
3457 1980 3659 2034 ἐνετει-

2061 2073 2256 2127 λασθε·
2289 2073 2492 2136 αἵτινες
2526 2072 2964 2143 ὑποτεταγμέναι
2987 2071 3094 2124 εἰσὶ
3125 2074 3191 2143 τῇ
3223 2070 3500 2142 ἐπιστολῇ
3538 2071 3660 2124 ταύ-

2061 2181 2132 2239 τῃ
2148 2183 2161 2195 ·
2197 2165 2257 2230 ὲξ
2278 2159 2352 2219 ὧν
2386 2163 2596 2236 μεγάλα
2626 2163 2968 2236 ὠφεληθῆναι
2989 2162 3305 2235 δυνήσεσθε.
3328 2163 3660 2233 Περιέχουσι

2061 2258 2172 2328 γὰρ
2205 2257 2384 2310 πίστιν
2419 2255 2513 2308 καὶ
2544 2255 2822 2326 ὑπομονὴν
2854 2254 2951 2308 καὶ
2987 2255 3168 2307 πᾶσαν
3197 2252 3526 2324 οἰκοδομὴν,
3573 2252 3660 2323 τὴν

2062 2348 2142 2411 εἰς
2161 2346 2250 2399 τὸν
2283 2346 2485 2417 Κύριον
2516 2344 2672 2416 ἡμῶν
2703 2345 3032 2416 ἀνήκουσαν.

456 2499 535 2569 (2)
561 2498 627 2554 Et
661 2499 728 2555 de
756 2500 875 2570 ipso
900 2499 1110 2572 Ignatio
1135 2501 1236 2572 ('5),
1271 2510 1326 2557 et
1350 2501 1418 2557 de
1443 2502 1550 2567 his,
1583 2504 1678 2573 qui
1703 2518 1828 2556 cum
1870 2516 1938 2556 eo
1962 2510 2111 2563 sunt,
2141 2501 2286 2574 quod
2315 2501 2517 2556 certius
2544 2499 2899 2571 agnoveritis,
2927 2497 3252 2570 signiﬁcate.

1349 2655 1491 2711 XIV.
1527 2657 1848 2712 Commendo
1885 2655 2028 2710 vobis
2062 2655 2407 2711 Crescentem.
2453 2653 2652 2710 Valete.

459 2811 582 2869 llasc
605 2813 761 2869 vobis
789 2813 985 2883 scripsi
1009 2827 1106 2882 per
1133 2811 1502 2876 Crescentem,
1527 2827 1688 2882 quem
1717 2811 1771 2866 in
1796 2821 2120 2882 praesentem
2143 2812 2221 2881 (4)
2251 2810 2394 2865 diem
2427 2809 2807 2865 commendavi
2837 2809 3015 2871 vobis.
3038 2817 3093 2864 et
3127 2823 3273 2864 nunc
3297 2807 3654 2862 commendo.

386 2905 756 2961 Conversatus
790 2915 876 2961 est
907 2906 1052 2960 enim
1096 2905 1381 2961 nobiscum
1426 2905 1861 2976 inculpabiliter;
1905 2905 2070 2960 credo
2109 2905 2238 2974 quia
2281 2913 2335 2958 et
2373 2905 2658 2961 vobiscum
2704 2904 2978 2959 similiter.
3027 2901 3286 2957 Sororem
3320 2913 3518 2956 autem
3541 2902 3658 2970 ejus

390 2998 663 3055 habebitis
698 2999 1159 3064 commendatam,
1184 3013 1309 3053 cum
1335 2997 1546 3054 venerit
1577 2998 1644 3053 ad
1672 3011 1789 3052 vos.
1831 2995 2140 3054 Incolumes
2166 3004 2339 3051 estote
2373 2995 2426 3049 in
2461 2995 2696 3050 Domino
2735 2993 2864 3049 Jesu
2887 2993 3128 3050 Christo.
3151 2991 3344 3048 Gratia
3378 3006 3516 3047 eam
3543 3007 3658 3048 om-

390 3095 554 3150 nibus
575 3093 731 3149 vobis
762 3093 860 3164 (5).
889 3094 1086 3148 Amen.

397 3295 3653 3332 ___________________________________________————_

1464 3519 2005 3626 ANTIQUA
2083 3513 2528 3610 VERSIO

1107 3734 1522 3796 EPISTOLIE
1581 3733 1642 3794 S.
1695 3731 2147 3794 POLYCARPI
2208 3730 2316 3790 AD
2351 3729 2934 3791 PHILIPPENSES.

1166 3914 1500 3979 (Cos-auarus,
1535 3916 1711 3966 Patres
1732 3909 1964 3978 apostolic

2104 3911 2393 3962 .Amstelod.
2423 3909 2562 3970 1724,
2600 3916 2637 3958 t.
2667 3910 2708 3970 Ι,
2734 3923 2784 3972 p.
2816 3908 2946 3972 190.)

401 4094 750 4166 Polycarpus,
793 4104 841 4150 et
876 4095 965 4164 qui
1003 4109 1124 4147 cum
1157 4109 1218 4147 eo
1256 4103 1380 4147 sunt
1426 4091 1748 4162 presbyteri,
1791 4088 2055 4150 Eccle-‘B
2086 4096 2279 4143 nostro
2319 4086 2447 4142 Jesu
2494 4085 2738 4152 Christo,
2793 4082 3102 4153 suscipiens
3151 4079 3438 4134 imitabilia
3493 4081 3664 4137 verba

468 4190 564 4242 sia:
593 4188 691 4241 Dei
718 4203 836 4257 qua:
861 4195 938 4240 est
974 4185 1232 4255 Philippis
1258 4227 1273 4252 ,
1319 4181 1682 4238 misericordia
1725 4183 1900 4244 vobis,
1927 4190 1979 4234 et
2081 4177 2393 4232 dilectionis
2424 4192 2589 4248 quam
2638 4175 2953 4231 ostendistis
2999 4173 3052 4226 in
3092 4173 3220 4236 illis,
3261 4171 3358 4240 qui
3387 4173 3666 4241 praemissi

471 4295 578 4338 eam
601 4297 635 4332 a
668 4278 776 4332 Deo
805 4280 1177 4348 omnipotente,
1208 4285 1257 4331 et
1292 4275 1421 4331 Jesu
1453 4277 1668 4333 Christo
1704 4274 1979 4330 Saluatore
2082 4278 2232 4334 sunt,
2271 4269 2408 4324 viris
2437 4268 2662 4334 sanctis,
2704 4266 2986 4322 decorosis
3007 4265 3054 4297 ³³
3087 4263 3322 4317 vinculis
3371 4264 3666 4328 contrusis,

470 4381 650 4426 nostra
683 4370 933 4426 abundet.
2082 4377 2205 4432 quae
2234 4370 2364 4417 sunt
2405 4376 2623 4416 coronae
2649 4359 2834 4413 electae
2875 4357 3006 4418 Deo,
3042 4356 3190 4410 illius
3216 4355 3329 4409 veri
3361 4355 3543 4424 regni,
3572 4371 3666 4424 per

471 4466 511 4521 i.
552 4464 978 4535 Congratulatus
1008 4478 1130 4518 sum
1162 4461 1320 4517 vobis
1349 4459 1636 4532 magniﬁce
1669 4459 1721 4513 in
1748 4456 1981 4513 Domino
2083 4453 2376 4508 Dominum
2406 4462 2657 4508 nostrum
2685 4449 2872 4507 Jesum
2900 4448 3214 4516 Christum;
3242 4457 3299 4503 et
3327 4448 3459 4517 quis
3495 4447 3668 4502 ﬁrmi—

2033 4611 2080 4642 ”
2105 4607 2296 4664 Matth.
2322 4623 2378 4670 ν.
2402 4607 2495 4666 ll.
2601 4605 2648 4638 ⁵³
2675 4604 2750 4660 al.
2785 4604 3024 4662 decoris.

472 4625 518 4655 "
549 4623 746 4694 Ephes.
785 4638 857 4687 tv,
889 4620 978 4676 26.
1055 4619 1100 4650 ’θ
1129 4617 1249 4676 Gal.
1284 4633 1322 4681 ι,
1358 4616 1407 4670 l.
1485 4617 1526 4648 ’ί
1558 4617 1579 4668 I
1610 4613 1753 4668 Tim.
1781 4629 1841 4676 ιι,
1872 4612 1926 4666 2.

2083 4772 2227 4827 rant,
2272 4770 2333 4817 ut
2372 4763 2616 4832 ipsorum
2662 4761 2951 4832 epistolam
2991 4775 3093 4814 suo
3120 4760 3297 4829 legato
3339 4759 3579 4814 traderet
3597 4760 3665 4814 ad

2083 4829 2456 4891 Antiochenbs
2487 4829 2887 4902 perierendam.
2910 4829 3002 4884 His
3028 4832 3166 4884 votis
3187 4845 3245 4884 se
3265 4845 3663 4898 responsurum

2085 4921 2206 4963 esse
2235 4903 2567 4972 l’olycarpus
2598 4903 2902 4972 pollicetur.

2159 4978 2236 5047 (Ι)
2257 4969 2617 5047 Designantur
2642 4973 2764 5047 duae
2789 4970 2982 5047 Ignatii
2999 4969 3298 5047 Epistolas;
3323 4985 3436 5024 una
3463 4970 3533 5024 ad
3563 4969 3664 5047 Bo—

2089 5039 2401 5129 lve‘arpum‘;
2421 5043 2600 5129 altera
2630 5044 2698 5097 ad
2729 5039 3012 5112 Pol’ycarpi
3030 5039 3125 5098 seu
3148 5039 3543 5109 Smyrnensem
3563 5040 3662 5094 Ec-

2085 5115 2328 5173 clesium.
2360 5115 2498 5167 Cor.

2158 5190 2236 5257 (2)
2261 5181 2385 5238 Haec
2420 5183 2617 5238 iterum
2655 5183 2801 5252 apud
2834 5183 3014 5238 solum
3042 5192 3283 5236 veterem
3309 5181 3662 5251 interpretem

2085 5264 2616 5396 exigngoiycarpus
2642 5323 2720 5396 de
2753 5331 2932 5396 morte
2969 5321 3158 5392 lgnatii
3188 5321 3301 5396 jam
3334 5321 3544 5396 certior
3583 5320 3661 5374 fa-

2013 5405 2054 5463 C
2089 5390 2210 5454 ctus
2231 5407 2349 5452 erat
2373 5390 2580 5465 ('vide'c.
2603 5395 2690 5517 9?;
2720 5396 2812 5450 sed
2845 5390 3309 5457 circumstantias,
3333 5390 3508 5457 dicta,
3538 5402 3660 5455 etc.,

2092 5479 2152 5517 ut
2178 5469 2409 5517 videtur.
2443 5466 2630 5517 itinera
2655 5474 2746 5517 tat.
2770 5462 2886 5517 Jac.

2092 5479 2152 5525 ut
2178 5462 2409 5536 videtur,
2443 5462 2746 5536 ignorabat.
2770 5462 2886 5536 Jac.

405 4779 537 4834 Mihi
583 4791 782 4835 sensus
817 4790 939 4831 esse
981 4773 1235 4828 videtur:
1287 4791 1305 4821 ι
1343 4769 1448 4824 Vos
1494 4769 1757 4822 librorum
1800 4780 1988 4820 sacro-

406 4866 528 4904 rum
561 4850 788 4904 scientia
831 4845 1068 4915 polletis,
1099 4858 1206 4915 qua
1236 4857 1338 4911 ego
1376 4841 1710 4915 adhuc__non
1750 4837 1983 4915 gaudeo.

409 4921 596 4988 Igitur,
635 4927 695 4972 ιιι
729 4918 783 4971 in
818 4908 903 4970 liis
937 4915 1090 4970 libris
1117 4908 1322 4968 dictum
1352 4920 1456 4976 est,
1487 4908 1653 4963 nolite
1678 4909 1754 4962 ita
1799 4908 1987 4973 irasci,

410 5003 468 5044 nt
485 4989 737 5060 peccetis.
763 5007 783 5038 ι

483 5049 594 5131 (96)
624 5058 714 5112 Sc.
757 5075 775 5107 ι
807 5055 1300 5131 hujusScripturac
1325 5067 1497 5108 sacra:
1526 5049 1788 5106 mandati.
1822 5067 1842 5100 ι
1875 5049 1981 5102 Alii

411 5127 597 5199 legunt
630 5147 699 5199 :s
732 5127 1043 5199 crediderit.
1074 5145 1092 5176 ι

486 5200 599 5273 (97)
625 5198 906 5273 Habentut'
942 5197 1056 5250 haec
1083 5196 1294 5273 Gra’ca_
1311 5195 1460 5273 apud
1485 5193 1779 5273 Eusebium
1833 5189 1980 5273 Hist.

411 5263 679 5338 ec:‘l.,'m,
712 5265 801 5322 56.
826 5265 1142 5338 Cl‘r.‘supra
1187 5282 1236 5319 c.
1275 5265 1361 5319 l0.
1393 5265 1505 5320 Cl‘r.
1555 5268 1622 5320 de
1660 5264 1761 5317 hoc
1801 5263 1979 5330 capite

419 5335 611 5404 llutlie,
637 5341 872 5408 Λημηρ.
906 5335 1033 5408 485.

487 5411 601 5480 (98)
634 5405 770 5480 Vide
798 5406 914 5480 lgn.
941 5406 1009 5480 ad
1043 5405 1250 5480 Polya,
1282 5420 1345 5480 c._
1365 5405 1420 5460 8.

489 5412 579 5480 (98
637 5411 770 5463 Vide
798 5411 914 5477 lgn.
941 5411 1009 5458 ad
1043 5411 1250 5475 Potyc.,
1282 5420 1333 5460 c.
1365 5411 1420 5460 8.
2013 5411 2054 5463 C
2089 5411 2349 5480 eluserat
2373 5411 2580 5476 (vnuec.
2603 5411 2690 5517 9);
2720 5411 2812 5450 seu
2845 5411 3309 5457 etrcuntstanuas,
3333 5411 3508 5457 uicta,
3538 5411 3569 5444 e

489 5411 601 5582 $933
626 5473 1984 5582 '.:..?.:.:.é:':3"“;!‘.“':.'3;.’.2§:':!!E::S.£°°.Zi.£?l¥.:
2092 5462 2959 5582 ·¹ιιῗι¹ξ¹⁴ἰὶ¹;τ];ἓ.ξ¹ιῖςῖῗηῖίίὲῑ’ὒῖιι
2998 5552 3017 5582 .
3057 5532 3110 5582 ε..
3157 5530 3438 5582 mm...
3475 5548 3495 5580 .
3532 5529 3572 5582 Ρ

418 5534 595 5619 carpo,
630 5548 1004 5627 mandaverat,
1041 5559 1100 5601 ut
1141 5547 1256 5614 ipse
1299 5534 1533 5616 legatum
1583 5534 1649 5602 ad
1687 5534 1984 5601 Ecclesia'm
2163 5539 2241 5610 (4)
2278 5536 2358 5591 Ita
2386 5534 2752 5616 Jacobsonus.
2803 5534 2959 5614 γυιε.
2998 5552 3017 5584 ι
3057 5534 3110 5586 in
3157 5534 3438 5610 praesepti.
3475 5548 3495 5580 ι
3533 5534 3660 5584 For-

421 5620 816 5674 Antiochenam
851 5626 1114 5677 mitteret.
1139 5617 1210 5670 ob
1243 5632 1432 5684 pacem
1474 5617 1804 5679 restitutam,
1833 5625 1886 5669 et
1910 5613 1985 5684 (c.
2095 5621 2241 5667 tasse
2286 5607 2618 5676 Polvcarpus
2641 5614 2863 5684 scripsit
2897 5603 3036 5684 :__de‘t
3072 5605 3232 5673 μέχρι
3258 5618 3352 5654 του
3380 5601 3661 5670 παρόντος,

422 5693 478 5755 8)
519 5689 649 5743 huic
685 5689 861 5756 legato
877 5687 1042 5740 simul
1079 5676 1336 5753 epistolas
1357 5687 1588 5741 aliarum
1623 5676 1989 5740 Eec‘lcsiarum
2103 5701 2119 5734 I
2159 5691 2596 5756 semper,_usq_ue
2626 5676 2693 5729 ad
2721 5677 3049 5756 ha‘nctliem.
3088 5693 3105 5722 ι
3219 5742 3251 5756 Δ.
3627 5739 3636 5748 _

423 5744 808 5820 gratulatori'as
837 5757 1091 5809 traderet.
1111 5744 1311 5809 l’rmtcr
1337 5757 1441 5810 hoc
1473 5756 1992 5827 lgnatiimaudatum
2100 5823 2112 5827 Α
2169 5750 2245 5818 (5)
2278 5744 2353 5802 Ita
2383 5747 2742 5827 lacobsonus.
2784 5744 2942 5817 Vulg.
2983 5766 3002 5796 ι
3040 5745 3091 5798 in
3117 5744 3289 5814 gratia
3325 5758 3455 5796 cum
3495 5744 3660 5795 outli-

427 5827 797 5895 Philippenses
821 5841 1038 5894 quoque
1062 5827 1164 5896 ipsi
1188 5820 1544 5897 l‘olycarpufn
1569 5827 1821 5897 precibus
1849 5827 1997 5882 adie-
2100 5823 2202 5879 bus
2242 5820 2456 5875 vestris.
2500 5836 2520 5870 ι
