3806 6208
89 324 221 388 1οΠ

1216 329 1558 387 EPISTOLA
1589 329 1682 385 an
1715 327 2227 387 PHILIPPENSES.
2311 316 2322 325 ’

3254 334 3396 392 1018

89 463 170 504 tas
203 449 334 505 ﬁdei
369 457 589 506 vestrm
616 463 646 504 a
677 449 951 520 principio
992 465 1170 522 usque
1206 466 1356 506 nunc
1383 459 1699 521 permanet,
1735 455 1777 511 Α
1808 466 1984 515 mum,
2017 450 2304 505 ambulare
2326 448 2400 504 in
2431 449 2708 506 mandatis
2741 447 2998 519 Domini;
3049 462 3104 506 et
3135 456 3260 522 post
3291 451 3396 508 hoc

88 555 140 598 et
168 542 485 598 fructiﬁcat
510 544 572 598 in
603 544 834 600 Domino
861 543 992 600 Jesu
1037 545 1279 609 Christo,
1309 544 1405 614 qui
1437 544 1700 600 sustinuit

91 649 187 704 pro
218 633 483 704 peccatis
539 636 748 690 nostris
788 651 964 706 usque
1010 634 1078 690 ad
1133 644 1365 690 mortem
1410 651 1428 690 :
1467 653 1486 687 ι
1533 650 1698 705 quem

92 727 454 782 resuscitavit
516 726 688 793 Deus,
733 727 1047 784 dissolvens
1097 727 1319 784 dolores
1369 725 1569 783 inferni
1594 727 1641 759 “
1683 745 1696 780 :

93 835 254 889 quem
285 835 421 875 cum
472 836 592 875 non
623 820 904 887 videritis,
953 837 1101 877 nunc
1139 821 1397 892 diligitis;
1431 820 1486 875 in
1534 835 1699 890 quem

94 928 239 967 nunc
289 927 408 967 non
465 912 830 984 aspicientes,
884 914 1144 981 creditis;
1197 913 1485 970 credentes
1517 920 1698 967 autem

96 1007 408 1077 gaudebitis
439 1009 654 1076 gaudio
684 1007 1062 1075 inenarrabili,
1101 1017 1156 1063 et
1197 1006 1505 1078 gloritlcato
1527 1006 1702 1073 “uin

96 1098 241 1169 quod
272 1099 440 1154 multi
457 1101 787 1157 desiderant
813 1100 1076 1168 introire;
1109 1099 1350 1157 scientes
1371 1099 1502 1171 quia
1533 1119 1550 1151 ι
1577 1114 1703 1168 gra-

101 1195 168 1248 tia
199 1193 335 1248 salvi
364 1192 504 1248 facti
537 1195 694 1257 estis,
729 1212 748 1246 ›
786 1208 896 1248 non
924 1209 992 1248 ex
1021 1192 1280 1263 operibus
1302 1193 1370 1261 ",
1407 1193 1500 1250 sed
1525 1192 1582 1248 in
1603 1207 1704 1248 vo-

98 1285 304 1340 luntate
336 1283 466 1352 Dei,
501 1301 603 1356 per
631 1283 818 1341 Iesum
847 1285 1154 1341 Chri'stum.

166 1376 229 1432 ll.
269 1395 289 1429 ι
326 1377 582 1448 Pr0ptcr
620 1379 768 1449 quod
819 1378 1086 1434 succincti
1135 1378 1353 1434 lumbos
1395 1386 1610 1434 vestros
1631 1377 1704 1446 ",

101 1469 295 1523 servite
324 1467 447 1525 Deo
472 1485 606 1524 cum
638 1469 919 1537 timore",
958 1489 976 1521 ι
1013 1477 1068 1524 et
1093 1470 1148 1524 in
1177 1470 1440 1536 veritate;
1475 1469 1706 1525 dimisso

105 1563 249 1616 inani
276 1562 619 1634 vaniloquio
643 1571 698 1618 et
735 1563 905 1618 multo
920 1563 967 1596 "
989 1578 1199 1618 errore.
1226 1581 1244 1614 ι
1268 1561 1488 1619 Credite
1501 1579 1634 1633 ergo
1651 1564 1705 1617 in

107 1652 251 1707 illum
300 1654 401 1722 qui
451 1654 815 1709 resuscitavit
865 1651 1162 1708 Dominum
1218 1662 1470 1709 nostrum
1516 1652 1704 1708 Jesum

1801 543 1968 600 etiam
2001 543 2263 598 mulieres
2292 550 2528 609 vestras,
2569 543 2623 597 in
2652 542 2757 598 ﬁde
2778 559 2902 614 quae
2931 543 3057 599 data
3087 553 3171 598 est
3201 543 3312 609 eis,
3343 553 3398 598 et

1799 633 2118 700 dilectione,
2150 642 2206 687 et
2226 633 2514 699 castitate;
2542 645 2794 689 amantes
2818 648 2951 690 suos
2985 634 3138 689 viros
3163 633 3220 688 in
3245 633 3397 688 omni

1801 731 2031 785 veritate
2061 739 2115 784 et
2146 729 2454 796 charitate,
2482 729 2774 800 diligentes
2799 743 2994 785 omnes
3025 728 3312 800 aequaliter
3341 727 3399 781 in

1802 824 1956 878 omni
1997 823 2362 887 continentia,
2403 832 2460 879 et
2487 824 2633 880 ﬁlios
2663 824 2885 880 erudire
2920 823 2978 878 in
3008 823 3302 894 disciplina
3343 828 3402 876 et

1805 915 2005 969 timore
2038 915 2154 970 Dei.
2197 911 2391 970 Vidua:
2411 929 2546 969 vero
2580 913 2794 985 pudica:
2827 915 2976 970 circa
3005 914 3167 970 ﬁdem
3191 913 3289 970 Dei
3313 913 3402 968 in-

1803 1007 2095 1076 terpellent
2125 1006 2472 1062 incessanter
2503 1020 2604 1076 pro
2629 1005 2930 1062 omnibus:
2977 1006 3302 1076 elongantes
3337 1018 3402 1059 se

1805 1099 1875 1154 ab
1904 1099 2162 1155 omnibus
2191 1098 2483 1155 diabolicis
2507 1100 2552 1131 ⁸⁸
2583 1097 3042 1164 detractionibus,
3077 1107 3132 1153 et
3157 1097 3298 1153 falso
3319 1104 3402 1152 te-

1805 1189 2090 1257 stimonio,
2121 1197 2177 1245 et
2207 1191 2276 1246 ab
2303 1192 2457 1246 omni
2485 1191 2666 1260 malo;
2713 1198 3115 1262 cognoscentes
3147 1190 3388 1261 seipsas,

1805 1281 1936 1352 quia
1989 1289 2122 1336 sunt
2171 1283 2480 1338 sacrarium
2528 1282 2659 1350 Dei;
2705 1282 2968 1353 quoniam
3022 1281 3207 1336 omnia
3256 1280 3404 1338 Deus

1806 1372 2094 1444 prospicit,
2129 1381 2185 1429 et
2217 1375 2356 1430 nihil
2387 1391 2515 1431 eum
2553 1375 2720 1443 latet;
2755 1389 2934 1442 neque
2971 1374 3256 1445 cogitatio,
3299 1388 3402 1430 ne-

1807 1481 1916 1536 que
1941 1465 2306 1532 conscientia,
2337 1482 2515 1538 neque
2540 1465 2763 1537 aliquod
2795 1465 3042 1521 abditum
3076 1464 3282 1521 cordis.

1879 1557 1947 1614 ν.
1983 1557 2230 1614 Scientes
2262 1574 2394 1631 ergo
2419 1561 2550 1632 quia
2584 1577 2604 1613 ι
2641 1558 2788 1614 Deus
2814 1573 2923 1614 non
2949 1557 3236 1613 deridetur
3262 1558 3343 1623 °',
3375 1573 3397 1610 ι

1809 1653 2074 1708 debemus
2106 1653 2271 1724 digne
2315 1653 2368 1708 in
2411 1653 2688 1708 mandatis
2722 1651 2866 1722 ejus,
2907 1659 2963 1706 et
2991 1649 3166 1722 gloria
3207 1649 3405 1704 ambus

105 1741 385 1797 Christum
437 1758 512 1797 ex
558 1744 794 1800 mortuis
817 1787 831 1811 ,
865 1751 922 1799 et
963 1743 1111 1798 dedit
1140 1742 1190 1797 ei
1234 1743 1462 1814 gloriam
1484 1742 1554 1806 θ’.
1591 1761 1612 1796 ι
1654 1753 1711 1798 et
1811 1745 1948 1800 lare.
1981 1744 2247 1801 Similiter
2278 1745 2496 1800 diaconi
2531 1744 2896 1815 inculpabiles
2935 1743 3046 1799 sint
3077 1743 3133 1798 in
3167 1758 3406 1813 conspe-

107 1834 282 1888 sedem
311 1835 370 1889 in
397 1835 634 1889 dextera
659 1851 760 1890 sua
788 1853 802 1890 :
827 1834 917 1891 cui
949 1834 1196 1904 subjecta
1228 1841 1359 1890 sunt
1387 1834 1575 1889 omnia
1596 1850 1710 1890 (ξω-
1741 1816 1784 1875 Β
1811 1845 1902 1892 ctu
1941 1837 2170 1906 justitiae
2208 1838 2350 1909 ejus,
2401 1839 2546 1894 sicut
2590 1837 2687 1892 Dei
2728 1845 2783 1892 et
2811 1837 3020 1892 Christi
3062 1835 3327 1903 ministri,
3349 1841 3407 1892 et

109 1923 278 1989 lestia,
310 1933 370 1980 et
417 1927 711 1981 terrestria
734 1967 750 1992 ,
787 1936 840 1980 et
883 1926 1242 1981 subterranea
1265 1926 1309 1956 “
1352 1942 1366 1978 :
1401 1925 1490 1980 cui
1527 1926 1710 1981 omnis

1810 1945 1919 1984 non
1954 1929 2275 1997 hominum;
2304 1945 2414 1984 non
2449 1929 2858 1992 criminatores.
2911 1942 3092 1998 neque
3123 1928 3404 1983 detractu-

111 2016 329 2086 spiritus
376 2018 596 2084 servit;
639 2019 736 2088 qui
768 2027 1035 2073 venturus
1065 2025 1152 2073 est
1175 2016 1426 2087 judicare
1456 2017 1614 2072 vivos
1655 2023 1712 2071 et
1810 2037 1921 2086 res,
1956 2036 2137 2090 neque
2182 2021 2368 2089 avari;
2404 2021 2500 2077 sed
2530 2021 2717 2077 omnia
2761 2021 3084 2088 tolerantes,
3117 2020 3174 2074 in
3223 2020 3408 2074 omni-

114 2116 398 2163 mortuos:
439 2109 610 2178 cujus
651 2110 977 2180 sanguinem
1035 2109 1284 2179 requiret
1322 2108 1470 2164 Deus
1513 2109 1585 2163 ab
1627 2109 1710 2165 eis
1809 2115 1915 2170 bus
1946 2113 2367 2180 misericordes,
2395 2114 2688 2184 diligentes
2714 2113 2772 2167 in
2803 2112 3082 2177 omnibus,
3115 2111 3409 2166 ambulan-

114 2201 200 2269 qui
243 2217 352 2256 non
391 2202 760 2258 crediderunt
807 2203 862 2256 in
899 2217 1068 2256 eum:
1117 2201 1216 2274 qui
1257 2210 1313 2257 et
1359 2201 1711 2257 resuscitavit
1809 2217 1893 2264 tes
1926 2207 1980 2262 in
2011 2207 2241 2262 veritate
2270 2205 2512 2272 Domini,
2545 2205 2640 2277 qui
2669 2203 2850 2260 factus
2877 2214 2962 2260 est
3003 2203 3256 2258 minister
3286 2218 3408 2258 om-

113 2305 227 2344 enm
255 2307 286 2346 a
338 2294 591 2349 mortuis
642 2311 656 2348 :
695 2292 790 2363 qui
829 2300 886 2348 et
916 2308 1020 2349 nos
1064 2293 1502 2350 resuscitaturus
1534 2303 1618 2349 est
1653 2291 1710 2348 in
1809 2299 1963 2353 nium
1991 2316 2006 2360 ;
2037 2299 2127 2354 cui
2163 2299 2210 2355 si
2235 2297 2746 2368 complaceamus"
2781 2297 2836 2351 in
2877 2297 2980 2351 hoc
3009 2293 3238 2360 saeculo,
3274 2309 3406 2364 per-

115 2385 215 2439 vita
237 2387 305 2452 “,
343 2387 392 2442 si
427 2387 736 2443 fecerimus
766 2387 1103 2442 voluntatem
1129 2387 1272 2458 ejus,
1303 2396 1358 2442 et
1391 2387 1712 2443 ambulave—
1810 2390 2080 2462 cipiemus
2106 2405 2170 2446 ea
2203 2407 2328 2462 quae
2365 2389 2552 2444 futura
2586 2396 2750 2457 sunt;
2782 2389 3088 2445 secundum
3123 2386 3274 2458 quod
3317 2401 3406 2442 re-

117 2474 280 2532 rimus
305 2478 361 2532 in
395 2479 684 2535 mandatis
726 2479 924 2549 ipsius,
964 2489 1022 2535 et
1051 2479 1414 2536 dilexerimus
1437 2495 1564 2550 quae
1593 2481 1711 2550 ipse
1809 2484 2069 2555 promisit
2107 2484 2441 2540 resuscitare
2476 2499 2580 2539 nos
2623 2497 2656 2537 a
2684 2483 2944 2550 mortuis,
2975 2492 3032 2538 et
3068 2482 3114 2539 si
3142 2483 3306 2554 digne
3335 2494 3406 2537 eo

120 2567 295 2624 dilexit
321 2589 334 2624 :
370 2571 722 2627 abstinentes
747 2587 850 2627 nos
877 2572 946 2627 ab
969 2573 1122 2628 omni
1153 2573 1447 2644 injustitia,
1474 2573 1579 2629 hoc
1601 2581 1708 2637 est,
1811 2577 2124 2633 conversati
2156 2575 2452 2644 fuerimus,
2485 2584 2541 2632 et
2571 2577 2617 2631 si
2643 2575 3068 2641 crediderimus,
3099 2588 3406 2644 conregna-

121 2671 148 2709 a
188 2661 644 2730 concupiscentia
675 2702 692 2729 ,
743 2662 814 2717 ab
861 2663 1116 2729 avaritia,
1167 2679 1199 2718 a
1248 2664 1628 2730 detractione,
1677 2679 1710 2718 a
1811 2669 1995 2726 bimus
2026 2685 2154 2725 cum
2187 2685 2275 2724 eo.
2321 2667 2562 2724 Juvenes
2610 2669 2868 2725 similiter
2899 2668 3261 2738 inculpabiles
3295 2667 3408 2723 sint

125 2745 251 2803 falso
304 2753 633 2807 testimonio
680 2771 694 2807 :
757 2772 776 2805 ι
832 2769 944 2808 non
1014 2755 1305 2810 reddentes
1364 2755 1568 2810 malum
1611 2771 1712 2826 pro
1813 2762 1869 2817 in
1916 2761 2212 2828 omnibus;
2257 2777 2476 2816 omnem
2509 2761 2878 2832 ignorantiam
2911 2761 2956 2792 ⁷¹
3001 2759 3404 2830 ρι’ωνίάθηιθε,

125 2840 277 2907 malo,
309 2853 408 2898 aut
446 2845 711 2915 injuriam
745 2861 846 2916 pro
887 2847 1090 2917 injuria
1113 2846 1181 2914 ⁸³,
1221 2865 1240 2898 ι
1285 2857 1380 2902 aut
1420 2856 1711 2905 contume-
1813 2852 2156 2909 refrenantes
2180 2868 2240 2908 se
2270 2853 2340 2907 ah
2370 2852 2522 2906 omni
2563 2853 2736 2906 malo.
2770 2849 2985 2905 Bonum
3015 2857 3100 2906 est
3137 2849 3284 2904 enim
3308 2849 3408 2903 ab.

128 2929 244 2986 “am
270 2949 370 3002 1)το
404 2937 770 3002 contumelia.
806 2946 904 2992 ειη
947 2938 1299 2993 maledictum
1334 2953 1432 3010 pl'O
1480 2939 1713 2994 maledi-
1814 2946 1990 3003 scindi
2023 2948 2089 3002 ab
2118 2947 2377 3002 omnibus
2403 2945 2869 3015 concupiscentiis
2895 2943 3107 2999 mundi.
3131 2941 3406 3011 Quoniam

128 3031 224 3076 ctu.
247 3023 584 3083 Mementote
613 3030 759 3100 quod
794 3028 1062 3087 Dominus
1097 3031 1302 3087 docens
1333 3031 1470 3086 dixit
1499 3048 1512 3086 ζ
1553 3049 1573 3083 ί
1601 3028 1713 3085 Νοο
1814 3039 1998 3096 omnis
2045 3037 2497 3109 concupiscentia
2552 3055 2570 3089 ι
2618 3037 2884 3092 adversus
2947 3035 3200 3107 spiritum
3261 3035 3409 3089 mili-

132 3114 212 3170 lite
236 3116 511 3191 judicare,
545 3137 613 3177 ne
637 3123 962 3192 judicemini
985 3140 999 3189 ;
1026 3123 1311 3190 dimittite,
1334 3123 1713 3180 etdimittetur
1739 3176 1780 3199 η
1813 3137 1898 3184 tat
1916 3130 2003 3196 ";
2046 3148 2065 3181 ι
2102 3128 2234 3199 quia
2266 3146 2287 3180 ι
2323 3143 2501 3198 neque
2520 3126 2832 3193 fornicarii,
2865 3141 3044 3197 neque
3069 3125 3290 3190 molles,
3317 3139 3410 3180 nee

131 3208 271 3264 vobis
310 3227 322 3265 :
358 3230 378 3263 ι
428 3213 800 3280 miseremini,
834 3222 890 3270 et
921 3215 1190 3272 Dominus
1218 3216 1574 3272 miserebitur
1617 3233 1711 3273 ve-
1737 3208 1780 3234 υ
1812 3233 1923 3289 que
1957 3218 2330 3274 masculorum
2364 3217 2785 3282 concubitores,
2831 3231 3060 3287 regnum
3103 3215 3198 3271 Dei
3233 3215 3411 3286 possi-

134 3298 243 3352 stri.
277 3317 294 3350 ι
329 3301 450 3368 Qua
487 3305 638 3359 enim
670 3321 931 3362 mensura
962 3308 1143 3363 mensi
1178 3306 1418 3376 fueritis,
1453 3310 1711 3365 remetie-
1813 3311 2102 3378 debunt",
2135 3329 2154 3362 ι
2205 3325 2384 3380 neque
2417 3309 2606 3367 illicita
2655 3309 2940 3364 facientes.
2980 3307 3210 3378 Propter
3255 3307 3404 3378 quod

134 3396 213 3443 tur
238 3395 423 3449 eadem
458 3397 626 3453 vobis
648 3398 715 3452 “.
750 3418 771 3452 ι
810 3397 878 3454 Ει
907 3400 1059 3470 quod
1088 3399 1297 3456 dictum
1331 3409 1420 3457 est
1455 3420 1469 3456 :
1511 3421 1530 3454 ι
1559 3402 1713 3458 Beati
1812 3403 2079 3459 abstineri
2119 3411 2340 3474 Oportet
2390 3403 2461 3457 ab
2492 3401 2754 3457 omnibus
2804 3402 2910 3456 his.
2947 3399 3192 3470 Subjecti
3230 3407 3407 3454 estote

137 3495 381 3553 pauperes
419 3489 654 3559 spiritu,
688 3499 746 3546 et
788 3492 884 3562 qui
929 3492 1370 3562 persecutionem
1421 3494 1709 3564 patiuntur
1810 3496 2144 3566 presbyteris
2166 3503 2220 3550 et
2247 3495 2518 3560 diaconis,
2545 3493 2691 3549 sicut
2727 3491 2846 3548 Deo
2871 3501 2928 3548 et
2955 3491 3198 3546 Christo.
3224 3489 3408 3561 Virgi-

137 3586 337 3645 propter
377 3580 659 3651 justitiam
700 3602 716 3640 :
751 3585 1016 3656 quoniam
1055 3587 1305 3657 ipsorum
1343 3595 1430 3644 est
1475 3602 1707 3660 regnum

138 3672 377 3727 calorum
404 3676 473 3730 “.
517 3694 539 3728 ι

199 3759 278 3817 lll.
323 3764 449 3824 llzee
486 3778 697 3838 autem,
729 3769 930 3827 fratres
965 3772 1094 3840 mei,
1129 3788 1239 3829 non
1281 3789 1315 3832 a
1353 3775 1568 3845 meipso
1603 3775 1710 3830 im-

141 3867 318 3920 perans
347 3861 413 3928 “,
466 3864 657 3918 scribo
707 3865 865 3918 vobis
899 3865 968 3920 de
1009 3865 1260 3936 justitia;
1314 3869 1412 3924 sed
1442 3867 1708 3938 quoniam

143 3958 228 4000 vos
253 3955 607 4019 provocastis.
635 3953 871 4024 Propter
892 3957 1042 4025 quod
1065 3972 1244 4028 neque
1269 3973 1393 4029 ego,
1429 3974 1608 4029 neque
1629 3959 1708 4014 si-

143 4037 271 4094 milis
312 4043 449 4101 alius
480 4047 613 4112 mei,
659 4047 864 4116 poterit
908 4048 1066 4118 sequi
1100 4051 1429 4120 sapientiam
1466 4051 1611 4106 beati
1652 4059 1708 4107 et

146 4129 343 4198 gloriosi
370 4136 563 4206 Pauli;
597 4142 691 4210 qui
725 4139 831 4196 fuit
861 4142 1007 4210 apud
1045 4158 1166 4209 vos,
1213 4153 1270 4199 et
1296 4144 1452 4200 visus
1481 4154 1566 4200 est
1611 4147 1705 4200 se-

144 4225 358 4284 cundum
406 4233 605 4288 faciem
639 4233 769 4301 illis,
815 4235 908 4305 qui
945 4246 1078 4292 tunc
1105 4245 1287 4305 erant,
1335 4237 1656 4294 hominibus
1689 4257 1702 4293 :

1813 3604 1933 3650 nes,
1966 3587 2321 3642 immaculata
2349 3596 2404 3641 et
2429 3595 2580 3641 casta
2608 3584 2948 3640 conscientia
2974 3582 3274 3638 ambulate.

1884 3677 1971 3733 Vl.
2012 3677 2320 3750 Presbyteri
2383 3677 2662 3747 simplices
2687 3677 2819 3742 sint,
2853 3676 2907 3729 in
2947 3674 3209 3730 omnibus
3237 3672 3404 3729 mise-

1808 3774 2080 3840 ricordes,
2109 3789 2302 3828 omnes
2326 3773 2396 3828 ab
2424 3787 2614 3826 errore
2641 3777 3050 3835 convertentes,
3083 3783 3276 3824 omnes
3314 3769 3402 3823 in-

1810 3867 2000 3923 ﬁrmos
2051 3867 2362 3932 visitantes,
2398 3865 2595 3919 viduas
2624 3871 2681 3918 et
2737 3861 2975 3933 pupillos
3020 3869 3076 3916 et
3134 3874 3404 3931 pauperes

1809 3973 1918 4011 non
1950 3956 2322 4028 negligentes;
2354 3953 2450 4008 sed
2478 3968 2697 4024 semper
2722 3970 2740 4002 ι
2769 3952 3119 4022 providentes
3141 3951 3288 4005 bona
3310 3967 3406 4005 co-

1807 4063 1928 4101 ram
1961 4046 2072 4101 Deo
2102 4053 2158 4101 et
2197 4045 2517 4100 hominibus
2540 4041 2611 4100 ⁷⁸.
2653 4063 2672 4096 ι
2713 4042 3000 4099 Abstinete
3025 4057 3126 4098 vos
3157 4042 3226 4096 ab
3249 4038 3402 4095 omni

1807 4138 2119 4203 iracundia,
2158 4154 2188 4192 a
2217 4137 2436 4208 judicio
2473 4137 2704 4207 injuslo,
2734 4137 2895 4207 longe
2933 4135 3003 4190 ab
3034 4135 3186 4189 omni
3219 4133 3404 4188 avario

1809 4232 1882 4286 tia
1915 4240 2092 4287 estote
2122 4249 2136 4285 :
2169 4248 2277 4285 non
2305 4231 2416 4286 cito
2447 4229 2808 4285 consentiatis
2835 4229 3103 4282 adversus
3135 4226 3398 4296 aliquem,

148 4314 228 4381 qui
251 4317 426 4378 docuit
452 4324 764 4379 certissime
795 4334 962 4396 atque
999 4327 1318 4384 ﬁrmissime
1352 4330 1580 4384 verbum
1613 4346 1707 4384 ve-
1808 4341 1876 4378 ne
1909 4322 2428 4394 prmvaricemini'in
2467 4321 2710 4392 judicio;
2748 4321 2988 4376 scientes
3023 4318 3153 4390 quia
3188 4317 3402 4372 debitu-

149 4405 302 4466 ritatis
328 4431 341 4467 :
369 4417 462 4485 qui
502 4425 560 4472 et
604 4418 805 4474 absens
837 4421 1062 4490 scripsit.
1095 4422 1254 4477 vobis
1283 4422 1584 4492 epistolas;
1633 4423 1703 4479 ad
1808 4433 1897 4472 res
1923 4430 2118 4471 sumus
2148 4413 2377 4484 peccati.
2415 4413 2474 4469 Si
2516 4429 2649 4484 ergo
2682 4409 3396 4482 deprecamur.Dominum,

151 4512 267 4594 (illas
294 4505 672 4576 deﬂectamini,
707 4522 767 4566 ut
803 4513 1026 4580 possitis
1054 4514 1312 4570 aediﬁcari
1358 4515 1410 4568 in
1441 4515 1546 4570 ﬁde
1579 4531 1703 4585 quae
1733 4539 1777 4594 Ι)
1808 4518 1868 4563 ιιι
1893 4509 2051 4564 nobis
2076 4507 2344 4574 dimittat;
2377 4507 2641 4562 debemus
2667 4505 2835 4559 etiam
2881 4519 2983 4558 nos
3025 4502 3306 4556 dimittere
3326 4501 3394 4556 "'.

150 4585 255 4646 data
293 4606 371 4651 est
406 4601 584 4666 vobis,
629 4617 754 4672 quae
785 4612 871 4660 est
915 4614 1092 4660 mater
1123 4606 1374 4660 omnium
1422 4617 1702 4675 nostrum,
1734 4585 1771 4594 ’
1807 4602 1949 4656 Ante
1971 4609 2329 4672 conspectum
2357 4599 2502 4655 enim
2530 4597 2820 4652 oculorum
2843 4595 3062 4650 Domini
3093 4609 3320 4661 sumus;
3343 4601 3400 4648 et

154 4680 482 4769 subsequente
517 4710 634 4764 spe,
667 4697 1005 4766 praecedente
1031 4698 1346 4765 dilectione,
1387 4715 1513 4769 quae
1538 4701 1702 4756 estin
1812 4713 1832 4746 ι
1864 4709 2058 4749 omnes
2104 4701 2322 4764 Oportet
2368 4701 2551 4746 astare
2606 4699 2735 4747 ante
2779 4689 3025 4746 tribunal
3071 4688 3302 4752 Christi,
3342 4695 3395 4738 at

154 4767 264 4841 υθο,
291 4784 420 4839 etin
452 4787 696 4856 Christo,
724 4798 778 4844 et
803 4789 857 4843 in
883 4789 1158 4859 proximo.
1186 4789 1242 4844 Si
1273 4767 1423 4846 enim
1449 4791 1576 4862 quis
1603 4793 1704 4847 lto-

1848 4798 2258 4855 numqnemque
2306 4799 2407 4854 pro
2452 4799 2513 4838 se
2548 4782 2823 4837 rationem
2870 4777 3100 4836 reddere
3118 4779 3188 4834 ⁷⁸.
3239 4797 3260 4831 ι
3301 4777 3397 4834 Sic

158 4879 258 4923 rutn
287 4873 613 4936 intrinsecus
647 4880 893 4950 repletus
925 4880 1095 4936 fuerit
1137 4882 1413 4937 mandatis
1447 4883 1700 4952 justitiae,
1802 4893 1935 4948 ergo
1961 4877 2271 4933 serviamus
2294 4876 2346 4931 ei
2369 4891 2497 4930 cum
2529 4875 2750 4938 timore,
2776 4884 2835 4928 et
2867 4873 3016 4934 omni
3047 4869 3390 4936 reverentia;

155 4970 200 5012 et
243 4963 475 5028 habuerit
518 4973 905 5039 dilectionem,
957 4973 1122 5044 longe
1147 4983 1235 5028 est
1268 4973 1340 5028 ab
1369 4974 1521 5028 omni
1564 4989 1697 5044 pec-
1803 4969 2106 5023 secundum
2127 4967 2277 5037 quod
2300 4967 2825 5036 evangelizaverunt
2848 4963 3008 5018 nobis
3032 4961 3266 5032 apostoli
3294 4958 3396 5013 Do-

157 5063 276 5110 “mo
1813 5060 1968 5124 mini,
1991 5067 2047 5114 et
2066 5060 2345 5130 prophetae
2367 5057 2836 5113 annuntiaverunt
2859 5053 3153 5109 adventum
3175 5050 3393 5107 Domini

215 5143 292 5203 IV.
341 5151 674 5228 Principium
735 5165 918 5213 autem
974 5157 1224 5213 omnium
1281 5156 1558 5213 malorum
1618 5164 1704 5212 est
1807 5149 1980 5204 nostri
2024 5147 2154 5205 Jesu
2178 5147 2387 5203 Christi
2431 5165 2445 5201 :
2489 5148 2734 5202 zelantes
2766 5146 2944 5212 bona;
2986 5145 3324 5199 abstinentes
3357 5157 3390 5197 a

160 5242 372 5324 avaritia.
417 5249 629 5308 Scitote
675 5267 828 5324 ergo,
881 5251 1016 5321 quia
1069 5250 1262 5305 «nihil
1305 5249 1595 5305 intulimus
1641 5249 1698 5304 in
1803 5236 3390 5311 scattdalis,;etl‘alsisfratribus,ctquiinbypocrisimpor-

163 5323 283 5388 hunc
303 5343 576 5410 mundum,
601 5323 779 5413 neque
801 5341 1022 5398 auferre
1036 5357 1334 5406 possumus
1349 5342 1416 5395 ".
1453 5359 1473 5394 ι
1491 5343 1700 5396 Αιίιιθ-
1802 5345 1925 5391 tant
1955 5351 2158 5393 nomen
2182 5335 2531 5407 Domini,qui
2559 5335 2818 5390 aberrare
2840 5332 3051 5388 faciunt
3073 5331 3266 5385 inanes
3289 5328 3392 5384 ho-

162 5431 263 5477 πιιιι·
286 5435 438 5491 armis
465 5435 725 5508 justitiaz;
756 5444 812 5491 et
850 5437 1151 5491 doceamus
1174 5434 1544 5505 nosmetipsos
1576 5434 1696 5505 pri-
1801 5432 1998 5486 mines.

219 5555 377 5638 'féct.
405 5585 465 5634 ιι,
486 5569 580 5626 24.
682 5570 772 5622 ⁵³1
802 5567 947 5624 Petr.
971 5585 1012 5637 ι,
1046 5568 1099 5624 8.
1195 5569 1243 5601 ⁸⁸
1273 5567 1473 5638 Ephcs.
1502 5581 1566 5630 ll,
1587 5567 1640 5628 8,
1661 5567 1706 5623 9.

1845 5567 1863 5619 Ι
1896 5563 2042 5638 Petr.
2063 5563 2230 5638 _t,_l'5.
2356 5563 2570 5638 “‘Psal.
2593 5580 2671 5638 _l_l,
2706 5564 2796 5638 ll.
2917 5561 2966 5638 ’ξ
2992 5562 3386 5638 f._multoru_n_t.

166 5622 390 5711 33,9893
415 5622 465 5703 ιζ’
654 5640 698 5672 ⁶¹
727 5622 1174 5711 Ρὴίιῖβρξίιςίο.
1221 5622 1396 5711 Ληὶιι,
1431 5639 1497 5692 ad
1524 5622 1603 5691 vel
1629 5622 1685 5690 in

1845 5637 2030 5711 n.__“
2061 5635 2079 5690 Ι
2106 5622 2257 5711 Petr.
2282 5650 2366 5704 nt,
2396 5635 2450 5691 9.
2496 5637 2573 5711 ff
2593 5622 2910 5711 Mattlt._vn,
2944 5622 3164 5711 liALuc.
3185 5649 3259 5700 vt,
3293 5633 3386 5711 δῖ.

170 5686 207 5786 ::
224 5686 461 5786 ιριξίίέθι
488 5686 672 5786 suo;
729 5686 1174 5786 ἰἐὲἐὲἷῗὲιῖἒὺῗ
1211 5709 1258 5742 σε
1289 5686 1706 5786 [ζ’ἰιῆὼὶῖέιῖιέ-

1851 5686 1880 5760 ἰ
1893 5686 2079 5786 '_'_l‘i_ng:'
2109 5686 2319 5786 ἶιι’,’ἧτξ“
2331 5686 2336 5687 ⁷
2382 5686 2421 5786 η’
2438 5686 2450 5691 ”
2469 5708 2528 5786 οη.
2539 5686 2910 5786 διξόςξλιιὲῆξί
3200 5686 3308 5768 ⁷νί,⁷
3333 5686 3385 5758 7.

229 5768 502 5852 al._l_ttti_c'si
530 5768 837 5852 placemus.
915 5783 962 5813 '”
987 5768 1233 5852 ἀγνοίαςο
1289 5768 1357 5812 ’⁷⁸
1393 5768 1588 5852 lepid!“
1621 5794 1704 5852 "v,

1893 5778 1943 5810 τθ
1973 5768 2227 5852 [Corvn
2257 5781 2290 5834 9
2345 5778 2430 5832 10.
2510 5778 2556 5810 ⁷⁸
2587 5779 2630 5831 ll
2662 5779 2790 5833 Cor.
2813 5768 2938 5844 "vm,
2964 5777 3065 5844 ειη
3101 5773 3261 5831 “om.
3285 5789 3384 5833 XII.

201 5831 241 5890 7.
303 5831 891 5922 "ma‘ti..';-“.,"t§;“n.
969 5831 1352 5916 τῖἰιὸὶίιῗχιν,
1389 5831 1706 5916 ιυμιὶειί

1849 5866 1892 5905 r.
1934 5849 2102 5909 γ,10.
