3806 6208
375 325 514 383 “Ilo

1510 326 1568 382 S.
1602 323 1988 382 POLYCARPI
2030 327 2390 384 MARTYRIS

3504 320 3646 374 1020

446 439 557 498 VII.
582 463 601 496 ι
623 441 813 498 Omnis
839 440 985 497 enim
1010 442 1104 513 qui
1132 458 1240 497 non
1266 443 1559 500 conﬁtetur
1581 444 1768 501 Iesum
1790 446 1950 500 Chri-
1981 457 2024 510 Α
2055 457 2116 502 ιιι
2160 449 2479 503 abstineatis
2525 447 2593 502 ab
2623 448 2869 514 avaritia,
2895 458 2949 502 et
2977 445 3096 502 sitis
3131 442 3269 500 casti
3301 453 3357 497 et
3391 457 3645 497 veraces.

372 547 516 591 stum
546 536 599 590 in
633 550 798 590 carne
823 535 1071 598 venisse,
1106 536 1194 591 hic
1221 537 1598 592 Antichristus
1624 546 1709 593 est
1734 539 1811 602 ⁷⁷,
1846 557 1864 590 ι
1898 546 1954 592 et

371 629 468 697 qui
515 642 627 682 non
672 627 964 682 conlitetur
1016 629 1338 698 martyrium
1385 630 1589 698 crucis,
1623 647 1692 687 ex
1735 630 1954 686 diabolo

371 728 487 786 est;
525 719 711 788 et'qui
740 721 1038 776 deviaverit
1087 721 1304 790 eloquia
1349 719 1566 776 Domini
1613 723 1684 778 ad
1732 723 1953 794 propria

373 811 663 878 desideria,
689 821 744 868 et
789 814 992 869 dixerit
1037 828 1215 883 neque
1263 813 1746 879 resurrectionem,
1780 827 1956 882 neque

370 905 639 974 judicium
669 920 829 971 esse;
869 905 959 962 hic
998 905 1398 976 primogenitus
1432 913 1517 960 est
1544 903 1782 959 Satanae.
1819 903 1956 958 Pro-

375 1004 495 1064 pter
523 995 667 1064 quod
690 996 1061 1066 relinquentes
1089 995 1388 1050 vanitatem
1420 994 1743 1058 multorum,
1768 1001 1823 1048 ct
1854 992 1956 1048 falo

375 1102 468 1142 sas
511 1086 812 1154 doctrinas,
846 1088 913 1142 ad
954 1088 1087 1142 illud
1131 1087 1278 1156 quod
1317 1086 1582 1143 traditum
1623 1095 1708 1141 est
1736 1085 1894 1140 nobis
1925 1101 1956 1140 a

377 1177 649 1247 principio
680 1179 903 1233 verbum
936 1187 1295 1234 revertamur.
1335 1176 1516 1232 Sobrii
1548 1176 1724 1232 simus
1754 1176 1808 1230 in
1833 1190 1958 1230 ora-

379 1270 621 1325 tionibus
649 1269 716 1336 ",
763 1270 970 1340 jejunia
1008 1270 1338 1335 tolerantes;
1370 1279 1424 1324 et
1463 1268 1958 1338 supplicationibus

378 1370 623 1431 petentes
653 1362 898 1416 omnium
925 1371 1327 1432 perspectorem
1361 1359 1677 1426 Dominum,
1709 1379 1728 1411 ι
1758 1375 1826 1414 ne
1858 1375 1958 1416 nos

379 1455 610 1510 inducat
647 1457 701 1510 in
738 1457 1094 1511 tentationem
1122 1455 1206 1521 '9;
1241 1473 1259 1507 ι
1303 1454 1606 1509 secundum
1637 1453 1785 1523 quod
1821 1453 1961 1507 dixit

381 1547 680 1602 Dominus:
713 1567 730 1598 ι
764 1547 1002 1616 Spiritus
1023 1545 1242 1617 quidem
1269 1553 1556 1616 promptus
1577 1553 1684 1610 est,
1708 1559 1838 1600 caro
1861 1558 1961 1598 au-

380 1648 488 1695 tem
521 1639 736 1693 inﬁrma
765 1639 834 1692 ⁸⁰.
861 1657 880 1690 ι

453 1731 586 1787 VIII.
625 1733 1000 1790 Indeﬁcienter
1043 1746 1173 1796 ergo
1213 1732 1510 1787 toleremus
1548 1737 1769 1800 propter
1809 1743 1959 1798 spem

380 1834 624 1880 nostram
664 1834 721 1880 et
768 1827 966 1895 pignus
997 1827 1241 1894 iustitiae,
1272 1822 1418 1893 quod
1468 1829 1554 1878 est
1601 1818 1762 1878 Jesus
1801 1818 1963 1876 Chri-
1994 1801 2039 1863 Β

379 1929 535 1986 stus;
564 1938 582 1970 ι
608 1921 700 1989 qui
737 1920 960 1974 sustulit
1009 1929 1230 1989 peccata
1272 1927 1460 1972 nostra
1502 1917 1557 1969 in
1595 1930 1826 1984 corpore
1861 1928 1963 1969 suo

381 2029 547 2083 super
573 2013 812 2084 lignum;
837 2013 929 2082 qui
953 2021 1239 2082 peccatum
1267 2025 1374 2064 non
1401 2008 1554 2076 fecit,
1579 2021 1679 2061 nec
1708 2007 1963 2062 inventus

381 2115 466 2160 est
513 2105 672 2160 dolus
713 2105 766 2158 in
811 2119 906 2158 ore
945 2104 1066 2173 ejus
1097 2105 1166 2170 ει,
1195 2122 1213 2155 ι
1245 2103 1337 2157 sed
1387 2109 1608 2170 propter
1641 2113 1743 2154 nos
1774 2097 1961 2153 omnia

381 2195 664 2260 sustinuit,
707 2203 766 2248 ιιι
797 2195 1044 2249 vivamus
1077 2194 1131 2248 in
1174 2194 1316 2263 ipso.
1348 2191 1658 2245 lmitatores
1685 2204 1817 2257 ergo
1844 2185 1961 2243 elIie

377 2288 596 2342 ciamur
636 2287 940 2342 tolerantia:
979 2285 1101 2355 ejus
1128 2305 1143 2340 :
1167 2295 1245 2350 et,
1285 2284 1330 2339 si
1370 2283 1519 2354 passi
1563 2281 1830 2336 fuerimus
1862 2293 1962 2350 pro

384 2380 603 2434 nomine
623 2379 764 2450 ejus,
794 2379 1163 2450 gloriﬁcemus
1191 2392 1340 2432 eum.
1363 2374 1482 2430 Hoc
1501 2375 1649 2430 enim
1685 2372 1844 2428 nobis
1876 2372 1963 2426 iu-

381 2471 585 2526 dicium
617 2471 802 2541 posuit
825 2471 891 2525 de
922 2469 1134 2539 seipso;
1171 2478 1226 2524 et
1254 2483 1355 2524 nos
1383 2467 1488 2522 hoc
1519 2464 1876 2522 credidimus.

453 2561 544 2616 IX.
586 2562 738 2631 Rogo
763 2562 930 2631 igitur
960 2577 1059 2616 vos
1089 2575 1282 2614 omnes
1319 2558 1575 2614 insistere
1609 2555 1776 2609 verbo
1799 2552 1962 2623 justi-

384 2655 472 2710 tia:
497 2664 552 2708 ct
579 2654 879 2724 patientiae,
913 2668 1075 2722 quam
1104 2659 1159 2707 et
1191 2651 1403 2706 oculata
1435 2649 1538 2703 ﬁde
1567 2647 1782 2703 vidistis
1803 2689 1817 2712 ,
1854 2661 1963 2700 non

383 2747 562 2800 solum
590 2747 643 2799 in
665 2745 999 2800 beatissimis
1023 2745 1130 2799 illis
1153 2743 1358 2814 lgnatio
1383 2750 1438 2797 et
1463 2740 1688 2796 Zosimo
1716 2749 1770 2794 et
1800 2738 1964 2803 Rufo,

383 2837 478 2892 sed
501 2845 555 2891 et
580 2838 631 2889 in
657 2837 779 2891 aliis
808 2838 902 2906 qui
929 2853 993 2891 ex
1020 2836 1175 2891 vobis
1206 2843 1353 2899 sunt,
1373 2843 1428 2889 et
1458 2835 1510 2888 in
1536 2833 1656 2903 ipso
1689 2832 1880 2895 Paulo,
1912 2838 1968 2886 et

383 2929 595 2983 caeteris
618 2929 882 2998 apostolis
911 2949 922 2983 :
947 2929 1284 2984 conﬁdentes
1308 2929 1435 2998 quia
1466 2927 1520 2981 hi
1549 2941 1742 2982 omnes
1773 2939 1880 2979 non
1910 2925 1964 2978 in

383 3034 617 3073 vacuum
652 3028 1016 3075 cucurrerunt
1037 3021 1104 3086 ⁸³,
1131 3019 1224 3074 sed
1251 3020 1302 3072 in
1337 3019 1442 3073 ﬁde
1472 3026 1525 3072 et
1546 3018 1792 3088 justitia;
1819 3027 1872 3072 et
1897 3016 1967 3071 ad

2061 560 2080 592 ι
2110 541 2390 602 Abstittete
2413 557 2508 595 vos
2533 542 2602 595 ab
2633 541 2781 594 omni
2811 540 2955 594 malo
2974 541 3040 592 δ’.
3064 557 3081 589 ι
3115 536 3218 603 Qui
3243 545 3438 589 autem
3473 535 3527 587 in
3557 534 3652 586 his

2052 649 2162 688 non
2200 643 2379 703 potest
2405 650 2463 689 se
2492 634 2814 704 gubernare.
2843 647 2955 701 quo
2987 630 3150 686 modo
3179 629 3272 684 alii
3315 627 3653 697 pronuntiat

2055 727 2192 781 hoc?
2221 725 2277 780 Si
2307 727 2431 796 quis
2456 742 2562 781 non
2593 725 2920 780 abstinuerit
2952 739 3011 779 se
3033 724 3102 777 ab
3129 721 3386 784 avaritia,
3415 719 3489 774 ab
3527 718 3655 772 ido-

2053 817 2267 873 Iolatria
2309 816 2753 888 coinquinabitur
2776 817 2844 881 θ’,
2872 825 2926 869 et
2953 823 3215 884 tanquam
3267 811 3421 865 inter
3459 820 3655 879 gentes

2050 909 2406 980 judicabitur.
2457 909 2560 976 Qui
2604 919 2784 964 autem
2839 907 3093 974 ignorant
3122 906 3163 936 ⁹¹
3203 902 3490 974 judicium
3540 897 3657 951 Do—

2058 1000 2233 1054 mini?
2265 1020 2283 1048 ι
2310 1001 2392 1054 An
2425 1001 2722 1067 nescimus,
2755 1000 2884 1069 quia
2914 998 3088 1054 sancti
3118 996 3391 1051 mundum
3423 992 3655 1062 judica-

2057 1089 2324 1144 bunt”?i
2365 1091 2508 1146 sicut
2534 1089 2739 1146 Paulus
2769 1091 2948 1145 docet.
2995 1088 3108 1158 Ego
3137 1098 3321 1142 autem
3353 1084 3498 1139 nihil
3541 1084 3662 1137 tale

2058 1184 2207 1238 sensi
2235 1184 2288 1238 in
2312 1185 2485 1250 vobis,
2511 1185 2593 1239 vel
2615 1183 2824 1247 audivi,
2852 1184 2905 1236 in
2931 1182 3129 1252 quibus
3152 1179 3432 1234 laboravit
3457 1177 3662 1230 beatus

2059 1274 2298 1342 Paulus,
2329 1279 2423 1347 qui
2451 1277 2585 1333 estis
2637 1276 2692 1331 in
2732 1275 3001 1346 principio
3037 1272 3281 1343 epistolae
3310 1271 3442 1340 ejus
3467 1269 3540 1321 “.
3581 1266 3663 1320 De

2061 1367 2217 1423 vobis
2257 1369 2459 1424 etenim
2493 1368 2761 1437 gloriatur
2802 1367 2859 1421 in
2901 1365 3156 1420 omnibus
3197 1361 3498 1424 Ecclesiis,
3530 1373 3666 1428 qua:

2062 1457 2236 1513 Deum
2265 1458 2398 1513 solae
2436 1466 2566 1512 tunc
2605 1463 3006 1526 cognoverant;
3036 1468 3136 1508 nos
3165 1459 3351 1506 autem
3398 1448 3662 1505 nondum

2063 1565 2393 1605 noveramus
2429 1548 2527 1618 (6).
2579 1547 2749 1602 Valde
2779 1561 2930 1620 ergo,
2957 1545 3173 1609 fratres,
3203 1545 3524 1601 contristor
3559 1558 3668 1612 pro

2063 1642 2158 1696 illo
2183 1651 2240 1696 et
2266 1656 2366 1712 pro
2392 1641 2624 1715 conjuge
2651 1645 2794 1714 ejus,
2825 1643 3026 1713 quibus
3051 1641 3141 1696 det
3162 1638 3444 1693 Dominus
3480 1636 3667 1706 pugni-

2064 1736 2287 1792 tentiam
2318 1754 2500 1793 veram
2534 1738 2601 1792 “.
2637 1736 2818 1792 Sobrii
2847 1750 2976 1806 ergo
3005 1743 3177 1790 estote
3205 1742 3258 1786 et
3288 1747 3396 1785 vos
3427 1732 3488 1783 in
3523 1730 3664 1792 hoc;

2064 1838 2121 1884 et
2149 1845 2256 1885 non
2305 1829 2449 1886 sicut
2492 1829 2746 1885 inimicos
2788 1828 2924 1883 tales
2969 1825 3328 1886 existimetis.
3363 1823 3470 1877 sed
3516 1821 3668 1875 sicut

2063 1922 2342 1992 passibilia
2373 1921 2620 1976 membra
2642 1929 2698 1976 et
2728 1919 2970 1975 errantia
2997 1933 3094 1973 eos
3120 1925 3398 1977 revocate,
3438 1923 3506 1968 ut
3536 1929 3668 1966 om-

2064 2015 2216 2069 nium
2259 2023 2501 2068 vestrum
2541 2028 2739 2083 corpus
2783 2011 3026 2068 salvetis.
3059 2010 3171 2065 Iloc
3207 2008 3359 2064 enim
3400 2015 3666 2078 agentes,

2064 2121 2164 2162 vos
2197 2107 2350 2177 ipsos
2373 2105 2673 2161 :ediﬁcatis.

2135 2218 2249 2272 XII.
2282 2221 2512 2273 Conﬁdo
2561 2217 2708 2272 enim
2738 2231 2838 2272 vos
2879 2216 3016 2271 bene
3053 2212 3392 2270 exercitatos
3438 2227 3574 2268 esse
3611 2211 3669 2264 in

2066 2309 2237 2364 sacris
2277 2307 2494 2374 litteris,
2529 2315 2585 2362 et
2618 2306 2750 2360 nihil
2792 2321 2890 2362 vos
2935 2306 3098 2369 latet;
3130 2304 3262 2358 mihi
3311 2313 3510 2357 autem
3555 2317 3670 2355 non

2064 2407 2150 2454 est
2177 2411 2497 2452 concessum
2520 2395 2701 2450 modo.
2736 2393 2808 2449 Ut
2837 2393 2922 2448 his
2945 2390 3242 2460 Scripturis
3272 2391 3501 2444 dictum
3532 2396 3622 2441 est
3651 2404 3664 2438 :

2073 2511 2092 2543 ι
2121 2488 2450 2554 Irascimini,
2485 2495 2538 2542 et
2587 2487 2756 2540 nolite
2801 2499 3030 2554 peccare
3057 2485 3126 2538 ’⁵.
3152 2501 3170 2534 ι
3209 2482 3316 2536 Et:
3347 2500 3366 2532 ι
3401 2479 3509 2534 Sol
3557 2495 3666 2532 non

2068 2583 2283 2638 occidat
2331 2595 2495 2650 super
2557 2579 2896 2633 iracundiam
2953 2586 3192 2631 vestram
3240 2575 3313 2628 “.
3365 2592 3385 2625 ι
3457 2571 3666 2625 Beatus

2067 2673 2162 2744 qui
2207 2672 2516 2726 meminerit
2541 2671 2610 2736 "’,
2649 2670 2794 2740 quod
2844 2684 2946 2738 ego
2983 2667 3149 2722 credo
3201 2680 3326 2721 esse
3369 2665 3431 2718 in
3479 2665 3662 2718 vobis.

2070 2763 2213 2818 Deus
2245 2773 2426 2818 autem
2449 2773 2501 2818 et
2532 2761 2691 2816 Pater
2721 2760 2935 2814 Domini
2966 2759 3138 2814 nostri
3168 2757 3298 2812 Jesu
3324 2755 3575 2822 Christi,
3610 2765 3665 2809 et

2069 2857 2185 2928 ipse
2215 2857 2582 2926 sempiternus
2611 2852 2882 2918 Pontifex,
2912 2851 3004 2906 Dei
3042 2849 3234 2911 Filius,
3265 2847 3544 2902 Christus
3578 2843 3660 2899 Je-

2069 2965 2182 3016 sus,
2215 2949 2444 3004 aediﬁcet
2465 2966 2561 3004 vos
2585 2950 2637 3003 in
2661 2947 2766 3002 ﬁde
2789 2954 2843 3000 et
2864 2944 3113 3009 veritate,
3138 2950 3192 2996 et
3223 2942 3276 2994 in
3311 2941 3478 2994 omni
3510 2954 3666 2993 man-

2070 3041 2383 3106 suetudine,
2413 3050 2468 3094 et
2492 3040 2611 3094 sine
2641 3036 2948 3102 iracundia,
2973 3036 3109 3100 et,in
3137 3033 3404 3103 patientia
3447 3041 3508 3087 et
3541 3031 3664 3084 lou-

384 3113 629 3167 debitum
684 3113 790 3167 sibi
836 3113 1014 3166 locum
1045 3127 1076 3166 a
1102 3112 1148 3142 ⁸³
1177 3110 1431 3174 Domino,
1462 3108 1550 3164 cui
1584 3118 1640 3164 et
1687 3107 1955 3178 compassi

2103 3136 2386 3189 animitate
2422 3143 2476 3189 et
2523 3132 2814 3189 tolerantia
2844 3139 2898 3186 et
2934 3130 3217 3194 castitate;
3248 3135 3307 3180 et
3353 3125 3456 3180 det
3503 3123 3667 3179 vobis

385 3217 536 3269 sunt,
573 3205 855 3271 abierunt;
888 3203 1014 3274 quia
1047 3217 1156 3256 non
1191 3202 1295 3256 hoc
1327 3201 1589 3257 saeculum
1633 3199 1963 3265 dilexerunt,

386 3296 480 3350 sed
509 3312 634 3350 eum
666 3296 758 3365 qui
801 3311 900 3365 pro
937 3294 1070 3364 ipsis
1097 3303 1152 3348 et
1176 3307 1275 3364 pro
1316 3291 1476 3347 nobis
1504 3299 1755 3347 mortuus
1779 3298 1883 3356 est,
1912 3297 1968 3344 et

386 3402 416 3440 a
451 3387 560 3441 l)eo
588 3387 967 3442 resuscitatus.

459 3477 528 3532 Χ.
560 3478 617 3531 In
652 3479 737 3532 his
766 3494 896 3548 ergo
929 3485 1089 3541 state,
1120 3483 1174 3531 et
1200 3471 1416 3527 Domini
1461 3471 1745 3539 exemplar
1775 3470 1966 3540 sequi-~

388 3571 556 3638 mini;
610 3570 750 3625 ﬁrtni
805 3571 859 3623 in
919 3569 1024 3624 ﬁde
1063 3577 1116 3624 et
1171 3566 1558 3631 immutabilcs,
1607 3563 1969 3619 fraternitatis

388 3673 684 3728 amatores,
733 3663 1020 3732 diligentes
1071 3661 1327 3737 invicem,
1377 3659 1433 3713 in
1486 3658 1710 3712 veritate
1749 3655 1966 3720 sociati,

392 3754 868 3810 mansuetudinem
893 3753 1110 3806 Domini
1134 3751 1383 3806 alterutri
1417 3756 1738 3820 praestantes
1759 3746 1827 3811 ⁸⁸,
1853 3747 1971 3800 nul-

390 3848 502 3901 lum
542 3845 922 3916 despicientes.
959 3843 1098 3898 Cum
1147 3843 1376 3914 potestis
1427 3838 1771 3902 benefacere,
1802 3837 1969 3892 nolite

388 3938 648 3994 diﬁcrre:
684 3937 814 4007 quia
861 3936 1251 4006 «eleemosyna
1295 3935 1364 3989 de
1405 3941 1580 3987 morte
1628 3931 1824 3986 liberat
1843 3929 1910 3984 ⁸⁸.
1943 3947 1963 3980 ι

386 4025 599 4084 Omnes
636 4029 794 4082 vobis
836 4027 1069 4082 invicem
1109 4025 1342 4095 subjecti
1378 4032 1588 4088 estote;
1622 4047 1641 4074 ι
1672 4035 1972 4077 conversa-

391 4122 595 4176 tionem
648 4129 885 4173 vestram
932 4117 1469 4188 irreprehensibilem
1514 4117 1774 4171 habentes
1820 4113 1867 4146 “
1914 4113 1968 4166 in

390 4211 644 4281 gentibus
665 4211 745 4277 ‘7;
772 4229 792 4263 ι
832 4218 891 4265 ut
929 4225 996 4264 ex
1042 4210 1198 4265 bonis
1245 4209 1503 4280 operibus
1539 4206 1737 4262 vestris
1781 4212 1836 4260 et
1875 4219 1971 4258 vos

389 4305 605 4359 Iaudem
629 4304 930 4374 accipiatis,
955 4312 1008 4358 et
1035 4303 1301 4357 Dominus
1325 4302 1379 4355 in
1401 4301 1559 4356 vobis
1587 4315 1696 4354 non
1718 4296 1972 4367 blasphe-

341 4425 347 4430 -
392 4408 591 4454 metur.
628 4415 648 4450 ι
681 4395 772 4462 Vae.
817 4408 998 4452 autem
1028 4398 1127 4460 illi,
1160 4412 1255 4467 per
1293 4412 1456 4466 quem
1505 4410 1704 4449 nomen
1752 4390 1972 4446 Domini

390 4491 804 4561 blasphematur
827 4491 893 4543 ³⁸.
919 4507 940 4542 ι
975 4490 1338 4545 Sobrietatem
1377 4501 1512 4558 ergo
1541 4487 1729 4542 docete
1754 4498 1955 4548 omnes,

2100 4472 2254 4552 ξῖιῖιὶέ
2296 4472 2523 4564 ὧηῇἶὲ
2551 4472 2826 4562 ἱᾶιίρῙἇ-ὦ-

391 4583 447 4636 in
475 4597 583 4650 qua
607 4590 660 4636 et
689 4595 787 4636 vos
819 4579 1244 4636 conversamini.

460 4672 555 4728 XI.
590 4671 765 4728 Nimis
794 4673 1150 4728 contristatus
1180 4685 1302 4726 sum
1325 4683 1425 4739 pro
1449 4665 1696 4732 Valente,
1726 4665 1820 4735 qui
1847 4679 1972 4736 pre-

390 4765 578 4837 sbyter
625 4765 804 4820 factus
851 4774 938 4820 est
981 4763 1278 4834 aliquando
1329 4760 1472 4831 apud
1523 4773 1654 4824 vos;
1699 4759 1846 4827 quod
1891 4756 1972 4812 sic

392 4859 608 4930 ignoret
629 4859 676 4914 is
706 4859 887 4914 locum
935 4858 1029 4928 qui
1054 4858 1215 4912 datus
1241 4865 1327 4912 est
1345 4857 1416 4910 ei.
1445 4853 1641 4909 Moneo
1670 4852 1852 4920 itaque
1874 4867 1973 4908 vos

461 4975 507 5006 ""
534 4975 557 5027 I
586 4971 749 5028 Joan.
781 4989 855 5038 tv,
891 4974 948 5028 5.
1021 4971 1112 5027 ⁷³1
1153 4970 1295 5026 Pctr.
1325 4988 1396 5036 tv,
1426 4969 1478 5024 7.
1555 4969 1600 5000 ⁷⁸
1627 4967 1820 5021 Matth.
1858 4982 1933 5031 v1,
1968 4967 2055 5020 15.
2133 4967 2179 4998 ⁸ο
2205 4963 2398 5018 Matth.
2425 4977 2576 5026 xxvl,
2606 4961 2696 5015 41.

461 5061 504 5069 λ..
562 5061 598 5069 ..
663 5043 725 5069 ac
827 5046 872 5069 na
909 5045 957 5069 ,ι
1008 5057 1129 5069 -..ηε
1263 5043 1309 5069 ιιι
1337 5041 1386 5069 ..1
1431 5049 1819 5069 nauman-nlnnlnc
1933 5037 1980 5069 ss
2014 5035 2131 5069 φηιι
2185 5052 2258 5069 νι-
2317 5034 2350 5069 ο
2476 5033 2522 5064 86
2547 5031 2598 5069 nl
2653 5047 2696 5069 ιρι

395 5046 526 5116 lipp.
562 5061 622 5106 Il,
663 5043 748 5099 16.
827 5034 872 5076 έ³
903 5045 976 5098 al.
1005 5057 1153 5098 cum.
1263 5043 1309 5072 ⁸⁸
1332 5034 1406 5096 al.
1431 5049 1841 5110 praesentantcs.
1933 5037 1955 5068 ⁸

391 5117 438 5148 ⁸⁸
471 5117 576 5171 lsa.
613 5115 793 5179 1.11.5;
826 5115 862 5168 l.
896 5112 1161 5183 Ignat.,ad
1188 5109 1356 5166 Trall.
1385 5109 1437 5183 8.
1476 5108 1550 5183 _“’
1577 5110 1597 5161 l
1624 5106 1955 5183 Thcss._v,_2

2100 5038 2150 5090 l).
2185 5052 2282 5100 xtl,
2317 5034 2371 5090 9.
2476 5034 2522 5064 ⁸⁸
2545 5034 2619 5084 ιιι.
2653 5034 2940 5085 considera

2100 5108 2130 5138 ιο
2155 5105 2357 5183 Evince;
2390 5103 2569 5183 19.5:
2618 5100 2850 5183 Com".
2886 5099 2940 5183 i-

395 5046 526 5116 lipp.
562 5061 622 5106 ll,
663 5043 748 5099 16.
827 5046 872 5116 1³
903 5045 976 5098 al.
1005 5057 1161 5116 cum._
1189 5109 1228 5116 Α
1263 5041 1411 5116 ’τιὴ-αι,
1431 5049 1841 5116 pi'qeseigantcs.

2069 3238 2272 3282 sortem
2305 3235 2359 3282 et
2380 3235 2586 3296 partem
2617 3225 2758 3280 inter
2781 3232 3002 3279 sanctos
3027 3235 3178 3282 suos,
3205 3229 3259 3273 et
3281 3218 3454 3273 nobis
3481 3217 3666 3270 vobis-

2069 3334 2217 3384 cum,
2249 3330 2304 3374 ct
2335 3317 2593 3374 omnibus
2621 3316 2716 3387 qui
2755 3323 2886 3370 sunt
2923 3314 3028 3370 sub
3055 3312 3213 3374 cmlo,
3250 3310 3350 3380 qui
3389 3305 3668 3362 credituri

2070 3418 2201 3465 sunt
2233 3409 2286 3462 in
2331 3408 2624 3462 Dominum
2664 3415 2916 3461 nostrum
2959 3403 3145 3458 Iesum
3190 3400 3488 3456 Christum
3530 3399 3665 3453 etin

2072 3503 2246 3572 ipsius
2268 3499 2510 3564 Patrem,
2533 3519 2552 3550 ‹
2577 3499 2671 3568 qui
2697 3496 3043 3553 resuscitavit
3071 3510 3195 3549 eum
3228 3508 3260 3548 a
3295 3493 3552 3546 mortuis
3565 3491 3664 3543 ".i

2071 3593 2179 3649 Pro
2224 3593 2480 3647 omnibus
2511 3590 2714 3646 sanctis
2756 3596 2932 3644 orate.
2965 3585 3131 3642 Orate
3162 3584 3331 3639 etiam
3373 3598 3486 3651 pro
3528 3581 3669 3650 regi-

2073 3686 2177 3742 bus
2223 3693 2279 3738 et
2326 3682 2687 3753 potestatibus
2726 3687 2782 3734 et
2829 3676 3168 3747 principibus
3211 3675 3296 3738 θ’,
3343 3682 3525 3740 atque
3570 3684 3667 3754 pro

2070 3775 2524 3849 persequentibus
2559 3782 2615 3828 et
2651 3771 2964 3826 odientibus
3000 3784 3096 3824 vos
3131 3769 3170 3833 ¹,
3194 3775 3250 3821 et
3274 3781 3378 3836 pro
3418 3763 3667 3818 inimicis

2070 3871 2282 3935 crucis;
2309 3880 2368 3923 ut
2393 3867 2607 3922 fructus
2635 3873 2814 3919 vester
2838 3861 3167 3917 manifestus
3193 3859 3267 3913 sit
3287 3857 3346 3911 in
3370 3856 3664 3919 omnibus,

2073 3972 2133 4021 ul.
2155 3964 2275 4019 sitis
2311 3963 2366 4018 in
2399 3962 2492 4017 illo
2525 3959 2772 4031 perfecti.

2967 4137 3122 4208 Apud
3158 4133 3484 4208 Eysebirgn,
3514 4129 3661 4208 ﬂist.

2897 4203 3030 4266 eccl.
3052 4224 3134 4272 ιιι,
3155 4205 3244 4260 56.
3258 4234 3330 4245 -
3347 4203 3665 4276 Ἐτράψαῖὲ

2904 4299 2994 4352 μοι
3026 4278 3120 4352 xei
3165 4277 3323 4352 ὑμεῖς
3356 4274 3468 4352 καῖ
3499 4274 3664 4352 Ἰγνά-

2899 4346 3032 4414 ιὶιος,
3065 4349 3153 4402 ἵνα
3185 4347 3278 4401 ἐὰν
3310 4361 3397 4407 τις
3422 4346 3665 4415 ἀπέρχῃ-

2902 4413 3002 4476 ταιν
3033 4421 3114 4482 εἰς
3167 4417 3391 4482 Συρίαν,
3447 4413 3561 4468 καὶὴ
3602 4413 3664 4464 τὰ

2903 4493 3032 4562 παρ’
3052 4487 3204 4562 ὑμῶν
3222 4483 3600 4562 (Nicephorius

2903 4507 3031 4562 παρ’
3052 4507 3204 4613 υῧων
3222 4507 3600 4553 ιιηιιιιςνηυι-ιιδ
3626 4507 3658 4533 ι.

2899 4578 3021 4632 cap.
3059 4561 3096 4639 1.
3131 4599 3146 4625 ,
3389 4552 3660 4639 ἀποκομιί-

2899 4623 3318 4705 σῇγράιὲμᾶτα·
3337 4623 3484 4696 ὅπερ
3514 4623 3663 4688 ποιή-

2902 4720 2980 4755 σω
3012 4704 3107 4770 (8).
3139 4697 3235 4770 ὲάγ
3273 4694 3427 4770 λάθει»
3473 4691 3659 4770 τραφὲν

2901 4761 3141 4835 εῠθέτὸν,
3165 4766 3275 4820 εἴτε
3298 4764 3444 4833 ἐγὼ..
3467 4761 3583 4817 sits
3605 4761 3659 4835 ὃν

2903 4841 3105 4912 πέμψω
3128 4829 3544 4910 ἶπρεσϐεὖσοντα
3573 4829 3658 4884 καὶ

2141 4144 2282 4200 XIII.
2339 4141 2650 4212 Scripsistis
2686 4140 2821 4212 mihi

2072 4229 2128 4274 et
2166 4232 2265 4270 vos
2299 4224 2355 4269 et
2390 4211 2652 4283 Ignatius,
2689 4211 2825 4283 utsi

2073 4288 2198 4356 quis
2222 4285 2367 4339 vadit
2386 4282 2453 4338 ad
2477 4283 2714 4353 Syriam,
2732 4282 2827 4334 de-

2076 4359 2215 4413 ferat
2249 4357 2459 4410 litteras
2495 4370 2665 4417 meas,
2691 4367 2830 4422 quas

2077 4430 2256 4484 fecero
2296 4425 2364 4480 ad
2404 4438 2523 4488 vos,
2551 4424 2596 4479 si
2627 4424 2830 4477 habue-

2079 4585 2231 4630 nutn,
2261 4566 2374 4621 sive
2397 4583 2518 4648 ego,
2554 4581 2648 4618 seu
2685 4566 2827 4631 lcga-

2077 4651 2164 4695 tus
2195 4649 2586 4707 quemlmsel'o
2615 4650 2713 4703 pro
2741 4648 2828 4687 v0—

2075 4711 2182 4764 bis.
2217 4704 2315 4777 ’(7)
2362 4704 2638 4775 Epistolas
2697 4717 2829 4777 sane

2075 4775 2292 4848 lguatii,
2322 4793 2446 4846 qua:
2491 4775 2829 4848 transmissae

2076 4847 2206 4907 sunt
2254 4848 2410 4902 vobis
2451 4849 2472 4880 ¹
2514 4847 2584 4899 ab
2629 4860 2730 4909 eo,
2777 4851 2830 4897 et

2775 4959 2819 4990 ει
2850 4960 2870 5011 ι
2903 4956 3050 5011 Petr.
3077 4971 3138 5021 ιι,
3159 4955 3254 5021 et,
3276 4954 3370 5008 es.
3450 4954 3504 4986 ει
3540 4949 3652 5021 Phi-

2476 5033 2522 5064 ⁸⁸
2545 5018 2619 5084 ἀι.
2653 5029 3087 5085 considerantes.
3124 5018 3133 5021 ’
3179 5018 3274 5078 ⁸⁷’1
3303 5024 3453 5078 Petr.
3485 5037 3545 5086 ιι,
3570 5018 3651 5072 12.

3030 5099 3075 5130 ⁸⁸
3104 5096 3182 5152 al.
3230 5095 3370 5162 Quis
3417 5095 3647 5166 ignorat.

393 5189 439 5220 η
468 5159 758 5249 Nihili:
779 5159 862 5239 '2."
897 5159 2056 5252 ’θ’ἰῖιῆιῖιῖρῖἐἷ”ὀῐὶιι.γέεῐνρἱιὶζγῗρξεὲι.
2088 5159 2249 5244 ιν,
2313 5174 2360 5208 οε
2389 5159 2589 5244 s'pbes'.
2621 5159 2847 5239 mss;
2889 5159 3379 5224 "al.credidérit.
3440 5159 3508 5199 *σε
3534 5159 3647 5217 Gal.

395 5273 412 5312 ι
439 5297 454 5322 ,
490 5257 542 5312 1.
618 5255 708 5307 9'1
734 5248 878 5310 Tim.
911 5271 971 5321 II,
1005 5253 1060 5308 2.
1123 5248 1372 5307 TMatth.
1393 5269 1446 5318 ν,
1477 5251 1567 5305 44.
1642 5252 1663 5282 ³
1684 5249 1726 5318 Ῑ.
1753 5248 1936 5302 nobis.

469 5369 547 5440 (6)
591 5368 656 5423 1η
703 5367 942 5421 omnibus
983 5365 1269 5440 Ecclesiis,
1305 5377 1422 5433 quae
1463 5361 1634 5416 Deum
1667 5358 1797 5440 θοις
1845 5365 1970 5411 tunc

396 5427 779 5508 coqiioverant;
813 5453 907 5490 nos
936 5427 1364 5508 autem_i_tondt_tin
1395 5446 1723 5508 noveramus.
1750 5427 1852 5484 Per
1876 5445 1970 5482 nos

399 5500 769 5580 Polycarpum
802 5504 1382 5580 ititelligit_Usset'itts.
1437 5502 1546 5580 Ego
1587 5500 1968 5571 Smyrnenses.

403 5573 534 5648 Υἱόέ
561 5573 680 5648 cap.
707 5579 761 5633 ‘5.
787 5578 926 5632 Cor.
945 5573 1016 5617 —'
1033 5575 1144 5648 Nos
1173 5584 1349 5648 autem
1378 5573 1610 5626 nondum
1641 5583 1974 5648 noveramus.

403 5638 739 5703 Vixissc'his
785 5650 969 5702 verbis
1004 5663 1062 5702 se
1101 5646 1313 5707 innuit,
1343 5659 1468 5697 cum
1503 5656 1633 5697 suas
1668 5640 1871 5692 Paulus
1905 5638 1975 5692 ad

406 5717 681 5772 Ecclesias
719 5719 936 5786 scripsit
979 5717 1270 5786 epistolas,
1309 5715 1433 5768 licet
1473 5708 1976 5786 nondum_Cliristo

2077 5367 2252 5425 usque
2282 5351 2484 5425 Christi
2509 5349 2774 5425 Iﬁ9,_quo
2791 5347 3119 5425 martyrium
3143 5344 3539 5425 subiit,_vitam
3570 5343 3647 5396 illo

2077 5413 3095 5495 produxerit;admodumlougtevum
3138 5417 3296 5495 illum
3346 5413 3520 5470 fuisse
3558 5431 3644 5495 nc-

2078 5483 2234 5550 cesse
2265 5503 2370 5558 est,
2409 5483 2481 5546 de
2519 5507 2631 5560 quo
2671 5491 2724 5544 in
2773 5483 3548 5560 PrmloquioLStnyrnteorum
3587 5483 3645 5537 de

2079 5581 2306 5620 excessu
2341 5554 2514 5633 ipsius
2539 5554 2792 5633 Epistula:
2825 5554 3358 5633 praelixogtdiximus.
3387 5554 3582 5612 Ussss.

2145 5636 2226 5705 (7)
2257 5627 2504 5695 Photius,
2547 5627 2839 5705 B'ibliatltJ
2866 5629 2990 5682 cod.
3014 5627 3158 5705 _126.

2281 5691 2530 5783 Tdhsraj?‘
2559 5701 2725 5783 ἡμῶν
2764 5691 3107 5783 (tangito?)
3145 5691 3490 5783 τράέιματξι,
3516 5695 3642 5783 ὄξει)

415 5763 936 5845 ιιυιιιθῖῗῖιθδίὲξᾶ..
969 5763 1637 5858 Ᾰγιίίιῖνίέιιιιιδιίθξὸιιῶ
1670 5763 1744 5838 ad
1780 5792 1984 5835 annum
2065 5763 2318 5847 ποίήέγω.
2353 5775 2461 5832 Pro
2474 5763 2666 5847 "eam,
2695 5774 2747 5828 in
2777 5763 3524 5842 Nicepl'toro'et'quibusdam
3548 5763 3641 5817 liu-
