3806 6208
380 319 520 411 1023

1543 358 1602 414 S.
1648 355 2037 414 POLYCARPI
2085 357 2449 414 MARTYRIS

3513 361 3649 416 ωει

378 472 473 542 qui
499 472 682 526 omnia
707 488 737 527 a
772 470 832 527 Β.
865 473 1076 529 Joanne
1105 483 1249 535 acta.
1283 483 1544 547 tanquam
1569 475 1692 548 ejus
1714 476 1958 548 diseipu-
1986 482 2034 540 Α
2060 477 2303 549 gravius,
2353 477 2702 542 accedamus,
2751 476 2898 548 quod
2937 475 2994 532 in
3041 476 3350 546 fragmento
3406 480 3654 532 secundo

379 564 486 632 lus,
515 564 600 619 vel
629 565 844 620 videbat
885 568 1023 636 ipse,
1055 569 1137 622 vel
1169 583 1234 622 ex
1257 584 1324 623 eo
1347 569 1622 635 audiebat,
1661 570 1748 625 vel
1778 586 1843 626 cx
1867 585 1960 626 co-

379 657 604 713 mitibus
653 659 990 723 addiscebat,
1038 661 1370 730 scripsisset,
1404 661 1619 732 legitur,
1663 664 1820 732 quasi
1859 662 1960 717 sci-

378 747 527 813 licet,
557 747 607 801 id
641 764 748 802 non
787 750 1006 806 aliunde
1032 767 1196 822 quam
1229 767 1296 806 ex
1322 752 1476 808 libris
1508 753 1703 819 sciret;
1738 753 1831 808 sed
1857 768 1959 822 po-

382 839 492 894 tius
544 839 867 909 simplicitcr
914 851 1080 912 atque
1147 844 1398 899 absolute
1449 843 1680 900 dixisset
1740 863 1756 900 :
1807 845 1960 900 Idem

375 928 610 984 Joannes
641 931 698 985 in
722 933 867 986 dolio
908 934 1156 1003 ferventis
1199 935 1321 999 olei,
1371 935 1572 991 Christi
1617 939 1825 992 nomine
1869 939 1960 992 de-

379 1039 584 1078 mersus
633 1025 738 1094 fuit
789 1040 808 1079 :
854 1027 1000 1096 quod
1055 1027 1217 1097 longe
1250 1029 1514 1098 majorem
1559 1031 1667 1084 vim
1711 1031 1957 1098 haberet,

375 1132 541 1188 quam
571 1118 714 1174 istud
743 1119 960 1190 legitur.
983 1120 1080 1176 Est
1101 1124 1248 1178 enim
1280 1124 1397 1179 haec
1421 1140 1526 1180 vox
1549 1125 1618 1181 de
1643 1125 1808 1181 rebus
1833 1136 1960 1182 ante

377 1217 565 1263 nostra
590 1218 832 1276 tempora
859 1213 1167 1282 praeteritis,
1191 1229 1300 1268 non
1330 1231 1462 1270 vero
1492 1215 1561 1271 de
1605 1216 1673 1272 iis
1705 1232 1828 1286 qua:
1861 1233 1960 1270 no-

376 1307 488 1356 stra
522 1303 806 1371 memoria,
851 1305 1122 1375 nobisque
1151 1307 1461 1364 viventibus
1487 1317 1542 1364 et
1577 1307 1692 1364 fere
1722 1309 1959 1364 videnti-

377 1391 500 1458 bus,
530 1395 676 1449 circa
707 1397 914 1452 amicos
945 1407 1167 1454 nostros
1201 1407 1256 1454 et
1299 1400 1592 1470 magistros
1619 1401 1892 1456 accidunt.
1935 1421 1953 1452 ι

375 1480 502 1538 ﬂa:c
552 1482 882 1543 Halloixius.
934 1487 998 1544 Et
1030 1499 1179 1544 recte
1208 1505 1362 1545 sane.
1408 1490 1544 1546 Hinc
1571 1492 1726 1547 locus
1760 1493 1850 1546 ille
1875 1494 1960 1548 vel

374 1589 439 1628 ex
475 1571 814 1631 Tertulliano
841 1578 981 1648 (l7),
1013 1580 1099 1635 vel
1141 1596 1208 1635 ex
1245 1579 1577 1653 Hieronymo
1611 1583 1704 1653 qui
1742 1583 1812 1638 ab
1858 1584 1961 1638 hoc

375 1667 644 1738 scriptore
689 1668 952 1726 Africano
987 1688 1109 1728 eam
1161 1675 1532 1730 narrationem
1567 1679 1782 1746 accepit
1820 1678 1958 1746 (l8),

374 1760 590 1814 videtur
617 1761 885 1832 adjectus.
923 1763 1063 1830 Quid
1101 1781 1229 1820 vero
1266 1767 1312 1822 si
1353 1767 1657 1822 membrum
1692 1769 1844 1834 illud,
1890 1771 1960 1824 ah

374 1852 549 1908 aliena
588 1869 751 1908 manu
783 1871 893 1910 orae
921 1856 1128 1913 codicis
1151 1857 1323 1914 Grzeci
1346 1874 1459 1929 quo
1481 1874 1616 1915 usus
1652 1869 1738 1916 est
1775 1860 1962 1916 Victor

373 1945 657 2012 additum,
712 1946 981 2018 interpres
1019 1950 1217 2006 exinde
1275 1951 1422 2006 aliud
1473 1966 1642 2020 agens
1700 1954 1753 2007 in
1804 1969 1960 2008 suam

376 2034 686 2090 versionem
720 2035 1002 2094 intulerit?
1033 2038 1174 2105 Quid
1215 2040 1260 2095 si
1307 2040 1588 2109 librarius,
1622 2041 1878 2097 Catenam
1929 2059 1962 2099 a

375 2123 598 2181 Victore
638 2125 832 2182 Latine
895 2131 1166 2185 redditam
1221 2131 1572 2198 exscribens,
1615 2141 1781 2204 atque
1821 2135 1960 2189 idem

379 2219 686 2274 membrqu
722 2222 866 2292 quod
901 2223 1098 2293 aliquis
1123 2225 1369 2282 eruditus
1409 2225 1639 2296 margini
1681 2227 1959 2296 adiecerit,

375 2310 647 2380 pcrtinere
698 2311 766 2372 ad
822 2329 985 2368 suum
1030 2323 1238 2369 textum
1291 2315 1638 2385 existimans,
1693 2316 1748 2372 in
1797 2332 1962 2372 suum

375 2402 654 2472 exemplar
693 2403 1096 2474 conjiciendum
1132 2407 1381 2476 putarit?

447 2495 609 2551 Aliud
636 2497 862 2566 insuper
885 2514 1117 2553 censura
1150 2499 1446 2554 notandum
1474 2499 1528 2554 in
1570 2499 1656 2556 his
1683 2498 1962 2572 fragmen3

378 2586 450 2641 tis
495 2587 770 2644 detexisse
820 2589 924 2645 sibi
969 2589 1184 2644 videtur
1215 2588 1494 2655 Usserius,
1525 2607 1830 2662 eorumque
1864 2607 1962 2646 au-

377 2687 580 2736 ctorem
634 2681 989 2752 ἀκυρολογεῖν
1043 2683 1398 2752 pronuntiat,
1455 2684 1586 2738 dum
1649 2683 1704 2738 in
1767 2684 1961 2755 quinto

374 2769 656 2826 Christum
682 2774 854 2827 crucis
876 2772 1128 2828 vexillum
1145 2775 1504 2830 conscendisse
1528 2776 1740 2831 scribit.
1759 2795 1777 2827 ο
1803 2775 1960 2842 Nam,

377 2865 474 2927 ait,
507 2866 704 2934 gestari
725 2865 946 2936 quidem
977 2867 1234 2922 vexillum
1265 2869 1449 2923 crucis
1495 2882 1603 2922 non
1649 2868 1818 2925 semel
1861 2883 1962 2923 au-

377 2953 646 3019 divimus;
680 2955 773 3010 sed
801 2973 1138 3012 conscensum
1179 2973 1209 3012 a
1247 2958 1469 3014 Christo
1504 2959 1672 3016 fuisse
1702 2960 1957 3015 vexillum

379 3045 535 3112 illud,
593 3047 785 3102 nullibi
830 3048 1008 3105 adhuc
1055 3050 1386 3106 invenimus.
1430 3069 1449 3102 ι
1501 3051 1570 3105 At
1606 3051 1710 3107 hoc
1739 3052 1960 3107 demum

2061 577 2216 624 notat
2265 567 2650 623 Tillemoutius
2687 567 2835 637 (l9);
2877 569 2969 624 ubi
2999 568 3168 623 fertur
3200 566 3448 622 Jacobus
3484 567 3657 623 Joan-

2062 659 2150 714 nis
2176 657 2364 725 frater,
2394 660 2708 713 novissimus
2742 659 3006 731 martyrio
3035 659 3316 725 sublatus;
3341 659 3445 729 qui
3468 669 3653 713 tamen

2060 753 2265 818 primus
2295 751 2438 806 inter
2472 750 2750 821 apostolos
2799 766 2900 822 pro
2940 750 3162 808 Christo
3200 751 3534 821 sanguinem
3561 750 3654 804 fu-

2060 844 2208 900 disse
2260 845 2620 916 perhibetur:
2697 853 2759 898 ut
2800 845 3027 915 proinde
3061 845 3332 901 sententia
3375 844 3658 913 ejusmodi

2060 933 2364 1005 Polycarpo
2409 948 2639 1004 prorsus
2665 933 2890 1004 indigna
2917 932 3182 987 videatur.
3208 929 3418 986 Verum
3450 946 3518 984 ne
3551 929 3657 984 ista

2059 1027 2278 1097 quidem
2331 1025 2566 1096 objectio
2615 1025 2896 1096 negotium
2955 1025 3126 1079 ullum
3170 1022 3451 1078 facessere
3497 1037 3660 1076 eom-

2061 1117 2291 1187 peritur.
2315 1115 2528 1187 Agesis,
2583 1115 2669 1171 fac
2699 1116 2943 1182 demum,
2974 1115 3028 1170 in
3055 1131 3158 1171 suo
3185 1123 3336 1170 textu
3383 1115 3662 1182 ἔσχατοι·

2062 1209 2258 1279 legisse
2300 1209 2690 1278 interpretem;
2746 1223 2910 1278 quam
2958 1208 3178 1278 quidem
3228 1221 3429 1262 vocem
3487 1207 3662 1260 obvio

2061 1318 2224 1359 sensu
2288 1309 2568 1370 acceptam
2595 1340 2612 1366 ,
2671 1301 3016 1354 novissimum
3079 1298 3272 1354 Latine
3309 1297 3659 1353 reddendam

2060 1394 2324 1450 duxerit:
2367 1408 2436 1446 an
2484 1392 2606 1446 ideo
2659 1392 2843 1446 statim
2884 1390 3090 1446 erroris
3135 1389 3458 1461 arguendus
3489 1389 3664 1460 Frag—

2061 1496 2371 1542 mentorum
2414 1485 2642 1540 auctor?
2700 1483 2815 1538 lmo
2845 1498 2973 1538 vero
3015 1482 3105 1536 ille
3146 1482 3470 1537 rectissime
3519 1482 3662 1536 scri-

2061 1579 2254 1650 pserit,
2279 1577 2542 1633 Jacobum
2557 1577 2821 1647 ἕσχατον
2843 1574 3106 1646 martyrio
3122 1582 3545 1643 consumptum,
3562 1588 3661 1628 ea-

2061 1686 2168 1742 que
2200 1685 2307 1725 vox
2337 1668 2595 1724 vertenda
2635 1667 2801 1722 fuerit
2832 1669 3083 1736 primum,
3112 1682 3220 1720 non
3252 1676 3448 1720 autem
3484 1667 3664 1718 novis-

2062 1763 2276 1815 simum.
2304 1759 2512 1814 Vadem
2531 1757 2677 1814 ultro
2705 1758 2792 1813 hic
2814 1773 2938 1814 sese
2959 1756 3093 1811 mihi
3115 1758 3277 1813 oﬂ'ert
3303 1755 3660 1827 Hesychius:

2067 1853 2374 1921 Ἐσχατον
2401 1859 2473 1892 =
2499 1848 2734 1921 πρῶτον.
2767 1847 3018 1903 Glossam
3068 1845 3482 1920 Hesychianam
3532 1859 3666 1900 con-

2062 1944 2379 1999 ﬁrmaturus
2416 1941 2666 1997 eruditus
2712 1940 3048 1996 Abresehius
3077 1939 3132 1996 in
3177 1938 3413 1996 Miscell.
3455 1937 3667 1995 Pinda-

2065 2051 2189 2092 rum
2203 2035 2409 2092 excitat
2435 2033 2517 2090 sic
2550 2033 2865 2104 loquentem
2891 2033 3006 2104 (20)
3033 2052 3048 2087 :

2449 2167 2772 2238 ἁμιλλᾶται
2803 2167 2939 2236 περὶ

2294 2258 2603 2330 Ἔσχάτων
2616 2257 2848 2316 ἀέθλων
2871 2263 3176 2329 κορυφαίᾴ

2129 2391 2348 2451 Videsis
2385 2400 2736 2463 praestantem
2791 2389 3048 2464 Hesychii
3109 2390 3442 2459 editionem,
3504 2405 3538 2446 a
3587 2390 3660 2448 cl.

2062 2485 2275 2540 Joanne
2301 2483 2510 2539 Alberti
2557 2483 2880 2538 adornatam
2923 2483 3061 2553 (2|).
3100 2482 3176 2536 Ex
3208 2482 3417 2553 quibus
3465 2481 3662 2552 liquet,

2063 2575 2262 2630 horum
2290 2573 2724 2645 fragmentorum
2771 2574 3084 2629 auctoritati
3127 2589 3323 2644 parum
3376 2583 3483 2628 aut
3524 2574 3663 2628 nihil

2065 2667 2287 2723 oflicere
2315 2683 2436 2737 quae
2461 2665 2828 2736 objiciuntur;
2854 2680 3028 2736 eaque
3065 2665 3287 2720 demum
3323 2672 3383 2718 ut
3414 2664 3534 2718 vim
3566 2664 3665 2718 ha-

2062 2760 2260 2815 berent
2309 2759 2574 2830 aliquam,
2623 2773 2655 2813 e
2703 2757 2893 2813 Graeco
2945 2757 3132 2828 potius
3168 2764 3321 2812 textu
3370 2772 3552 2827 quam
3595 2772 3660 2812 ex

2068 2853 2319 2909 versione
2346 2860 2529 2907 essent
2552 2850 2884 2906 definienda.

2137 2965 2408 3021 Caeterum
2454 2963 2502 3020 si
2560 2962 2690 3033 quid
2730 2958 3412 3030 adhuclanimadvertere
3476 2959 3662 3023 liceat,

2066 3055 2371 3126 putaverim
2413 3053 2667 3122 equidem
2713 3053 3013 3122 fragmenta
3057 3050 3149 3105 illa
3178 3065 3304 3106 esse
3343 3047 3665 3119 Responsio-

379 3139 514 3194 tanti
545 3154 653 3194 non
683 3151 788 3206 est,
813 3150 872 3196 ut
901 3157 963 3195 ea
1003 3142 1070 3196 de
1103 3158 1266 3198 causa
1298 3141 1601 3213 fragmenta
1632 3145 1720 3198 illa
1745 3145 1962 3214 penitus
1989 3172 2031 3229 ο
2069 3163 2195 3202 num
2219 3155 2498 3217 excerpta,
2532 3154 2592 3200 ut
2618 3148 2726 3200 fert
2758 3144 2978 3214 quidem
3030 3143 3340 3212 inscriptio,
3367 3157 3521 3212 quas
3557 3141 3662 3195 Po-

379 3229 675 3300 rejicienda
701 3233 829 3303 quis
857 3232 982 3304 jure
1005 3233 1247 3290 deﬁniat.
1274 3233 1489 3290 Nullam
1521 3245 1669 3290 certe
1699 3237 1963 3308 ἁκυρολο-

379 3321 506 3389 γίαν
550 3323 751 3378 ibidem
816 3325 1052 3380 advertit
1093 3327 1318 3383 Grotius
1359 3328 1446 3382 vir
1490 3343 1763 3387 summus.
1817 3330 1962 3399 Quid

380 3430 548 3485 porro
571 3415 617 3470 si
658 3415 846 3472 Graece
876 3419 1156 3489 scripserit
1177 3419 1431 3490 σημεῖον
1459 3419 1816 3494 Polycarpus,
1842 3441 1965 3477 cru-

379 3524 493 3562 cem
534 3509 864 3581 intelligens,
903 3522 1068 3582 atque
1101 3513 1228 3568 huic
1267 3516 1388 3570 voci
1418 3516 1645 3571 verbum
1672 3529 1965 3572 consenta-

381 3617 545 3656 neum
590 3604 831 3674 aptarit?
876 3603 967 3661 Sic
1012 3622 1144 3661 sane
1185 3608 1400 3664 locutus
1454 3619 1540 3665 est
1586 3610 1862 3666 Barnabas
1908 3610 1962 3664 in

384 3691 559 3764 Epist.
612 3711 733 3766 cap.
789 3697 877 3752 l2.
931 3697 1024 3754 Sic
1076 3700 1205 3754 item
1259 3700 1502 3772 lgnatius
1550 3703 1604 3757 in
1665 3701 1838 3771 Epist.
1895 3702 1961 3756 ad

385 3785 608 3858 Smyrn.
650 3804 772 3858 cap.
820 3791 888 3855 1,
947 3791 1038 3846 ubi
1094 3793 1317 3862 phrasin
1388 3795 1578 3863 αἴρειν
1637 3795 1964 3864 σύσσημον

383 3888 616 3948 usurpat
667 3877 724 3934 S.
788 3879 992 3952 Martyr
1046 3900 1060 3937 :
1121 3883 1466 3952 σύσσημον,
1527 3885 1774 3954 inquam,
1817 3884 1964 3954 quod

385 3967 655 4042 Hesychio
702 3981 756 4028 et
805 3971 989 4029 Suidze
1031 3987 1115 4030 est
1161 3975 1430 4046 σημεῖον.
1467 3975 1583 4032 Hoc
1619 3978 1804 4046 itaque
1853 3974 1967 4030 for-

384 4072 533 4119 tasse
583 4066 830 4122 imitatus
868 4078 1092 4122 sanctus
1134 4065 1487 4139 Smyrnensis
1545 4067 1797 4134 antistes,
1849 4067 1967 4138 pari

2064 3243 2339 3314 lycarpus,
2364 3257 2396 3297 a
2433 3242 2549 3297 suis
2582 3243 2968 3310 interrogatus,
2998 3238 3112 3292 sive
3142 3236 3524 3306 praesentibus
3552 3237 3664 3291 sive

2065 3334 2406 3398 absentibus,
2435 3334 2600 3391 edere
2629 3339 3027 3396 consueverat;
3054 3344 3286 3398 quaeque
3326 3329 3573 3398 proinde
3597 3328 3664 3382 ab

2065 3427 2254 3497 aliquo
2299 3427 2384 3481 vel
2429 3425 2744 3481 auditorum
2798 3425 2881 3478 vel
2906 3437 3095 3477 eorum
3129 3421 3332 3491 quibus
3372 3420 3506 3488 ejus
3546 3420 3662 3489 epi-

2066 3520 2220 3574 SlOliP
2247 3518 2711 3583 inscribebantur,
2753 3515 3007 3584 deinceps
3061 3521 3306 3581 excepta;
3344 3510 3564 3566 fuerint
3603 3525 3665 3565 ac

2066 3611 2265 3666 litteris
2317 3609 2547 3665 traditae.
2595 3608 2876 3678 Siquidem
2919 3608 3111 3661 beatus
3149 3605 3240 3660 ille
3276 3604 3526 3659 antistes
3558 3604 3664 3673 ple-

2065 3717 2298 3772 rumque
2319 3702 2501 3755 sedens
2525 3698 2837 3759 disserebat.
2872 3706 3025 3767 atque
3062 3699 3131 3748 ad
3169 3694 3430 3764 populum
3463 3710 3667 3747 sermo-

2068 3793 2400 3849 nes'habebat
2433 3811 2447 3846 :
2481 3790 2857 3862 Καθεζόμενος
2896 3787 3185 3856 διελέγετο,
3225 3785 3322 3838 καὶ
3353 3784 3455 3848 τὰς
3485 3784 3664 3838 διαλέ-

2070 3888 2182 3954 ξεις
2214 3888 2450 3940 ἐποιεῖτο
2484 3885 2623 3956 πρὸς
2666 3882 2729 3935 τὸ
2763 3880 2988 3952 πλῆθος,
3031 3889 3090 3933 ιιι
3125 3893 3229 3933 nos
3292 3877 3498 3931 edocet
3556 3877 3662 3930 Ire-

2073 3995 2222 4035 nazus
2263 3967 2537 4048 αὐτόπτης
2579 3974 2722 4046 (2‘2);
2761 3975 2854 4045 qui
2885 3984 2940 4029 et
2969 3974 3146 4044 ipsum
3187 3971 3252 4023 ad
3285 3971 3574 4039 quosdam
3600 3983 3665 4022 ex

2069 4069 2333 4125 fratribus
2356 4069 2620 4138 epistolas
2643 4066 2947 4121 missitasse
2970 4063 3168 4118 ibidem
3190 4060 3378 4115 refert.
3408 4059 3662 4122 Accedit,

385 4157 641 4227 loquendi
675 4158 889 4214 ratione
927 4175 1065 4215 usus
1093 4160 1280 4227 fuerit,
1310 4178 1474 4233 quam
1505 4162 1687 4218 minus
1722 4161 1971 4233 apposite
2069 4161 2375 4232 fragmenta
2426 4161 2514 4215 illa
2558 4159 2742 4214 saeculi
2768 4157 3050 4226 apostolici
3075 4152 3292 4224 genium
3323 4151 3660 4220 exprimere,

385 4251 684 4307 reddiderit
710 4263 867 4308 vetus
898 4254 1190 4324 interpres.

2073 4270 2305 4324 eamque
2343 4253 2751 4324 simplicitatem
2797 4264 2990 4321 sapere
3020 4263 3183 4318 quam
3226 4245 3475 4314 ipsemet
3510 4241 3664 4313 Poly-

460 4343 685 4412 Verum,
720 4345 807 4401 his
849 4346 1058 4414 missis,
1101 4348 1169 4403 ad
1213 4347 1345 4405 illud
1396 4350 1602 4420 potius,
1647 4359 1699 4406 et
1748 4349 1966 4422 quidem
2004 4339 2046 4395 D
2075 4349 2224 4419 carpi
2252 4347 2495 4418 Epistola
2523 4347 2732 4417 spirare
2757 4342 3118 4415 dignoscitur.

461 4499 578 4574 (l7)
619 4502 848 4561 Tertull.
885 4503 958 4558 De
991 4503 1323 4574 Prwscript.,
1347 4521 1469 4574 cap.
1500 4504 1590 4559 56.

459 4573 574 4644 (18)
616 4574 837 4631 Hieron.
869 4576 990 4630 adv.
1024 4573 1228 4641 Jovin.,
1264 4577 1358 4632 lib.
1387 4573 1427 4642 ιζ
1455 4592 1576 4644 cap.
1606 4575 1696 4630 ’26.

463 4642 577 4717 tl?)
616 4645 1020 4717 TillemLMém.
1053 4648 1206 4708 eccl.,
1233 4655 1366 4717 tom.
1401 4646 1463 4714 ll,
1491 4642 1542 4717 pi
1578 4645 1705 4714 655,
1739 4652 1852 4700 nol.
1877 4645 1932 4701 4.

461 4713 576 4779 (20)
617 4713 774 4771 Pind.
805 4715 961 4771 Nem.
987 4718 1078 4771 od.
1108 4734 1162 4783 ι,
1195 4716 1285 4773 59.

2147 4502 2690 4577 (il)~llesych.iedit.
2710 4501 2834 4577 _Al_h_.
2871 4509 3006 4577 tom.
3040 4495 3082 4557 l.
3113 4496 3228 4577 col;
3252 4493 3416 4577 M75,
3448 4492 3656 4577 περι-ρ.

2295 4561 2451 4647 lreu:
2467 4576 2624 4644 epist.
2650 4573 2719 4628 ad
2755 4571 2988 4638 Florin.,
3023 4567 3163 4639 apud
3188 4565 3419 4632 Euseb.,
3455 4561 3537 4618 Π.
3569 4561 3657 4631 Ε..

2071 4644 2169 4707 lib;
2197 4644 2248 4718 v,
2275 4661 2397 4718 cap.
2425 4644 2517 4701 eo.
