3806 6208
126 324 256 380 ms
1386 375 1389 377 _
1565 288 1993 367 FRAGMENTA
3234 299 3384 377 toto

144 506 3366 549 Μ

1213 664 2188 832 ῬΒΑΟΜΕΝΤΑ

740 1015 785 1070 E
834 1011 1370 1068 BESPONSIONUM
1416 1005 1784 1065 CAPITULIS
1815 1005 1873 1060 S.
1906 1003 2329 1061 POLYCARPO
2358 1001 2750 1068 ASCRIPTIS,

701 1215 972 1280 Victoris
1005 1211 1285 1292 episcopi
1313 1210 1606 1289 Capitoni
1641 1208 1891 1271 Catena:
1919 1209 1988 1270 in
2015 1227 2080 1270 ιν
2101 1204 2534 1288 Eeangelistqs
2565 1207 2830 1268 inserta.

1708 1439 1794 1493 >1.

203 1625 494 1681 Mattheus
547 1622 839 1678 Dominum
893 1621 1100 1676 dixisse
1151 1627 1386 1675 testatur
1438 1618 1497 1687 ³,
1563 1617 1709 1690 quod
1738 1617 2174 1687 Ainspiratione
2217 1614 2400 1670 divina
2434 1611 2800 1685 prophetavit,
2849 1610 2966 1682 ipse
3003 1625 3034 1666 a
3076 1609 3263 1684 Moyse
3298 1611 3404 1667 hoc

139 1717 341 1790 Moyses
369 1717 566 1772 scribit
597 1716 769 1770 Adam
824 1714 1069 1769 locutum
1127 1711 1298 1767 fuisse
1351 1714 1453 1766 hoc
1506 1711 1711 1766 modo:
1819 1710 2028 1766 dixisse
2077 1707 2334 1764 refertur.
2375 1707 2519 1764 Deus
2562 1721 2692 1760 vero
2738 1705 2831 1775 qui
2863 1720 2959 1775 per
2986 1704 3403 1775 inspirationem

147 1830 164 1862 ι
202 1808 312 1864 [loc
357 1824 509 1864 nunc
540 1824 605 1863 os
645 1823 712 1862 ex
744 1807 967 1862 ossibus
1004 1806 1163 1870 meis,
1217 1813 1270 1859 et
1295 1819 1422 1860 caro
1454 1820 1522 1859 ex
1551 1818 1718 1859 carne
1821 1803 2063 1858 divinam
2114 1802 2169 1854 in
2200 1800 2366 1855 corde
2407 1798 2579 1853 Adam
2625 1799 2726 1852 ista
2757 1799 2924 1853 verba
2959 1796 3250 1865 formavit,
3289 1797 3408 1866 ipse

143 1917 296 1958 mea:
336 1909 564 1971 propter
599 1901 704 1954 hoc
728 1900 1002 1969 relinquet
1041 1898 1207 1951 homo
1249 1905 1457 1967 patrem
1507 1904 1562 1950 et
1600 1911 1720 1950 ma-
1822 1894 1986 1950 Pater
2022 1910 2052 1949 a
2097 1893 2332 1948 Domino
2353 1901 2497 1947 recte
2532 1892 2748 1947 locutus
2777 1889 2947 1946 fuisse
2984 1890 3234 1945 refertur.
3266 1889 3403 1944 Nam

143 2002 273 2048 trem
303 1992 362 2060 ⁵,
403 2011 422 2045 ι
462 2002 570 2048 etc.
629 1989 734 2047 Sed
779 1989 1116 2046 concordant
1145 1986 1362 2043 Domini
1393 1987 1558 2041 verba
1593 2002 1718 2042 cum
1823 1995 1879 2041 et
1923 1985 2096 2040 Adam
2135 1985 2278 2039 hanc
2326 1983 2664 2055 prophetiam
2697 1983 2961 2053 protulit;
3009 1991 3066 2038 et
3103 1981 3265 2038 Pater
3307 1980 3406 2052 qui

144 2085 302 2160 Moysi
336 2085 731 2154 sermonibus;
779 2082 876 2155 qui
922 2081 1098 2138 Adam
1141 2079 1390 2152 praebens
1434 2079 1672 2136 oilicium
1701 2119 1718 2148 ,
1826 2093 1952 2135 eum
1984 2078 2289 2150 inspiravit,
2319 2086 2466 2134 recte
2496 2076 2698 2134 dicitur
2723 2076 3035 2148 protulisse.

656 2419 810 2484 lusu.
847 2419 919 2475 ad
940 2418 1051 2476 lucc
1073 2419 1234 2476 verba
1253 2417 1485 2476 Christi:
1519 2436 1540 2471 ι
1575 2416 1809 2474 Calicem
1847 2433 2019 2472 meum
2049 2415 2256 2485 bibetis,
2291 2436 2311 2470 ι
2339 2424 2444 2472 etc.
2484 2413 2703 2488 (Matth.
2727 2431 2822 2484 xx,
2851 2414 2971 2485 25.)

201 2573 297 2630 Per
327 2576 653 2647 hujusmodi
685 2584 875 2647 potum
899 2614 916 2642 ,
967 2575 1242 2645 significat
1279 2573 1615 2645 passionem.
1663 2570 1731 2628 Et

151 2666 399 2724 Jacobum
443 2669 673 2740 quidem
725 2669 1089 2725 novissimum
1159 2667 1421 2741 martyrio
1470 2681 1730 2723 consum-

154 2761 430 2828 mandum;
465 2760 694 2816 fratrem
730 2775 860 2816 vero
899 2761 1020 2831 ejus
1057 2757 1328 2814 Joannem
1368 2759 1730 2814 transiturum

155 2852 346 2922 absque
377 2852 678 2923 martyrio:
710 2851 963 2922 quamvis
994 2860 1049 2906 et
1077 2849 1396 2905 aﬂlictiones
1443 2846 1732 2918 plurimas,

155 2952 202 2997 et
219 2943 403 2998 exsilia
424 2943 744 2999 toleraverit
761 2962 776 3012 ;
796 2943 890 2999 sed
908 2951 1265 3012 praeparatam
1291 2939 1556 3020 martyrio
1579 2953 1736 2993 men-

158 3043 273 3100 lem,
306 3036 561 3092 Christus
594 3043 888 3106 martyrem
915 3034 1173 3106 judicavit
1206 3033 1250 3088 ⁸.
1283 3031 1420 3087 Nam
1454 3029 1734 3102 apostolus

158 3125 364 3195 Paulus,
398 3143 418 3180 ι
455 3124 716 3193 Quotidie
746 3123 968 3196 (inquit)
998 3122 1206 3179 morior
1229 3121 1279 3178 οε
1315 3138 1337 3173 δ
1366 3119 1497 3175 dum
1524 3118 1735 3190 impos-

1791 2617 1798 2621 .
1835 2573 1993 2629 sibile
2041 2571 2116 2627 sit
2143 2571 2386 2647 quotidie
2421 2572 2560 2628 mori
2603 2571 2882 2627 hominem
2928 2584 2994 2625 ea
3039 2579 3253 2634 morte,
3302 2582 3410 2636 qua

1835 2667 2008 2724 semel
2034 2668 2142 2722 vita
2171 2667 2286 2722 haec
2325 2666 2533 2721 linitur.
2573 2664 2678 2721 Sed
2701 2663 2962 2736 quoniam
2989 2677 3089 2734 pro
3119 2661 3414 2733 Evangelia

1835 2760 1904 2815 ad
1948 2769 2181 2814 mortem
2209 2758 2413 2830 jugiter
2445 2767 2563 2812 erat
2601 2765 2958 2827 praeparatus,
2993 2769 3053 2811 se
3095 2753 3236 2810 mori
3274 2769 3414 2824 quo.

1837 2853 1966 2909 tidie
2000 2852 2105 2908 sub
2152 2867 2216 2908 ea
2261 2850 2657 2920 significatione
2687 2857 2916 2905 testatus
2949 2855 3052 2904 est.
3091 2845 3315 2916 Legitur
3361 2853 3419 2901 et

1835 2948 1892 3002 in
1919 2945 2068 3000 dolio
2107 2944 2368 3000 ferventis
2402 2943 2529 3008 olei,
2572 2957 2673 3013 pro
2700 2940 2924 2998 nomine
2964 2937 3192 3008 Christi,
3220 2937 3418 2994 beatus

1835 3044 2075 3102 Joannes
2103 3042 2273 3100 fuisse
2300 3040 2607 3097 demersus.

1745 3295 1836 3351 111.

1117 3463 1273 3529 ιυει,
1307 3459 1385 3515 De
1413 3458 1567 3513 initio
1597 3451 1876 3524 Evangelii
1903 3445 2189 3505 secundum
2223 3443 2488 3498 Marcum.

228 3627 646 3685 Rationabiliter
686 3619 1033 3694 evangelista).
1077 3617 1364 3691 principiis
1411 3611 1643 3668 diversis
1672 3626 1739 3664 u-
1771 3616 1815 3672 Β
1845 3603 2068 3674 incipit:
2119 3608 2185 3694 ut
2217 3597 2347 3694 ejus
2379 3595 2475 3694 filii
2519 3590 2791 3694 miraculo
2830 3587 3168 3694 nativitatis,
3207 3595 3263 3644 et
3288 3585 3427 3694 tanti

168 3729 362 3788 tuntur;
377 3719 634 3792 quamvis
653 3733 762 3773 una
785 3716 1085 3784 eademque
1114 3706 1522 3782 evangelizandi
1546 3717 1736 3760 eorum

169 3815 412 3882 probetur
437 3811 693 3868 intentio.
740 3808 1048 3873 Mattheus,
1090 3813 1154 3860 ut
1192 3802 1436 3858 Hebraeis
1463 3798 1738 3863 scribens,

171 3905 482 3978 genealogis:
519 3903 726 3960 Christi
767 3901 1018 3956 ordinem
1048 3896 1263 3954 texuit:
1307 3901 1367 3948 ut
1395 3889 1738 3952 ostenderet,

173 3996 236 4049 ab
259 4012 320 4051 ea
348 3996 632 4053 Christum
664 3992 1014 4049 descendisse
1057 3986 1334 4060 progenie,
1382 3983 1449 4038 de
1474 3996 1582 4052 qua
1613 3993 1738 4035 eum

175 4087 498 4142 nasciturum
539 4083 780 4141 universi
819 4082 1096 4152 propheta:
1123 4076 1455 4134 cecinerant.
1503 4069 1740 4126 Joannes

176 4187 340 4232 autem
367 4179 431 4232 ad
463 4175 740 4246 Ephesum
776 4171 1127 4230 constitutus,
1161 4167 1255 4238 qui
1286 4167 1456 4237 legem
1482 4171 1743 4230 tanquam

176 4281 236 4320 ex
265 4269 514 4338 gentibus
547 4265 892 4336 ignorabant,
930 4277 960 4316 a
988 4275 1156 4316 causa
1177 4266 1384 4313 nostrae
1414 4252 1745 4322 redemptio-

178 4357 257 4412 nis
288 4357 566 4429 Evangelii
613 4355 850 4425 sumpsit
883 4351 1205 4408 exordium:
1233 4362 1356 4419 quze
1385 4360 1552 4401 causa
1582 4359 1646 4397 ex
1679 4356 1746 4396 eo

182 4461 411 4518 apparet,
442 4449 592 4521 quod
624 4447 823 4502 Filium
855 4459 1018 4501 suum
1049 4443 1192 4496 Deus
1222 4455 1322 4511 pro
1350 4446 1542 4493 nostra
1567 4435 1747 4491 salute

182 4539 339 4596 voluit
365 4539 664 4598 incarnari.
709 4536 889 4593 Lucas
913 4550 1042 4590 vero
1073 4547 1104 4588 a
1136 4528 1416 4587 Zachariae
1440 4524 1746 4584 sacerdotio

1744 4705 1836 4763 ιν.

1844 3693 2222 3768 praedicatoris
2265 3690 2441 3746 cilicio
2466 3727 2482 3754 ,
2523 3686 2866 3743 divinitatem
2914 3682 3118 3739 Christi
3173 3682 3428 3753 gentibus

1843 3790 2162 3846 declararet.
2199 3783 2356 3840 Unde
2392 3792 2447 3838 et
2473 3781 2689 3836 Marcus
2721 3779 2945 3848 antiqua
2977 3775 3278 3847 prophetici
3309 3789 3429 3846 my-

1843 3881 1995 3940 sterii
2019 3877 2385 3950 competentia
2408 3874 2666 3930 adventui
2690 3872 2894 3928 Christi
2921 3871 3196 3935 declarat;
3228 3875 3288 3923 ut
3315 3882 3429 3922 non

1843 3990 2008 4037 nova.
2045 3973 2139 4028 sed
2181 3970 2487 4041 antiquitus
2516 3967 2728 4038 prolata
2772 3963 2894 4034 ejus
2927 3959 3248 4032 pradicatio
3294 3973 3428 4030 pro-

1846 4070 2091 4124 baretur.
2132 4066 2241 4119 Aut
2263 4078 2360 4134 per
2394 4063 2499 4117 hoc
2529 4059 2881 4129 evangelistis
2907 4071 3055 4111 cura:
3087 4053 3212 4120 fuit,
3249 4068 3316 4108 eo
3347 4053 3430 4108 uti

1846 4157 2138 4230 proasmio,
2175 4155 2322 4226 quod
2351 4152 2734 4222 unusquisque
2758 4147 3045 4220 judicabat
3082 4144 3430 4201 auditoribus

1847 4259 2120 4320 expetere.
2153 4247 2298 4301 Nihil
2323 4260 2454 4315 ergo
2485 4243 2821 4299 contrarium
2859 4240 3153 4311 reperitur,
3181 4237 3273 4292 ubi
3303 4236 3431 4291 licet

1847 4342 2079 4398 diversis
2108 4340 2361 4411 scriptis,
2405 4336 2474 4393 ad
2511 4336 2762 4394 eamdem
2806 4343 2988 4390 tamen
3030 4331 3263 4402 patriam
3307 4345 3430 4402 per-

1847 4434 2086 4490 venitur.

457 4875 614 4943 lnsn,
646 4875 705 4929 in
731 4871 871 4928 illud
898 4885 918 4925 :
943 4889 963 4926 ι
1001 4869 1134 4925 Noli
1159 4883 1345 4924 vocare
1367 4866 1566 4922 amicos
1594 4873 1732 4930 tuos,
1763 4862 1854 4918 sed
1876 4875 2128 4934 pauperes
2157 4868 2208 4914 et
2229 4856 2449 4924 debiles,
2489 4875 2510 4910 ι
2543 4863 2647 4913 etc.
2687 4853 2838 4927 (Luc.
2870 4870 2982 4922 xw,
3012 4852 3130 4924 i2.)

252 5028 526 5102 Praecepit,
560 5045 670 5084 non
699 5027 930 5093 amicos,
961 5024 1056 5081 sed
1090 5022 1338 5079 inﬁrmos
1369 5034 1624 5091 quosque
1648 5032 1747 5073 νο-
1774 5020 1820 5082 C
1850 5015 2079 5079 amicos,
2123 5013 2391 5078 arbitror,
2423 5009 2650 5082 intelligi
2686 5009 2794 5066 hoc
2834 5011 2955 5064 loco
2983 5008 3246 5064 debemus
3280 5007 3430 5067 illos.

191 5123 381 5178 candos
409 5124 475 5178 ad
505 5121 821 5192 prandium.
867 5116 1025 5184 Quod
1057 5115 1102 5171 si
1135 5113 1364 5169 claudus
1393 5121 1490 5166 aut
1527 5109 1754 5181 quilibet

191 5229 364 5269 eorum
408 5216 480 5270 sit
519 5214 770 5278 amicus,
814 5211 934 5266 sine
976 5207 1144 5264 dubio
1191 5205 1319 5260 talis
1362 5217 1464 5274 pro
1511 5200 1753 5256 amicitia

195 5307 404 5362 minime
426 5316 509 5362 est
535 5305 848 5376 rogandus;
892 5301 1036 5356 unde
1067 5299 1183 5368 ipsa
1211 5297 1369 5367 quasi
1406 5296 1659 5350 videntur
1692 5305 1752 5347 se

196 5396 498 5469 impugnare
527 5395 804 5452 mandata.
845 5391 982 5446 Nam
1013 5391 1059 5446 si
1091 5404 1200 5443 non
1231 5385 1414 5452 amici,
1445 5383 1540 5440 sed
1570 5382 1750 5438 claudi

196 5501 243 5543 et
284 5493 406 5547 caeci
437 5501 565 5548 sunt
612 5485 923 5552 invitandi,
967 5483 1225 5554 ipsosque
1273 5494 1495 5550 quoque
1541 5478 1751 5532 amicos

198 5596 308 5638 esse
348 5585 644 5656 contingat,
682 5592 1028 5652 nequaquam
1078 5590 1272 5645 rogare
1305 5573 1590 5628 debemus.
1642 5567 1750 5624 Sed

264 5757 283 5788 ³
307 5758 491 5816 Matth.
515 5777 632 5828 six,
666 5759 719 5816 5.

1855 5122 1997 5178 quos
2028 5121 2128 5177 pro
2156 5105 2346 5160 mundi
2387 5105 2553 5174 hujus
2584 5113 2798 5159 terrena
2835 5100 3278 5158 consideratione
3307 5099 3434 5153 dili-

1856 5199 2058 5270 gimus,
2093 5213 2202 5252 non
2231 5212 2332 5267 pro
2362 5197 2562 5252 divinae
2585 5193 3063 5265 contemplationis
3092 5191 3313 5250 intuitu.
3365 5187 3432 5244 Hi

1859 5299 1988 5345 sunt
2015 5289 2182 5359 igitur
2213 5289 2374 5343 amici
2411 5287 2776 5358 relinquendi.
2823 5285 3087 5354 Denique,
3119 5283 3242 5338 ideo
3281 5281 3435 5337 debio

1857 5381 1989 5435 lium
2016 5381 2263 5450 exempla
2287 5380 2592 5451 proposuit,
2621 5395 2760 5449 quos
2786 5393 2886 5448 pro
2909 5375 3112 5431 nullius
3140 5389 3434 5445 possumus

1857 5485 2110 5545 appetere
2131 5473 2457 5528 necessitate
2485 5470 2712 5543 negotii,
2747 5470 2854 5528 nisi
2887 5477 3098 5526 tantum
3121 5482 3223 5538 pro
3253 5465 3433 5522 fructu

1857 5563 2235 5622 retributionis
2266 5572 2504 5623 aeterna.

809 5761 833 5789 ⁸
855 5757 993 5813 Gen.
1020 5769 1081 5809 ιι.
1105 5752 1197 5808 24.
1292 5752 1313 5783 ⁸
1344 5751 1465 5806 Act.
1496 5763 1598 5811 xu,
1621 5746 1677 5802 2.
1755 5745 1775 5778 ⁸
1801 5741 1822 5797 1
1849 5743 1975 5800 Cor.
2013 5758 2102 5809 xv,
2135 5741 2226 5797 5i.
