3806 6208
260 6079 300 6113 Β

402 299 536 358 1031

1622 297 1661 350 8
1713 293 2170 352 POLYCARPUS
2207 293 2516 355 MARTYR.

3567 291 3693 348 ωσι

402 427 511 472 tem
539 432 731 473 eorum
759 425 814 473 et
855 417 1174 488 patientiam
1202 426 1256 472 et
1289 432 1420 488 erga
1460 417 1751 472 Dominum
1799 418 1951 473 chari

2118 419 2180 472 ;a't
2224 418 2625 490 ὑπομονητικὸν
2656 418 2750 472 καὶ
2797 417 3178 487 φιλοδέσποτον
3215 415 3299 478 τίς
3332 415 3441 468 οὐκ
3471 415 3545 468 ἂν
3577 413 3697 466 θαυ-

402 515 569 561 tatem
604 523 712 561 non
736 508 1063 571 admiretur,
1092 508 1187 578 qui
1229 507 1460 577 flagellis
1487 508 1625 562 adeo
1653 509 1896 572 lacerati,
1930 518 1990 562 ut

401 599 469 652 ad
504 599 727 654 intimas
768 615 948 670 usque
984 616 1152 655 venas
1181 610 1237 660 et
1275 601 1509 656 arterias
1549 602 1800 671 corporis
1837 611 1987 655 stru-

399 699 558 744 ctura
583 702 920 751 cerneretur.
946 699 1128 744 tamen
1161 691 1575 758 sustinuerunt;
1607 691 1706 759 ita,
1733 702 1793 746 ut
1821 693 1989 746 etiam

399 787 642 834 astmites
673 779 1066 833 miserarentur
1093 789 1149 833 et
1209 780 1530 850 plangerent
1552 821 1567 845 ,
1614 781 1718 850 ipsi
1762 795 1892 836 vero
1920 796 1988 836 eo

400 869 742 924 fortitudinis
773 870 1047 933 venirent,
1088 883 1148 924 ut
1183 886 1344 925 nemo
1371 870 1588 925 illorum
1625 887 1804 942 neque
1834 888 1988 926 mur-

398 971 644 1017 niuraret
670 978 851 1033 neque
874 964 1292 1033 ingemisceret,
1323 964 1585 1020 omnibus
1611 968 1986 1030 ostendentes,

395 1053 542 1124 quod
570 1062 841 1125 martyres
863 1053 1068 1109 Christi
1112 1056 1247 1110 hora
1281 1056 1384 1110 ista
1415 1072 1524 1126 qua
1565 1061 1987 1128 torquebantur,

394 1153 548 1199 extra
595 1160 817 1199 carnem
863 1145 1088 1211 fuerint,
1132 1155 1229 1201 aut
1280 1147 1669 1217 potius,quod
1719 1147 1988 1204 Dominus

394 1234 661 1288 assistens
681 1250 806 1288 cum
841 1234 974 1304 ipsis
997 1244 1146 1291 esset
1167 1236 1474 1290 collocutus
1493 1236 1516 1290 ἲ
1538 1238 1716 1307 Atque
1737 1236 1806 1292 ad
1829 1237 1990 1292 Chri-

394 1325 463 1380 sti
496 1328 725 1395 gratiam
754 1327 1098 1382 attendentes
1134 1328 1416 1383 mundana
1451 1337 1725 1384 tormenta
1755 1345 1985 1400 sperne-

393 1417 546 1481 bant,
583 1419 751 1474 unius
791 1419 943 1474 hora:
989 1420 1169 1490 spatio
1200 1436 1260 1475 se
1303 1422 1374 1475 ab
1403 1430 1608 1476 asterna
1639 1439 1803 1493 paena
1845 1422 1989 1478 redi-

393 1521 624 1566 mentes.
652 1510 1019 1582 Frigidusque
1043 1514 1177 1582 ipsis
1195 1513 1481 1568 videbatur
1507 1515 1650 1585 ignis
1678 1515 1986 1570 crudelium

389 1605 733 1660 carniﬁcum.
760 1604 880 1661 Prae
903 1607 1080 1662 oculis
1110 1607 1258 1662 enim
1296 1608 1572 1664 habebant
1610 1607 1793 1680 fugam
1838 1609 1988 1666 illius

392 1697 565 1768 ignis,
597 1698 692 1767 qui
743 1707 982 1754 aeternus
1013 1708 1098 1754 est
1130 1710 1184 1754 et
1223 1717 1510 1771 nunquam
1561 1703 1984 1772 exstinguetur,

2093 508 2317 580 μάσειεν
2333 525 2348 572 ;
2362 509 2411 562 οἳ
2432 509 2651 580 μάστιξι
2673 510 2770 580 μὲν
2787 506 3228 572 καταξανθέντες,
3244 505 3391 558 ὥστε
3408 504 3581 575 μέχρι
3596 503 3696 556 τῶν

2090 599 2199 653 ἔσω
2232 600 2446 671 φλεϐῶν
2472 601 2566 654 καὶ
2597 599 2874 673 ἀρτηριῶν
2902 599 2998 670 τὴν
3025 599 3122 670 τῆς
3150 599 3352 670 σακρὸς
3380 595 3696 664 οἰκονομίαν

2089 691 2434 764 θεωρεῖσθαι,
2481 694 2813 763 ὑπέμειναν,
2865 690 2941 754 ὼς
2987 689 3082 744 καὶ
3138 689 3264 752 τοὺς
3314 685 3695 758 περιεστῶτας

2089 783 2261 838 ἐλεεῖν
2303 784 2398 838 καὶ
2429 783 2752 856 ὀδύρεσθαι·
2782 783 2907 846 τοὺς
2947 781 3006 835 δὲ
3038 779 3132 834 καὶ
3157 781 3238 842 εἰς
3280 777 3548 831 τοσοῦτον
3575 793 3694 844 γεν-

2089 873 2372 946 ναιότητος
2409 873 2616 938 ἐλθεῖν,
2659 873 2800 926 ὥστε
2838 875 2975 944 μήτε
3015 868 3214 943 γρύξαι
3257 872 3399 942 μήτε
3441 868 3694 932 στενάξαι

2088 967 2209 1020 τινὰ
2259 966 2462 1030 αὐτῶν,
2514 965 2987 1036 ἐπιδεικνυμένους
3039 965 3240 1020 ἀπασιν
3291 965 3456 1033 ἡμῖν,
3512 963 3600 1015 ὅτι
3643 966 3695 1014 ὲν

2088 1058 2275 1130 ἐκείνῃ
2302 1062 2368 1130 τῇ
2402 1057 2523 1130 ὥρᾳ
2548 1055 2984 1128 βασανιζόμενοι,
3015 1057 3114 1127 τῆς
3133 1055 3342 1127 σαρκὸς
3373 1054 3696 1124 ἀπεδήμουν

2088 1151 2138 1201 οἱ
2175 1150 2453 1220 μάρτυρες
2484 1150 2577 1202 τοῦ
2601 1149 2861 1221 Χριστοῦ,
2895 1149 3095 1219 μᾶλλον
3115 1147 3191 1210 δὲ,
3223 1147 3308 1199 δτι
3337 1145 3644 1216 παρεστὼς
3669 1148 3696 1197 ό

2089 1239 2293 1313 Κύριος
2322 1240 2518 1311 ὡμίλει
2557 1241 2776 1305 αὐτοτςς
2809 1240 2918 1293 Καὶ
2940 1237 3298 1310 προσέχοντες
3322 1239 3392 1307 τῇ
3430 1235 3531 1288 τοῦ
3567 1237 3694 1306 X9:—

2089 1331 2218 1384 στοῦ
2254 1331 2439 1404 χάριτι
2464 1332 2572 1385 τῶν
2593 1331 2875 1402 κοσμικῶν
2906 1329 3270 1401 κατεφρόνουν
3295 1327 3582 1398 βασάνων,
3614 1326 3696 1380 διὰ

2091 1426 2222 1495 μιᾶς
2252 1424 2404 1496 ὦρας
2432 1425 2532 1496 τὴν
2557 1422 2776 1478 αἰώνιον
2800 1422 3018 1476 κόλασιν
3057 1420 3542 1493 ἐξαγοραζόμενοι
3588 1420 3695 1471 Καὶ

2087 1518 2149 1571 τὸ
2183 1518 2294 1590 πῦρ
2324 1515 2392 1590 ἦν
2412 1520 2596 1582 αὐτοῖς
2609 1517 2816 1589 ψυχρὸν
2846 1518 2908 1570 τὸ
2938 1517 3047 1570 τῶν
3073 1516 3297 1587 ἀπηνῶν
3320 1513 3693 1586 βασανιστῶν.

2089 1610 2203 1682 Πρὸ
2231 1611 2529 1683 ὀφθαλμῶν
2561 1612 2670 1684 γὰρ
2713 1607 2858 1682 εἶχον
2890 1614 3085 1682 φυγεῖν
3116 1610 3176 1663 τὸ
3207 1609 3434 1662 αἰώνιον
3466 1609 3571 1662 καὶ
3599 1627 3695 1679 μη-

2087 1705 2278 1758 δέποτε
2307 1704 2668 1776 σϐεννύμενον
2697 1703 2830 1776 πῦρ,
2848 1704 2941 1757 καὶ
2970 1706 3084 1766 τοῖς
3104 1702 3202 1773 τῆς
3232 1701 3471 1774 καρδίας
3496 1700 3695 1768 ὁφθαλ·

387 1763 445 1844 et
471 1763 647 1860 oculis
671 1790 858 1846 cordis
888 1792 1257 1861 respiciebant
1278 1793 1345 1847 ad
1361 1763 1431 1847 ea
1459 1793 1623 1860 bona,
1647 1763 1778 1863 qua;
1803 1809 1954 1848 reser

2118 1789 2214 1854 ιοτς
2247 1763 2545 1845 ἀνέϐλεπον
2575 1792 2644 1846 τά
2673 1809 2738 1862 τη
2748 1763 2982 1862 ροῦμενα
3015 1763 3128 1854 τοῖς
3153 1763 3525 1861 ῦπομείνασιν
3545 1763 3695 1858 -ἀγα-

388 1891 591 1937 vantur
626 1883 1055 1950 sustinentibus,
1097 1903 1116 1936 ‹
1147 1899 1272 1954 ηοω
1301 1900 1402 1940 nec
1445 1886 1598 1941 auris
1627 1884 1837 1940 audivit
1887 1901 1954 1941 ne

2124 1881 2179 1946 ἀ,
2221 1902 2241 1933 r
2277 1882 2314 1937 ἀ
2356 1883 2482 1937 οὔτε
2523 1879 2617 1948 οῦς
2650 1885 2903 1956 ἡκουσεν,
2936 1882 3059 1937 οὗτε
3086 1882 3366 1954 ὀφθαλμὸς
3387 1879 3555 1945 εἶδεν,
3573 1882 3695 1935 οὔτε

389 1974 588 2028 oculus
630 1973 804 2037 vidit,
840 1986 942 2028 nec
975 1974 1029 2028 in
1077 1990 1175 2030 cor
1222 1975 1465 2030 hominis
1518 1975 1936 2042 ascenderunt',
1962 1996 1981 2029 ι

388 2079 514 2136 quae
543 2079 675 2120 vero
703 2081 734 2120 a
774 2065 1009 2120 Domino
1045 2077 1350 2122 monstrata
1379 2076 1510 2122 sunt
1548 2068 1640 2132 iis,
1674 2076 1863 2138 utpote
1889 2069 1983 2136 qui

390 2172 500 2211 non
530 2156 784 2214 homines
816 2158 1078 2228 amplius,
1112 2159 1336 2230 sedjam
1367 2160 1548 2230 angeli
1579 2168 1782 2216 essent.
1817 2158 1985 2214 Simi-

387 2247 515 2303 liter
543 2248 639 2318 qui
663 2249 730 2302 ad
771 2248 979 2303 bestias
1003 2259 1163 2304 erant
1190 2249 1577 2318 condemnati,
1614 2265 1810 2322 graves
1850 2265 1979 2306 cru-

387 2339 566 2394 ciatus
599 2340 981 2408 pertulerunt,
1033 2356 1201 2411 super
1247 2341 1490 2398 murices
1524 2343 1824 2412 prostrati,
1874 2358 1975 2397 va-

387 2431 598 2501 riisque
625 2431 751 2487 aliis
793 2433 1086 2488 tormentis
1110 2434 1450 2501 excruciati,
1484 2444 1577 2503 ut,
1615 2439 1664 2492 si
1712 2435 1831 2491 fieri
1871 2451 1974 2506 po-

389 2521 609 2588 tuisset,
636 2530 902 2593 tyrannus
930 2537 1029 2578 eos
1060 2523 1387 2581 assiduitate
1417 2526 1674 2598 supplicii
1705 2526 1772 2582 ad
1810 2541 1978 2598 nega-

388 2611 593 2668 tionem
616 2611 822 2668 Christi
844 2613 1184 2670 adduxisset.

2086 1973 2180 2027 ἐπὶ
2216 1975 2446 2048 καρδίαν
2485 1975 2778 2048 ἀνθρώπου
2813 1974 3002 2046 ἀνέϐη,
3045 1994 3062 2026 ι
3097 1975 3326 2038 ἐκείνοις
3362 1975 3426 2027 δὲ
3473 1973 3695 2026 ὑπεδείο

2084 2087 2248 2123 κνυτο
2279 2069 2384 2122 ὑπὸ
2417 2069 2511 2122 τοῦ
2533 2068 2766 2142 Κυρίου,
2806 2069 2962 2140 οἵπερ
2999 2067 3196 2139 μηκέτι
3227 2065 3544 2137 ἄνθρωποι,
3581 2063 3696 2119 ἀλλ’

2083 2162 2186 2234 ἥδη
2213 2163 2435 2232 ἄγγελοι
2467 2157 2628 2234 ἦσαν.
2673 2162 2907 2233 Ὁμοίως
2935 2161 2991 2214 δὲ
3024 2160 3117 2214 καὶ
3154 2161 3233 2223 είς
3265 2158 3334 2212 τὰ
3368 2157 3548 2230 θηρία
3579 2175 3697 2230 κρι-

2083 2253 2269 2317 θέντες
2300 2252 2604 2324 ὑπέμειναν
2639 2252 2752 2324 (55)
2783 2251 2964 2315 δεινὰς
2995 2250 3279 2313 κολάσεις,
3314 2251 3578 2320 κήρυκας
3601 2249 3696 2319 μὲν

2086 2345 2616 2418 ὑποστρωννύμενοι,
2651 2345 2748 2398 καὶ
2779 2343 2968 2406 ἄλλαις
3001 2340 3273 2403 ποικίλαις
3311 2339 3581 2408 βασάνοις
3601 2357 3691 2391 uo-

2082 2437 2466 2510 λαφιζόμενοι,
2518 2438 2627 2503 ἶνα,
2673 2439 2726 2490 sl
2771 2434 3022 2506 δυνηθείη
3068 2435 3098 2487 ὁ
3140 2433 3406 2504 τύραννος
3451 2432 3547 2486 διὰ
3598 2432 3691 2501 τῆς

2084 2530 2346 2602 ἐπιμόνου
2373 2530 2648 2594 κολάσεως
2669 2530 2751 2593 είς
2781 2528 3008 2600 ἄρνησιν
3038 2525 3233 2588 αὐτοὺς
3264 2524 3473 2594 τρέψῃ.

1191 2769 1286 2823 ιιι.
1329 2765 1634 2825 Germanici
1668 2771 1994 2827 constantia.
2029 2769 2326 2842 Polycarps'
2353 2785 2498 2826 mors
2527 2769 2858 2840 postulatur.

456 2921 626 2978 Multa
668 2923 819 2979 enim
859 2923 1128 2980 adversus
1171 2924 1297 2981 illos
1317 2925 1574 2981 diabolus
1624 2925 1954 2982 machinatu:

2151 2924 2332 2980 Πολλά
2397 2925 2506 2996 γάρ
2565 2925 2879 2996 ἐμηχανᾶτο
2929 2923 3052 2978 κατ’
3105 2920 3287 2976 αὐτῶν
3328 2922 3357 2971 ὁ
3408 2920 3678 2984 διάϐολος.

383 3023 488 3073 est.
525 3013 631 3070 Sed
667 3017 840 3086 gratia
873 3016 946 3071 sit
979 3013 1131 3083 Deo;
1161 3032 1288 3071 nam
1316 3017 1592 3072 neminem
1621 3018 1724 3074 iste
1755 3019 1976 3076 vincere

381 3108 586 3179 potuit.
623 3107 984 3166 Fortissimus
1009 3107 1156 3164 enim
1193 3108 1556 3166 Germanicus
1591 3126 1784 3166 eorum
1821 3111 1974 3166 timi-

383 3199 612 3256 ditatem
671 3201 985 3258 constantia
1029 3218 1129 3257 sua
1170 3203 1586 3269 corroboravit;
1638 3204 1839 3274 quippe
1880 3205 1977 3274 qui

383 3291 672 3363 splendide
717 3307 843 3347 cum
881 3292 1074 3350 bestiis
1108 3295 1456 3366 pugnaverit.
1495 3293 1629 3349 Nam
1681 3311 1806 3351 cum
1851 3311 1977 3366 pro-

384 3383 583 3439 consul
607 3399 732 3438 eum
767 3383 984 3441 ﬂectere
1019 3386 1180 3441 vellet
1205 3385 1542 3456 diceretque,
1577 3396 1638 3442 ut
1669 3402 1826 3443 suam
1860 3387 1978 3458 ipse

385 3483 602 3530 etatem
635 3475 1014 3545 miseraretur,
1047 3477 1137 3532 ille
1156 3477 1386 3532 bestiam
1429 3477 1572 3532 ultro
1602 3477 1669 3532 ad
1709 3493 1770 3534 se
1805 3488 1978 3533 attra—

388 3567 474 3620 xit
507 3566 669 3636 eique
697 3567 807 3621 vim
835 3567 1042 3633 intulit,
1073 3567 1305 3637 cupiens
1325 3566 1569 3622 velocius
1599 3581 1664 3622 es
1695 3567 1899 3638 injusta
1927 3579 1982 3624 et

388 3657 579 3729 iniqua
622 3658 844 3712 illorum
891 3658 1176 3712 hominum
1200 3658 1311 3712 vita
1343 3657 1603 3728 effugere.
1638 3657 1850 3713 Exinde
1881 3674 1980 3713 au-

393 3760 502 3806 tem
537 3751 795 3804 universa
840 3750 1174 3816 multitudo,
1217 3748 1597 3805 fortitudinem
1644 3750 1718 3820 pii
1755 3765 1820 3804 ac
1853 3749 1980 3804 reli-

387 3840 529 3911 giosi
556 3838 999 3894 Christianorum
1039 3839 1258 3911 generis
1289 3839 1594 3903 admirata,
1616 3839 1979 3896 exclamavit:

393 3947 414 3982 s
440 3926 596 3984 Tolle
625 3928 858 3999 impios;
895 3926 1232 4000 Polycarpus
1270 3928 1658 4000 requiratur!»

2099 3015 2263 3070 ’Δλλά
2283 3013 2440 3088 χάρις
2467 3013 2544 3085 τῷ
2573 3014 2693 3086 Θεῷ
2712 3031 2724 3044 ·
2757 3013 2898 3068 κατὰ
2931 3012 3150 3066 πάντων
3175 3011 3286 3083 γὰρ
3314 3011 3419 3064 οὐκ
3442 3012 3677 3082 ἴσχυσεν.

2098 3107 2159 3160 '0
2189 3106 2302 3178 γάρ
2345 3106 2723 3175 γενναιότατος
2761 3103 3100 3176 Γερμανικὸς
3133 3102 3244 3172 ('56)
3297 3103 3682 3174 ὲπερρὡνυεν

2084 3196 2265 3252 αὐτῶν
2289 3195 2387 3267 τὴν
2418 3195 2620 3250 δειλίαν
2643 3195 2731 3250 διά
2763 3196 2861 3267 τῆς
2889 3197 2948 3248 ἐν
2978 3193 3129 3265 αὐτῷ
3166 3193 3475 3264 ὑπομονῆς·
3495 3194 3560 3258 ὃς
3592 3195 3678 3247 καὶ

2085 3289 2375 3361 ἐπισήμως
2418 3288 2879 3360 ἐθηριομάχησεν.
2922 3286 3254 3357 Βουλομένου
3288 3285 3404 3357 γάρ
3436 3285 3534 3340 τοῦ
3552 3285 3678 3340 ἀνθ-

2079 3380 2289 3434 υπάτου
2336 3379 2544 3432 πείθειν
2597 3377 2764 3434 αὑτὸν
2799 3379 2936 3451 (57),
2969 3379 3063 3432 καὶ
3101 3377 3354 3446 λέγοντος
3384 3371 3500 3447 (38)
3522 3417 3540 3442 ,
3585 3376 3679 3447 τὴν

2085 3471 2303 3544 ἠλικίαν
2334 3471 2502 3526 αὑτοῦ
2547 3474 2958 3543 κατοικτεῖραι,
2991 3468 3168 3540 ἐαυτῷ
3213 3469 3582 3522 ἐπεσπάσατο
3621 3469 3677 3521 σὼ

2072 3561 2260 3633 θηρίον
2289 3560 2788 3634 προσϐιασάμενος,
2812 3562 2998 3632 τάχιον
3019 3558 3113 3613 τοῦ
3135 3558 3325 3612 ἀδίκου
3350 3558 3452 3612 καὶ
3473 3559 3674 3628 ἀνόμου

2077 3652 2194 3724 βίου
2227 3653 2411 3707 αὐτῶν
2437 3653 2825 3723 ἀπαλλαγῆναι
2859 3652 3202 3723 βουλόμενος.
3233 3649 3332 3702 Ἐκ
3363 3649 3564 3704 τούτου
3588 3646 3676 3703 οὖν

2074 3746 2185 3800 πᾶν
2215 3745 2278 3799 τὸ
2305 3744 2509 3816 πλῆθος
2527 3785 2542 3811 ,
2579 3744 2870 3816 θαυμάσαν
2911 3745 3024 3816 ('59)
3055 3743 3154 3812 τὴν
3184 3742 3557 3812 γενναιότητα
3586 3742 3675 3796 τοῦ

2075 3835 2360 3906 θεοφιλοῦς
2405 3837 2503 3892 καὶ
2565 3837 2856 3900 θεοσεϐοῦς
2898 3837 3091 3905 γένους
3132 3834 3240 3886 τῶν
3287 3835 3672 3904 Χριστιανῶν,

2073 3928 2409 4001 ἐπεϐόησεν·
2446 3948 2466 3984 ι
2503 3925 2640 4001 Αἶρε
2669 3931 2796 3995 τοὺς
2825 3929 3051 3994 ἀθέους·
3087 3925 3356 4000 ζητείσθω
3389 3927 3672 3998 Πολύχαρ-

2075 4037 2247 4084 πος.»

1695 4170 1787 4228 1V.
1825 4171 2057 4240 Quintus
2086 4186 2352 4246 apostata.

462 4325 696 4394 Quidam
724 4341 888 4394 vero,
933 4327 1157 4382 nomine
1197 4325 1471 4395 Quintus,
1511 4327 1732 4384 natione
1758 4326 1938 4402 Phryx

2151 4325 2249 4396 Εἷς
2277 4332 2355 4398 δὲ,
2390 4333 2617 4405 ὀνόματι
2643 4333 2892 4398 Κόϊντος,
2916 4330 3082 4405 Φρὺξ,
3117 4330 3456 4403 προσφάτως
3485 4331 3668 4402 ἐληλυ-

385 4421 481 4492 qui
511 4435 684 4489 nuper
721 4434 789 4474 ex
823 4417 1060 4489 Phrygia
1108 4420 1434 4488 advenerat,
1467 4435 1590 4476 cum
1628 4421 1855 4477 vidisset
1879 4423 1972 4476 be-

389 4515 545 4581 stias,
579 4513 774 4566 timore
798 4514 1086 4582 perculsus
1112 4524 1214 4568 est.
1255 4512 1354 4568 Hic
1391 4524 1572 4569 autem
1607 4522 1748 4579 erat,
1779 4514 1875 4584 qui
1911 4529 1970 4569 se

388 4607 567 4677 ipsum
601 4615 656 4660 et
697 4605 835 4660 alios
878 4606 1146 4674 quosdam
1181 4605 1499 4676 impulerat,
1535 4615 1596 4661 ut
1639 4605 1783 4661 ultro
1813 4620 1969 4660 acce-

386 4700 600 4754 derent.
635 4696 776 4751 Huic
805 4699 1098 4766 proconsul
1135 4699 1322 4754 multis
1352 4683 1823 4754 obsecrationibus
1845 4711 1968 4767 per-

388 4791 566 4847 suasit
600 4789 788 4860 jurare
830 4803 896 4843 ac
938 4791 1272 4846 sacriﬁcare.
1325 4789 1557 4860 Pr0pter
1610 4789 1714 4843 hoc
1764 4788 1964 4858 igitur,

385 4881 607 4945 fratres,
633 4893 743 4934 non
765 4879 1053 4934 laudamus
1075 4896 1194 4946 eos,
1223 4883 1317 4952 qui
1341 4891 1532 4952 sponte
1554 4895 1676 4936 sese
1694 4879 1964 4948 offerunt;

385 4969 831 5044 quandoquidem
862 4981 970 5022 non
1000 4969 1074 5024 ita
1111 4970 1274 5028 docet
1298 4969 1680 5042 Evangelium.

455 5127 478 5161 '
509 5131 534 5186 Ι
560 5128 688 5186 Cor.
724 5145 786 5197 ιι,
809 5129 864 5186 9.
892 5088 897 5094 .

457 5287 572 5370 ςᾷβ)
610 5289 688 5340 Ita
722 5283 1067 5370 daeobsonus
1091 5277 1576 5370 ergcoddryindob.
1599 5288 1656 5334 et
1677 5276 1855 5334 Paris.
1888 5275 1949 5332 ln

387 5354 561 5412 Editis
583 5371 684 5428 pro
715 5357 1016 5428 ὑπέμειναν
1048 5354 1245 5428 legitur
1264 5354 1481 5428 χρόνον.

453 5351 563 5412 litis
583 5371 684 5428 pro
715 5357 1016 5426 ὑπέμειναν
1048 5354 1096 5409 le
1135 5354 1245 5406 itur
1372 5368 1481 5404 νον.

453 5428 568 5499 (36)
601 5427 734 5499 Ejus
755 5425 1078 5499 memoriam
1099 5369 1230 5478 ἤδη.
1259 5351 1665 5477 Latinorum
1687 5418 1965 5474 celebrant

388 5493 795 5576 Martyrologia.
839 5493 1037 5551 Usssn.
1139 5564 1172 5576 η
1271 5562 1292 5576 1
1391 5561 1422 5574 η
1460 5560 1516 5576 η,
1662 5559 1704 5576 Λ

459 5558 569 5690 $51)
591 5558 818 5650 ⁸Νοῖῐιθιι
840 5564 1228 5688 ἑποοοηευιίε,
1271 5561 1426 5620 Lucii
1460 5560 1621 5617 Statii
1660 5558 1959 5626 Quadrati,

387 5635 458 5690 ha
479 5654 559 5692 )es
591 5638 731 5692 Infra
763 5655 811 5691 c.
886 5637 930 5690 l.

613 5707 689 5762 Ita
733 5707 883 5764 dedit
925 5705 1274 5764 Jacobsonus
1305 5720 1339 5764 ο
1383 5702 1508 5762 cod.
1557 5701 1734 5758 Paris.
1770 5698 1913 5755 Editi
1944 5715 1958 5752 :

2077 4423 2186 4489 θὼς
2227 4426 2340 4480 ἀπὸ
2398 4427 2497 4498 τῆς
2539 4426 2814 4495 Φρυγίας,
2853 4423 2977 4479 ίδὼν
3021 4425 3089 4478 τὰ
3131 4422 3298 4494 θηρία
3343 4423 3664 4478 ἐδειλίασεν.

2076 4511 2246 4582 Οὗτος
2276 4518 2332 4571 δέ
2362 4513 2432 4590 ἦν
2461 4521 2489 4572 ό
2520 4510 3004 4590 παραϐιασάμενος
3048 4516 3239 4569 ἑαυτόν
3283 4531 3344 4566 τε
3377 4514 3477 4567 καί
3518 4529 3664 4576 τινας

2075 4609 2396 4681 προσελθεῖν
2425 4610 2652 4673 ἑκόντας
2686 4608 2819 4679 (40).
2853 4607 3055 4661 Τοῦτον
3086 4609 3114 4659 ὁ
3139 4604 3474 4668 ἀνθύπατος,
3498 4603 3663 4656 πολλὰ

2072 4694 2471 4768 ἐκλιπαρῆσας,
2495 4697 2714 4750 ἔπεισεν
2741 4697 2937 4767 ὀμόσαι
2964 4696 3058 4748 καὶ
3082 4694 3359 4747 ἐπιθύσαι.
3379 4695 3483 4747 Διὰ
3509 4691 3660 4745 τοῦτο

2070 4783 2187 4853 οὖν,
2209 4788 2450 4858 ἀδελφοὶ,
2474 4789 2575 4842 οὐκ
2605 4788 2937 4859 ἐπαινοῦμεν
2967 4788 3092 4851 τοὺς
3116 4786 3510 4857 προσδιδόντας
3542 4786 3659 4838 ἐαυ-

2070 4878 2198 4942 τούς
2237 4880 2380 4952 (Η)-
2425 4880 2615 4954 ἐπειδὴ
2651 4881 2751 4952 οὐχ
2794 4879 2968 4944 οὕτως
3009 4879 3248 4933 διδάσκει
3303 4879 3366 4931 τὸ
3416 4875 3659 4947 Εὐαγγέ-

2068 4967 2183 5024 λιον
2211 4969 2344 5042 (ιε).

2130 5278 2246 5348 (59)
2284 5276 2363 5333 lta
2393 5276 2509 5334 Jac.
2547 5293 2578 5334 e
2606 5277 2770 5334 codd.
2805 5274 3046 5332 Vindob.
3075 5283 3131 5331 et
3168 5271 3352 5329 Paris.
3399 5271 3648 5343 reposuit

2059 5363 2162 5420 pro
2200 5350 2347 5421 vulg.
2375 5349 2683 5421 θαυμάσας.

2133 5419 2247 5492 (40)
2286 5415 2330 5492 _l.
2359 5436 2419 5492 e._
2440 5439 2459 5472 ι
2483 5415 2684 5492 sponte
2713 5433 2772 5474 se
2788 5417 3246 5492 persecutoribus
3280 5415 3568 5492 oﬂ'errent.
3595 5433 3613 5466 I

2157 5432 2247 5492 40)
2290 5432 2330 5474 I.
2359 5436 2408 5474 e.
2440 5439 2459 5472 ι
2491 5437 2517 5476 s
2557 5432 2684 5474 onte
2713 5433 2772 5474 se
2870 5432 3246 5472 rsecutoribus
3280 5432 3568 5471 exterrent.

2157 5493 2246 5571 ll)
2285 5436 2756 5571 l-ta_JacoBsonus.
2779 5432 2968 5571 Elui}
2993 5488 3324 5571 προσιόντας
3347 5489 3593 5571 ἐαυτοῐς.

2157 5491 2246 5557 Μ)
2285 5491 2362 5545 lta
2391 5491 2756 5546 Jacobsonus.
2787 5491 2932 5543 Editi
2953 5505 2968 5541 :
2993 5491 3324 5559 προσιόντας
3357 5491 3593 5548 ἑαυτοῖς.

2131 5491 2247 5633 ίιὲ)
2286 5560 2448 5636 ._lu_bet
2487 5561 2644 5636 enim
2682 5560 2865 5636 potius
2914 5555 3309 5636 Evangelia],
3345 5560 3536 5627 fugere
3581 5553 3643 5636 ad

2060 5628 2236 5686 aliam'
2256 5633 2532 5687 civitatem
2560 5629 2790 5699 (Matth.
2835 5644 2893 5694 x,
2921 5628 3028 5696 εδ)
3053 5645 3070 5695 ;
3099 5629 3190 5699 itag
3215 5641 3401 5682 tamen
3461 5637 3560 5699 ut,
3599 5628 3641 5678 si

2059 5703 2249 5776 fugere
2281 5717 2392 5759 non
2425 5696 2607 5769 liceat,
2645 5715 2796 5757 mors
2824 5709 3143 5758 constanter
3167 5696 3404 5755 feratur.
3434 5697 3602 5753 Cass.
