3806 6208
130 287 278 344 1055
806 285 1023 341 EPIST.
1057 280 1412 343 ECCLESle
1447 283 1695 342 SMYRN.
1736 288 1822 343 DE
1855 284 2215 347 MARTYRIO
2251 293 2307 347 S.
2351 292 2763 350 POLYCARPI.

1336 407 1399 463 V.
1439 408 1725 479 Polycarpi
1754 426 1986 465 secessus
2015 420 2064 465 et
2098 412 2250 467 visio.

3264 295 3405 352 ξοδδ

208 532 275 585 ⁸0
304 531 362 586 δὲ
392 532 846 604 θαυμασιώτατος
872 533 1252 605 Πολύκαρπος,
1285 532 1346 587 τὺ
1381 534 1482 605 μὲν
1506 531 1710 606 πρῶτοκ

1896 535 2233 608 Polycarpus
2253 546 2461 601 autem,
2486 538 2573 591 vir
2610 536 2851 592 maxime
2881 536 3248 601 admirabilis,
3285 536 3403 606 pri-

124 625 373 690 ἀκούσας
402 626 505 679 οὑκ
554 626 831 700 ἐταράχθη
858 668 873 693 ,
921 626 1037 681 ἀλλ’
1087 626 1340 681 ἐϐούλετο
1383 627 1525 681 κατὰ
1573 627 1710 682 πόλιη

1838 644 2009 696 mum,
2042 645 2104 685 re
2141 630 2328 685 audita
2357 644 2469 684 non
2498 631 2772 697 turbatus,
2808 631 2866 684 in
2909 631 3043 685 urbe
3081 644 3407 701 permanere

128 719 350 789 μένειν·
385 718 434 772 οἱ
464 716 523 772 δὲ
555 718 777 783 πλείους
805 719 1022 774 ἔπειθον
1052 720 1216 775 αὑτὸν
1248 718 1580 785 ὑπεξελθεῖν.
1615 720 1710 774 Κα⁴

1838 722 2082 789 volebat;
2125 723 2371 793 plerique
2405 731 2584 777 tamen
2622 724 2673 777 ei
2713 732 3127 793 persuaserunt,
3160 731 3222 777 ut
3254 738 3408 778 sece—

125 809 434 883 ὑπεξῆλθεν
465 814 547 876 εἰς
577 813 841 884 ἀγρίδιον,
876 813 938 866 οὑ
974 813 1193 885 μακρὰν
1235 813 1438 883 ἀπέχον
1481 808 1594 867 ἀπὸ
1626 813 1710 884 τῆς

1838 813 2004 867 deret.
2037 812 2105 867 Et
2152 814 2382 870 secessit
2404 812 2459 866 in
2484 812 2670 867 villam
2694 853 2711 879 ,
2757 829 2866 867 non
2896 813 3129 868 multum
3174 813 3247 867 ab
3271 814 3407 867 urbe

125 900 374 966 πόλεως’
429 902 526 957 καὶ
573 902 811 974 διέτριϐε
854 903 963 975 (45)
1003 906 1121 975 μετ’
1153 903 1371 973 ὀλίγων,
1406 903 1579 958 νύκτα
1629 904 1710 959 καἸ

1838 906 2082 961 dissitam
2109 921 2125 972 ;
2156 906 2251 960 ubi
2281 919 2404 959 cum
2435 906 2626 974 paucis
2651 905 2873 970 mansit,
2897 906 2990 960 diu
3021 914 3299 975 noctuque
3329 905 3408 959 nil

125 994 348 1067 ἡμέραν
390 995 543 1049 οὐδὲν
573 995 762 1069 ἕτερον
808 997 1010 1060 ποιῶν,
1044 996 1078 1068 ἢ
1113 994 1554 1069 προσευχόμενος
1596 994 1726 1067 περὶ

125 1088 375 1151 πάντων,
410 1086 508 1140 καὶ
548 1088 658 1141 τῶν
690 1088 832 1142 κατὰ
863 1088 963 1159 τὴν
993 1088 1320 1159 οἰκουμένην
1352 1085 1718 1158 Ἐκκλησιιῖιν·

122 1178 265 1248 ὅπερ
291 1172 363 1248 ἦν
394 1175 625 1249 σύνηθες
656 1176 825 1248 αὑτῷ.
850 1178 964 1232 Καὶ
996 1178 1437 1249 προσευχόμενος
1468 1178 1527 1231 ἐν
1551 1176 1723 1230 ὀπτα-

126 1268 218 1340 σίᾳ
264 1269 455 1338 γέγονε
491 1269 596 1342 πρὸ
626 1269 797 1342 τριῶν
825 1269 1052 1342 ἡμερῶν
1083 1268 1178 1324 τοῦ
1215 1268 1592 1342 συλληφθῆναι
1623 1268 1723 1321 αὑ-

121 1360 214 1413 τόν
234 1376 248 1390 ο
289 1362 389 1414 καὶ
421 1356 563 1414 εἶδεν
597 1362 1038 1434 προσκεφάλαιον
1063 1361 1230 1417 αὑτοῦ
1277 1361 1383 1415 ὑπὸ
1416 1360 1589 1433 πυρὸς
1622 1376 1723 1413 κα-

122 1452 507 1523 τακαιόμενον.
533 1452 644 1506 Καὶ
677 1454 941 1524 στραφεὶς
965 1451 1120 1507 εἶπεν
1148 1454 1286 1526 πρὸς
1316 1453 1444 1517 τοὺς
1467 1453 1727 1514 συνόντας

119 1544 275 1616 αύτῷ
307 1545 700 1618 προφητικῶς·
740 1568 759 1599 ι
786 1549 880 1601 Δεῖ
912 1563 979 1621 με
1012 1545 1194 1611 ζῶντα
1227 1546 1501 1617 καυθῆναι
1533 1544 1668 1615 (44).
1699 1562 1720 1595 ι

1827 998 1974 1055 aliud
2007 1013 2197 1071 agens,
2224 998 2330 1053 nisi
2363 1001 2725 1069 quodoraret
2762 1014 2865 1070 pro
2908 1000 3186 1055 universis
3223 1008 3278 1055 et
3300 1016 3406 1070 pro

1825 1091 2084 1147 omnibus
2125 1104 2223 1160 per
2264 1091 2453 1145 orbem
2487 1088 2776 1157 Ecclesiis;
2814 1091 2957 1160 quod
3011 1091 3113 1160 ipsi
3154 1100 3275 1145 erat
3313 1106 3407 1145 so-

1827 1182 2026 1237 lemne.
2057 1178 2124 1235 Et
2168 1195 2293 1236 cum
2320 1190 2535 1247 oraret,
2582 1183 2763 1236 triduo
2816 1193 3107 1253 antequam
3154 1197 3408 1253 compre-

1827 1274 2178 1339 henderetur,
2212 1274 2351 1329 visio
2378 1274 2427 1328 ei
2458 1274 2677 1344 obtigit,
2702 1274 2947 1343 viditque
2983 1275 3213 1330 cervical
3243 1291 3405 1330 suum

1830 1366 2088 1421 incendio
2115 1363 2485 1436 conﬂagrans.
2521 1364 2589 1419 Et
2616 1380 2917 1420 conversus
2946 1366 3014 1419 ad
3054 1368 3234 1422 socios
3272 1380 3405 1437 pro‘

1830 1457 2047 1527 phetioe
2076 1458 2249 1512 dixit:
2280 1473 2298 1507 ι
2323 1455 2552 1526 Oportet
2576 1472 2662 1512 me
2687 1458 2874 1513 vivum
2900 1458 3172 1514 comburi.
3203 1478 3222 1510 ι

940 1666 1026 1721 Vl.
1066 1666 1399 1738 Polycarpus
1434 1684 1465 1721 a
1498 1665 1704 1721 servulo
1738 1662 2005 1733 proditur.
2044 1656 2281 1714 Herodes
2312 1660 2615 1717 irenarcha.

191 1782 310 1836 Καὶ
332 1784 705 1854 ἐπιμενόντων
736 1786 844 1839 τῶν
872 1784 1181 1857 ζητούντων
1203 1787 1388 1851 αὑτὸν,
1414 1785 1615 1857 μετέϐη
1644 1786 1722 1848 εἰς

121 1874 316 1946 ἓτερον
349 1875 594 1947 ἁγρίδιον
614 1891 627 1905 ⁸
664 1876 759 1931 καὶ
794 1877 997 1941 εὐθέως
1017 1878 1327 1950 ἐπέστησαν
1351 1878 1400 1930 οἱ
1434 1874 1721 1947 ζητοῦντες

119 1967 310 2023 αὑτόν.
350 1966 461 2020 Καὶ
496 1966 571 2038 μὴ
602 1968 891 2039 εὑρόντες,
928 1967 1281 2023 συνελάϐοντο
1314 1966 1577 2039 παιδάρια
1606 1964 1719 2029 δύο,

1900 1776 2236 1847 Instantibus
2287 1790 2467 1835 autem
2527 1779 2595 1835 iis
2653 1776 2746 1850 qui
2781 1776 3099 1850 quaerebant
3138 1795 3300 1847 eum,
3349 1781 3403 1835 in

1830 1873 1992 1928 aliam
2031 1874 2216 1928 villam
2253 1872 2543 1944 migravit;
2579 1879 2634 1927 et
2675 1873 2859 1928 statim
2896 1872 3123 1927 aderant
3151 1872 3406 1944 explora-

1831 1975 1999 2022 tores.
2025 1964 2274 2036 Cumque
2299 1964 2452 2019 illum
2478 1979 2587 2018 non
2611 1963 2963 2035 reperissent,
2989 1960 3129 2019 duos
3157 1965 3406 2021 servulos

121 2051 195 2109 ὧν
227 2057 290 2109 τὸ
342 2056 531 2128 ἕτερον
576 2056 1001 2127 βασανιζόμενον
1033 2055 1408 2129 ὡμολόγησεν.
1451 2051 1561 2109 Ἦν
1610 2054 1710 2126 γὰρ

1838 2054 2396 2125 :omprehenderunt,
2427 2069 2661 2125 quorum
2695 2053 2852 2120 alter,
2888 2053 3174 2109 tormentis
3212 2054 3403 2108 subdi-

123 2148 216 2202 καὶ
248 2147 518 2202 ἀδύνατον
550 2147 735 2201 λαθεῖν
768 2146 934 2203 αὑτὸν
956 2190 970 2213 ,
1005 2150 1130 2201 ἐπεὶ
1160 2148 1255 2203 καὶ
1297 2150 1347 2201 οἱ
1380 2137 1720 2219 προδιδόντες

120 2240 286 2295 αὑτὸν
318 2243 511 2294 οἰκεῖοι
546 2241 790 2312 ὑπῆρχον
827 2239 960 2311 (43).
996 2241 1108 2295 Καὶ
1150 2243 1182 2294 ὁ
1226 2241 1551 2313 εὶρήναρχος
1586 2236 1718 2308 (46),

120 2336 148 2387 ὁ
177 2333 277 2387 καὶ
312 2331 652 2403 κληρονόμος
674 2331 808 2401 (47),
844 2331 905 2384 τὸ
937 2330 1071 2384 αὐτὸ
1102 2331 1275 2401 δνομα
1303 2330 1434 2399 (48),
1473 2329 1719 2402 Ἡρώδης

121 2426 535 2496 ἐπιλεγόμενος,
559 2422 819 2476 ἔσπευδεν
850 2424 933 2486 εἱς
965 2422 1025 2475 τὸ
1055 2421 1267 2475 στάδιον
1294 2421 1458 2475 αὑτὸν
1490 2424 1716 2491 εἰσαγα-

121 2522 238 2588 γεῖν
259 2534 273 2548 ·
332 2517 421 2570 ἵνα
473 2517 681 2577 ἐκεῖνος
716 2510 816 2585 μὲν
848 2513 940 2566 τὸν
975 2511 1105 2566 ἴδιον
1150 2511 1351 2584 κλῆρον
1395 2513 1674 2586 ἀπαρτίσῃ
1701 2554 1716 2578 ,

121 2608 368 2683 Χριστοῦ
400 2605 656 2670 κοινωνὸς
707 2605 999 2676 γενόμενος
1018 2621 1031 2634 ·
1068 2604 1118 2657 οἱ
1149 2603 1206 2657 δὲ
1238 2603 1527 2678 προδόντες
1557 2604 1720 2660 αὑτὸν

122 2703 217 2775 τὴν
251 2698 426 2756 αὑτοῦ
447 2696 558 2770 (49)
584 2695 677 2751 τοῦ
720 2693 893 2750 ’ἰούδα
924 2695 1213 2766 ὑπόσχοιεν
1252 2695 1545 2766 τιμωρίανε

1826 2157 1935 2214 tus,
1965 2144 2256 2202 confessus
2295 2153 2400 2200 est.
2438 2142 2780 2215 [inpossibile
2828 2153 3012 2198 autem
3061 2153 3179 2199 erat
3234 2142 3405 2200 latere

1823 2236 2036 2305 ipsum,
2067 2251 2191 2289 cum
2214 2234 2523 2305 proditores
2555 2233 2841 2289 domestici
2871 2232 2992 2304 ejus
3021 2241 3225 2289 essent.
3256 2228 3407 2289 Iren-

1821 2327 1987 2381 archa
2012 2342 2162 2391 vero,
2215 2326 2299 2381 vel
2338 2326 2709 2388 cleronomus,
2731 2328 2878 2396 quod
2908 2322 3052 2379 idem
3075 2341 3277 2380 munus
3297 2332 3401 2394 est,

1827 2419 2050 2473 nomine
2091 2417 2356 2482 Herodes,
2401 2419 2456 2472 in
2509 2416 2746 2472 stadium
2787 2418 2939 2471 illum
2974 2418 3174 2473 ducere
3204 2434 3402 2489 prope-

1829 2512 2007 2579 rabat,
2033 2522 2091 2567 ut
2122 2512 2213 2567 hic
2234 2525 2438 2568 sortem
2463 2528 2618 2568 suam
2646 2511 2915 2582 impleret,
2939 2510 3144 2566 Christi
3174 2499 3406 2568 consors

1829 2601 2052 2670 factus;
2111 2603 2415 2673 proditores
2467 2613 2649 2660 autem
2692 2604 2812 2673 ejus
2855 2601 3009 2659 Iuda:
3045 2619 3236 2674 poenas
3269 2608 3404 2660 sub-

1829 2697 1988 2752 eant!

1102 2806 1217 2866 Ἧι.
1256 2810 1590 2883 Polycarpus
1622 2829 1654 2868 α
1688 2814 2111 2884 persecutoribus
2144 2815 2414 2868 invenitur.

194 2932 461 3001 Ἔχοντες
483 2923 577 2982 οὖν
607 2928 668 2981 τὸ
699 2927 1007 2999 παιδάριον,
1032 2929 1100 2998 τῇ
1134 2928 1480 2998 παρασκευῇ,
1503 2925 1720 2978 δείπνου

123 3026 262 3097 ὥρᾳ,
299 3021 530 3094 ἐξῆλθον
560 3021 856 3092 διωγμῖται
888 3019 986 3074 καὶ
1019 3021 1240 3083 ἱππεῖς,
1279 3018 1416 3089 μετὰ
1461 3014 1568 3072 τῶν
1602 3035 1726 3071 συν-

123 3116 267 3188 ήθων
316 3115 505 3177 αὐτοῖς
547 3113 764 3177 ὅπλων,
814 3132 834 3164 ι
862 3110 938 3175 ὡς
970 3109 1065 3164 ἐπὶ
1111 3109 1317 3183 λῃστὴν
1364 3111 1671 3182 τρέχοντες.
1698 3131 1717 3163 ι

124 3207 234 3262 Καὶ
278 3206 383 3275 ὀψὲ
413 3205 510 3276 τῆς
555 3202 705 3275 ὥρας
739 3200 1159 3264 συνεπελθόντες
1197 3200 1309 3271 (50)
1331 3240 1345 3265 ,
1380 3200 1588 3254 ἐκεῖνον
1623 3199 1723 3272 μὲν

124 3293 283 3371 εὖρον
306 3297 366 3352 ἓν
392 3314 498 3351 τινι
520 3294 778 3367 δωματίῳ
800 3292 1218 3364 κατακείμενον,
1242 3294 1300 3346 ἐν
1325 3291 1435 3364 (51)
1466 3292 1717 3366 ὑπερῴην

125 3388 386 3445 κάκεῖθεν
417 3386 648 3457 ἠδύνατο
686 3385 766 3448 εἰς
812 3384 999 3455 ἕτερον
1031 3382 1229 3454 χωρίον
1276 3382 1563 3448 ἀπελθεῖν,
1605 3383 1721 3437 ἀλλ’

124 3481 224 3534 οὑκ
252 3476 529 3549 ἐϐουλήθη
552 3517 568 3541 ,
619 3474 825 3530 εἰπών·
866 3495 885 3525 ι
931 3472 1005 3525 Τὸ
1053 3472 1267 3545 θέλημα
1317 3473 1410 3527 τοῦ
1442 3473 1577 3527 Θεοῦ
1610 3473 1720 3544 (52)

125 3572 372 3640 γενέσθω
386 3572 430 3623 ³.
462 3589 480 3621 ι
521 3568 786 3631 ’Δκούσας
817 3566 875 3619 δὲ
906 3566 1105 3629 αὑτοὺς
1138 3565 1419 3637 παρόντας
1453 3564 1593 3637 (55),
1628 3564 1722 3618 καὶ

126 3664 399 3728 καταϐὰς,
422 3660 670 3733 διελέχθη
701 3660 888 3723 αὑτοῖς
908 3675 920 3688 ο
956 3656 1349 3729 θαυμαζόντων
1381 3655 1487 3710 τῶν
1520 3657 1723 3728 παρόν-

126 3774 232 3813 των
273 3755 380 3828 τὴν
427 3754 643 3825 ἡλικίαν
673 3750 839 3807 αὑτοῦ
893 3750 991 3808 καὶ
1044 3749 1105 3802 τὸ
1143 3748 1445 3812 εὐσταθὲς,
1497 3748 1593 3803 καὶ
1640 3750 1721 3802 ὅτι

127 3848 368 3920 τοσαύτη
391 3846 599 3917 σπουδῇ
628 3845 933 3915 ἐχρήσαντο
964 3839 1060 3894 τοῦ
1088 3838 1460 3909 συλληφθῆναι
1482 3838 1721 3893 τοιοῦτον

128 3937 447 4013 πρεσϐύτην
477 3935 649 4007 ἄνδρα
685 3933 817 4004 (54).
851 3930 1071 3995 Εὐθέως
1101 3925 1193 3983 οὖν
1236 3930 1422 3993 αὐτοῖς
1467 3930 1720 3984 ἐκέλευσε

127 4032 507 4109 παρατεθῆναι
535 4032 730 4099 φαγεῖν
753 4028 849 4082 καὶ
875 4029 1019 4080 πιεῖν
1041 4027 1100 4079 ἐν
1132 4023 1319 4097 ἐκείνῃ
1341 4027 1406 4095 τῇ
1439 4023 1578 4096 ὥρα,
1599 4025 1721 4081 ὅσον

126 4128 192 4184 ἂν
224 4125 558 4199 βούλωνται·
592 4122 896 4194 ἐξῃτήσατο
925 4120 982 4173 δέ
1012 4118 1232 4181 αὐτοὺς,
1260 4117 1348 4170 ἴνα
1379 4114 1542 4170 δῶσιν
1572 4117 1721 4188 αὑτῷ

124 4219 276 4294 ὥραν
314 4218 453 4290 πρὸς
485 4217 544 4270 τὸ
578 4211 988 4288 προσεύξασθαι
1020 4208 1211 4274 ἀδεῶς.
1250 4210 1371 4263 Τῶν
1402 4209 1458 4263 δὲ
1499 4211 1719 4283 ἐπιτρε-

125 4313 367 4382 ψάντων,
391 4309 610 4373 σταθεὶς
633 4304 999 4380 προσηύξατο,
1028 4302 1242 4374 πλήρης
1263 4300 1339 4355 ὢν
1371 4303 1468 4374 τῆς
1501 4303 1720 4375 χάριτος

128 4406 219 4460 τοῦ
264 4402 435 4467 Θεοῦ,
469 4400 678 4464 οὕτως,
712 4398 854 4451 ὥστε
887 4397 982 4450 ἐπὶ
1027 4392 1121 4449 δύο
1152 4394 1301 4465 ὥρας
1354 4393 1429 4465 μὴ
1461 4391 1719 4448 δύνασθαι

130 4500 428 4570 σιωπῆσαι,
458 4496 553 4550 καὶ
585 4494 982 4566 ἐκπλήττεσθαι
1015 4492 1139 4555 τοὺς
1161 4492 1476 4556 ἀκούοντας,
1497 4490 1720 4558 πολλούς

128 4610 184 4644 τε
219 4590 504 4662 μετανοεῖν
527 4588 620 4640 ἐπὶ
651 4585 727 4656 τῷ
759 4582 1082 4656 ἐληλυθέναι
1107 4582 1202 4636 ἐπὶ
1231 4580 1481 4634 τοιοῦτον
1504 4581 1721 4653 θεοπρε-

129 4684 205 4755 πῆ
238 4681 583 4755 πρεσϐύτην.

195 4826 218 4857 ⁸
247 4824 443 4878 Matth.
469 4837 617 4887 nm,
644 4820 735 4876 55.
812 4820 833 4851 °
855 4816 1046 4872 Matth.
1074 4831 1148 4882 vr,
1183 4813 1281 4881 10;
1307 4813 1428 4869 Act.
1455 4829 1568 4882 1m,
1597 4815 1687 4870 14.

198 4939 317 5009 (45)
356 4936 434 5009 ita
472 4935 871 5009 iacobsonuse
894 4934 1035 5009 eod.
1061 4932 1464 5009 Raris.__Ed_iti_.;
1500 4931 1704 5009 ἔτριϐε.
1739 4943 1787 5002 D

197 5001 313 5079 (44)
354 5007 432 5063 lta
462 5007 816 5079 jacobsonus
843 5020 874 5059 e
917 5004 1200 5079 codicibus
1234 5003 1491 5071 Vindob.,
1526 5001 1703 5059 Paris.

127 5091 181 5138 et
202 5075 433 5133 Barocc.
460 5077 633 5131 Ezliti:
662 5075 1101 5145 κατακαυθῆναι.

200 5151 317 5222 (45)
340 5146 451 5203 Ἦν
480 5150 597 5222 χαρᾷ
616 5190 629 5203 .
654 5189 667 5200 .
691 5187 704 5200 .
729 5147 975 5222 ὑπῆρχον
1006 5163 1074 5202 es
1099 5145 1514 5217 interpolatoris
1543 5160 1709 5200 manu

128 5217 250 5279 esse
280 5229 469 5276 censet
508 5217 897 5288 Dalrymplius.
921 5217 1039 5273 hc.

196 5292 315 5362 (46)
357 5287 666 5345 lrenarchte
704 5303 911 5362 munus
938 5296 1087 5351 erat,
1121 5287 1413 5362 seditiosos
1455 5287 1713 5362 homines

130 5375 179 5419 et
204 5356 365 5435 pacis
394 5362 624 5435 publica:
654 5360 970 5414 turbatores
997 5359 1480 5435 comprehendere.
1511 5356 1714 5435 vates.

199 5428 692 5505 ('47)_Klnpov6p0t
716 5439 846 5505 sunt
871 5449 891 5481 ι
919 5432 1339 5505 magistratus.)
1366 5436 1514 5483 sorte
1534 5428 1712 5482 electi.

130 5500 264 5561 Cor.
293 5501 426 5556 Mihi
452 5500 611 5557 idem
651 5501 1007 5571 magistratus
1045 5509 1160 5555 tum
1194 5500 1561 5571 εἰρήναρχος,
1594 5507 1710 5553 tum

132 5574 466 5648 κληρονόμος
490 5581 719 5628 vocatus
748 5570 921 5648 iuiSse
955 5571 1191 5627 videtur.

199 5638 312 5719 (I8)
347 5638 580 5715 Ὄνομα,
613 5651 672 5696 ut
706 5642 931 5711 sepius,
979 5662 997 5694 4
1026 5656 1265 5708 munus,
1313 5638 1578 5715 ofﬁcium,
1615 5638 1718 5703 ιω-

132 5733 252 5773 1101⁸.
290 5736 308 5769 ι

203 5788 313 5860 (49)
354 5784 496 5858 Lege
525 5785 718 5857 αὑτήν.
749 5780 870 5839 πλε.

449 5886 725 5947 Peraea.
771 5881 887 5941 (in.
926 5882 1001 5942 V.

1898 2922 2174 2982 Habentes
2203 2942 2333 2995 ergo
2370 2926 2678 2996 puerulum,
2704 2923 2842 2981 feria
2872 2936 3047 2990 sexta.
3080 2930 3184 2984 sub
3211 2929 3404 2985 horam

1826 3034 2032 3088 ccenaa,
2065 3020 2270 3091 egressi
2311 3029 2439 3074 sunt
2477 3027 2858 3089 persecutores
2906 3029 2961 3073 et
3009 3021 3225 3090 equites
3274 3038 3404 3077 cunt

1825 3114 2107 3171 consuetis
2136 3112 2327 3174 armis,
2360 3131 2377 3161 ι
2407 3122 2667 3182 tanquam
2689 3111 2951 3167 adversus
2985 3113 3247 3168 latronem
3276 3130 3407 3184 pro-

1825 3205 2131 3260 ﬁciscentes
2153 3204 2239 3256 ⁸.»
2287 3202 2353 3257 Ει
2404 3203 2507 3259 sub
2555 3201 2929 3272 vespertinum
2983 3214 3198 3274 tempus
3240 3208 3404 3261 adve-

1827 3297 2062 3360 nientes,
2099 3295 2252 3351 illum
2287 3292 2341 3349 in
2402 3294 2678 3365 superiori
2713 3293 2968 3351 cubiculo
3004 3312 3187 3366 parva:
3217 3299 3404 3369 cujus-

1825 3388 1951 3442 dam
2006 3388 2207 3444 domus
2251 3385 2688 3441 discumbentem
2745 3387 3099 3455 invenerunt;
3153 3390 3297 3444 unde
3348 3392 3403 3444 in

1826 3479 1973 3534 aliud
2005 3477 2270 3547 praedium
2302 3476 2458 3533 abire
2511 3485 2761 3547 poterat,
2798 3478 2893 3533 sed
2925 3477 3136 3545 noluit,
3168 3479 3357 3536 dicens
3384 3496 3399 3534 :

1832 3590 1849 3622 ι
1874 3569 1996 3625 Fiat
2035 3569 2290 3625 voluntas
2332 3566 2676 3625 Dei’aCum
2715 3583 2847 3624 vero
2886 3584 2982 3625 eos
3012 3580 3258 3628 astantes
3298 3589 3403 3628 au.

1823 3663 1994 3719 disset
2053 3676 2120 3717 ac
2175 3658 2589 3730 descendisset,
2638 3676 2762 3718 eum
2807 3662 2887 3719 eis
2935 3662 3243 3721 collocutus
3276 3676 3402 3732 est,

1824 3752 2160 3809 mirantibus
2202 3750 2293 3817 iis,
2328 3752 2422 3819 qui
2465 3753 2715 3819 aderant,
2746 3761 2961 3811 aetatem
3004 3755 3123 3825 ejus
3170 3764 3226 3811 et
3267 3773 3404 3813 con-

1824 3846 2107 3910 stantiam,
2138 3843 2397 3914 quodque
2422 3842 2527 3913 ipsi
2581 3852 2731 3899 tanto
2760 3844 2942 3900 studio
2968 3846 3050 3901 usi
3083 3847 3290 3903 fuerint
3333 3850 3405 3905 ad

1824 3935 2141 4006 huiusmodi
2166 3937 2343 3990 virum
2368 3950 2553 4003 senem
2582 3936 3172 4007 comprehendendum.
3204 3938 3401 3996 Statim

1823 4044 1971 4084 nunc
2008 4028 2098 4083 illa
2142 4029 2277 4083 hora
2317 4028 2385 4084 iis
2418 4026 2603 4083 cibum
2652 4037 2707 4082 et
2740 4038 2928 4100 potqu
2967 4033 3163 4101 apponi
3212 4031 3400 4101 jussit,

1822 4132 2090 4191 quantum
2122 4122 2363 4189 vellent;
2404 4122 2559 4193 petiit
2584 4130 2766 4176 autem
2799 4123 2868 4177 ab
2909 4123 3040 4188 illis,
3076 4134 3134 4179 ut
3170 4125 3275 4194 ipsi
3306 4127 3404 4180 da—

1823 4224 1947 4269 rent
1980 4216 2130 4269 hora:
2168 4215 2406 4285 spatium
2445 4214 2512 4270 ad
2543 4215 2714 4269 libere
2762 4216 3053 4271 orandum.
3092 4214 3247 4283 Quod
3277 4233 3403 4272 cunt

1824 4307 2256 4369 concessissent,
2293 4317 2446 4363 stans
2499 4308 2723 4375 orabat,
2782 4309 2978 4378 plenus
3036 4310 3214 4379 gratia
3266 4308 3401 4378 Dei;

1823 4401 1960 4454 adeo
2011 4409 2069 4455 ut
2105 4415 2199 4470 per
2225 4401 2363 4456 duas
2405 4400 2573 4454 horas
2615 4410 2795 4454 tacere
2827 4415 2933 4452 non
2963 4410 3168 4470 posset,
3207 4417 3271 4456 ac
3302 4401 3405 4454 ob-

1824 4498 2201 4560 stupescerent
2223 4491 2523 4551 auditores,
2549 4489 2859 4561 multosque
2878 4500 3066 4544 eorum
3091 4492 3399 4560 pmniteret,

1823 4584 1969 4651 quod
2006 4583 2269 4639 adversus
2302 4599 2520 4650 senem,
2558 4583 2670 4638 Deo
2700 4593 2983 4654 tantopere
3026 4592 3266 4654 gratum,
3306 4596 3401 4640 ve-

1824 4676 2055 4731 inissent.

1884 4935 1998 5007 (50)
2036 4934 2112 5007 Ita
2146 4930 2397 5007 Usserius
2422 4931 2792 5007 e_t_Smithius
2829 4947 2896 5007 ex
2938 4928 3159 5007 Eusebii
3189 4931 3301 5001 (Η.
3331 4933 3394 4988 If.

1816 5000 1906 5072 IV,
1936 5000 2040 5075 15)
2073 5005 2304 5058 lectione
2345 5000 2665 5075 ἐπελθόντες
2706 5005 3092 5075 corrigendum
3137 5000 3264 5059 esse
3299 5021 3401 5073 μυ⁸

1818 5086 1953 5133 tant.
1987 5074 2128 5130 Editi
2156 5093 2171 5128 :
2205 5073 2651 5138 συναπελθόντες.

1891 5145 2490 5218 (51)·Ριοαεροείιίυιιςῃι
2523 5145 2676 5218 svab
2704 5145 2827 5200 aliis
2852 5144 3113 5200 omissam
3154 5149 3400 5216 reposuit

1811 5214 2161 5274 Jacobsouus
2191 5231 2221 5269 e
2253 5215 2374 5269 cod.
2413 5214 2647 5270 Vindob.

1854 5286 2004 5411 f(52)
2045 5286 2123 5341 lta
2165 5283 2510 5341 Jacobsonus
2552 5301 2584 5342 e
2615 5285 2792 5342 tribus
2831 5285 3038 5353 codd.;
3071 5284 3236 5359 Vulg.
3276 5286 3396 5341 Κυ-

1871 5377 1955 5411 ου.

1871 5377 1955 5413 Ου.

1816 5377 2000 5500 ρκξέὶϐ)
2044 5427 2546 5500 lta_Jacohsonuse
2573 5428 2734 5484 codd.
2764 5426 2920 5485 Vind.
2944 5438 2999 5483 et
3024 5422 3202 5484 Paris.
3232 5424 3395 5500 Vulg.

1812 5496 2054 5564 ἀκούσας
2083 5496 2177 5554 οὖν
2214 5500 2338 5563 τοὺς
2372 5498 2666 5570 παρόντας.

1888 5571 2002 5642 (54)
2046 5572 2116 5642 ita
2145 5566 2492 5642 Jacobsonus
2530 5586 2559 5623 e
2587 5570 2709 5642 cod.
2751 5566 3162 5642 Paris.VIilg.:
3198 5571 3397 5642 εὐστα-

1816 5639 1927 5713 θές,
1955 5639 2099 5704 τινὲς
2132 5641 2313 5713 ελεγον
2332 5657 2344 5670 ο
2395 5641 2459 5693 Ἥ
2478 5639 2739 5713 ’τοσαύτη
2762 5640 2987 5713 σπο-υδὴ,
3023 5640 3056 5710 ἡ
3083 5639 3181 5695 τοῦ
3206 5640 3398 5713 συλληα

1815 5711 2017 5783 φθῆναι
2048 5706 2288 5767 τοιοῦτον
2320 5710 2632 5783 πρεσϐύτην
2655 5706 2823 5778 ἄνδρα
2852 5706 2956 5782 ἦν;

3002 5869 3081 5929 33
