3806 6208
425 256 566 313 1(δῖιό

1622 256 1678 311 8.
1725 255 2182 312 POLYCARPUS
2218 256 2531 313 MARTYR.

3555 266 3688 322 i036

1520 376 1650 432 Vlll.
1687 378 2017 450 Polycarpus
2052 380 2108 432 in
2137 378 2317 432 urbem
2350 379 2586 433 ducitur.

492 498 630 553 Cum
659 508 840 554 autem
867 498 1238 570 precationem
1267 498 1518 564 ﬁniisset,
1551 500 1604 554 in
1630 516 1737 571 qua
1769 500 2001 556 mentio—
2027 536 2071 591 Α

422 606 545 646 nem
574 590 780 647 fecerat
802 592 1047 648 omnium
1080 591 1175 662 qui
1220 592 1515 663 aliquando
1553 608 1679 649 cum
1715 593 1835 663 ipso
1873 607 1999 648 con-

421 681 595 751 gressi
644 680 897 747 fuerant,
937 697 1230 752 parvorum
1274 682 1495 752 quidem
1555 693 1608 738 et
1645 698 1994 749 magnorum,

418 774 694 829 clarorum
722 783 777 829 et
800 775 1182 839 obscurorum,
1214 776 1491 846 totiusque
1520 792 1616 846 per
1655 776 1844 832 orbem
1885 784 1996 831 ter~

416 882 605 922 rarum
648 867 930 923 catholica
977 866 1271 930 Ecclesiae;
1322 884 1558 938 cumque
1602 869 1736 924 hora
1778 867 1996 939 proﬁci-

415 958 603 1014 scendi
645 959 903 1023 venisset,
946 959 1103 1013 asino
1133 974 1258 1014 eum
1305 959 1670 1029 imponentes,
1722 959 1775 1014 in
1805 960 1994 1014 urbem

414 1053 689 1107 duxerunt
713 1052 803 1109 die
826 1053 1010 1123 magni
1036 1049 1283 1107 Sabbati.
1313 1051 1381 1107 Et
1404 1052 1647 1108 occurrit
1665 1054 1715 1108 ei
1752 1050 1995 1109 Herodes

414 1147 724 1209 irenarcha,
757 1161 823 1200 ac
854 1154 1008 1215 pater
1039 1145 1161 1215 ejus
1187 1143 1426 1212 Nicetas,
1451 1161 1616 1201 curru
1640 1146 1803 1211 vecti,
1821 1148 1914 1217 qui
1942 1158 1995 1203 et

411 1224 538 1292 eum
574 1237 628 1291 in
660 1251 947 1291 carrucam
979 1251 1136 1292 suam
1185 1236 1622 1299 transtulerunt,
1659 1236 1994 1293 assidentes-

411 1346 520 1401 que
550 1331 933 1396 hortabantur,
971 1330 1252 1385 dicentes:
1289 1349 1307 1381 ι
1357 1328 1498 1395 Quid
1529 1328 1675 1383 enim
1705 1330 1835 1385 mali
1884 1340 1990 1399 est,

409 1421 596 1477 dicere
628 1440 647 1473 ι
680 1420 911 1476 Domine
957 1419 1165 1487 Caesar,
1205 1438 1224 1471 ι
1260 1427 1315 1474 et
1347 1418 1676 1484 sacrificare,
1716 1430 1880 1491 atque
1914 1422 1993 1479 ita

409 1515 623 1571 salvum
664 1513 930 1569 evadere?
969 1532 988 1565 ι
1028 1512 1121 1568 Ille
1167 1521 1349 1567 autem
1384 1512 1621 1583 primum
1649 1513 1871 1583 quidem
1908 1516 1992 1571 eis

408 1622 519 1663 non
546 1605 860 1677 respondit;
886 1605 979 1661 sed
1002 1620 1128 1660 cum
1160 1604 1449 1668 instarent,
1472 1604 1609 1660 dixit
1636 1623 1649 1659 :
1678 1624 1696 1656 ι
1724 1603 1991 1662 Facturus

407 1710 517 1750 non
544 1709 688 1761 sum,
719 1694 868 1765 quod
888 1694 1132 1749 suadetis
1154 1693 1313 1750 mihi.
1353 1713 1372 1746 ›
1410 1692 1550 1749 Tum
1582 1694 1697 1760 illi,
1740 1694 1990 1751 frustrati

407 1798 504 1856 spe
538 1784 789 1841 flectendi
825 1800 991 1851 eum,
1013 1785 1410 1841 contumeliosa
1448 1787 1499 1841 ei
1524 1787 1689 1842 verba
1710 1788 1986 1851 dixerunt,

2184 500 2270 563 Ὦς
2314 499 2371 553 δὲ
2416 500 2725 554 κατέπαυσε
2773 499 2870 571 τὴν
2914 500 3253 573 προσευχὴν,
3300 501 3688 573 μνημονεύσας

2100 590 2355 643 ἁπάντων
2387 589 2482 644 καὶ
2514 590 2620 643 τῶν
2652 590 2868 645 πώποτε
2902 590 3013 663 (55)
3055 592 3485 664 συμϐεϐηκότων
3516 593 3686 664 αὐτῷ,

2104 680 2316 752 μικρῶν
2343 698 2401 734 τε
2436 681 2529 735 καὶ
2564 682 2835 753 μεγάλων,
2861 683 3085 748 ἐνδόξων
3117 700 3175 737 τε
3203 684 3299 738 καὶ
3326 684 3564 751 ἀδόξων,
3601 686 3689 738 καὶ

2098 770 2318 840 ἀπάσης
2348 771 2446 843 τῆς
2478 772 2619 825 κατὰ
2649 772 2745 844 τὴν
2778 773 3101 845 οἰκουμένην
3132 774 3431 845 ηθολικῆς
3460 776 3689 846 Ἐκκλη-

2100 859 2241 924 σίας,
2284 862 2384 932 τῆς
2414 861 2563 935 ὦρας
2596 863 2856 935 ἐλθούσης
2902 864 2995 918 τοῦ
3034 863 3255 930 ἐξιέναι,
3296 867 3355 929 ἐν
3386 867 3503 937 ὄνῳ
3532 867 3687 922 καθί-

2098 968 2291 1017 σαντες
2340 953 2503 1009 αύτὸν
2522 996 2536 1020 ,
2570 949 2705 1026 ἦγον
2733 958 2813 1020 εἰς
2845 956 2939 1027 τὴν
2972 956 3126 1010 πόλιν
3146 998 3161 1022 ,
3210 958 3364 1022 ὄντος
3403 958 3686 1013 Σαϐϐάτου

2099 1044 2335 1115 μεγάλου
2367 1045 2498 1118 (56).
2526 1048 2636 1101 Καὶ
2670 1049 2884 1120 ὑπήντα
2917 1049 3065 1121 αὐτῷ
3094 1051 3124 1103 ὁ
3149 1052 3480 1123 εἰρήναρχος
3513 1051 3689 1123 Ἠρώ-

2095 1138 2192 1209 δης
2226 1140 2319 1193 καὶ
2350 1141 2379 1192 ὁ
2411 1141 2593 1213 πατὴρ
2624 1141 2788 1195 αὑτοῦ
2822 1143 3071 1214 Νικήτης
3109 1144 3205 1196 ἐπὶ
3236 1143 3297 1197 τὸ
3323 1144 3520 1215 ὄχημα
3554 1144 3688 1216 (57),

2095 1230 2145 1283 οἳ
2178 1232 2273 1285 καὶ
2309 1231 2634 1303 μεταθέντες
2666 1233 2829 1287 αύτδν
2859 1234 2954 1287 ἐπὶ
2984 1236 3083 1306 τὴν
3115 1235 3395 1308 καροῦχαν
3414 1276 3432 1300 ,
3470 1236 3689 1291 ἔπειθον

2096 1323 2601 1396 παρακαθεζόμενοι
2626 1324 2720 1378 καὶ
2745 1324 2993 1393 λέγοντες
3013 1345 3025 1357 ·
3056 1347 3074 1378 ι
3102 1328 3166 1381 Τί
3192 1329 3300 1400 γὰρ
3338 1329 3520 1383 κακόν
3543 1332 3691 1384 ἐστιν

2097 1416 2271 1470 εἰπεῖν
2292 1433 2304 1445 ·
2333 1417 2551 1484 Κύριος
2600 1416 2710 1487 (58)
2754 1416 3004 1485 Καῖσαρ,
3048 1419 3143 1472 καὶ
3187 1419 3473 1484 ἐπιθῦσαι,
3498 1422 3601 1475 καὶ
3625 1422 3689 1476 τὰ

2093 1505 2303 1570 τούτοις
2339 1507 2643 1573 ἀκόλουθα,
2679 1509 2774 1562 καὶ
2803 1508 3197 1576 διασώζεσθαι;
3227 1531 3244 1563 ι
3295 1511 3355 1565 Ὀ
3384 1512 3447 1566 δὲ
3484 1514 3557 1568 τὰ
3592 1515 3689 1585 μὲν

2093 1598 2290 1672 πρῶτα
2319 1601 2420 1653 οὐκ
2451 1600 2787 1673 ἀπεκρίνατο
2830 1600 3046 1664 αὐτοῖς·
3082 1602 3459 1674 ἐπιμενόντων
3498 1605 3562 1659 δὲ
3589 1606 3685 1660 αὐ»

2092 1690 2222 1754 τῶν,
2257 1691 2358 1763 ἔφη
2380 1709 2392 1721 ·
2432 1712 2450 1743 ι
2480 1692 2554 1745 Οὐ
2583 1692 2762 1763 μέλλω
2792 1701 2988 1756 ποιεῖν,
3016 1693 3046 1747 ὃ
3078 1694 3485 1765 συμϐουλεύετε
3518 1714 3634 1769 μοι.
3663 1718 3681 1748 ι

2093 1787 2157 1839 Οἱ
2194 1785 2250 1839 δέ
2281 1784 2644 1855 ἀποτυχόντες
2679 1786 2773 1840 τοῦ
2803 1790 2989 1840 πεῖσαι
3030 1787 3222 1851 αὑτὸν,
3253 1786 3410 1842 δεινά
3460 1789 3684 1859 ῥήματα

405 1888 606 1934 etcum
639 1879 983 1934 vehementia
1013 1878 1329 1949 deiecerunt
1361 1894 1489 1934 eum
1530 1894 1562 1935 e
1623 1894 1813 1947 curru,
1849 1879 1988 1935 adeo

2145 1895 2274 1947 syov
2305 1877 2474 1949 αύτῷ,
2509 1879 2605 1932 καὶ
2640 1879 2778 1950 μετά
2813 1878 3050 1949 σπουδῆς
3086 1878 3363 1950 καθῄρουν
3383 1880 3561 1934 αὑτὸν
3579 1881 3685 1934 ἀπὺ

404 1978 466 2023 ut
494 1984 526 2023 e
553 1983 780 2024 carruca
809 1968 1002 2023 exiens
1031 1967 1223 2022 tibiam
1248 1968 1596 2025 distraheret.
1634 1968 1741 2025 Sed
1778 1985 1985 2041 nequa-

400 2075 571 2129 quam
602 2067 937 2125 commotus,
968 2066 1025 2113 et
1053 2059 1212 2129 quasi
1246 2058 1384 2113 nihil
1420 2058 1549 2114 mali
1585 2074 1780 2129 passus
1816 2069 1980 2125 esset,

402 2149 659 2204 alacriter
692 2158 748 2204 et
783 2162 1016 2219 propere
1048 2148 1331 2219 pergebat,
1373 2148 1572 2205 ductus
1611 2150 1680 2205 ad
1718 2150 1980 2207 stadium.

403 2238 613 2299 Tantus
646 2257 776 2298 vero
803 2251 921 2298 erat
950 2242 1008 2296 in
1033 2239 1211 2298 stadio
1242 2243 1531 2310 tumultus,
1564 2251 1626 2298 ut
1664 2259 1825 2299 nemo
1848 2259 1977 2315 pos-

402 2342 484 2389 set
509 2333 708 2388 audiri.

2090 1965 2184 2019 τοῦ
2215 1967 2490 2039 ὀχήματος
2519 1967 2653 2038 (59),
2687 1968 2763 2031 ὡς
2795 1968 2889 2022 καὶ
2923 1969 3177 2022 κατιόντα
3205 1968 3316 2022 ἀπὸ
3345 1969 3448 2040 τῆς
3483 1972 3683 2041 καρού-

2088 2073 2188 2126 χας
2231 2058 2571 2129 ἀποσυρῆναι
2617 2058 2677 2111 τὸ
2716 2059 3086 2130 ἀντικνήμιον.
3137 2059 3248 2113 Καὶ
3281 2059 3361 2131 μὴ
3410 2061 3679 2133 ἐπιστρα-

2087 2150 2242 2219 φεὶς,
2275 2150 2352 2213 ὼς
2381 2149 2534 2203 οὐδὲν
2576 2149 2893 2214 πεπονθὼς,
2927 2150 3220 2222 προθύμως
3266 2152 3413 2222 μετά
3448 2155 3681 2226 σπουδῆς

2085 2240 2379 2311 ἐπορεύετο
2398 2279 2413 2304 ,
2445 2242 2714 2312 ἀγόμενος
2745 2243 2826 2306 εἰς
2856 2241 2917 2294 τὸ
2950 2242 3162 2296 στάδιον
3181 2284 3196 2307 ,
3251 2243 3496 2315 θορύϐου
3529 2246 3676 2317 τηλι-

2083 2333 2273 2386 κούτου
2295 2332 2447 2396 ὄντος
2478 2334 2536 2386 ἐν
2561 2332 2639 2403 τῷ
2672 2333 2889 2405 σταδίῳ,
2910 2333 2985 2397 ὡς
3020 2335 3151 2406 μηδὲ
3190 2336 3535 2409 ἀκουσθῆναξ
3565 2358 3680 2395 τινα

2082 2423 2364 2478 δύνασθαι.

1246 2540 1339 2597 IX.
1379 2540 1707 2612 Polycarpus
1738 2543 1951 2597 Christo
1984 2542 2213 2597 Domino
2247 2562 2341 2598 suo
2376 2561 2480 2598 non
2514 2545 2809 2600 maledicit.

471 2664 774 2741 Polycarpo
796 2673 1001 2732 autem,
1019 2665 1244 2720 intranti
1274 2666 1329 2719 in
1361 2664 1620 2730 stadium,
1639 2679 1747 2720 vox
1775 2679 1807 2720 e
1838 2666 1980 2721 caelo

399 2760 661 2831 contigit:
700 2778 719 2810 ι
751 2756 933 2813 Fortis
954 2764 1072 2813 esto
1099 2764 1154 2811 et
1172 2755 1409 2833 viriliter.
1436 2770 1557 2827 age,
1596 2754 1927 2827 Polycarpe!
1955 2775 1974 2808 ι

398 2851 467 2907 Et
502 2867 628 2908 enm
662 2850 906 2921 quidem,
931 2848 1025 2919 qui
1053 2863 1239 2904 vocem
1261 2847 1464 2912 emisit,
1503 2861 1664 2903 nemo
1691 2848 1858 2915 vidit;
1883 2863 1980 2903 vo-

399 2960 521 3000 cem
557 2952 740 2999 autem
780 2941 819 2996 ii
866 2940 1195 3007 audierunt,
1227 2939 1323 3010 qui
1352 2954 1419 2994 ex
1448 2940 1657 2995 nostris
1681 2951 1977 3010 presentes

397 3044 575 3092 erant.
608 3035 878 3091 Caeterum
903 3031 1216 3089 introducto
1243 3032 1337 3087 illo
1367 3047 1599 3103 magnus
1622 3040 1739 3087 erat
1773 3030 1979 3086 tumul-

395 3136 487 3183 tus
532 3142 759 3193 eorum,
806 3125 901 3197 qui
943 3121 1305 3196 Polycarpum
1347 3123 1808 3193 comprehensum
1851 3136 1974 3178 esse

2154 2667 2244 2737 Τῷ
2284 2666 2341 2719 δὲ
2388 2665 2752 2737 Πολυκάρπῳ,
2791 2665 3014 2718 εἰσιόντι
3046 2666 3128 2728 εἰς
3155 2665 3218 2718 τὸ
3255 2664 3501 2727 στάδιον,
3527 2665 3676 2735 φωνὴ

2085 2757 2145 2823 ἐξ
2167 2758 2397 2831 ούρανοῦ
2428 2759 2662 2827 ἐγένετο·
2699 2777 2719 2810 ι
2746 2759 2927 2829 Ἰσχυε
2953 2758 3048 2811 καὶ
3073 2758 3350 2828 ἀνδριζου,
3382 2759 3672 2831 Πολύχαρ-

2085 2867 2173 2904 πε.
2206 2870 2224 2901 ι
2257 2848 2365 2904 Καὶ
2387 2850 2478 2904 τὸν
2509 2851 2607 2921 μὲν
2627 2851 2848 2903 εἰπόντα
2869 2850 3044 2914 οὐδεὶς
3074 2847 3230 2902 εἶδεν·
3255 2849 3359 2920 τὴν
3400 2850 3464 2903 δὲ
3493 2853 3676 2922 φωνὴν

2083 2940 2192 2994 τῶν
2212 2941 2499 3014 ἡμετέρων
2519 2944 2569 2995 οι
2594 2941 2860 3014 παρόντες
2882 2941 3265 3012 ἧκουσαν.Καὶ
3288 2940 3509 3011 [λοιπον
3541 2941 3674 3014 (60)]

2084 3031 2481 3104 προσαχθέντος
2491 3031 2677 3096 αὐτοῦ,
2691 3031 2919 3104 θόρυϐος
2931 3027 3000 3103 ἦν
3019 3032 3193 3103 μέγας
3200 3033 3341 3085 ἀκου
3348 3033 3584 3097 σάντων,
3596 3034 3677 3085 ὅτι

2079 3124 2445 3195 Πολύκαρπος
2470 3125 2840 3195 συνείληπται.
2864 3123 3063 3176 Λοιπὸν
3090 3123 3479 3194 προσαχθέντα
3514 3124 3678 3178 αὐτὴν

396 3219 710 3274 audierunt.
759 3216 834 3273 De
880 3224 1077 3272 caetero
1119 3216 1415 3272 adductum
1452 3230 1579 3271 eum
1622 3214 2002 3286 interrogavit

2145 3216 2331 3290 ηρώτα
2363 3220 2392 3271 ό
2415 3217 2745 3282 ἀνθύπατος,
2777 3217 2825 3269 εἰ
2853 3217 3016 3279 αὐτὸς
3034 3215 3119 3285 εἴη
3145 3216 3539 3289 Πολύκαρπος.
3568 3216 3675 3269 Τοῦ

394 3311 713 3384 proconsul,
732 3326 799 3365 an
823 3310 939 3381 ipse
959 3317 1104 3366 esset
1121 3305 1477 3379 Polycarpus.
1494 3306 1743 3378 Cumque
1769 3321 1979 3363 annue-

394 3413 500 3472 ret,
540 3401 975 3458 hortabaturille
1002 3411 1062 3457 ut
1092 3408 1336 3472 negaret,
1364 3399 1553 3456 dicens
1588 3417 1600 3452 :
1646 3418 1665 3449 ι
1706 3396 1974 3453 Reverere

393 3502 610 3550 aetatem
644 3506 830 3560 tuam,
872 3512 891 3545 ι
923 3493 1138 3563 aliaque
1175 3492 1260 3548 his
1304 3500 1691 3555 consentanea,
1730 3504 1855 3560 qua:
1883 3490 1974 3545 isti

392 3586 640 3657 proferre
673 3585 887 3642 solent:
920 3604 938 3636 ι
971 3582 1103 3639 lura
1134 3598 1232 3654 per
1260 3582 1541 3638 fortunam
1570 3580 1827 3648 Caesaris,
1845 3582 1976 3637 resi-

391 3680 563 3749 pisce,
591 3677 912 3735 conclama:
966 3673 1112 3729 Tolle
1141 3674 1351 3746 impios.
1393 3693 1411 3727 ι
1443 3672 1600 3730 Tunc
1633 3672 1970 3745 Polycarpus

390 3772 542 3841 gravi
570 3785 635 3825 ac
657 3784 849 3826 severo
880 3767 1033 3823 vultu
1061 3768 1281 3823 turbam
1304 3782 1521 3823 omnem
1553 3767 1968 3835 sceleratorum,

390 3861 485 3932 qui
520 3862 576 3916 in
609 3861 787 3917 stadio
812 3869 991 3926 erant,
1010 3859 1292 3930 gentilium
1319 3868 1610 3927 contuens,
1634 3874 1970 3930 manumque

390 3951 447 4005 in
481 3965 576 4007 eos
598 3950 906 4021 porrigens,
938 3948 1212 4020 simulque
1244 3964 1465 4021 gemens
1508 3964 1573 4004 ac
1610 3948 1811 4004 caelum
1847 3965 1971 4006 sus-

387 4043 600 4113 piciens
633 4042 771 4098 dixit
808 4062 820 4098 :
853 4062 870 4094 ι
912 4040 1067 4098 Tolle
1096 4043 1315 4113 impios.
1358 4061 1377 4094 ι
1413 4040 1651 4113 Urgente
1681 4057 1812 4097 vero
1850 4057 1970 4113 pro-

387 4135 616 4191 consule
635 4142 799 4205 atque
823 4135 1069 4189 dicente:
1104 4154 1123 4185 ι
1150 4132 1304 4201 Jura,
1335 4144 1390 4189 et
1432 4133 1649 4189 dimitto
1678 4143 1731 4189 te
1752 4176 1766 4199 ,
1802 4134 1969 4189 male-

387 4227 476 4280 dic
513 4224 734 4281 Christo
752 4225 784 4292 ;‘
808 4244 826 4277 ι
857 4224 1191 4297 Polycarpus
1225 4225 1511 4294 respondit
1541 4242 1554 4279 :
1604 4242 1622 4274 ι
1677 4221 1966 4296 Octoginta

386 4325 442 4372 et
469 4331 565 4372 sex
595 4316 723 4372 anni
753 4326 901 4381 sunt,
932 4332 998 4373 ex
1025 4332 1137 4388 quo
1165 4319 1343 4372 servio
1372 4317 1444 4382 ei,
1463 4331 1564 4372 nec
1588 4331 1677 4371 me
1703 4317 1813 4371 ulla
1843 4317 1969 4371 alle-

386 4412 462 4466 cit
502 4412 739 4484 injuria;
802 4420 857 4468 et
903 4413 1181 4483 quomodo
1231 4410 1435 4481 possim
1478 4409 1803 4465 maledicere
1850 4410 1963 4480 regi

384 4518 531 4573 meo,
562 4505 656 4575 qui
677 4505 889 4561 salvum
922 4519 1009 4560 me
1039 4502 1205 4559 fecit?
1228 4521 1246 4554 ι

2077 3310 2134 3364 δὲ
2173 3310 2590 3382 ὁμολογοῦντος,
2636 3310 2850 3365 ἔπειθεν
2876 3310 3179 3383 ἀρνεῖσθαι,
3211 3309 3415 3378 λέγων·
3461 3328 3481 3361 ι
3522 3308 3676 3362 Δὶδέ-

2078 3402 2234 3475 σθητί
2279 3421 2373 3457 σου
2410 3404 2511 3476 τὴν
2552 3404 2789 3475 ἡλικίαν,
2827 3423 2845 3455 ι
2878 3404 2971 3457 καὶ
2998 3403 3158 3475 ἕτερα
3198 3403 3417 3467 τούτοις
3448 3403 3675 3456 ἀκόλου-

2075 3495 2163 3561 θα,
2192 3497 2268 3562 ὡς
2296 3497 2418 3561 ἔθος
2452 3498 2637 3560 αὐτοῖς
2657 3496 2836 3565 λέγειν
2857 3495 2986 3567 (61)·
3018 3516 3035 3547 ι
3072 3497 3314 3567 Ὅμοσον
3340 3494 3448 3566 τὴν
3469 3497 3675 3550 Καισα-

2075 3606 2169 3660 ρος
2204 3589 2393 3661 τύχην,
2425 3589 2777 3659 μετανόησον,
2805 3581 3096 3655 εἰπέ-Αἶρε
3110 3581 3253 3648 τοὺς
3265 3583 3668 3657 ἁθέουςῶἢδ

2087 3682 2146 3735 '0
2173 3681 2229 3735 δέ
2265 3681 2622 3753 Πολύκαρπος
2656 3679 2912 3753 ἐμϐριθεί
2943 3678 3020 3751 τῷ
3054 3676 3336 3749 προσώπῳ
3363 3681 3451 3741 εἰς
3490 3679 3669 3732 πάντα

2070 3772 2161 3826 τὸν
2181 3772 2337 3844 δχλον
2364 3772 2473 3825 τῶν
2498 3775 2556 3825 ἐν
2593 3770 2671 3841 τῷ
2705 3770 2905 3842 σταδίῳ
2920 3771 3137 3841 ἀνόμων
3159 3768 3334 3822 ἐθνῶν
3361 3769 3668 3841 ἐμϐλέψας,

2071 3866 2167 3920 καὶ
2198 3865 2482 3929 ἐπισείσας
2515 3865 2697 3928 αὐτοῖς
2726 3865 2824 3935 τὴν
2845 3866 3023 3935 χεῖρα,
3054 3860 3318 3927 στενάξας
3338 3879 3401 3915 τε
3418 3864 3518 3915 καὶ
3539 3864 3669 3915 ἁνα-

2070 3957 2273 4027 ϐλέψας
2288 3959 2367 4021 εἰς
2382 3957 2473 4010 τὸν
2488 3957 2550 4009 οὐ
2559 3955 2735 4027 ρανδν,
2766 3952 2937 4008 εἶπενο
2949 3973 2968 4006 ι
2988 3950 3119 4025 Αἶρε
3141 3956 3265 4018 τοὺς
3282 3953 3485 4017 ἀθέους
3497 3953 3631 4024 (65).
3645 3972 3663 4003 ο

2082 4049 2434 4120 Ἑγκειμένου
2467 4048 2526 4102 δέ
2557 4046 2654 4101 τοῦ
2679 4047 2984 4101 ἀνθυπάτου
3018 4047 3112 4099 καὶ
3142 4046 3418 4114 λέγοντος·
3456 4065 3476 4095 ι
3505 4047 3668 4113 Ὅμο-

2072 4160 2182 4208 σον,
2208 4143 2300 4196 καὶ
2322 4141 2542 4196 ἀπολύω
2570 4158 2653 4205 σε,
2679 4141 2992 4213 λοιδόρησον
3032 4138 3122 4192 τὸν
3154 4137 3414 4209 Χριστόν·
3456 4158 3477 4188 ι
3508 4141 3538 4191 ὁ
3560 4138 3663 4189 Πο-

2069 4233 2346 4305 λύκαρπος
2390 4232 2516 4303 ἔφη·
2550 4251 2569 4284 ι
2623 4232 2977 4302 Ὀγδοήκοντα
3026 4230 3121 4284 καὶ
3159 4228 3220 4294 ἓξ
3260 4228 3359 4300 ἐτη
3398 4229 3515 4299 ἔχω
3545 4229 3662 4282 δου-

2067 4324 2238 4379 λεύων
2273 4322 2442 4395 αὐτῷ,
2473 4323 2565 4376 καὶ
2602 4322 2754 4376 οὐδέν
2789 4339 2855 4392 με
2888 4320 3164 4391 ἠδίκησεν·
3198 4318 3294 4372 καὶ
3328 4318 3455 4382 πῶς
3499 4318 3658 4371 δύνα-

2071 4430 2169 4483 μαι
2210 4410 2599 4483 βλασφημῆσαι
2642 4411 2733 4464 τὸν
2786 4408 3010 4480 βασιλέα
3071 4425 3207 4479 μου,
3260 4408 3354 4461 τὸν
3406 4406 3661 4460 σώσαντά

2070 4521 2313 4576 με;›,

998 4644 1065 4699 Χ.
1107 4644 1435 4716 Polycarpus
1470 4661 1527 4700 se
1559 4642 1925 4699 Christianum
1963 4646 2265 4715 proﬁtetur,
2298 4654 2349 4700 et
2381 4645 2446 4699 de
2478 4642 2691 4699 Christo
2722 4643 2865 4714 loqui
2899 4642 3031 4697 vult.

454 4764 690 4834 Urgente
726 4778 921 4818 rursus
949 4761 1044 4820 illo
1075 4771 1130 4817 et
1156 4761 1417 4817 dicente:
1452 4780 1471 4813 ι
1506 4759 1636 4814 Jura
1667 4775 1764 4830 per
1786 4758 1961 4814 fortu-

383 4872 510 4911 nam
537 4855 797 4921 Caesaris,
829 4873 849 4905 ο
879 4852 1163 4924 respondit
1191 4872 1204 4907 :
1246 4871 1264 4904 ι
1302 4850 1360 4906 Si
1385 4867 1577 4906 vanam
1610 4866 1677 4905 ex
1714 4866 1782 4906 eo
1810 4865 1958 4921 quaa-

377 4949 457 5005 ris
485 4948 738 5018 gloriam,
769 4957 831 5001 ut
854 4960 955 5016 ego
973 4960 1070 5015 per
1102 4943 1336 5000 Caesaris
1363 4943 1659 5007 fortunam,
1686 4950 1745 4996 ut
1767 4951 1825 4996 tu
1848 4941 1953 5005 ais,

2154 4761 2531 4831 Ἐπιμένοντος
2558 4758 2615 4812 δὲ
2633 4757 2793 4813 πάλιν
2826 4756 2989 4810 αὑτοῦ
3024 4756 3118 4810 καὶ
3139 4755 3419 4823 λὲγοντοςε
3444 4775 3465 4808 ι
3494 4758 3653 4827 Ὅμο-

2067 4868 2157 4904 σον
2183 4849 2282 4921 τὴν
2314 4849 2594 4920 Καίσαρος
2615 4845 2807 4919 τύχην,
2852 4864 2869 4896 ι
2900 4843 3251 4915 ἀπεκρίνατο·
3284 4860 3305 4892 ‹
3339 4842 3407 4894 Εἰ
3444 4842 3653 4896 κενοδο-

2065 4942 2194 5007 ξεῖς,
2225 4942 2311 4995 ἵνα
2350 4940 2534 5011 ὀμόσω
2573 4938 2672 5008 τὴν
2707 4937 2985 5007 Καίσαρος
3011 4935 3201 5004 τύχην,
3239 4930 3320 4996 ὡς
3355 4935 3424 4986 σὺ
3457 4933 3649 5003 λέγεις,

374 5040 593 5108 iurem.
642 5037 870 5093 simulas
919 5043 1103 5090 autem
1148 5034 1363 5090 nescire
1412 5035 1536 5105 quis
1571 5034 1711 5100 sim;
1771 5033 1952 5103 palam
1988 5091 2002 5108 ἰ

2145 5035 2352 5088 οσποιεῖ
2385 5031 2493 5104 (64)
2513 5031 2571 5085 δὲ
2600 5032 2815 5099 ἀγνοεῖν
2847 5047 2934 5100 με,
2966 5027 3049 5091 τίς
3077 5028 3212 5097 εἰμι·
3258 5025 3402 5096 μετὰ
3441 5029 3649 5098 mpm-

378 5129 507 5186 audi
527 5145 541 5183 :
565 5128 916 5185 Christianus
948 5142 1092 5184 sum.
1134 5126 1192 5181 Si
1215 5142 1348 5182 vero
1382 5126 1712 5183 Christianae
1746 5125 1957 5180 doctri-

377 5240 463 5281 nae
484 5224 753 5280 rationem
794 5223 880 5278 vis
903 5223 1134 5288 discere,
1168 5222 1236 5277 da
1261 5221 1370 5277 diei
1397 5222 1629 5292 spatium
1662 5227 1717 5275 et
1745 5219 1894 5274 audi.
1932 5237 1950 5269 ι

446 5343 561 5410 (55)
578 5341 656 5399 Ita
671 5341 1015 5398 Jacobsonus
1035 5358 1067 5397 e
1081 5342 1257 5398 tribus
1287 5342 1588 5399 codicibus.
1609 5338 1769 5410 Vulg.
1789 5340 1941 5396 ποτέ.

467 5411 556 5482 56)
584 5412 626 5469 l.
651 5428 702 5467 e.
735 5411 928 5482 Vigilia
956 5412 1260 5469 Paschatis.

467 5418 537 5468 56
585 5418 626 5469 1.
651 5428 702 5467 e.
735 5418 928 5482 Vigilia
956 5418 1260 5469 Paschatis.

445 5418 559 5555 ἒξῖ)
600 5481 723 5555 Ἐπὶ
745 5482 806 5537 τὸ
828 5483 1014 5555 ὄχημα
1048 5484 1468 5555 glossemaesse
1497 5482 1732 5555 videtur.
1754 5479 1875 5555 lac.

377 5625 404 5678 J
445 5551 557 5625 (38)
586 5553 816 5609 Codices
853 5551 1271 5609 omneshahent
1297 5552 1520 5624 Κύριος.
1556 5551 1699 5607 Editi
1722 5551 1945 5623 εΚύριε.

408 5638 489 5677 ac.

408 5638 489 5677 AC.

447 5690 558 5765 (ξθ)
593 5692 726 5765 ξᾼπδ
739 5693 834 5765 τού
849 5694 1124 5765 ὀχήματος
1149 5696 1416 5764 glossema
1439 5708 1560 5749 esse
1579 5694 1758 5749 videtu
1767 5710 1810 5748 r.
1829 5690 1948 5749 Jac.

2065 5125 2185 5187 σίας
2212 5120 2396 5186 ἄκουε,
2429 5120 2752 5193 Χριστιανός
2784 5121 2919 5190 εἰμι.
2948 5119 3013 5171 Εἰ
3044 5117 3101 5170 δὲ
3129 5115 3325 5187 μαθεῖν
3349 5115 3538 5180 θέλεις
3567 5116 3648 5169 τὸν

2063 5215 2156 5271 τοῦ
2186 5212 2613 5287 Χριστιανισμοῦ
2641 5212 2816 5280 λόγον,
2848 5211 2936 5273 δὸς
2960 5209 3195 5280 ἡμέραν,
3226 5207 3327 5260 καὶ
3360 5209 3643 5263 ἄκουσον.ι

2055 5337 2277 5393 inclusit
2304 5334 2668 5390 Jacobsonus.

2126 5408 2238 5478 (61)
2268 5406 2343 5478 [ta
2372 5404 2718 5478 Jacqbsonus
2748 5417 2779 5456 e
2807 5401 2930 5457 cod.
2957 5396 3389 5478 _Vi‘n.dn-b..Ealiti
3413 5419 3427 5453 :
3452 5400 3638 5467 λέγων.

2127 5469 2238 5549 (62)
2269 5476 2309 5530 Ι.
2339 5493 2389 5531 e.
2429 5495 2447 5525 ι
2484 5472 2601 5528 Una
2624 5488 2747 5528 cum
2777 5471 3003 5542 paganis
3023 5469 3479 5525 Christianorum
3497 5478 3640 5540 Optcs

2053 5550 2355 5604 interitum.
2384 5566 2402 5598 ι

2126 5620 2240 5689 (65)
2275 5618 2313 5671 l.
2342 5633 2410 5689 e._
2433 5636 2451 5668 ι
2494 5628 2739 5689 paganos
2768 5620 3169 5689 persecutores.
3210 5630 3229 5661 ι

2125 5678 2238 5761 (64)
2273 5689 2347 5743 Ita
2383 5678 2727 5761 Jacobsnnus
2768 5678 2800 5738 ὲ
2829 5682 2989 5739 codd.
3038 5680 3268 5737 Barocc.
3309 5691 3369 5738 et
3409 5678 3638 5737 Viudob.

448 5754 559 5833 (60)
593 5760 796 5822 Vocem
818 5754 1025 5833 λοιπόν,
1058 5754 1180 5835 (ιιιεὲ
1219 5764 1402 5821 statim
1436 5765 1699 5832 recurrit,
1733 5765 1949 5820 uncinis

2145 5762 2198 5817 iti
2217 5754 2230 5814 Ξ
2254 5759 2586 5833 προσποιεῖς,
2622 5754 2783 5810 male.
