3806 6208
117 348 147 401 1
160 348 274 403 037

813 344 1033 402 EPIST.
1080 342 1441 400 ECCLESUE
1484 340 1739 398 SMYRN.
1778 341 1866 396 DE
1906 339 2268 396 MARTYRIO
2310 342 2367 396 S.
2421 338 2832 396 POLYCARPI.

3259 341 3399 398 1058

127 471 201 523 Ὀ
236 469 543 534 ἀνθύπατος
573 469 696 542 ἔφη·
727 489 746 520 ι
774 471 970 523 Πεῖσον
998 469 1088 523 τὸν
1128 469 1298 540 δῆμον
1335 469 1463 540 (65).
1508 488 1526 520 ι
1565 469 1622 521 Ὀ
1654 467 1709 522 δὲ

1825 465 2114 521 Proconsul
2152 465 2325 519 dixit:
2359 483 2378 516 ι
2414 461 2692 518 Persuade
2736 460 2960 532 populo.
3003 477 3024 514 ι
3060 458 3399 533 Polycarpus

110 562 500 634 Πυλύκαρπος
542 559 712 615 εἶπενο
747 582 765 613 ι
800 563 866 615 Σὲ
903 563 1002 633 μὲν
1039 565 1133 617 καὶ
1174 564 1330 632 λόγου
1367 563 1591 633 ἠξίωσαν
1627 565 1712 618 δε-

108 653 431 725 διδάγμεθα
463 653 573 727 γὰρ
619 655 810 725 ἀρχαῖς
849 656 943 707 καὶ
989 653 1258 718 ἐξουσίαις
1303 656 1408 708 ὑπὸ
1447 655 1542 708 τοῦ
1575 656 1712 709 Θεοῦ

109 747 491 817 τεταγμέναις
527 745 690 816 τιμὴν
737 746 876 799 κατὰ
907 747 968 800 τὸ
1012 747 1307 818 προσῆκον,
1337 749 1434 820 τὴν
1469 751 1542 822 μὴ
1581 750 1711 820 βλά-

111 853 377 890 πτουσαν
408 837 586 908 ἡμᾶς,
628 836 940 906 ἀπονέμειν·
980 837 1220 901 ἐκείνους
1245 837 1299 890 δὲ
1332 840 1430 910 οὐχ
1471 842 1709 911 ἡγοῦμαι

109 929 318 996 ἀξίους
363 929 456 983 τοῦ
484 927 867 996 ἀπολογεῖσθαι
889 930 1091 994 αὐτοῖς.
1135 949 1155 982 ι

1816 559 2097 629 respondit
2141 578 2153 613 :
2207 579 2225 611 ι
2277 557 2355 613 Te
2397 558 2616 628 quidem
2658 570 2912 611 sermone
2951 553 3178 625 dignum
3229 563 3395 624 puto;

1815 656 1994 710 edocti
2027 655 2174 710 enim
2230 668 2458 719 sumus,
2496 651 2836 722 principibus
2868 658 2923 704 et
2967 649 3338 719 potestatibus
3367 665 3397 701 ιι

1819 752 1928 806 Deo
1958 751 2244 816 ordinatis,
2271 757 2436 819 prout
2461 749 2638 814 decet,
2673 747 2935 800 honorem
2975 744 3135 799 nobis
3163 759 3273 798 non
3304 757 3398 796 no-

1817 857 2028 902 centem
2066 844 2310 910 deferre;
2361 843 2482 897 illos
2518 856 2649 896 vero
2693 840 2946 910 indignos
2986 846 3153 908 puto,
3193 837 3396 907 quibus

1825 940 2085 996 rationem
2108 937 2329 992 reddam
2356 936 2420 988 ¹⁰.
2448 946 2468 980 ι

855 1049 949 1104 XI.
989 1051 1100 1105 Nec
1131 1051 1448 1117 bestiarum,
1487 1073 1579 1108 nec
1613 1059 1748 1128 ignis
1782 1062 1940 1116 mima
1977 1059 2332 1129 Polycarpum
2361 1061 2669 1124 perterrent.

211 1167 275 1220 '0
308 1168 366 1221 δὲ
405 1167 714 1231 ἀνθύπατος
737 1167 872 1238 πρὸς
912 1168 1073 1221 αὐτὸν
1116 1164 1257 1222 εἶπε·
1299 1189 1317 1221 ι
1368 1172 1540 1244 Θηρία
1584 1173 1712 1245 ἔχω,

110 1259 342 1323 τούτοις
381 1277 440 1312 σε
484 1258 816 1331 παραϐαλῶ,
854 1259 948 1312 ἐὰν
986 1260 1060 1330 μὴ
1094 1263 1448 1334 μετανοήσῃς.
1491 1283 1510 1314 ›
1556 1265 1614 1317 Ὀ
1659 1266 1715 1319 δὲ

112 1348 304 1404 εἶπεν·
332 1370 351 1402 ι
375 1351 564 1416 Κάλει,
582 1351 916 1422 ἀμετάθετος
931 1351 1040 1423 γὰρ
1060 1353 1193 1423 ἡμῖν
1218 1354 1251 1424 ἡ
1275 1354 1380 1407 ἀπὸ
1404 1354 1511 1408 τῶν
1533 1373 1715 1424 κρειτ-

109 1443 298 1496 τόνων
327 1443 420 1496 ἐπὶ
450 1442 518 1495 τά
549 1442 716 1513 χείρω
744 1443 1020 1513 μετάνοια·
1055 1444 1219 1498 καλὸν
1245 1445 1301 1499 δὲ
1335 1449 1715 1518 μετατίθεσθαί

113 1552 195 1605 με
225 1535 339 1588 ἀπὸ
383 1533 491 1588 τῶν
543 1533 791 1605 χαλεπῶν
822 1535 914 1588 ἐπὶ
964 1537 1032 1589 τὰ
1070 1537 1272 1590 δίκαια.
1310 1557 1327 1589 ι
1372 1540 1429 1593 '0
1459 1540 1516 1593 δὲ
1553 1543 1714 1596 πάλιν

110 1625 268 1696 πρὸς
290 1625 472 1678 αὐτόν·
505 1644 523 1675 ι
558 1624 696 1694 Πυρί
729 1642 786 1677 σε
822 1624 959 1678 ποιῶ
991 1625 1386 1698 δαπανηθῆναι,
1410 1630 1457 1680 εί
1485 1630 1592 1682 τῶν
1617 1630 1713 1702 θη-

111 1684 264 1789 ρίων
291 1684 673 1790 καταφρονεῖς,
708 1719 802 1771 έάν
841 1718 914 1790 μὴ
951 1684 1309 1793 μετανοήσῃς.
1343 1684 1456 1774 »ιὉ
1479 1721 1536 1774 δὲ
1555 1684 1719 1776 Πολύ·
1749 1684 1790 1739 Β

109 1827 364 1882 καρπός·
405 1830 423 1862 ‹
459 1810 580 1882 Πῦρ
625 1811 866 1874 ἀπειλεῖς
921 1811 983 1864 τὸ
1030 1813 1167 1882 πρὸς
1204 1811 1352 1884 ὥραν
1408 1815 1715 1885 καιόμενον,

111 1904 219 1957 καὶ
261 1906 380 1975 μετ’
407 1903 585 1972 ὀλίγον
618 1903 996 1975 σϐεννύμενον·
1022 1907 1238 1974 ἀγνοεῖς
1263 1907 1372 1979 γὰρ
1401 1910 1462 1962 τὸ
1481 1909 1579 1980 τῆς
1598 1910 1720 1980 μελ-

109 2001 330 2072 λούσης
372 2001 605 2073 κρίσεως
645 2002 740 2056 καὶ
774 2003 992 2057 αἰωνίου
1025 2003 1299 2067 κολάσεως
1339 2007 1452 2068 τοῖς
1493 2005 1715 2059 ἀσεϐέσι

111 2094 469 2166 τηρούμενον
515 2096 646 2168 πῦρ.
694 2094 851 2149 Ἀλλά
891 2095 942 2148 τί
993 2095 1308 2167 βραδύνεις;
1337 2098 1496 2170 Φέρε,
1530 2098 1558 2151 ὂ
1592 2098 1717 2170 βού-

108 2188 227 2242 λει.
271 2207 292 2239 ι
612 2214 615 2217 ·

1894 1178 1964 1233 At
1996 1176 2292 1248 proconsul
2332 1175 2399 1229 ad
2441 1173 2620 1243 ipsum
2651 1171 2789 1226 dixit
2822 1190 2834 1225 :
2869 1191 2887 1221 ι
2937 1169 3148 1226 Bestias
3183 1169 3390 1235 habeo;

1823 1270 1908 1325 his
1953 1277 2004 1322 te
2045 1267 2297 1337 objiciam
2321 1307 2334 1331 ,
2369 1265 2473 1318 nisi
2529 1261 2888 1318 convcrtaris.
2931 1281 2949 1313 ι
2993 1259 3112 1331 Ipse
3142 1276 3274 1316 vero
3306 1276 3396 1316 re—

1823 1361 2074 1430 spondit:
2117 1380 2134 1411 ‹
2166 1359 2396 1413 Arcesse
2409 1370 2644 1421 eas,nos
2664 1355 2808 1409 enim
2837 1356 3038 1410 mutari
3069 1371 3177 1410 non
3203 1371 3398 1426 possuo

1823 1469 1946 1508 mus
1984 1453 2344 1507 conversione
2373 1467 2402 1504 a
2432 1449 2748 1504 melioribus
2771 1448 2838 1503 ad
2860 1447 3164 1514 deteriora;
3187 1448 3396 1504 bonum

1821 1552 2001 1598 autem
2034 1551 2138 1606 est,
2171 1557 2258 1595 mc
2288 1557 2316 1594 a
2344 1541 2507 1594 malis
2546 1539 2612 1593 ad
2638 1539 2789 1606 justa
2834 1539 3090 1594 transire.
3126 1557 3146 1589 ι
3181 1536 3396 1594 Rursus

1822 1636 1924 1690 iste
1951 1634 2017 1689 ad
2040 1633 2399 1704 Polycarpum
2427 1651 2439 1686 :
2477 1653 2494 1682 ι
2527 1630 2980 1700 Quandoquidem
3012 1631 3217 1686 bestias
3240 1647 3394 1701 sper-

1820 1728 1925 1794 nis,
1957 1727 2068 1798 igni
2109 1735 2162 1780 te
2205 1725 2415 1778 tradam
2453 1725 2908 1787 consumendum,
2935 1723 3041 1778 nisi
3070 1723 3395 1779 sententiam

1818 1829 2016 1875 mutes.
2058 1839 2076 1869 ›
2103 1817 2202 1872 Cui
2233 1817 2604 1888 Polycarpus:
2643 1835 2661 1866 ι
2695 1815 2878 1887 Ignem
2918 1816 3171 1880 minaris,
3197 1816 3292 1886 qui
3326 1816 3396 1870 ad

1818 1914 1968 1967 horae
2007 1911 2240 1980 spatium
2287 1909 2472 1974 ardet,
2514 1923 2578 1963 ac
2615 1908 2778 1976 paulo
2820 1916 2944 1976 post
2990 1908 3392 1978 exstinguitur;

1818 2003 2040 2074 ignoras
2069 2001 2212 2055 enim
2247 1999 2398 2053 illum
2433 1998 2602 2053 futuri
2629 1999 2820 2068 judicii
2853 1992 2921 2052 et
2963 2004 3180 2054 aeternae
3219 2015 3398 2069 pmnn

1819 2097 2022 2166 ignem,
2049 2093 2144 2162 qui
2175 2092 2358 2162 impiis
2384 2100 2714 2146 reservatur.
2737 2090 2936 2146 Verum
2969 2092 3098 2162 quid
3123 2091 3396 2148 moraris?

1816 2183 2028 2251 Profer,
2059 2184 2429 2254 quodcunque
2450 2183 2707 2238 volueris.
2743 2202 2763 2234 ι

1188 2306 1305 2362 XII.
1341 2307 1670 2378 Polycarpus
1703 2305 1774 2359 ad
1808 2319 1995 2373 rogum
2026 2303 2332 2355 damnatur.

187 2398 390 2452 Ταῦτα
432 2398 490 2452 δὲ
538 2399 631 2451 καὶ
677 2399 810 2452 ἀλλα
857 2399 1076 2454 πλείονα
1114 2401 1307 2470 λέγων,
1357 2402 1590 2475 θάρσους
1621 2403 1714 2456 καὶ

110 2491 304 2560 χαρᾶς
341 2489 731 2560 ἐνεπίμπλατο,
767 2491 860 2544 καὶ
888 2491 947 2545 τὸ
981 2491 1272 2563 πρόσωπον
1301 2493 1467 2546 αὐτοῦ
1494 2493 1716 2564 χάριτος

109 2583 456 2654 ἐπληροῦτο,
489 2583 630 2636 ὥστε
662 2585 721 2636 οὐ
761 2584 920 2654 μόνον
957 2585 1031 2656 μὴ
1063 2587 1384 2656 συμπεσεῖν,
1416 2584 1712 2657 ταραχθέν-

110 2696 186 2732 τα
211 2677 331 2749 (66)
367 2678 471 2730 ὑπὸ
501 2678 608 2731 τῶν
637 2677 948 2748 λεγομένων
980 2679 1117 2749 πρὸς
1135 2678 1319 2742 αὑτὸν,
1343 2677 1477 2730 ἀλλά
1502 2679 1716 2733 τούναν-

110 2769 242 2823 τίον
274 2769 369 2822 τὸν
401 2768 710 2823 ἀνθύπατον
745 2769 1027 2840 ἐκστῆναι,
1064 2769 1277 2840 πέμψαι
1309 2786 1368 2822 τε
1395 2769 1485 2823 τὸν
1521 2769 1713 2824 hinc?)

111 2862 382 2932 κήρυκα,
427 2863 485 2914 ἐν
520 2861 672 2932 μέσῳ
701 2861 778 2931 τῷ
821 2861 1022 2931 σταδίῳ
1051 2859 1286 2933 κηρύξαι
1316 2862 1517 2934 τρίτον·
1553 2883 1571 2913 ‹
1612 2865 1716 2916 Πο-

111 2953 414 3023 λύκαρπος
465 2952 816 3023 ὡμολόγησεν
871 2953 1062 3006 ἑαυτὸν
1108 2953 1431 3024 Χριστιανὸν
1487 2949 1646 3006 εἷναι.
1690 2974 1708 3006 ι

113 3044 336 3097 Τούτου
365 3042 644 3113 λεχθέντος
674 3044 780 3097 ὑπὸ
805 3044 900 3097 τοῦ
937 3045 1197 3115 κήρυκος,
1235 3044 1380 3098 ἅπαν
1419 3045 1479 3098 τὸ
1513 3044 1716 3113 πλῆθος

113 3130 299 3184 ἐθνῶν
335 3149 392 3184 τε
427 3131 518 3184 καὶ
551 3131 818 3186 Ἰουδαίων
850 3133 958 3185 τῶν
986 3134 1082 3204 τὴν
1120 3133 1374 3205 Σμύρναν
1398 3135 1714 3188 κατοικούν-

113 3239 257 3284 των,
303 3223 665 3293 ἀκατασχέτῳ
706 3223 860 3294 θυμῷ
894 3227 986 3279 καὶ
1040 3225 1252 3297 μεγάλῃ
1302 3229 1451 3298 φωνῇ
1492 3227 1711 3280 ἐπεϐόα·

122 3333 141 3365 ι
188 3309 370 3377 Οὗτός
403 3314 550 3367 ἐστιν
571 3317 599 3366 ὁ
627 3314 726 3383 τῆς
748 3314 1004 3378 ἀσεϐείας
1040 3315 1147 3386 (67)
1177 3315 1521 3379 διδάσκαλος,
1549 3318 1577 3369 ό
1609 3333 1715 3368 πα-

114 3406 232 3477 τὴρ
257 3404 371 3458 τῶν
391 3405 752 3476 Χριστιανῶν,
796 3405 824 3457 ὁ
859 3405 966 3459 τῶν
1006 3405 1290 3476 ἡμετέρων
1337 3405 1475 3457 θεῶν
1521 3405 1714 3460 καθαι-

117 3497 316 3566 ρέτης,
348 3495 376 3545 ὁ
399 3494 625 3558 πολλοὺς
645 3494 911 3548 διδάσκων
940 3495 1015 3566 μὴ
1043 3494 1211 3560 θύειν,
1243 3495 1376 3567 μηδὲ
1393 3499 1717 3567 προσκυνεῖν

115 3592 241 3651 τοῖς
273 3586 439 3651 θεοῖς.
484 3606 504 3639 ι
543 3587 732 3642 Ταῦτα
773 3586 1024 3656 λέγοντες
1065 3588 1307 3642 ἐπεϐόων
1348 3590 1443 3642 καὶ
1488 3587 1718 3661 ἠρώτων

1887 2396 2013 2452 ll'azc
2045 2413 2172 2452 vero
2201 2406 2366 2466 atque
2393 2399 2497 2452 alia
2525 2399 2681 2467 plura
2705 2413 2832 2453 cum
2858 2399 3087 2464 diceret,
3112 2399 3312 2456 ﬁducia
3339 2411 3396 2456 ct

1816 2491 2016 2563 gaudio
2052 2491 2386 2560 replebatur,
2435 2491 2695 2561 illiusque
2736 2491 2920 2546 vultus
2965 2493 3161 2561 plenus
3207 2495 3396 2564 gratiae

1815 2592 1955 2649 erat,
1986 2583 2122 2638 adeo
2167 2591 2226 2637 ut
2268 2599 2374 2636 non
2411 2583 2589 2637 solum
2619 2597 2729 2637 non
2760 2583 3099 2649 concideret,
3132 2583 3253 2653 ipso
3301 2601 3397 2655 per

1815 2675 1960 2730 dicta
2005 2675 2365 2740 conturbato;
2415 2673 2510 2729 sed
2558 2683 2750 2728 contra
2799 2675 3097 2744 proconsul
3129 2684 3397 2747 stuperet,

1817 2781 2092 2837 suumque
2135 2766 2382 2822 mitteret
2433 2781 2738 2835 praeconem
2782 2775 2864 2820 ter
2899 2767 2955 2820 in
3006 2766 3188 2822 medio
3217 2768 3398 2822 stadio

1815 2860 2286 2929 proclamaturum
2317 2877 2331 2912 :
2370 2876 2388 2909 ‹
2421 2857 2756 2929 Polycarpus
2783 2859 3070 2914 confessus
3097 2868 3201 2926 est,
3234 2859 3397 2914 Chri-

1817 2954 2058 3008 stianum
2081 2967 2141 3008 se
2163 2967 2305 3007 esse.
2345 2970 2363 3002 ι
2401 2950 2560 3016 Quod
2593 2950 2687 3005 ubi
2731 2951 3144 3020 pronuntiasset
3180 2967 3395 3021 praeco,

1817 3044 2075 3099 universa
2128 3043 2422 3098 multitudo
2471 3043 2754 3113 gentilium
2807 3058 2870 3097 ac
2920 3041 3256 3109 Judworum,
3302 3045 3396 3114 qui

1818 3133 2109 3206 Smyrnam
2142 3135 2484 3198 incolebant,
2515 3133 2776 3190 cﬂ'renata
2816 3136 2897 3189 ira
2939 3143 2993 3190 et
3037 3151 3236 3206 magna
3263 3151 3400 3192 voce

1817 3225 2198 3281 conclamabat
2230 3245 2244 3280 :
2278 3245 2297 3277 ‹
2338 3225 2437 3281 Hic
2466 3227 2763 3295 impietatis
2788 3235 2874 3282 est
2904 3237 3230 3297 praeceptor,
3245 3237 3401 3298 pater

1816 3315 2301 3383 Christianorum,
2356 3316 2588 3371 deorum
2636 3325 2958 3372 nostrorum
3010 3333 3253 3384 eversor,
3299 3323 3396 3390 qui

1818 3412 2020 3466 multos
2049 3413 2228 3478 docet,
2260 3427 2329 3465 ne
2361 3412 2692 3479 sacriﬁcent,
2739 3426 2876 3467 neve
2904 3413 3051 3482 .deos
3090 3412 3338 3469 adorent.
3372 3434 3391 3466 ›

1817 3501 1949 3557 Hmc
1991 3503 2234 3559 dicentes
2285 3503 2594 3558 clamabant
2646 3503 3022 3573 rogabantque
3086 3505 3396 3576 Philippum

1819 3593 2164 3660 Asiarcham,
2201 3602 2263 3648 ut
2295 3593 2508 3648 leonem
2543 3594 2810 3648 adversus
2844 3591 3208 3664 Polycarpum
3237 3597 3398 3650 emit-

116 3681 218 3733 τὸν
250 3679 544 3748 Ἀσιάρχην
586 3678 694 3749 (68)
739 3677 1036 3741 Φίλιππον,
1079 3678 1390 3750 ἴναςέπαφῇ
1432 3679 1508 3750 τῷ
1538 3679 1712 3732 Πολυ-

1825 3693 1974 3738 teret.
2005 3687 2078 3738 At
2115 3684 2394 3754 Philippus
2439 3684 2495 3738 id
2535 3684 2641 3740 sibi
2672 3684 2837 3740 licere
2862 3685 3100 3756 negavit,
3147 3686 3276 3754 quia
3305 3687 3394 3741 lu-

120 3772 333 3842 κάρπῳ
371 3770 579 3823 λέοντα.
627 3772 684 3823 Ὀ
733 3770 790 3823 δὲ
837 3770 1267 3841 Φίλιππος-ἔφη,
1316 3770 1389 3841 μὴ
1425 3767 1563 3824 εἶναι
1595 3771 1715 3835 ἐξὸν

119 3863 317 3934 αὐτῷ,
355 3863 543 3934 ἐπειδὴ
579 3861 932 3934 πεπληρὼκει
974 3861 1081 3934 (69)
1126 3864 1194 3917 τά
1224 3863 1539 3933 κυνηγέσια.
1580 3865 1714 3918 Τότε

121 3955 310 4021 ἔδοξεν
345 3956 525 4018 αὐτοῖς
557 3955 896 4026 ὁμοθυμαδὸν
926 3954 1234 4026 ὲπιϐοῆσαι,
1266 3955 1407 4008 ὥστε
1432 3955 1522 4009 τὸν
1557 3956 1718 4009 Πολύ-

119 4065 346 4119 καρπον
369 4047 544 4111 ζῶντα
576 4047 681 4118 (70)
711 4047 1141 4118 κατακαυθῆναι.
1182 4048 1331 4101 Ἔδει
1377 4046 1487 4118 γάρ
1529 4047 1588 4100 τὸ
1619 4047 1716 4117 τῆς
1745 4124 1755 4134 ι

121 4139 546 4212 φανερωθείσης
575 4141 667 4192 ἐπὶ
690 4139 783 4193 τοῦ
807 4140 1246 4210 προσκεφαλαίου
1277 4139 1542 4202 ὀπτασίας
1574 4139 1714 4211 πλη-

125 4231 414 4306 ρωθῆναι,
447 4233 535 4284 ὅτε
578 4230 698 4284 ίδὼν
739 4231 870 4284 αὐτὸ
926 4230 1215 4301 καιόμενον
1261 4231 1713 4301 προσευχόμενος,

119 4321 284 4378 εἷπεν
323 4323 676 4394 ἐπιστραφεὶς
721 4325 832 4386 τοῖς
879 4324 974 4376 σὺν
1017 4322 1168 4394 αὐτῷ
1201 4326 1413 4386 πιστοῖς
1449 4340 1716 4394 προφητι-

121 4413 262 4481 κῶςο
304 4435 324 4466 ι
351 4414 440 4468 Δεῖ
462 4432 529 4485 με
559 4412 737 4479 ζῶντα
758 4413 1187 4485 κατακαυθῆναι.
1219 4434 1237 4463 ι

1818 3773 1946 3828 dum
1981 3773 2280 3828 bestiarum
2303 3774 2414 3843 jam
2449 3774 2796 3843 explevisset.
2831 3773 2986 3830 Tunc
3026 3777 3233 3846 placuit
3262 3778 3393 3846 illis,

1817 3879 1928 3917 uno
1952 3879 2223 3919 consensu
2247 3865 2506 3930 clamare,
2538 3874 2600 3919 ut
2621 3864 2955 3937 Polycarpus
2977 3869 3132 3923 vivus
3162 3870 3396 3925 combu-

1814 3961 2050 4008 reretur.
2097 3953 2330 4011 Necesse
2373 3957 2517 4010 enim
2552 3967 2692 4023 erat,
2725 3968 2786 4012 ut
2812 3960 2954 4014 visio
2986 3959 3078 4014 illa
3121 3961 3187 4016 de
3220 3963 3396 4017 cervi-

1817 4046 1922 4100 cali
1969 4046 2307 4116 impleretur,
2349 4063 2469 4117 qua:
2495 4050 2544 4103 ei
2593 4058 2816 4106 ostensa
2851 4049 3050 4118 fuerat,
3092 4068 3218 4107 cum
3251 4053 3394 4108 inter

1820 4139 2090 4195 orandum
2125 4140 2258 4195 illud
2285 4141 2482 4196 ardens
2506 4143 2732 4212 videret,
2759 4153 2813 4198 et
2836 4159 3135 4200 conversus
3167 4144 3235 4200 ad
3262 4145 3396 4202 ﬁde-

1817 4232 1896 4288 les
1939 4242 2182 4289 astantes
2225 4235 2540 4303 prophetice
2588 4235 2834 4292 diceret:
2879 4256 2896 4288 ι
2941 4237 3165 4307 Oportet
3198 4255 3285 4294 me
3305 4241 3392 4295 vi-

1816 4341 1946 4379 vum
1974 4326 2243 4381 comburi.
2277 4345 2295 4375 ι

1417 4550 1552 4605 ΧΙΠ.
1590 4551 1766 4621 Rogus
1799 4555 2112 4608 exstruitur.

201 4676 395 4730 Ταῦτα
426 4671 518 4728 οὖν
554 4675 692 4745 μετά
724 4673 976 4726 τοσούτου
1007 4674 1203 4743 τάχους
1251 4673 1459 4742 ἐγίνετο
1478 4715 1491 4736 ,
1525 4673 1717 4726 θᾶττον

124 4771 223 4826 τοῦ
250 4768 532 4839 λεχθῆναι,
562 4767 671 4820 τῶν
701 4766 872 4837 ὄχλων
909 4767 1247 4837 παραχρῆμα
1282 4767 1618 4835 συναγόντων
1653 4765 1717 4818 ἔκ

241 4911 285 4940 ¹⁰
320 4907 478 4993 Rom.
507 4923 628 4971 xui,
659 4909 710 4972 1,
739 4907 802 4973 7;
835 4906 940 4962 Tit.
980 4924 1064 4973 ιιι,
1094 4907 1177 4961 1..

1897 4675 2022 4731 Htec
2051 4692 2215 4746 porro
2239 4677 2402 4731 citius
2425 4683 2641 4745 peracta
2667 4682 2814 4739 sunt,
2837 4689 2999 4743 quam
3017 4674 3391 4742 pronuntiata;

1826 4779 2021 4824 cuncta
2049 4770 2206 4838 plebe
2231 4769 2520 4824 confestim
2546 4785 2609 4822 ex
2636 4767 2867 4822 olIicinis
2893 4782 2957 4820 ac
2999 4767 3211 4821 balneis
3247 4767 3391 4837 ligna

203 5030 323 5100 (65)
351 5030 390 5083 l.
420 5044 468 5082 e.
501 5048 521 5100 ι
556 5029 748 5100 audire
789 5036 842 5100 te
878 5029 1021 5093 volo,
1057 5029 1101 5081 si
1141 5044 1170 5082 a
1210 5032 1410 5100 populo
1452 5029 1710 5099 prolatio-
1744 5024 1790 5080 Ι)
1817 5025 2094 5100 appellati.
2127 5018 2540 5100 Manen._\{alde
2575 5031 2868 5098 onerosum
2912 5016 3170 5100 C-l'al‘leC
3211 5029 3395 5100 saeer:

128 5099 258 5158 nem
297 5099 547 5168 supplicii
579 5099 784 5168 poteris
808 5099 1122 5168 impetrare.
1152 5119 1168 5149 ι
1212 5099 1462 5168 Neandro
1487 5115 1713 5168 procon-

128 5173 219 5228 sul
263 5167 532 5240 Ignatium
570 5167 803 5240 servare
850 5167 1090 5240 voluisse
1139 5170 1368 5224 videtur.
1424 5167 1559 5223 Vide
1594 5171 1713 5238 ejus

128 5239 441 5296 Historiam
471 5239 655 5293 eccles.
688 5257 727 5300 ι,
758 5254 813 5307 p.
842 5239 1108 5294 107-110.

204 5311 323 5376 (66)
355 5309 430 5364 lta
474 5308 817 5364 Jacobsonus
861 5325 891 5364 e
937 5310 1097 5364 codd.
1147 5310 1381 5365 Vindob.
1432 5319 1484 5363 et
1536 5308 1710 5363 Paris.

205 5382 331 5454 (67)
357 5380 738 5454 Ριολὰσεϐείας
764 5381 1158 5454 restituendum
1179 5397 1298 5436 esse
1315 5380 1519 5454 Ἀσία-ς,
1538 5379 1712 5454 Ense-

130 5449 246 5517 bii',
297 5449 478 5505 Ruﬁni
523 5461 573 5504 et
627 5452 822 5520 veteris
875 5452 1190 5520 interpretis
1232 5451 1582 5506 consentiens
1625 5449 1713 5502 hic

129 5523 339 5579 evincit
374 5523 695 5576 auctoritas.
730 5519 927 5576 Ussen.

208 5592 324 5651 (68)
370 5592 648 5646 Asiarchze
682 5602 861 5654 erant,
905 5591 997 5660 qui
1030 5591 1190 5646 ludos
1232 5606 1421 5647 sacros
1457 5590 1512 5642 in
1546 5588 1714 5642 hono-

130 5680 248 5718 rem
281 5664 506 5716 deorum
543 5678 643 5730 pro
675 5663 847 5716 salute
869 5663 1162 5731 provinciae
1185 5679 1298 5716 suae
1319 5662 1474 5716 statis
1501 5669 1709 5731 tcmpo;

134 5736 292 5789 ribus
330 5728 714 5801 procurabant.
751 5728 904 5798 Quod
933 5747 1063 5786 vero
1093 5733 1437 5801 spectacula,
1479 5743 1601 5799 quae
1646 5728 1715 5781 ab

135 5805 246 5859 illis
287 5803 595 5873 dabantur,
640 5819 796 5858 sacra
840 5813 1030 5869 erant,
1075 5803 1201 5859 inde
1241 5803 1555 5860 sacerdotes
1588 5805 1719 5855 sunt

1813 5085 2062 5157 (lotium,
2102 5101 2265 5160 atque
2309 5090 2510 5143 idcirco
2555 5087 2774 5160 nonnisi
2827 5086 3197 5160 opulentiores
3235 5087 3301 5138 ad
3329 5085 3393 5160 id

1815 5152 2109 5235 gerendum
2152 5152 2511 5235 eligebantur.
2562 5157 2698 5210 Hinc
2722 5152 3011 5235 ξενίη-ζωρά
3055 5152 3255 5235 Strabo
3289 5154 3392 5235 oh—

1816 5224 2034 5296 servat,
2083 5224 2379 5285 Asiar'chas
2432 5228 2543 5282 fere
2595 5241 2660 5280 ex
2722 5224 3014 5279 Trallianis
3070 5225 3393 5296 desumptos

1815 5294 2324 5370 inissa—propterea
2369 5299 2514 5368 quod
2551 5297 2670 5370 ejus
2695 5296 2845 5370 urbis
2870 5297 3017 5370 cives
3043 5294 3395 5370 tot_it_ts_s__Asiaa

1818 5364 2220 5443 opulentissimi
2268 5364 2723 5443 essent._VAt.§:s.
2772 5366 2914 5443 idem
2959 5366 3060 5443 iste
3110 5364 3394 5443 Philippus

1817 5432 1956 5498 infra
1989 5459 2038 5496 c.
2071 5444 2135 5496 21
2170 5441 2460 5512 ἀρχιερεὺς
2494 5436 2827 5512 Τραλλιανός
2853 5437 3175 5512 appellatur.
3203 5432 3319 5487 Jac.

1812 5548 1818 5556 -
1888 5514 1999 5585 (69)
2027 5514 2100 5567 Ita
2119 5507 2357 5585 codices,
2379 5518 2514 5585 teste
2541 5507 2872 5585 Jacobsono,
2889 5507 3106 5585 “omisso
3126 5518 3394 5585 augmen-

1817 5597 1870 5641 to
1892 5569 2444 5654 ‘plusquamperfegcti,
2477 5578 2622 5654 quod
2651 5576 2849 5654 saepius
2885 5576 3002 5630 ﬁeri
3035 5569 3265 5628 testatur
3283 5569 3374 5624 Wi

1815 5647 1918 5712 nee
1942 5647 2211 5716 Graium;
2243 5652 2270 5723 §
2299 5652 2388 5723 1‘2,
2410 5667 2462 5723 n.
2489 5649 2542 5707 8.
2575 5663 2630 5723 ρ.
2656 5647 2963 5723 69,_ed._tv_.

1813 5753 1825 5780 ι
1890 5725 2002 5794 (70)
2031 5724 2072 5777 Ε
2098 5714 2269 5778 codd:
2294 5714 2453 5776 Vind.
2486 5728 2539 5774 et
2578 5714 2879 5772 ’Parisiensi
2934 5714 3276 5772 Jacobsonus
3307 5725 3400 5766 rev

1815 5796 1997 5868 posuit
2029 5794 2224 5860 ζῶντα.
