3806 6208
430 313 565 369 1059

1623 313 1679 371 S.
1717 311 2124 371 POLYCARPU
2134 314 2173 369 S
2211 315 2524 370 MARTYR.

3564 321 3689 376 ιυιο

423 445 479 489 et
512 446 783 490 sarmenta
834 447 1196 506 congerente;
1249 437 1523 507 pnecipue
1569 433 1802 501 ludatis,
1836 437 1984 493 alacr

2110 454 2168 491 τε
2190 436 2299 490 τῶν
2338 439 2718 510 ὲργαστηρίων
2749 437 2842 491 καὶ
2869 437 3165 508 βαλανείων
3188 436 3320 503 ξύλα
3356 440 3454 492 καὶ
3488 441 3688 510 φρύγα-

425 528 632 590 animo,
680 539 739 581 ut
770 529 982 594 solent,
1024 529 1091 582 ad
1132 530 1236 583 ista
1272 528 1617 598 juvantibus.
1649 528 1788 585 Cum
1820 538 2002 584 autem

423 636 591 689 rogus
635 628 929 690 apparatus
977 632 1157 684 esset,
1200 619 1557 691 Polycarpus,
1596 620 1700 676 sibi
1746 621 2006 677 detractis

425 710 683 766 omnibus
713 713 1053 767 vestimentis
1097 720 1152 765 et
1196 713 1417 784 cingulo
1449 713 1651 778 soluto,
1700 714 2005 769 conabatur

426 803 585 857 etiam
615 818 672 857 se
701 804 1050 868 excalceare;
1080 803 1228 873 quod
1260 805 1411 874 prius
1445 820 1556 859 non
1586 805 1848 871 faciebat,
1870 807 2003 876 quia

426 911 640 966 semper
672 898 852 951 cuncti
895 897 1080 951 ﬁdeles
1116 897 1549 962 contendebant,
1583 897 1839 969 quisnam
1864 898 2007 954 cele-

427 989 542 1043 rius
580 1005 780 1059 corpus
807 989 927 1059 ejus
967 998 1242 1058 tangeret;
1270 990 1421 1044 omni
1445 990 1591 1045 enim
1619 991 1767 1046 bono
1786 1000 2009 1061 propter

424 1090 645 1135 sanctos
686 1096 867 1135 mores
912 1097 1045 1136 suos
1078 1082 1166 1137 ille
1196 1082 1360 1137 etiam
1402 1092 1529 1139 ante
1566 1082 1889 1153 martyrium
1918 1096 2010 1137 or—

423 1180 586 1227 natus
618 1182 753 1227 erat.
798 1171 949 1227 lllieo
995 1190 1141 1229 nunc
1187 1174 1275 1229 ille
1320 1174 1578 1229 omnibus
1628 1173 2009 1230 instrumentis

422 1266 892 1329 circumdabatnr,
943 1283 1066 1337 quae
1113 1282 1210 1337 pro
1253 1281 1385 1337 rogo
1415 1275 1603 1335 parata
1639 1274 1815 1321 erant.
1868 1266 2004 1321 Cum

421 1372 553 1413 vero
580 1365 635 1411 et
664 1356 835 1411 clavis
872 1359 1052 1428 ipsum
1097 1356 1315 1428 aﬂigere
1352 1359 1584 1420 vellent,
1625 1357 1805 1413 dixit:
1852 1376 1870 1408 ι
1917 1354 2007 1411 Si-

421 1449 531 1503 nite
569 1464 657 1503 me
693 1449 800 1514 sic;
848 1450 939 1519 qui
979 1449 1122 1504 enim
1167 1452 1301 1505 mihi
1356 1451 1449 1506 dat
1504 1450 1685 1521 ignem
1727 1451 1860 1520 pati,
1907 1450 2005 1505 da-

420 1541 521 1607 bit,
548 1551 603 1596 et
630 1542 745 1597 sine
774 1550 951 1596 vestra
988 1556 1053 1595 ex
1097 1542 1265 1597 clavis
1296 1543 1571 1608 cautione,
1617 1544 1905 1597 immotum
1944 1543 1999 1595 in

421 1650 550 1706 pyra
587 1648 925 1704 permanere.
975 1652 991 1683 ι

2111 546 2198 583 ναο
2232 529 2467 600 μάλιστα
2496 530 2763 584 Ἰουδαίων
2797 529 3111 603 προθύμως,
3136 530 3212 595 ὡς
3239 529 3360 594 ἔθος
3381 531 3592 594 αὐτοῖς,
3622 534 3689 595 εἰς

2112 620 2286 675 ταῦτα
2316 622 2757 695 ὑπουργούντων.
2789 623 2918 675 Ὀτε
2951 622 3009 674 δὲ
3032 624 3065 693 ἡ
3091 622 3337 694 πυρκαϊὰ
3361 622 3688 693 ὴτοιμάσθη,

2110 711 2446 784 ἀποθέμενος
2480 712 2657 784 ἑαυτῷ
2689 714 2864 768 πάντα
2906 714 2974 768 τὰ
3014 712 3222 784 ἱμάτια,
3260 713 3359 767 καὶ
3399 713 3575 777 λύσας
3604 714 3688 783 τὴν

2113 800 2290 873 ζώνην
2317 802 2506 869 αὐτοῦ,
2543 806 2802 876 ἐπειρᾶτο
2829 804 2923 858 καὶ
2948 804 3199 858 ὑπολύειν
3233 806 3452 858 ἑαυτόν·
3473 806 3553 877 μὴ
3577 805 3690 875 πρό-

2110 909 2267 964 τερον
2299 893 2456 947 τοῦτο
2498 895 2688 960 ποιῶν,
2731 895 2817 950 διὰ
2861 896 2921 948 τὸ
2966 895 3054 948 ἀεὶ
3084 896 3315 949 ἕκαστον
3350 895 3466 949 τῶν
3496 896 3690 949 πιστῶν

2108 987 2449 1055 σπουδάζειν,
2499 989 2648 1053 ὅστις
2690 990 2875 1061 τάχιον
2901 990 2997 1043 τοῦ
3042 992 3251 1063 χρωτὸς
3270 989 3445 1043 αὑτοῦ
3469 989 3711 1062 ἔμβητον.

2106 1080 2268 1133 παντὶ
2298 1078 2410 1151 (71)
2445 1079 2558 1152 γὰρ
2596 1080 2765 1152 καλῷ,
2797 1081 3009 1152 ἀγαθῆς
3038 1082 3224 1135 ἕνεκεν
3263 1080 3571 1145 πολιτείας,
3608 1082 3689 1133 καὶ

2104 1169 2211 1243 πρὸ
2244 1171 2342 1242 τῆς
2382 1170 2686 1243 μαρτυρίας
2732 1174 3087 1245 ἐκεκόσμητο.
3134 1172 3355 1236 Εὐθέως
3398 1169 3502 1226 οὖν
3555 1172 3691 1243 αὖτῷ

2106 1261 2446 1335 περιετίθετο
2490 1263 2558 1318 τά
2605 1264 2742 1335 πρὸς
2792 1265 2889 1337 τὴν
2927 1265 3106 1337 πυρὰν
3149 1265 3482 1337 ἡρμοσμένα
3528 1266 3690 1336 ὄργα-

2106 1372 2171 1409 να
2214 1354 2344 1426 (72).
2387 1355 2709 1410 Μελλόντων
2752 1357 2811 1411 δὲ
2857 1356 3037 1411 αὐτῶν
3077 1357 3170 1410 καὶ
3205 1356 3526 1429 προσηλοῦν
3565 1356 3690 1426 (75),

2109 1442 2278 1501 εἷπεν·
2324 1467 2341 1499 ι
2377 1448 2575 1518 Ἀφετέ
2603 1467 2669 1521 με
2710 1448 2902 1514 οὕτως·
2944 1452 2973 1504 6
2999 1450 3108 1522 γάρ
3127 1450 3249 1513 δούς
3278 1467 3372 1521 μοι
3403 1450 3692 1519 ὑπομεῖναι

2108 1539 2168 1593 τὸ
2198 1538 2331 1612 πῦρ,
2358 1538 2519 1594 δώσει
2540 1541 2633 1593 καὶ
2653 1542 2825 1613 χωρὶς
2845 1542 2942 1613 τῆς
2976 1542 3248 1613 ὑμετέρας
3288 1543 3355 1594 ἐκ
3393 1540 3512 1593 τῶν
3556 1539 3692 1610 ἥλων

2106 1629 2425 1698 ἀσφαλείας,
2460 1630 2754 1686 ἀσάλευτον
2786 1633 3063 1704 ἐπιμεῖναι
3092 1636 3158 1703 τῇ
3180 1634 3350 1703 πυρᾷ.
3389 1652 3408 1684 ι

1678 1748 1816 1803 XIV.
1857 1746 2142 1818 Polycarpi
2174 1749 2428 1818 precatio.

492 1863 573 1918 Illi
608 1876 738 1934 ergo
774 1878 880 1917 non
921 1864 1142 1933 quidem
1178 1864 1345 1919 clavis
1376 1864 1702 1931 deﬁxerunt,
1741 1866 1835 1921 sed
1861 1865 1989 1937 liga-

2172 1865 2235 1917 Οί
2278 1864 2337 1918 δὲ
2372 1865 2434 1919 οὐ
2477 1862 2802 1937 καθήλωσαν
2838 1866 2958 1935 μὲν,
2989 1863 3185 1935 ἔδησαν
3211 1863 3266 1917 δὲ
3313 1865 3507 1917 αὐτον.
3551 1864 3612 1917 Ὀ
3640 1865 3689 1917 δὲ

420 1964 617 2011 verunt
657 1970 808 2010 eum.
838 1952 940 2010 Hic
970 1970 1102 2009 vero
1135 1955 1390 2011 manibus
1422 1957 1476 2010 in
1523 1965 1736 2027 tergum
1784 1957 2002 2027 rejectis

420 2062 484 2101 ac
511 2047 749 2109 vinctus,
784 2055 1048 2117 tanquam
1070 2046 1215 2102 aries
1249 2048 1485 2113 insignis
1520 2064 1588 2103 ex
1619 2063 1819 2120 magno
1840 2065 2000 2121 grege

419 2138 487 2193 ad
519 2137 872 2205 oblationem,
904 2137 1125 2193 victima
1153 2139 1503 2209 acceptabilis
1529 2139 1641 2196 Deo
1674 2151 1997 2212 praeparata,

419 2232 618 2285 cmlum
668 2232 899 2286 intuitus
943 2231 1129 2286 dixit:
1196 2252 1213 2283 ι
1264 2231 1495 2289 Domine
1547 2233 1691 2289 Deus
1744 2235 1997 2305 omnipo-

422 2332 561 2387 tens,
598 2323 759 2378 Pater
781 2324 964 2379 dilecti
991 2338 1056 2378 ac
1079 2323 1349 2380 benedicti
1398 2323 1521 2380 Filii
1555 2325 1633 2381 tui
1677 2325 1805 2381 Jesu
1841 2326 2000 2381 Chri-

420 2416 511 2482 sti,
546 2431 641 2485 per
679 2432 839 2485 quem
879 2417 959 2471 tui
1004 2418 1253 2472 notitiam
1290 2418 1621 2487 accepimus,
1664 2418 1808 2475 Deus
1834 2434 2002 2491 ange-

418 2510 596 2563 lorum
624 2517 677 2562 et
706 2508 989 2573 virtutum,
1022 2524 1087 2565 ac
1114 2509 1382 2566 universae
1404 2520 1689 2573 creaturae,
1724 2512 2001 2582 totiusque

420 2604 635 2673 generis
677 2600 952 2671 justorum
985 2602 1038 2656 in
1082 2612 1379 2673 conspectu
1416 2613 1511 2658 tuo
1546 2603 1875 2668 viventium;
1900 2604 1997 2658 be-

419 2694 614 2749 nedico
649 2695 775 2761 tibi,
802 2695 1062 2763 quoniam
1099 2710 1185 2749 me
1220 2695 1322 2751 hac
1370 2696 1458 2750 die
1506 2707 1672 2764 atque
1713 2697 1815 2751 hac
1862 2696 1998 2753 hora

417 2787 674 2857 dignatus
702 2802 784 2850 es,
816 2796 875 2840 ut
906 2796 1114 2855 partem
1150 2786 1453 2855 acciperem
1486 2786 1540 2840 in
1573 2801 1802 2841 numero
1848 2800 1997 2839 mar-

417 2888 596 2951 tyrum
634 2887 875 2942 tuorum,
913 2877 967 2931 in
992 2878 1164 2934 calice
1191 2876 1397 2933 Christi
1429 2878 1510 2933 tui
1540 2878 1603 2944 ¹¹,
1643 2876 1710 2933 ad
1753 2891 2000 2932 resurre-

415 2969 652 3024 ctionem
692 2969 746 3023 in
792 2968 960 3023 vitam
997 2978 1279 3034 atternam,
1331 2969 1529 3024 animae
1574 2978 1627 3024 et
1650 2969 1916 3039 corporis,
1943 2969 1996 3023 in

416 3061 823 3130 incorruptione
874 3076 967 3130 per
1014 3059 1275 3132 Spiritum
1329 3071 1614 3128 sanctum;
1662 3062 1806 3117 inter
1858 3078 1998 3133 quos

415 3152 624 3208 utinam
665 3153 936 3222 suscipiar
977 3153 1140 3207 hodie
1176 3168 1359 3208 coram
1395 3161 1445 3207 te
1478 3154 1533 3207 in
1572 3152 1843 3209 sacriﬁcio
1876 3152 1999 3224 pin-

2100 1956 2274 2010 ὀπίσω
2312 1956 2412 2020 τὰς
2455 1959 2642 2028 χεῖρας
2685 1957 2919 2028 ποιήσας
2959 1955 3052 2010 καὶ
3100 1954 3425 2029 προσδεθεὶς
3449 1996 3465 2019 ,
3507 1955 3691 2028 ὥσπερ

2099 2049 2253 2121 κριὸς
2293 2048 2568 2120 ἐπίσημος
2612 2050 2679 2102 ὲκ
2735 2048 2970 2121 μεγάλου
3022 2049 3274 2120 ποιμνίου
3324 2051 3406 2112 είς
3457 2066 3692 2119 προσφο-

2101 2140 2201 2212 ρὰν
2230 2140 2362 2212 (74),
2393 2139 2764 2212 ὁλοκάρπωμα
2798 2140 2909 2212 (75)
2936 2141 3123 2194 δεκτὸν
3149 2138 3227 2210 τῷ
3266 2139 3391 2210 Θεῷ
3433 2141 3690 2211 ἡτοιμασ-

2102 2232 2297 2303 μένον,
2341 2232 2655 2303 ἀναϐλέψας
2696 2235 2776 2296 είς
2820 2232 2910 2286 τὸν
2954 2233 3203 2303 οὐρανὸν,
3252 2228 3416 2284 εἶπε·
3464 2252 3485 2283 ι
3529 2232 3689 2304 Κύριε

2098 2324 2126 2376 6
2154 2323 2307 2388 Θεὸς,
2340 2325 2368 2376 ὁ
2397 2323 2813 2396 παντοκράτωρ,
2843 2326 2873 2377 6
2899 2323 2993 2378 τοῦ
3026 2322 3313 2393 ἀγαπητοῦ
3347 2324 3451 2376 καὶ
3471 2324 3689 2393 εὐλογη-

2096 2414 2192 2470 τοῦ
2233 2416 2431 2480 Παιδός
2478 2432 2571 2470 σου
2613 2414 2790 2488 Ἰησοῦ
2832 2414 3069 2488 Χριστοῦ
3109 2415 3334 2487 Πατὴρ,
3377 2415 3453 2469 δι’
3496 2408 3560 2469 οὗ
3602 2416 3691 2485 τὴν

2100 2510 2230 2581 περὶ
2265 2508 2359 2563 σοῦ
2391 2507 2686 2577 ἐπίγνωσιν
2722 2508 3044 2580 εἰλήφαμεν,
3085 2511 3115 2562 6
3144 2508 3275 2572 Θεὸς
3311 2508 3573 2577 ἀγγέλων
3605 2508 3690 2561 καὶ

2098 2599 2415 2671 δυνάμεων,
2459 2600 2553 2653 καὶ
2595 2599 2775 2669 πάσης
2821 2597 2922 2667 τῆς
2958 2596 3208 2661 κτίσεως,
3239 2597 3336 2651 καὶ
3358 2597 3573 2660 παντὸς
3599 2594 3685 2648 τοῦ

2098 2691 2289 2759 γένους
2318 2690 2425 2745 τῶν
2449 2688 2693 2755 δικαίων,
2710 2690 2761 2743 οἳ
2791 2688 2957 2754 ζῶσιν
2977 2687 3207 2741 ἐνώπιόν
3238 2703 3355 2740 amr
3375 2686 3597 2756 εὐλογῶ
3616 2704 3685 2749 σε,

2098 2784 2180 2837 δτι
2217 2784 2456 2856 ἡξίωσάς
2501 2801 2568 2856 με
2610 2783 2708 2856 τῆς
2753 2782 2966 2854 ἡμέρας
3008 2783 3104 2837 καὶ
3132 2781 3281 2853 ὥρας
3321 2781 3563 2851 ταύτης,
3602 2779 3688 2836 τοῦ

2098 2875 2283 2930 λαϐεῖν
2314 2894 2382 2949 με
2430 2876 2596 2949 μέρος
2627 2877 2686 2929 ὲν
2726 2873 2946 2946 ἀριθμῷ
2984 2873 3093 2928 τῶν
3137 2873 3439 2945 μαρτύρων
3485 2890 3609 2937 σου,
3637 2875 3690 2925 ὲν

2097 2966 2175 3038 τῷ
2217 2967 2462 3039 ποτηρίῳ
2502 2966 2597 3020 τοῦ
2639 2965 2879 3038 Χριστοῦ
2926 2981 3043 3030 σου,
3089 2966 3170 3029 είς
3210 2966 3520 3019 ἀνάστασιν
3549 2963 3689 3035 ζωῆς

2098 3058 2338 3122 αἰωνίου,
2373 3058 2553 3130 ψυχῆς
2582 3077 2640 3112 τε
2668 3058 2764 3113 καὶ
2793 3059 3064 3129 σώματος,
3095 3058 3155 3110 ὲν
3182 3056 3476 3129 ἀφθαρσίᾳ
3519 3057 3689 3113 Πνεῦ-

2102 3171 2271 3225 ματος
2299 3152 2475 3222 ἁγίου·
2512 3152 2571 3205 ὲν
2597 3146 2679 3215 οἷς
2707 3148 3097 3222 προσδεχθείην
3129 3147 3363 3201 ἐνώπιόν
3394 3164 3494 3201 σου
3521 3150 3593 3221 σή
3602 3166 3689 3219 με·

414 3246 506 3316 gui
545 3254 598 3300 et
632 3220 874 3314 accepto,
920 3244 1382 3314 quemadmodum
1422 3243 1742 3315 praeparasti
1770 3253 1824 3300 et
1856 3220 1989 3300 mihi

2110 3220 2191 3312 ρον
2222 3243 2279 3295 ὲν
2309 3220 2471 3313 θυσίᾳ
2500 3241 2643 3294 πίονι
2672 3220 2769 3294 καί
2797 3220 3121 3313 προσδεκτῇ,
3139 3237 3325 3303 καθὼς
3354 3241 3689 3311 προητοίμα-

414 3336 844 3406 prmmonstrasti
879 3344 932 3390 et
960 3350 1107 3389 nunc
1134 3334 1522 3405 adimplevisli,
1552 3333 1718 3399 Deus,
1762 3336 1989 3390 menda-

415 3428 485 3482 cii
512 3428 730 3483 neseius
757 3445 821 3483 ac
842 3442 1027 3482 verax.
1063 3425 1405 3497 Quapropter
1442 3430 1508 3482 de
1535 3427 1791 3483 omnibus
1823 3427 1989 3481 laudo

415 3531 487 3586 te,
528 3521 789 3576 benedico
831 3520 946 3586 tibi,
992 3518 1237 3590 gloriﬁco
1269 3527 1341 3584 te,
1387 3534 1511 3575 cum
1563 3518 1898 3588 sempiterno
1935 3528 1989 3573 et

412 3612 619 3667 cmlesti
643 3610 771 3666 Jesu
802 3610 1039 3674 Christo,
1073 3610 1270 3665 dilecto
1304 3618 1399 3664 tuo
1427 3607 1601 3675 Filio,
1633 3625 1757 3665 eum
1786 3624 1895 3680 quo
1924 3611 1985 3665 ti-

2098 3351 2198 3399 σας
2226 3334 2319 3388 καὶ
2348 3332 2807 3404 προεφανέρωσας
2836 3330 2930 3385 καὶ
2958 3331 3282 3403 ἐπλήρωσας
3306 3330 3443 3404 (76),
3475 3334 3505 3386 ὀ
3530 3333 3690 3402 ἀψευ-

2094 3427 2190 3499 δὴς
2233 3428 2328 3481 καὶ
2369 3425 2624 3498 ἀληθινὸς
2670 3425 2824 3488 Θεός.
2869 3425 2969 3480 Διὰ
2992 3425 3151 3479 τοῦτο
3174 3426 3268 3478 καὶ
3302 3425 3440 3496 περὶ
3474 3426 3687 3479 πάντων

2094 3519 2230 3573 αίνῶ
2259 3537 2340 3586 σε,
2371 3516 2577 3589 εὐλογῶ
2606 3536 2690 3583 σε,
2731 3516 2939 3585 δοξάζω
2981 3535 3063 3583 σε,
3108 3519 3205 3572 σὺν
3239 3516 3321 3589 τῷ
3351 3519 3569 3588 αἰωνίῳ
3601 3515 3688 3569 καὶ

2104 3611 2417 3682 ἐπουρανίῳ
2437 3610 2614 3682 Ἰησοῦ
2654 3608 2894 3682 Χριστῷ,
2928 3609 3194 3680 ἀγαπητῷ
3223 3625 3318 3662 σου
3350 3609 3532 3663 Παιδί·
3574 3606 3686 3680 μεθ’

2094 3696 2155 3757 οὗ
2197 3720 2279 3756 σοι
2324 3703 2419 3756 καὶ
2453 3702 2732 3774 Πνεύματι
2771 3701 2912 3772 ἁγίῳ
2951 3703 2984 3772 ή
3016 3699 3167 3766 δόξα,
3198 3701 3295 3753 καὶ
3337 3700 3442 3755 νῦν
3483 3702 3587 3755 καὶ
3613 3703 3685 3760 εἰς

2092 3794 2218 3857 τοὺς
2243 3793 2537 3865 μέλλοντας
2572 3792 2795 3857 αἰῶνας.
2829 3793 3019 3864 Ἀμην.
3050 3811 3068 3842 ι

413 3703 466 3757 bi
494 3712 550 3758 et
586 3703 814 3772 Spiritui
855 3711 1045 3756 sancto
1086 3701 1292 3772 gloria,
1329 3710 1382 3755 et
1421 3715 1564 3755 nunc
1601 3708 1657 3754 et
1701 3700 1755 3754 in
1802 3699 1986 3756 futura

415 3795 632 3849 swcnla.
660 3796 848 3847 Amen.
867 3813 883 3843 ι

1517 3901 1633 3956 XV.
1670 3901 2001 3974 Polycarpua
2033 3905 2154 3976 igne
2185 3924 2291 3962 non
2323 3909 2569 3963 la'ditur.

485 4022 553 4076 Et
580 4032 867 4093 postquam
899 4040 916 4072 ι
949 4022 1121 4076 Amen
1155 4041 1173 4073 ι
1194 4022 1488 4085 emisisset,
1513 4021 1987 4093 precationemque

2161 4029 2606 4101 Ἀναπέμψαντος
2635 4029 2691 4082 δὲ
2714 4028 2879 4082 αὐτοῦ
2902 4028 2962 4082 τὸ
2995 4048 3013 4080 ι
3065 4029 3259 4102 Ἀμὴν,
3287 4047 3307 4079 ι
3337 4028 3437 4081 καὶ
3466 4027 3683 4100 πληρώ-

414 4115 812 4184 complevisset,
832 4113 1066 4167 ministri
1091 4114 1232 4183 ignis
1248 4115 1427 4184 ignem
1443 4113 1830 4169 accenderunt.
1848 4113 1987 4170 Cum

2110 4137 2285 4186 ιαντος
2307 4124 2405 4195 τὴν
2431 4125 2620 4195 εὐχὴν,
2654 4125 2705 4177 oi
2733 4125 2828 4178 τοῦ
2860 4124 3031 4196 πυρὸς
3067 4121 3349 4193 ἄνθρωποι
3379 4121 3599 4193 ἐξῆψαν
3626 4121 3679 4174 τὸ

414 4221 544 4263 vero
578 4207 770 4276 ingens
804 4204 1023 4259 ﬂamma
1069 4206 1381 4270 emicasset,
1409 4205 1617 4275 grande
1655 4206 1985 4264 miraculum

2110 4213 2221 4285 πῦρ.
2254 4216 2511 4287 Μεγάλης
2542 4217 2600 4270 δὲ
2642 4218 2997 4289 ἐκλαμψάσης
3043 4214 3258 4285 φλογὸς.
3299 4214 3499 4285 θαῦμα
3543 4214 3679 4285 μέγα

412 4298 670 4361 vidimus,
704 4312 825 4362 nos,
848 4296 1050 4365 quibus
1076 4296 1208 4351 illud
1238 4306 1487 4367 spectare
1509 4311 1833 4355 concessum
1859 4297 1983 4366 fuit,

2110 4304 2325 4377 ίῐδομεν,
2368 4301 2449 4371 οἷς
2493 4309 2619 4362 ἰδεῖν
2666 4308 2825 4379 ἐδόθη
2846 4326 2858 4339 ’
2908 4308 2957 4362 οἳ
2985 4307 3080 4362 καὶ
3108 4303 3488 4377 ὲτηρήθημεν,
3514 4307 3593 4369 είς
3622 4304 3678 4356 τὸ

411 4387 506 4458 qui
546 4396 600 4441 et
629 4387 751 4441 ideo
779 4386 1040 4441 reservati
1092 4402 1304 4454 sumus,
1328 4395 1388 4441 ut
1415 4387 1559 4453 aliis,
1584 4404 1707 4458 quae
1737 4391 1983 4461 contige-

2110 4399 2406 4467 ιναγγεῐλαι
2448 4403 2558 4465 τοῖς
2601 4401 2807 4465 λοιποῖς
2851 4402 2921 4455 τὰ
2965 4399 3251 4470 γενόμενα.
3306 4398 3383 4451 Τὸ
3416 4398 3533 4470 γὰρ
3570 4395 3676 4467 πῦρ

412 4487 559 4542 runt,
589 4476 1067 4531 annuntiaremus.
1115 4475 1257 4547 Ignis
1296 4479 1442 4532 enim
1471 4478 1700 4535 fornicis
1746 4483 1983 4551 speciem

2110 4491 2344 4561 ιαμάρας
2380 4486 2522 4555 εἶδος
2566 4492 2800 4564 ποιῆσαν
2820 4533 2835 4557 ,
2882 4491 3070 4563 ὥσπερ
3122 4488 3279 4559 ὀθόνη
3335 4488 3532 4542 πλοίου
3578 4488 3676 4541 ὑπὸ

407 4576 677 4645 praebens,
713 4585 972 4648 tanquam
1016 4578 1171 4631 navis
1210 4577 1389 4631 velum
1431 4593 1461 4630 a
1504 4585 1664 4632 vento
1696 4578 1979 4649 repletum,

2110 4581 2396 4652 πνεύματος
2419 4583 2790 4656 πληρουμένη,
2824 4583 3009 4653 κύκλῳ
3039 4580 3407 4654 περιετείχισε
3429 4583 3495 4635 τὸ
3524 4581 3675 4650 σῶμα

412 4670 466 4721 in
504 4669 710 4725 circulo
754 4684 954 4739 corpus
998 4670 1252 4739 martyris
1284 4670 1681 4737 circumdedit;
1725 4673 1891 4742 quod,
1925 4674 1977 4728 in

2110 4673 2179 4727 τοῦ
2218 4674 2511 4746 μάρτυρος·
2562 4675 2657 4728 καὶ
2688 4670 2759 4747 ἦν
2789 4673 2954 4747 μέσον
2984 4674 3082 4743 οὐχ
3102 4671 3176 4735 ὡς
3203 4669 3345 4743 σάρξ
3384 4672 3671 4743 καιομένη,

410 4761 589 4815 medio
618 4761 878 4829 positum,
922 4777 1030 4814 non
1080 4769 1141 4813 ut
1182 4774 1312 4815 caro
1361 4776 1483 4815 assa
1527 4761 1832 4829 videbatur,
1886 4763 1979 4818 sed

2110 4762 2202 4816 ιλλ’
2248 4764 2324 4829 ὼς
2367 4764 2532 4838 ἄρτος
2575 4765 2911 4836 ὁπτώμενος,
2943 4765 2977 4835 ἢ
3022 4764 3098 4827 ὡς
3140 4764 3342 4835 χρυσὸς
3374 4765 3477 4817 καὶ
3511 4764 3672 4836 ἀργυ-

410 4851 571 4905 veluti
598 4851 753 4921 panis
782 4858 992 4914 coctus,
1022 4850 1107 4905 vel
1145 4850 1287 4907 sicut
1309 4865 1505 4905 aurum
1530 4862 1584 4906 et
1611 4860 1895 4921 argentum
1923 4854 1979 4907 in

2110 4873 2182 4919 »ος
2225 4857 2283 4910 ὲν
2315 4857 2529 4928 καμίνῳ
2577 4858 2914 4931 πυρούμενος
2953 4858 3087 4929 (77).
3132 4856 3245 4910 Καὶ
3279 4856 3394 4927 γάρ
3449 4856 3669 4915 εῠωδξσς

478 4988 518 5019 ¹ι
554 4985 743 5041 Matth.
780 5002 871 5051 xx,
895 4986 999 5052 22;
1032 5003 1179 5054 xxvi,
1214 4989 1311 5055 59;
1339 4986 1507 5043 Marc.
1540 5005 1593 5053 ι,
1620 4987 1710 5043 58.

478 5127 588 5199 (7i)
615 5126 937 5208 Praepositio
966 5131 1061 5208 ὲν,
1080 5145 1201 5208 qua:
1229 5129 1424 5208 legitur
1459 5130 1513 5183 in
1542 5130 1725 5208 editis,
1754 5130 1911 5187 abest
1940 5147 1971 5186 a
2153 5135 2263 5208 (74)
2297 5135 2589 5208 Similiain
2622 5135 2889 5207 Μαι-ινήο
2919 5135 3108 5208 Igngt.
3135 5151 3186 5191 c.
3222 5135 3281 5189 2.

407 5191 596 5277 mste]
618 5191 781 5277 plane
808 5199 940 5277 milii
972 5191 1533 5277 redu'ndareVyidetur.
1557 5199 1674 5255 Jac.
1712 5191 1721 5195 ’
2153 5191 2266 5277 (75)
2289 5207 2333 5260 A
2364 5207 2558 5277 graecis
2593 5191 2984 5276 interpretibus
3018 5205 3379 5277 Hebrmorum
3415 5191 3528 5270 .15:
3557 5219 3663 5258 non

703 5284 752 5338 g.
785 5287 815 5349 t~
841 5269 1018 5349 palus,
1044 5279 1265 5349 eatena,
1290 5269 1475 5349 funes,
1503 5291 1521 5321 ι
1560 5280 1665 5349 etc.
1827 5342 1838 5349 _
1866 5339 1901 5349 ⁸

2110 5267 2179 5331 μοι*
2194 5267 2557 5349 ὁλοκαῦτωμα
2584 5267 2761 5349 solum
2792 5277 3059 5349 redditur,
3085 5277 3180 5332 sed
3209 5267 3663 5349 interdum'etiam

477 5337 732 5419 (75)_Non
767 5337 1162 5419 videnturhaec
1184 5341 1257 5394 ita
1284 5341 1656 5419 intelligenda,
1683 5342 1840 5411 quasi
1866 5339 1967 5419 Po-

2110 5337 2603 5419 ier_6>togca'tprrcbpa,
2641 5358 2700 5402 ut
2724 5346 2866 5419 rLev.
2884 5363 2937 5419 Al,
2966 5337 3064 5411 14,
3097 5363 3209 5410 xvi,
3234 5346 3332 5402 26.
3358 5345 3557 5403 Usssn.

406 5409 611 5482 lvcarpi
670 5424 865 5482 manus
895 5409 1083 5482 _clavis
1122 5411 1442 5482 transﬁxuri
1468 5409 1715 5474 'esseut;
1748 5420 1806 5467 et
1851 5412 1981 5482 palo

406 5478 648 5552 aliisnri;
683 5494 790 5532 non
832 5478 1025 5552 fuisset
1051 5480 1197 5534 enim
1244 5482 1359 5536 haec
1384 5482 1581 5552 exigua
1621 5496 1748 5551 pars
1772 5478 1980 5552 suppli-

408 5548 475 5599 cii
513 5548 700 5618 [quam
741 5549 1026 5621 carniﬁces
1067 5564 1176 5604 non
1220 5548 1975 5621 remisissénthCredidet—‘im

407 5630 570 5683 ergo,
603 5628 860 5693 catenas,
901 5620 1109 5693 quibus
1137 5622 1391 5693 revincta:
1437 5620 1593 5676 erant
1639 5622 1706 5676 ad
1759 5632 1973 5693 tergum

406 5699 635 5803 ἓίιιιυδ,
668 5688 790 5755 palo
817 5689 984 5743 clavis
1029 5689 1216 5746 alllxas
1258 5690 1451 5760 fuisse,
1498 5705 1567 5748 ne
1602 5688 1971 5750 moverentur.

483 5768 571 5803 ER.

2158 5416 2274 5491 (76)
2294 5414 2634 5491 Patefecerat
2648 5418 2794 5473 enim
2815 5419 2866 5472 ei
2884 5416 3027 5474 Deus
3054 5419 3233 5490 ignem
3258 5419 3530 5490 martyrii.
3547 5414 3658 5470 Cir.

2482 5560 2625 5631 ignis
2660 5557 3167 5631 fornicisprzebens
3207 5561 3450 5631 Speciem
3499 5566 3645 5631 siem.

2086 5627 2177 5751 rilt,
2222 5629 2301 5754 id.l
2317 5627 2529 5687 causis'
2543 5630 2786 5702 physicis
2819 5627 2987 5686 tribui
3019 5645 3182 5701 posse
3203 5627 3398 5687 censet
3426 5629 3660 5695 Dalrym-

2085 5712 2120 5768 p
2144 5714 2248 5755 Ius.
2306 5714 2392 5755 ac.
