3806 6208
140 351 268 405 40H

771 353 989 412 EPIST.
1036 356 1401 417 ECCLESUE
1426 361 1678 418 SMYRN.
1722 365 1811 421 DE.
1851 364 2219 423 MARTYRIO
2260 364 2332 424 S.‘
2361 367 2766 427 POLYCARPI.

3265 380 3402 435 1052

138 493 392 565 τοσαύτης
437 495 865 569 ἀντελαϐόμεθα,
906 499 982 564 ὡς
1029 497 1328 557 λιϐανωοῦ
1373 506 1713 579 πνέοντος,ή

1822 484 2046 543 fornace
2095 489 2360 544 candens.
2409 479 2641 545 Tantam
2695 497 2877 545 autem
2910 505 3007 547 nos
3059 495 3403 563 percepimus

135 582 285 638 ἀλλου
314 585 457 652 τινὸς
480 587 585 642 τῶν
615 590 813 661 τιμίων
835 591 1147 663 ἀρωμάτων
1184 594 1316 668 (78).

1824 582 2149 637 suavitatem
2181 581 2391 651 odoris,
2439 599 2505 640 ac
2546 585 2590 639 si
2628 584 2759 640 thus
2791 593 2885 640 aut
2935 585 3083 639 aliud
3128 588 3404 655 quoddam

1825 676 2191 747 pretiosorum
2229 687 2535 733 aromatum
2560 678 2809 735 oluisset.

1178 818 1316 875 XVI.
1353 821 1681 893 Po!ycarptt8
1715 823 1940 894 pugione
1976 819 2333 890 transﬁgitur.

199 937 373 1009 Πέρας
403 933 509 1013 ⁸οὖν
554 937 753 1002 ἰδόντες
788 940 837 992 οἱ
873 935 1084 1011 ἄνομοι,
1115 940 1178 992 οὐ
1210 940 1509 1013 δυνάμενον
1540 941 1708 997 αὑτοῦ

136 1030 192 1083 τὺ
238 1027 394 1100 σῶμα
440 1028 549 1082 ὑπὸ
590 1027 685 1082 τοῦ
734 1030 906 1102 πυρὸς
954 1028 1373 1102 δαπανηθῆναι,
1418 1033 1712 1088 ἐκέλευσαν

140 1120 491 1192 προσελθόντα
517 1120 668 1193 αὐτῷ
697 1122 1050 1195 κομφὲκτορα
1077 1123 1186 1196 (79)
1226 1124 1544 1196 παραϐὓσαι
1570 1125 1712 1196 ξιφί-

135 1215 252 1268 διον.
288 1214 398 1268 Καὶ
433 1213 596 1269 τοῦτο
642 1216 990 1287 ποιήσαντος,
1034 1215 1225 1288 ἐξῆλθε
1260 1218 1560 1291 περιστερά
1602 1220 1712 1291 (80)

136 1309 220 1362 καὶ
248 1308 446 1380 πλῆθος
474 1309 729 1380 αἵματος,
771 1307 913 1363 ὥστε
971 1308 1308 1363 κατασϐέσαι
1349 1312 1411 1363 τὸ
1440 1309 1572 1383 πῦρ,
1620 1311 1715 1365 καὶ

134 1401 394 1472 θαυμάσαι
440 1401 624 1455 πάντα
658 1401 749 1454 τὸν
786 1401 965 1472 ὄχλον,
1000 1403 1049 1456 εί
1092 1403 1328 1477 τοσαύτη
1360 1423 1442 1469 τις
1474 1406 1710 1479 διαφορά

136 1490 322 1561 μεταξὺ
360 1492 469 1545 τῶν
504 1493 752 1546 ἀπίστων
794 1492 888 1546 καὶ
917 1492 1027 1546 τῶν
1061 1493 1353 1548 ἐκλεκτῶν·
1401 1489 1477 1549 ὧν
1509 1490 1589 1560 εἷς
1617 1498 1711 1550 καὶ

133 1578 271 1647 οὗτος
294 1584 509 1653 γεγόνει
531 1584 643 1655 (81)
671 1587 699 1638 ὁ
721 1583 1171 1657 θαυμασιώτατος
1199 1586 1409 1660 μάρτυς
1440 1588 1712 1661 Πολύκαρ-

133 1693 243 1740 πος,
269 1678 326 1729 ἐν
351 1680 468 1742 τοῖς
502 1676 627 1731 καθ’
657 1678 808 1749 ἡμᾶς
837 1678 1054 1749 χρόνοις
1077 1678 1397 1744 διδάσκαλος
1422 1681 1709 1735 ἀποστολι-

131 1770 217 1833 xi);
256 1769 347 1823 καὶ
378 1770 727 1841 προφητικὸς,
747 1770 1058 1841 γενόμενος,
1098 1771 1398 1837 ἐπίσκοπός
1425 1789 1486 1826 τε
1519 1773 1619 1845 τῆς
1650 1775 1708 1827 ἐν

132 1859 337 1932 Σμύρνῃ
377 1860 675 1933 καθολικῆς
718 1861 1068 1933 Ἐκκλησίας.
1114 1863 1230 1916 Πᾶν
1281 1863 1393 1935 γὰρ
1441 1864 1631 1935 ῥῆμα,
1680 1864 1709 1917 ὃ

132 1951 388 2023 ἐξαφῆκεν
409 1954 479 2006 ἐκ
506 1952 601 2007 τοῦ
631 1952 901 2024 στόματος
936 1952 1122 2019 αὑτοῦ,
1155 1952 1250 2006 καὶ
1289 1951 1575 2025 ἐτελειώθη
1614 1955 1710 2009 καὶ

132 2044 554 2117 τελειωθήσεται.

1729 2041 1778 2099 Β

1892 939 2136 997 Tandem
2185 938 2352 1010 igitur
2401 947 2690 995 cernentes
2732 939 2985 1009 improbi,
3032 954 3235 1009 corpus
3278 940 3400 1009 ejus

1821 1035 1892 1090 ab
1925 1034 2050 1107 igne
2074 1047 2186 1087 non
2210 1045 2371 1102 posse
2400 1031 2676 1095 consumi,
2706 1031 2994 1100 jusserunt
3020 1032 3391 1087 confectorem

1821 1125 2049 1197 propius
2116 1125 2375 1181 accedere
2442 1123 2787 1195 pugioneque
2849 1140 2977 1180 eum
3055 1127 3396 1198 transﬁgere.

1821 1218 1979 1286 Quod
2009 1233 2135 1274 cum
2167 1217 2257 1272 ille
2281 1215 2522 1282 fecisset,
2566 1216 2803 1272 evolavit
2830 1218 3089 1273 columba
3113 1228 3167 1273 et
3191 1218 3400 1275 eﬁluxit

1822 1319 1975 1366 tanta
2002 1310 2289 1380 sanguinis
2313 1309 2491 1380 copia,
2510 1317 2570 1363 ut
2593 1308 2773 1380 ignem
2803 1310 3195 1381 exstingueret,
3230 1321 3399 1381 utque

1820 1404 2076 1458 universa
2097 1402 2249 1473 plebs
2272 1402 2584 1468 miraretur,
2608 1410 2820 1457 tantum
2844 1417 2967 1457 esse
2989 1402 3288 1458 discrimen
3313 1406 3399 1458 iu-

1820 1504 1901 1550 ter
1929 1494 2174 1550 inﬁdeles
2203 1501 2258 1550 et
2280 1494 2518 1554 electos:
2547 1507 2789 1563 quorum
2820 1508 2964 1548 unus
3010 1493 3101 1548 hic
3142 1493 3247 1547 fuit
3277 1510 3396 1548 ma-

1816 1588 1966 1642 xime
1998 1587 2354 1644 admirandus
2391 1594 2602 1657 martyr
2650 1584 3007 1657 Polycarpus,
3046 1586 3141 1654 qui
3190 1587 3397 1641 nostris

1815 1678 2157 1748 temporibus
2209 1677 2542 1747 apostolicus
2589 1684 2643 1731 et
2677 1677 3033 1746 propheticus
3065 1677 3258 1731 doctor
3300 1692 3396 1731 ex-

1816 1772 1976 1837 stitit,
2006 1780 2172 1842 atque
2207 1770 2490 1826 catholica;
2515 1768 2772 1826 Ecclesiae
2800 1769 3154 1840 Smyrnensis
3181 1770 3396 1840 cpisco-

1816 1880 1939 1935 pus.
1966 1866 2137 1920 Omne
2160 1864 2306 1920 enim
2336 1863 2583 1930 verbum,
2639 1862 2785 1932 quod
2830 1877 2924 1917 ore
2948 1876 3050 1917 suo
3071 1862 3280 1930 _emisit,
3302 1872 3397 1918 aut

1816 1959 2099 2029 impletum
2127 1964 2211 2012 est
2239 1966 2335 2011 aut
2373 1954 2703 2025 implebitur.

1004 2165 1170 2221 XVII.
1219 2165 1501 2239 Polycarpi
1534 2183 1723 2237 corpus
1754 2163 2077 2222 Christianis
2110 2178 2214 2216 non
2248 2162 2505 2216 traditur.

205 2312 258 2367 ὐ
280 2313 338 2367 δὲ
363 2314 657 2386 ἀντίζη).ος
687 2315 781 2369 καὶ
823 2315 1091 2386 βάσκανος
1121 2317 1215 2371 καὶ
1246 2316 1504 2388 πονηρὸς,
1549 2319 1579 2369 ό
1609 2318 1704 2371 ἀν-

130 2407 421 2477 τικείμενος
440 2406 525 2479 τῷ
552 2408 700 2475 γένει
722 2407 832 2461 τῶν
858 2409 1083 2463 δικαίων
1105 2409 1237 2480 (8‘2),
1276 2408 1398 2464 ἰδὼν
1421 2410 1484 2463 τό
1509 2427 1568 2463 τε
1605 2410 1703 2481 μέ-

131 2499 274 2566 γεθος
323 2498 493 2552 αὐτοῦ
551 2499 651 2570 τῆς
703 2500 1041 2572 μαρτυρίας,
1105 2502 1199 2554 καὶ
1257 2500 1357 2573 τὴν
1401 2503 1496 2555 ἀπ’
1528 2502 1704 2573 ἀρχῆς

130 2591 477 2663 ἀνεπίληπτον
526 2591 824 2656 πολιτείαν,
874 2592 1325 2663 ἐστεφανωμένον
1369 2609 1430 2645 τε
1474 2591 1555 2663 τῷ
1604 2590 1705 2661 τῆς

132 2685 421 2758 ἀφθαρσίας
444 2685 718 2757 στεφάνῳ,
744 2685 841 2740 καὶ
876 2685 1130 2759 βραϐεῖον
1144 2687 1539 2758 ἀναντίρρητον
1570 2686 1705 2739 ἀπε-

134 2779 469 2849 νηνεγμένον,
510 2778 894 2849 ἐπετήδευσεν,
942 2778 1019 2842 ὡς
1053 2778 1187 2849 μηδὲ
1218 2779 1278 2832 τὸ
1322 2777 1573 2848 λείψανον
1605 2777 1703 2832 αὑ-

132 2870 214 2924 τοῦ
243 2872 329 2941 ὑφ’
361 2870 525 2942 ήμῶν
554 2868 824 2941 ληφθῆναι
857 2870 993 2942 (85),
1027 2870 1232 2942 καίπερ
1276 2868 1489 2922 πολλῶν
1519 2868 1706 2922 ἐπιθυ-

137 2962 359 3033 μούντων
397 2963 563 3017 τοῦτο
595 2962 851 3033 ποιῆσαι,
899 2962 996 3016 κα)⁹
1040 2962 1370 3033 κοινωνῆσαι
1427 2959 1507 3031 τῷ
1562 2959 1704 3031 ἁγίῳ

135 3054 280 3108 αὐτοῦ
312 3056 549 3129 σαρκίῳ.
591 3055 859 3110 ’Υπέϐαλε
872 3054 1002 3125 γοῦν
1019 3055 1265 3127 Νικήτην
1280 3056 1372 3110 τὸν
1392 3054 1487 3108 τοῦ
1529 3052 1705 3125 Ἡρώ-

1879 2314 1984 2370 Sed
2016 2329 2142 2370 cum
2180 2311 2414 2369 aemulus
2446 2310 2536 2364 ille
2575 2316 2633 2365 et
2658 2307 2878 2363 invidus
2903 2316 2958 2362 et
2988 2307 3184 2372 malus,
3208 2304 3391 2376 justo-

1808 2422 2041 2477 rumque
2081 2405 2265 2477 generi
2296 2404 2585 2469 adversus,
2624 2400 2838 2471 insigne
2872 2398 3021 2454 illius
3065 2398 3389 2470 martyrium

1805 2511 2072 2567 cerneret,
2111 2511 2403 2567 moresque
2434 2495 2504 2550 ab
2532 2496 2757 2549 ineunte
2778 2502 2935 2547 aetate
2960 2490 3389 2561 irreprehcnsos,

1806 2607 1860 2652 et
1880 2609 2006 2650 eum
2028 2606 2233 2649 corona
2254 2586 2683 2643 immortalitatis
2704 2594 3054 2649 coronatum,
3076 2583 3391 2653 praemium—

1809 2704 1917 2760 que
1949 2687 2068 2742 sine
2105 2681 2482 2741 controversia
2527 2685 2932 2749 reportantem;
2972 2692 3192 2747 operam
3219 2676 3386 2738 dedit,

1810 2797 1879 2836 ne
1900 2777 2144 2850 reliquiae
2170 2776 2291 2848 ejus
2318 2790 2348 2829 a
2377 2774 2536 2830 nobis
2557 2771 2925 2835 auferrentur,
2949 2770 3200 2839 quamvis
3233 2770 3388 2823 multi

1811 2872 1864 2928 id
1892 2871 2071 2926 facere
2099 2877 2154 2924 et
2175 2876 2366 2924 sancto
2392 2864 2539 2921 illius
2576 2878 2808 2934 corpore
2831 2862 3123 2932 participes
3150 2859 3262 2914 ﬁcri
3292 2875 3390 2915 cu-

1809 2968 2015 3031 perent.
2073 2956 2361 3029 Suggessit
2407 2970 2537 3026 ergo
2571 2953 2826 3008 diabolus
2877 2950 3102 3015 Nicetm,
3156 2949 3389 3006 Herodis

1807 3052 1972 3122 patri,
2016 3049 2172 3106 fratri
2213 3059 2394 3105 autem
2442 3049 2623 3111 Alces,
2669 3047 2821 3102 adire
2870 3044 3274 3115 proconsulem,
3319 3059 3389 3097 ne

134 3139 211 3194 δου
224 3144 445 3216 πατέρα,
462 3144 697 3215 ἀδελφὸν
725 3145 783 3198 δέ
819 3144 1025 3216 ’Λλκης
1060 3144 1191 3215 (84),
1224 3146 1468 3216 ἐντυχεῖν
1499 3142 1575 3214 τῷ
1607 3143 1709 3215 ἀρ-

1817 3159 2011 3215 corpus
2033 3143 2181 3199 ilius
2208 3143 2273 3199 ad
2306 3140 2680 3212 sepeliendum
2708 3138 2943 3193 traderet
2975 3157 2988 3193 :
3015 3157 3032 3188 ι
3056 3135 3155 3197 Ne.
3185 3136 3383 3206 inquit,

136 3250 281 3303 χοντι,
310 3234 452 3290 ὥστε
507 3237 581 3309 μὴ
626 3236 810 3292 δοῦναι
840 3235 1006 3292 αὑτοῦ
1036 3237 1100 3290 τὸ
1132 3236 1289 3307 σῶμα
1322 3239 1490 3308 ταφῇ’
1533 3254 1551 3286 ι
1585 3235 1698 3307 Μὴ,

137 3329 300 3398 φησὶν,
331 3331 571 3400 ἀφέντες
601 3330 693 3384 τὸν
725 3328 1163 3401 ἐσταυρωμένον,
1196 3326 1385 3382 τοῦτον
1430 3326 1702 3401 ἄρξωνται

138 3419 388 3480 σέϐεσθαι.
415 3442 435 3474 ι
454 3423 570 3476 Καὶ
596 3419 770 3475 ταῦτα
799 3415 973 3485 εἷπον,
995 3419 1404 3475 ὑποϐαλλόντων
1438 3420 1532 3473 καὶ
1563 3421 1704 3472 ἐνισ-

136 3512 349 3582 χυόντων
379 3514 493 3568 τῶν
537 3513 826 3579 Ἰουδαίων,
860 3515 909 3570 οἳ
942 3516 1037 3570 καὶ
1068 3516 1362 3587 ἐτήρησαν,
1399 3513 1702 3584 μελλόντων

137 3605 273 3675 ήμῶν
302 3609 366 3661 ἐκ
394 3606 492 3662 τοῦ
528 3606 699 3680 πυρὸς
728 3606 1047 3679 λαμϐάνειν·
1084 3604 1424 3676 ἀγνοοῦντες,
1458 3604 1540 3658 ὃτι
1572 3603 1701 3680 οὔτε

136 3694 212 3748 τὸν
240 3697 468 3768 Χριστόν
503 3714 635 3751 ποτε
680 3697 1002 3752 καταλιπεῖν
1043 3695 1407 3768 δυνησόμεθα,
1440 3694 1530 3750 τὸν
1563 3696 1702 3767 ὑπὲρ

137 3785 221 3856 τῆς
255 3786 343 3841 τοῦ
389 3788 596 3853 παντὸς
638 3788 844 3860 κόσμου
897 3789 1005 3844 τῶν
1063 3787 1384 3860 σωζομένων
1429 3789 1702 3861 σωτηρίας

138 3871 354 3928 παθόντα
385 3874 646 3948 [ἄμωμον
679 3877 819 3949 ὑπὲρ
850 3878 1195 3950 ἁμαρτωλῶν
1230 3877 1387 3950 (85)],
1421 3876 1545 3932 οὔτε
1576 3879 1634 3933 ἓτ
1646 3897 1703 3932 ε-

142 3962 219 4031 ρόν
258 3984 375 4021 τινα
418 3968 695 4023 σέϐεσθαι.
744 3969 944 4024 Τοῦτον
985 3971 1082 4041 μὲν
1113 3971 1242 4042 γάρ,
1266 3970 1405 4037 ¹Υίὸν
1448 3970 1575 4025 ὄντα
1606 3968 1700 4024 τοῦ

137 4048 275 4119 Θεοῦ,
308 4056 740 4129 προσκυνοῦμενν
760 4059 886 4123 τοὺς
915 4059 973 4112 δέ
1007 4060 1312 4132 μάρτυρας,
1343 4058 1420 4122 ὼς
1454 4058 1700 4131 μαθητὰς

139 4143 220 4197 καὶ
264 4148 508 4220 μιμητὰς
549 4150 643 4204 τοῦ
689 4151 918 4224 Κυρίου,
966 4151 1273 4223 ἀγαπῶμεν
1317 4151 1503 4219 ἀξίως,
1536 4151 1698 4206 ἕνεκα

140 4236 330 4305 εὐνοίας
358 4242 773 4315 ἀνυπερϐλήτου
807 4245 906 4315 τῆς
938 4246 1020 4308 εἰς
1049 4245 1141 4299 τὸν
1176 4243 1307 4298 ῐδιον
1340 4242 1567 4315 βασιλέα
1599 4244 1698 4297 καὶ

139 4326 449 4387 διδάσκαλον·
486 4328 564 4388 ὧν
594 4335 807 4403 γένοιτο
839 4336 936 4389 καὶ
967 4337 1115 4407 ἡμᾶς
1149 4335 1542 4404 συγκοινωνούς
1587 4333 1697 4408 (86)
1758 4361 1762 4365 <

140 4434 190 4473 τε
218 4424 303 4477 καὶ
331 4426 693 4499 συμμαθητάς
721 4427 994 4497 γενέσθαι.

1805 3238 1995 3294 relicto
2016 3235 2298 3304 cruciﬁxo,
2319 3235 2466 3289 hunc
2493 3233 2675 3289 colere
2707 3231 3023 3301 incipiant.»
3063 3231 3239 3299 Atque
3270 3231 3385 3285 haec

1805 3330 2078 3395 dicebant,
2107 3326 2528 3400 suggerentibus
2570 3334 2625 3382 et
2675 3325 3009 3380 instantibus
3031 3322 3256 3388 Judaeis,
3286 3324 3384 3392 qui

1804 3437 2025 3493 quoque
2056 3421 2485 3476 observaverant
2518 3432 2639 3482 nos,
2674 3432 2741 3473 ex
2782 3417 2907 3487 igne
2944 3430 3069 3471 eum
3100 3424 3382 3470 extractur-

1805 3532 1933 3583 ros;
1986 3513 2183 3586 ignari,
2238 3511 2385 3582 quod
2430 3524 2533 3565 nec
2569 3509 2874 3573 Christum,
2919 3508 3013 3577 qui
3067 3523 3166 3577 pro
3207 3508 3384 3562 salute

1804 3608 2073 3674 omnium,
2104 3607 2199 3677 qui
2234 3607 2288 3660 in
2326 3615 2439 3659 toto
2469 3602 2676 3659 mundo
2713 3602 2851 3682 salvi
2882 3601 3032 3668 ﬁent,
3080 3616 3276 3669 passus
3298 3608 3385 3655 est

1806 3701 2141 3776 [inculpatus
2170 3713 2268 3769 pro
2297 3692 2725 3768 peccatoribus],
2744 3709 2983 3763 unquam
3000 3693 3383 3763 derelinquere

1805 3793 2125 3865 poterimus,
2171 3806 2349 3861 neque
2390 3789 2559 3844 alium
2604 3802 2936 3858 quemquam
2981 3786 3182 3841 colere.
3224 3783 3381 3840 Illum

1803 3887 1974 3952 enim,
2004 3891 2191 3952 utpote
2222 3881 2419 3936 Filium
2451 3879 2546 3940 Dei
2581 3879 2917 3944 adoramus;
2956 3887 3228 3949 martyres
3248 3892 3381 3932 vero

1806 3986 2067 4047 tanquam
2117 3974 2335 4030 Domini
2385 3973 2687 4043 discipulos
2734 3981 2788 4028 et
2826 3972 3135 4027 imitatores
3184 3971 3381 4024 merito

1802 4068 2100 4140 diligimus,
2127 4075 2350 4137 propter
2389 4064 2605 4119 illorum
2648 4063 2903 4119 eximiam
2938 4078 3065 4133 erga
3097 4077 3276 4130 regem
3316 4076 3381 4115 ac

1803 4160 2123 4232 magistrum
2143 4172 2303 4213 suum
2345 4155 2809 4221 benevolentiam;
2838 4168 3074 4224 quorum
3097 4152 3303 4208 utinam
3328 4158 3383 4205 ct

1803 4268 1907 4309 nos
1930 4252 2128 4307 ﬁamus
2155 4256 2437 4304 consortes
2465 4261 2530 4301 ac
2550 4246 2939 4316 condiscipuli.

202 4575 308 4657 (78)
344 4577 489 4638 Inter
519 4581 689 4657 ligna.
712 4599 744 4657 ο
772 4584 982 4639 balneis
1007 4592 1061 4640 et
1079 4582 1313 4641 oﬁicinis
1332 4591 1695 4657 comportata,
1726 4592 1771 4648 D
1801 4582 1894 4638 ubi
1926 4581 2174 4657 animam
2200 4595 2357 4635 suam
2391 4579 2589 4657 elﬁavit
2614 4577 2675 4632 Β.
2703 4578 3076 4650 Polycarpus;
3118 4576 3368 4657 ideoque,

143 4640 356 4725 fortasse
381 4640 642 4725 nonnulla
666 4640 838 4710 fuisse
864 4657 1093 4710 odorata
1117 4663 1171 4710 et
1192 4640 1490 4712 aromatica
1518 4640 1699 4725 suspi;

142 4724 281 4770 catur
306 4718 671 4780 Jacobsonus.

205 4784 315 4871 (Z9).
352 4792 735 4871 _Confcct_orcs,
783 4795 877 4871 qui
931 4796 1137 4871 bestias
1187 4796 1245 4871 in
1294 4797 1697 4871 amphitheatro

142 4858 513 4928 conﬁciebant;
547 4866 594 4921 si
632 4858 856 4936 quando
887 4866 1029 4921 cnim
1064 4867 1253 4922 bestiae
1286 4858 1522 4923 eﬂ‘e'ratae
1552 4875 1695 4922 stra-

144 4941 266 5009 gem“
280 4936 478 5002 populo
511 4936 873 5009 minarentur,
916 4937 951 5009 i_i
983 4936 1442 5002 immittebantur,
1474 4938 1569 5009 qui
1600 4952 1695 4993 eas

144 4999 450 5059 conﬁcerent
471 5016 524 5061 et
553 4999 884 5063 occiderent.
908 5005 1024 5063 JAc.

206 5068 565 5151 (8_0)_Pe_l_1ac
601 5079 854 5151 columba
895 5094 964 5132 ne
991 5077 1218 5151 verbum
1251 5078 1473 5148 quidem
1496 5080 1695 5151 legitur

146 5141 610 5231 ipgdlgusebiil_m,
635 5148 895 5231 lluﬁnnm
915 5156 981 5231 let
1006 5141 1409 5231 Nicephorum;
1441 5141 1578 5231 quo
1608 5151 1690 5231 ﬁt,

146 5220 198 5263 ut
216 5209 343 5267 falsa
364 5232 395 5270 a
429 5209 618 5292 multis
641 5219 804 5292 lectio
827 5220 1081 5292 codicum
1106 5209 1179 5274 sit
1200 5209 1407 5292 putata:
1440 5209 1693 5292 Moynius

144 5293 238 5399 ιπο
263 5288 559 5360 περιστερά
588 5291 825 5360 conjecit
854 5291 939 5343 ἐπ’
972 5288 1256 5362 ἀριστερᾷ,
1297 5309 1315 5340 ι
1353 5306 1382 5342 a
1408 5288 1686 5346 sinistra.)

169 5366 240 5399 DSI
288 5368 633 5399 afﬁngas-runt
689 5361 1001 5399 nnmnlnrnc
1049 5362 1151 5399 viri
1203 5362 1348 5399 rint-ti
1410 5360 1686 5399 Ilnnholnc

168 5360 258 5433 PS§_
288 5368 634 5433 accesserunt
670 5360 1024 5433 complures
1049 5360 1181 5433 vir:
1203 5362 1387 5433 docti:
1406 5360 1692 5433 llucliatus

148 5423 473 5504 scribendum
488 5431 709 5504 _censuit
733 5423 873 5504 περὶ⁸
897 5430 1114 5504 στέρνα,
1132 5429 1331 5504 Editur
1351 5430 1693 5504 Bibliotheca;

147 5488 421 5573 Bregnensis
457 5500 525 5554 cl.
562 5516 651 5573 in,
683 5516 738 5570 p.
778 5488 903 5562 4:29,
945 5488 1169 5573 conjicit
1192 5503 1323 5573 περὶ
1356 5503 1577 5571 στέρνου
1609 5503 1691 5556 vel

148 5563 263 5640 ξπρι
290 5567 538 5640 στέρνων.
567 5563 921 5627 Heumannus
962 5573 1017 5626 in
1048 5563 1247 5625 Emam.
1268 5563 1477 5639 Tabula}
1511 5575 1575 5626 de
1603 5589 1691 5626 co-

148 5629 311 5719 ξξιᾼήιρα
336 5629 673 5719 εἶροιξιεανρὶ
700 5658 824 5713 rogo
854 5643 1092 5719 evolante
1113 5683 1127 5707 ,
1143 5629 1372 5719 statuit
1393 5644 1690 5719 monachos

152 5699 245 5790 hoc
263 5699 655 5790 prodigio'act'a
672 5699 858 5790 nosftra
877 5699 1126 5769 auxisse:
1141 5713 1501 5790 Mihiquidem
1530 5714 1689 5790 longe

150 5780 736 5856 ferisimiliusvidctur,
768 5784 1023 5856 lectorem
1065 5780 1378 5856 quempiam
1415 5780 1689 5856 inanimo

154 5839 403 5915 habuisse,
439 5853 502 5908 ad
542 5869 696 5909 oram
724 5839 955 5912 'codicis
990 5839 1177 5911 notare
1214 5839 1392 5910 locum
1421 5854 1684 5925 cpistola),

1800 4654 1939 4708 mori
1973 4651 2228 4707 Ecclesiae
2253 4651 2449 4705 veteris
2477 4650 2826 4712 obsecutum,
2856 4664 3041 4704 vocem
3074 4650 3371 4719 περιστερά

1798 4724 2034 4793 margini
2073 4721 2416 4793 ascripsisse,
2459 4736 2567 4789 qua
2599 4720 2806 4774 scilicet
2851 4720 3204 4789 signiﬁcaret,
3250 4721 3371 4772 ani-

1798 4791 1943 4848 mam
1983 4793 2045 4847 Β.
2075 4791 2459 4863 ωανιγτὶεἱιιοί
2485 4793 2744 4863 temporis
2776 4798 3054 4863 momento
3081 4805 3110 4843 c
3138 4803 3369 4863 corpore

1797 4864 2104 4927 liberatam,
2140 4860 2244 4917 sub
2265 4862 2529 4916 columbae
2560 4861 2740 4930 specie
2771 4862 2835 4915 ad
2869 4860 3065 4914 cmlum
3096 4860 3365 4913 evolasse.

1795 4933 2187 4990 Columbarum
2228 4932 2376 4987 enim
2418 4929 2683 5001 imagines
2719 4934 2882 4986 etiam
2926 4929 3365 5001 Christianorum

1796 5004 2062 5074 sepulcris
2090 5004 2401 5074 frequenter
2425 4998 2721 5070 exsculpta:
2752 5012 2898 5057 sunt.
2925 4998 3045 5074 llic.

1866 5070 1980 5145 (81)
2022 5075 2099 5129 lta
2129 5070 2483 5145 Jacobsonus
2513 5074 2884 5145 e__codicilnis.
2921 5070 3362 5139 Plusquamperl‘.

1795 5141 1912 5200 sine
1939 5141 2312 5215 augmentoiut
2334 5159 2386 5198 c.
2426 5142 2531 5215 1‘2.“
2549 5141 2709 5215 Vulg.
2732 5144 2976 5211 γέγονεν.

1866 5216 1978 5286 (82)
2016 5215 2175 5286 Cl‘r._l
2207 5214 2402 5279 Clem.,
2425 5229 2473 5286 ρ.
2493 5213 2590 5286 ΕΗ.

1865 5282 1978 5364 (ξᾷ)
2019 5284 2242 5364 ΙιιιᾸΑο.
2275 5300 2305 5338 e
2338 5284 2461 5364 cod.
2491 5282 2665 5339 Paris.
2699 5283 2856 5364 Vulg.
2889 5283 3141 5364 ληφθείη.

1867 5354 1980 5429 (84)
2028 5377 2046 5408 σ
2086 5356 2279 5429 ΑΙοοΔε
2315 5363 2504 5429 notum
2554 5354 2949 5429 es_t_mulicris
2977 5354 3359 5429 i_n_ter‘_S__myr-

1796 5423 1943 5484 uaces
1965 5423 2190 5482 nomen.
2209 5423 2322 5481 Cir.
2351 5423 2519 5494 lgnat.
2554 5425 2623 5478 ad
2649 5423 2862 5494 Smyrn.
2890 5441 2941 5479 c.
2978 5425 3146 5489 15,ad
3174 5423 3359 5494 l’olyr.

1793 5518 1844 5556 c.
1874 5500 1928 5553 8.
2140 5554 2143 5555 ν

1867 5569 1978 5637 (85)
2019 5566 2364 5623 Parenthesis
2398 5566 2498 5621 ista
2536 5582 2711 5635 neque
2742 5567 2795 5620 in
2824 5564 3057 5637 Eusebio
3107 5566 3359 5632 habetur,

1793 5655 1971 5710 neque
2003 5641 2055 5692 in
2081 5638 2307 5710 Rufino,
2335 5653 2515 5710 neque
2542 5639 2594 5689 in
2620 5645 2799 5710 vetere
2826 5646 3014 5710 nostro
3046 5636 3357 5710 interprete.

1795 5706 2404 5777 Usssn.—lnlerpolata
2443 5707 2612 5762 fuisse
2644 5708 2856 5777 videtur
2883 5722 2912 5758 a
2952 5706 3176 5777 librario
3221 5722 3360 5774 quo-

1793 5783 1961 5852 piam,
1993 5780 2084 5852 qui
2115 5780 2166 5852 i_n
2207 5775 2392 5832 animo
2418 5778 2650 5852 habebat
2672 5776 2861 5852 I_l_’e_tr.
2897 5794 2979 5837 ιιι,
3012 5777 3096 5829 18.
3131 5775 3239 5852 με.

1864 5851 1977 5921 (86)
2017 5849 2090 5905 Ita
2115 5848 2229 5905 Jac.
2262 5865 2307 5904 ο.
2344 5848 2465 5905 cod.
2494 5847 2666 5903 Paris.
2700 5846 2855 5919 Vulg.
2892 5846 3196 5909 κοινωνούς.
