3806 6208
145 391 298 442 1043

1434 387 1824 443 EVARlSTUS
1865 387 2059 441 PAPA.

3290 381 3429 437 1041)

142 530 469 602 Συνελήφθη
515 532 571 585 δὲ
742 532 846 585 ὑπὸ
890 531 1150 604 Ἡρώδου,
1187 533 1281 585 ἐπὶ
1313 534 1618 605 ἀρχιερέως
1666 533 1742 603 (9.)
1779 541 1818 594 Α
1847 541 1931 587 est

1869 541 1931 587 :st
1957 541 2138 587 autem
2176 530 2246 584 ab
2277 527 2510 595 Herode,
2551 526 2656 584 sub
2690 526 2944 598 pontifice
2986 523 3240 594 Philippo
3275 521 3431 578 Tral-

140 624 418 676 Φιλίππου
465 623 823 696 Τραλλιανοῦ,
874 625 1347 689 ἀνθυπατεύοντος
1391 626 1615 679 Στατίου
1665 627 1740 695 (5)

144 715 452 786 Κοδρᾶτου,
503 715 881 785 βασιλεύοντος
925 717 980 770 δὲ
1022 720 1102 782 εἰς
1147 718 1273 782 τοὺς
1319 718 1522 782 αἰῶνας
1567 717 1741 789 Ἰησοῦ

142 806 393 877 Χριστοῦ
436 801 480 874 ᾧ
495 810 528 878 ἡ
546 807 695 872 δόξα,
714 807 868 879 τιμὴ,
890 809 1256 881 μεγαλοσύνη,
1276 810 1468 881 θρόνος
1500 809 1739 874 αἰώνιος,

144 899 260 952 ἀπὸ
291 901 490 968 γενεᾶς
522 902 602 963 είς
633 901 846 969 γενεάν.
897 903 1088 972 Ἀμήν.

1844 627 2011 689 liano,
2037 623 2371 694 proconsule
2415 622 2591 677 Statio
2620 621 2924 687 Quadrato,
2955 626 3217 690 regnante
3241 624 3422 670 autem

1846 720 1900 774 in
1933 718 2130 773 saecula
2159 715 2288 771 Jesu
2335 715 2556 772 Christo
2583 733 2596 782 ;
2627 715 2717 770 cui
2753 714 2826 769 sit
2848 713 3042 785 gloria,
3077 713 3275 778 honor,
3303 725 3424 763 ma—

1839 811 2033 879 jeslas,
2065 809 2297 863 thronus
2340 807 2730 877 sempiternus,
2757 821 2786 859 a
2810 804 3162 876 generatione
3185 803 3239 856 in
3264 816 3426 872 gene-

1846 903 2138 957 rationem.
2172 903 2361 955 Amen.

1178 1037 1347 1093 XXII.
1380 1038 1671 1094 Salutatio.
1704 1037 1962 1108 Epistolaz
1993 1038 2418 1106 transcriptores.

239 1175 545 1246 Ἐρῤῶσθαι
578 1176 724 1247 ὑμᾶς
766 1177 1058 1249 εὐχόμεθα,
1105 1178 1346 1248 ἀδελφοὶ,
1395 1179 1743 1250 στοιχοῦντας

143 1267 230 1338 τῷ
262 1268 406 1321 κατά
438 1269 498 1321 τὸ
529 1269 860 1341 Εὑαγγέλιον
891 1269 1035 1342 λόγῳ
1081 1270 1256 1342 Ἰησοῦ
1301 1271 1538 1342 Χριστοῦ
1559 1289 1570 1300 ·
1623 1271 1743 1342 μεθ’

131 1355 210 1440 ὀὗ
243 1360 376 1426 δόξα
405 1359 483 1432 τῷ
514 1359 633 1432 Θεῷ
664 1362 759 1416 καὶ
792 1363 969 1435 Πατρὶ
1001 1365 1096 1417 καὶ
1127 1363 1268 1434 ἁγίῳ
1299 1363 1600 1434 Πνεύματι,
1648 1364 1745 1417 ἐπὶ

144 1453 403 1524 σωτηρίᾳ
435 1455 500 1525 τῇ
532 1453 639 1508 τῶν
669 1455 841 1525 ἁγίων
874 1456 1165 1510 ἐκλεκτῶνο
1200 1455 1384 1521 καθὼς
1428 1456 1745 1530 ἐμαρτύρη-

143 1563 246 1598 σεν
277 1548 307 1598 ὁ
343 1547 615 1618 μακάριος
647 1547 1028 1620 Πολύκαρπος,
1064 1542 1125 1603 οῦ
1157 1550 1365 1619 γένοιτο
1396 1552 1454 1604 ὲν
1485 1553 1549 1621 τῇ
1586 1550 1740 1620 βασι-

140 1633 273 1705 λείᾳ
319 1634 494 1705 Ἰησοῦ
527 1637 765 1706 Χριστοῦ
800 1639 935 1710 πρὸς
968 1638 1036 1692 τὰ
1083 1639 1203 1711 ἴχνη
1250 1641 1538 1712 εὑρεθῆναι
1571 1639 1741 1710 ἡμᾶς)

220 1724 413 1778 Ταῦτα
448 1727 832 1798 μετεγράψατο
881 1727 981 1798 μὲν
1012 1728 1171 1791 Γάϊος
1207 1727 1304 1800 (4),
1338 1729 1402 1780 ὲκ
1432 1727 1538 1781 τῶν
1570 1729 1740 1798 Εἰρη-

140 1817 329 1880 ναίου,
379 1815 624 1888 μαθητοῦ
670 1816 761 1870 τοῦ
794 1818 1179 1890 Πολυκάρπου,
1214 1818 1272 1881 ὃς
1319 1819 1414 1874 καὶ
1461 1817 1742 1871 συνεπολι-

140 1910 384 1963 τεύσατο
415 1908 490 1980 τῷ
521 1910 816 1980 Εἰρηναίῳ.
850 1910 991 1979 Ἐγὼ
1006 1910 1060 1962 δὲ
1077 1911 1374 1982 Σωκράτης
1403 1912 1460 1964 ἐν
1491 1908 1739 1979 Κορίνθῳ

1912 1178 2198 1248 Optamus,
2231 1175 2450 1241 fratres,
2477 1191 2575 1230 vos
2600 1175 2781 1229 valere
2811 1188 2876 1228 ac
2903 1171 3156 1229 incedere
3184 1172 3239 1225 in
3263 1185 3429 1226 evan-

1842 1271 2016 1344 gelico
2049 1286 2308 1327 sermone
2335 1269 2462 1325 Jesu
2494 1268 2737 1334 Christi;
2794 1281 2922 1322 cum
2975 1281 3083 1336 quo
3132 1265 3303 1336 gloria
3350 1266 3426 1320 sit

1842 1365 1974 1433 Deo,
2004 1376 2058 1421 et
2085 1363 2235 1419 Patri
2270 1372 2324 1418 et
2349 1361 2576 1432 Spiritui
2609 1369 2824 1425 sancto,
2849 1359 2919 1415 ob
2950 1369 3266 1415 sanctorum
3307 1359 3425 1413 ele-

1843 1468 2056 1514 ctorum
2086 1459 2356 1523 salutem;
2380 1453 2844 1524 quemadmodum
2866 1453 3060 1508 beatus
3085 1451 3423 1524 Polycarpus

1844 1552 2166 1622 martyrium
2194 1549 2438 1619 pertulit,
2476 1547 2542 1603 ad
2572 1547 2734 1617 cujus
2758 1546 2988 1616 vestigia
3031 1547 3240 1599 utinam
3274 1545 3422 1598 inve-

1843 1643 2062 1698 niamur
2092 1643 2147 1696 in
2179 1656 2349 1711 regno
2379 1640 2511 1695 Jesu
2541 1637 2751 1694 Christi
2780 1641 2794 1692 ἓ

1912 1733 2092 1804 Atque
2118 1733 2234 1787 haec
2262 1747 2328 1786 ex
2357 1731 2546 1786 codice
2576 1729 2788 1796 lrenzei,
2830 1729 3084 1798 discipuli
3110 1726 3418 1799 Polycarpi,

1843 1826 2332 1896 descripsitCaius,
2351 1826 2443 1894 qui
2475 1835 2529 1880 et
2551 1825 2667 1894 ipse
2695 1839 2821 1879 cum
2848 1822 3051 1878 Irenaeo
3065 1831 3421 1878 conversatus

1844 1924 1945 1970 est.
1970 1914 2083 1987 Ego
2103 1931 2234 1972 vero
2266 1915 2519 1970 Socrates
2557 1914 2811 1971 Corinthi
2855 1929 2923 1968 ex
2965 1912 3084 1968 Caii
3125 1911 3422 1982 exemplari

139 2003 215 2055 ὲκ
262 2000 372 2054 τῶν
415 2001 576 2054 Γαΐου
623 2001 974 2072 ἀντιγράφων
1019 2001 1255 2074 ἔγραψα.
1303 2003 1369 2056 Ἡ
1401 2002 1558 2072 χάρις
1607 2000 1745 2072 μετά
1778 1997 1818 2052 Β
1849 2009 1941 2065 hac.

1869 2024 1964 2065 nec
1989 2008 2274 2079 descripsi.
2303 2007 2489 2062 Gratia
2516 2007 2588 2062 sit
2614 2021 2739 2061 cum
2773 2007 3050 2063 omnibus.

140 2095 393 2151 πάντων.

252 2213 398 2282 Ἐγὼ
440 2215 498 2268 δὲ
543 2217 705 2270 πάλιν
751 2216 966 2280 Πιόνιος
1009 2219 1076 2269 ὲκ
1105 2215 1199 2269 τοῦ
1245 2213 1741 2286 προγεγραμμένου

140 2309 393 2380 ἔγραψα,
427 2311 776 2382 ἀναζητήσας
805 2310 970 2372 αὐτὰ,
1017 2310 1159 2373 κατά
1205 2307 1548 2378 ἀποκάλυψιν
1581 2325 1746 2376 φανε-

141 2402 434 2474 ρώσαντός
471 2421 560 2474 μοι
593 2403 686 2456 τοῦ
722 2404 994 2475 μακαρίου
1028 2403 1102 2475 (5)
1135 2401 1520 2473 ΠολυκάρποΨ
1556 2399 1740 2464 καθὼς

137 2493 380 2565 δηλώσω
411 2497 469 2547 ὲν
499 2495 578 2565 τῷ
609 2495 865 2565 καθεξῆς·
904 2493 1230 2564 συναγαγὼν
1245 2493 1386 2547 αὐτὰ
1418 2492 1518 2564 ἠδη
1553 2491 1740 2562 σχεδὸν

139 2589 219 2640 ἐκ
261 2587 359 2642 τοῦ
403 2588 597 2659 χρόνου
642 2589 996 2660 κεκμηκότα,
1059 2589 1147 2642 ἵνα
1192 2587 1341 2658 κάμὲ
1387 2585 1672 2657 συναγάγῃ
1715 2587 1743 2638 ὁ

140 2677 362 2752 Κύριος
406 2679 616 2751 Ἰησοῦς
647 2682 882 2752 Χριστὸς
919 2681 1058 2752 μετά
1089 2680 1198 2734 τῶν
1231 2676 1503 2732 ἐκλεκτῶν
1535 2675 1703 2731 αὑτοῦ
1724 2716 1738 2742 ,

141 2775 234 2837 είς
265 2772 364 2843 τὴν
395 2773 645 2845 οὐράνιον
679 2773 956 2844 βασιλείαν
989 2771 1155 2827 αὑτοῦ
1189 2772 1286 2844 (6),
1319 2765 1364 2839 ᾧ
1397 2773 1430 2841 ἡ
1461 2769 1610 2834 δόξα,
1645 2769 1742 2822 σὺν

143 2865 334 2935 Harp).
377 2865 472 2917 καὶ
517 2865 659 2937 ἁγίῳ
701 2865 1016 2935 Πνεῦματι,
1065 2866 1146 2927 εἰς
1190 2864 1315 2927 τοὺς
1375 2860 1577 2923 αἰῶνας
1633 2859 1740 2914 τῶν

142 2955 384 3010 αἰώνων.
435 2957 624 3028 Ἀμήν.

142 3221 432 3292 politanus
448 3220 893 3292 Chorographus,
925 3219 1227 3292 Siculorum
1245 3220 1508 3292 fastorum
1526 3231 1740 3286 auctor,

142 3290 250 3361 Elui
284 3290 799 3364 ξεεὶ-ιςᾼπριλλίων.
836 3290 1037 3346 Verum
1077 3291 1220 3364 enim
1261 3290 1552 3364 Polycarpi
1578 3303 1736 3347 nata-

143 3360 258 3415 lcm
287 3361 343 3414 in
376 3360 448 3414 26
479 3360 658 3415 Martii
693 3377 816 3416 esse
847 3361 1226 3427 statuendum,
1275 3371 1325 3415 et
1366 3360 1556 3416 Asiani
1609 3364 1740 3416 anni

142 3432 296 3502 ratio
322 3439 375 3485 et
406 3432 591 3502 magni
623 3431 846 3486 Sabbati
878 3433 1173 3502 character
1193 3431 1413 3502 evincit,
1447 3431 1574 3502 licet
1597 3433 1739 3502 apud

142 3501 384 3556 Latinos
412 3501 482 3554 '26
506 3500 654 3566 Jan.,
685 3503 828 3570 apud
852 3501 1074 3556 Graecos
1107 3501 1179 3554 25
1215 3500 1376 3556 Febr.
1410 3500 1735 3558 celebretur.

140 3571 233 3624 Ex
259 3571 464 3641 quibus
489 3571 652 3626 etiam
675 3573 1087 3626 characterihus
1116 3571 1403 3641 manifeste
1436 3571 1741 3640 deprehen-

141 3640 330 3712 ditur,
359 3642 756 3712 annovulgaris
776 3657 898 3696 aera;
921 3641 1248 3696 Christiana:
1282 3640 1406 3712 169,
1440 3649 1490 3695 et
1523 3643 1738 3712 imperii

142 3711 464 3793 M..Aurelii
506 3708 653 3796 nono
695 3712 1160 3796 passionenrejus
1190 3711 1527 3796 contigisse:-
1523 3708 1741 3796 Ussit-1m;

143 3784 248 3836 cui
284 3851 296 3862 _
338 3782 678 3863 astipulatur_
715 3781 916 3864 Pagius
957 3782 1024 3835 ad
1071 3780 1202 3836 ann.
1234 3780 1356 3842 167,
1392 3797 1448 3834 n.
1582 3789 1637 3835 et
1677 3782 1731 3836 4.

144 3855 299 3932 Ann-1
328 3850 565 3932 l_6l_rem
596 3850 1170 3932 agit_St_ieren_,‘Ueﬂlg-er
1197 3851 1292 3932 dus
1310 3850 1613 3932 .IOdBSJG'I'I‘I:
1633 3850 1738 3932 lu:

142 3923 330 3986 slin‘s,
348 3923 401 3976 in
438 3921 664 3994 lllgenii’,
711 3921 1022 3990 Zeitschrift
1064 3923 1150 3991 [ἂν
1187 3922 1273 3976 die
1303 3921 1490 3975 histor.
1549 3921 1732 3976 Theol.

1919 2211 1986 2265 Et
2034 2213 2276 2282 posthaec
2323 2227 2423 2282 ego
2472 2210 2700 2266 Pionius
2748 2226 2816 2266 ex
2871 2210 3262 2280 suprascriptis
3310 2210 3426 2262 haec

1849 2306 2091 2370 exaravi,
2139 2315 2428 2376 postquam
2465 2306 2556 2360 illa
2596 2305 3070 2376 perquisivissem,
3123 2312 3178 2358 et
3226 2305 3421 2359 beatus

1847 2395 2180 2468 l’olycarpus
2207 2413 2270 2452 ea
2305 2413 2400 2467 per
2420 2397 2803 2452 revelationem
2833 2396 2964 2450 mihi
2994 2395 3422 2462 manifestasset,

1849 2499 1908 2544 ut
1931 2491 1984 2544 in
2025 2489 2382 2560 sequentibus
2408 2490 2700 2545 declarabo
2723 2533 2736 2556 ,
2768 2489 2961 2558 collegi
2995 2505 3080 2555 ea,
3133 2504 3425 2558 propemo-

1847 2583 1978 2638 dum
2023 2598 2090 2638 ex
2135 2583 2396 2652 temporis
2439 2584 2796 2639 diuturnitate
2847 2581 3179 2649 fatiscentia,
3228 2591 3288 2636 ut
3336 2596 3424 2636 me

1847 2689 2069 2746 quoque
2095 2664 2222 2728 cum
2248 2674 2436 2730 electis
2470 2675 2586 2730 suis
2616 2676 2671 2729 in
2711 2690 2938 2745 regnum
2990 2689 3150 2729 suum
3201 2673 3424 2730 caeleste

1847 2767 2067 2837 colligat
2097 2765 2364 2822 Dominus
2384 2765 2543 2822 Jesus
2568 2766 2840 2833 Christus,
2873 2767 2960 2822 cui
2983 2767 3053 2822 sit
3077 2766 3268 2839 gloria,
3295 2780 3422 2820 cum

1845 2857 2008 2914 Patre
2057 2867 2112 2914 et
2168 2857 2374 2929 Spiritu
2431 2867 2647 2925 sancto,
2699 2861 2754 2913 in
2817 2859 3014 2915 sazcula
3065 2859 3423 2915 saeculorum.

1849 2950 2040 3004 Amen.

1853 3223 2012 3298 1842,
2037 3223 2305 3298 [asc._1,p.
2335 3222 2453 3298 ML
2671 3290 2688 3298 _
2937 3287 2950 3298 _
3004 3286 3039 3298 ﬁ
3113 3288 3122 3298 ,

1922 3286 2008 3365 (1)
2037 3286 2367 3365 Ροτιὶοιιίωῐι
2399 3293 2455 3365 δέ
2488 3292 2638 3365 addit
2663 3290 2780 3365 Jac.
2806 3287 2973 3342 ecod.
3000 3286 3176 3365 Paris.

1922 3356 1998 3427 (ἓ)
2035 3364 2140 3431 Qui
2194 3364 2346 3434 prius
2391 3363 2462 3433 (c.
2518 3361 2608 3434 12)
2637 3358 3103 3431 Ἀσιάρχης,ηυηο
3133 3356 3421 3428 ἀρχιερεύς

1851 3435 2174 3504 appellatur.
2196 3431 2396 3488 Ussan.

1939 3506 1992 3572 ὅ)
2033 3504 2137 3576 s.
2171 3504 2312 3558 male
2323 3503 2618 3576 Στρατίου.

1939 3509 1992 3572 5)
2033 3509 2137 3559 Ms.
2171 3509 2312 3558 male
2336 3509 2618 3576 Στρατίου.

1915 3509 1992 3644 (4)
2035 3575 2290 3631 Fortasse
2312 3572 2500 3642 Caius,
2524 3569 2802 3644 presbyter
2831 3569 3250 3644 ille‘Bomanus.

1914 3637 1992 3717 (5)
2029 3645 2154 3717 Haec
2171 3643 2334 3717 verba
2364 3644 2458 3717 τοῦ
2486 3637 2764 3715 ’μακαρίου
2796 3656 2826 3696 ο
2848 3641 3006 3696 codd.
3038 3639 3212 3694 Paris.
3241 3647 3296 3693 et
3323 3637 3420 3692 Ba~

1840 3712 1989 3771 rocc.
2019 3715 2257 3770 restituit
2281 3712 2640 3769 Jacobsonus.

1912 3787 1991 3856 (6)
2028 3785 2208 3856 Verba
2240 3786 2322 3846 si;
2355 3784 2452 3856 τὴν
2603 3783 2771 3839 αὐτοῦ
2799 3782 3226 3853 praatermiserat
3251 3778 3418 3834 Usse-

1837 3855 1977 3913 rius.
2016 3855 2134 3912 Jac.

945 4419 2013 4595 EVARISTUS
2087 4417 2584 4577 PAPA
2695 4665 2699 4670 η

1525 4909 2051 5003 NOTITIA

152 5147 252 5209 (Ex
281 5149 408 5198 libro
433 5147 699 5208 pontiﬁcali
724 5148 920 5201 Damasi
945 5161 1102 5212 papae,
1125 5163 1203 5211 ap.
1232 5148 1404 5206 Mansi,
1428 5147 1630 5212 Cenat,
1655 5149 1694 5212 li.
1723 5147 1900 5212 6_21.~—
1930 5145 2368 5212 Variaslectiones
2386 5151 2610 5212 etnotas
2634 5145 2695 5196 ad
2731 5143 2865 5198 hunc
2895 5146 3056 5195 locum
3078 5143 3222 5194 Libri
3240 5143 3416 5193 Ponti—

1022 5208 1175 5261 ﬂcalis
1199 5212 1311 5260 vide
1334 5209 1632 5275 Patrologiaz
1655 5209 1836 5260 Latina:
1861 5215 1980 5258 tom.
2003 5208 2231 5269 CXXVII,
2257 5212 2351 5258 col.
2380 5208 2541 5271 1135.)

225 5396 516 5454 Evaristus
562 5401 784 5456 natione
835 5401 1081 5463 Graecus,
1134 5416 1198 5454 ex
1233 5409 1388 5470 patre
1415 5399 1604 5454 Judaeo
1629 5403 1852 5470 nomine
1893 5398 2053 5458 Juda,
2092 5397 2777 5470 de_civitate_Bethlehem,
2808 5397 2953 5470 sedit
2985 5412 3164 5470 annos
3189 5411 3408 5470 novem,

149 5483 375 5540 nienses
407 5470 616 5537 decem,
641 5472 760 5526 dies
792 5473 953 5525 duos.
991 5471 1118 5526 Fuit
1151 5466 1332 5525 autem
1367 5471 1708 5540 temporibus
1758 5469 2048 5524 Domitiani
2080 5478 2134 5523 et
2166 5468 2356 5540 Nervae
2389 5466 2635 5540 Trajani,
2673 5483 2710 5540 a7
2751 5469 3040 5540 consulatu
3074 5466 3332 5540 Valentis
3358 5475 3414 5540 et

151 5537 393 5610 Veteris,
418 5535 689 5610 usquead
714 5541 928 5596 Gallum
964 5552 1018 5596 et
1046 5542 1319 5597 Braduam
1343 5535 1621 5596 consules.
1656 5540 1919 5610 Martyrio
1948 5548 2262 5593 coronatur.
2315 5537 2415 5591 ilic
2450 5539 2638 5610 titulos
2701 5539 2754 5590 in
2808 5538 2942 5590 urbe
3002 5535 3177 5610 Roma
3224 5535 3414 5610 divisit

151 5607 519 5682 presbiteris;
538 5610 604 5671 Et
632 5622 838 5681 septem
875 5615 1137 5667 diaconos
1159 5613 1452 5676 ordinavit,
1486 5613 1599 5682 qui‘
1616 5607 1960 5665 custodirent
1981 5611 2298 5682 episcopum
2322 5609 2729 5682 praedicantem,
2758 5616 2988 5682 propter
3027 5608 3227 5682 stylum
3271 5607 3415 5660 veri-

152 5680 308 5752 tatis.
329 5678 445 5736 'llic
479 5681 607 5736 fecit
635 5678 1016 5737 ordinationes
1042 5693 1150 5737 tres
1173 5699 1269 5752 per
1295 5678 1538 5737 mensem
1577 5679 1950 5749 Decembrem,
1983 5681 2326 5752 presbyteros
2340 5694 2467 5752 scr,
2506 5681 2770 5752 diaconos
2799 5678 3272 5752 duos,_epi_scopos
3319 5691 3416 5744 per

152 5749 384 5826 diversa
410 5751 526 5806 loca
561 5755 824 5826 quinque.
855 5753 959 5818 Qui
990 5754 1154 5826 etiam
1173 5745 1436 5822 'sepultus
1465 5762 1548 5812 est
1580 5753 1735 5826 juxta
1767 5745 1968 5825 corpus
1983 5745 2312 5806 'bcati'Pctri
2337 5749 2399 5805 in.
2423 5748 2685 5806 Vaticano
2717 5756 2870 5804 sexto
2888 5745 3159 5804 Kalendas
3183 5745 3414 5802 Novem-

153 5818 304 5874 bres.
344 5820 411 5876 Et
431 5818 667 5878 cessavit
695 5818 1042 5893 episcopatus
1063 5824 1181 5880 dics
1207 5818 1357 5880 xviii.
