3806 6208
423 343 558 397 1047

1757 346 2085 403 Ενιιιιιδτι
2113 345 2313 403 ΡΑΡΛΕ

3548 337 3681 395 ιω

1376 665 2133 799 EVABISTI
2231 664 2676 793 PAPIE

1593 924 2330 1043 EPISTOLfE
2407 904 2491 983 (¹)

1583 1144 1787 1208 (Mam.
1823 1143 2029 1207 ConciL,
2064 1150 2103 1197 t.
2132 1146 2171 1205 Ι,
2199 1148 2295 1198 col.
2315 1147 2449 1211 623.)

888 1290 1223 1349 EPISTOLA
1263 1291 1496 1348 PRIMA.

721 1401 786 1440 AD
824 1400 998 1440 OMNES
1033 1400 1318 1441 EPISCOPOS
1356 1402 1664 1442 AFRICANOB.

412 1476 485 1533 De
500 1478 683 1532 ordine
720 1479 1067 1531 diaconorum
1100 1484 1150 1531 et
1171 1477 1408 1549 legitimo
1430 1478 1709 1549 conjugio,
1742 1487 1898 1548 atque
1922 1477 1986 1531 de

474 1550 581 1618 ﬁde
604 1558 653 1603 et
677 1564 780 1602 non
805 1550 822 1579 ¹
838 1549 1159 1617 injnriandis
1192 1550 1446 1618 episcopis
1478 1560 1573 1603 aut
1588 1549 1910 1607 laeerandie.

474 1660 854 1719 Dilectissimis
889 1661 1159 1717 fratribus
1193 1663 1470 1720 universis
1510 1662 1712 1719 Africa:
1741 1662 1984 1738 regionis

398 1753 689 1823 episcopis,
710 1752 1014 1809 Evaristus.

467 1843 893 1900 Consulentihus
929 1845 1110 1911 vobis,
1153 1842 1353 1901 fratres
1397 1846 1734 1913 charissimi,
1781 1849 1805 1881 ¹
1848 1848 1983 1917 quid

399 1952 564 2005 super
598 1937 683 1991 his
717 1953 839 2007 quae
875 1937 927 1992 in
959 1938 1155 1993 vestris
1195 1939 1618 1994 continebantur
1652 1940 1873 2010 scriptis
1902 1940 1981 1994 vi-t

398 2044 519 2082 sum
555 2029 713 2083 nobis
746 2040 910 2093 esset,
948 2030 1033 2085 vel
1060 2030 1192 2100 quid
1212 2030 1406 2086 docilis
1436 2031 1579 2085 ratio
1608 2032 1978 2101 persuaderet,

395 2128 491 2173 aut
522 2120 652 2190 quid
684 2137 714 2175 a
750 2122 924 2176 beatis
955 2123 1220 2191 apostolis
1260 2123 1425 2178 nobis
1458 2124 1719 2179 traditum
1754 2136 1848 2179 aut
1882 2141 1979 2179 cu-

396 2211 658 2266 stoditum
686 2225 1014 2276 remaneret,
1052 2224 1325 2285 optantes,
1374 2225 1433 2271 ut
1455 2217 1741 2285 retulistis,
1772 2219 1981 2273 nostris

396 2303 609 2357 institui
643 2305 665 2336 ³
694 2305 1061 2369 documentis,
1090 2306 1206 2363 haec
1223 2308 1350 2363 ver‘b
1372 2310 1759 2365 rescribimus:
1789 2308 1977 2383 Siqui-

391 2395 517 2449 dem
551 2397 774 2452 dilectio
795 2408 972 2453 vestra
997 2415 1246 2456 normam
1273 2413 1460 2457 secuta
1495 2404 1871 2473 prudentium,
1907 2405 1976 2459 ad

392 2489 578 2544 sedem
613 2491 968 2559 apostolicam
1008 2491 1214 2547 referre
1236 2494 1447 2560 maluit,
1482 2496 1645 2564 quasi
1677 2497 1745 2551 ad
1788 2506 1973 2567 caput,

391 2582 521 2649 quid
541 2582 763 2637 deberet
784 2584 851 2639 de
885 2585 1049 2640 rebus
1072 2585 1256 2642 dubiis
1284 2588 1787 2658 custodire,potius
1803 2604 1969 2659 quam

390 2676 746 2743 usurpatione
766 2691 1115 2745 praesumere.

1175 2771 1217 2827 Ι.

618 2860 757 2926 Quot
790 2863 842 2915 in
873 2865 1084 2919 civitate
1110 2865 1324 2919 diaconi
1359 2883 1470 2921 esse
1506 2867 1748 2924 debeant.

460 2955 744 3026 ‘Diaconi,
777 2960 871 3030 qui
892 2961 1053 3031 quasi
1088 2963 1234 3017 oculi
1272 2963 1528 3019 videntur
1555 2980 1677 3020 esse
1701 2965 1966 3036 episcopi,

386 3049 439 3102 in
472 3066 803 3122 unaquaque
826 3055 1063 3120 civitate,
1084 3056 1241 3125 juxta
1262 3058 1638 3127 apostolorum
1670 3061 1968 3115 constituta

386 3150 591 3210 septem
650 3143 851 3199 debent
908 3161 1051 3211 esse,
1093 3149 1113 3180 ⁸
1146 3148 1240 3219 qui
1278 3149 1597 3205 custodiant
1642 3151 1966 3222 episcopum

383 3235 794 3303 praedicantem,
822 3254 892 3293 ne
924 3248 1019 3293 aut
1053 3240 1167 3310 ipse
1197 3241 1270 3299 ab
1302 3241 1721 3301 insidiatoribus
1742 3261 1968 3317 quoquo

385 3324 551 3381 modo
585 3326 895 3393 infestetur,
919 3341 1015 3387 aut
1046 3332 1274 3388 laedatur
1300 3349 1331 3387 a
1367 3334 1509 3401 suis,
1541 3344 1637 3390 aut
1668 3338 1840 3394 verba
1883 3338 1968 3393 di-

382 3417 530 3483 vina,
578 3418 917 3476 detrahendo
978 3433 1074 3478 aut
1131 3424 1467 3494 insidiando,
1517 3429 1835 3498 polluantur
1880 3431 1965 3485 vel

382 3508 781 3578 despiciantur,
811 3512 905 3567 sed
936 3513 1140 3568 veritas
1161 3515 1433 3584 spirituali
1459 3518 1699 3573 redoleat
1729 3518 1962 3587 fervore,

382 3606 436 3651 ct
468 3613 572 3669 pax
601 3601 893 3670 praedicata
925 3602 1109 3673 labiis,
1144 3607 1318 3663 animi
1350 3623 1476 3663 cum
1508 3610 1791 3669 voluntate
1831 3628 1965 3669 con-

382 3691 561 3745 cordet
572 3733 584 3745 .

897 3881 973 3936 De
994 3899 1156 3938 uxore
1180 3884 1441 3943 ducenda.

2012 1299 2065 1355 Α
2091 1307 2233 1347 uxor
2275 1294 2514 1363 legitime
2546 1297 2566 1327 ⁷
2599 1297 2717 1352 viro
2756 1299 3040 1371 jungatur.
3073 1299 3243 1357 Aliter
3284 1300 3437 1357 enim
3496 1300 3675 1372 legiti-

2090 1398 2241 1437 mum
2278 1386 2360 1453 (ut
2395 1400 2426 1438 a
2461 1386 2712 1455 patribus
2744 1389 3077 1457 accepimus,
3113 1396 3168 1445 et
3214 1404 3244 1444 a
3283 1388 3497 1444 sanctis
3543 1404 3673 1458 apo-

2088 1477 2265 1543 stolis,
2324 1491 2627 1548 eorumque
2682 1479 3099 1534 successoribus
3156 1480 3422 1535 traditum
3462 1482 3671 1536 inveni-

2090 1572 2256 1639 mus),
2294 1585 2401 1624 non
2431 1569 2502 1625 sit
2544 1569 2864 1642 conjugium
2895 1571 2938 1637 ⁸,
2974 1571 3079 1627 nisi
3120 1572 3189 1627 ab
3222 1573 3309 1627 his
3335 1573 3421 1643 (2)
3452 1574 3548 1643 qui
3578 1590 3669 1630 suo

2086 1676 2184 1732 per
2217 1663 2390 1733 ipsam
2422 1661 2680 1717 feminam
2703 1661 3135 1718 dominationem
3156 1665 3419 1720 videntur
3450 1667 3671 1733 habere,

2085 1764 2138 1807 et
2170 1771 2199 1808 a
2230 1755 2430 1826 quibus
2464 1755 2797 1823 custoditur,
2834 1772 2977 1811 uxor
3012 1766 3253 1827 petatur,
3289 1767 3346 1813 et
3375 1774 3408 1812 a
3435 1760 3672 1828 parenti-

2086 1847 2192 1902 bus
2228 1854 2324 1903 aut
2362 1847 2858 1921 prepinquioribus
2909 1859 3224 1918 sponsetur,
3253 1859 3311 1904 et
3334 1850 3553 1922 legibus
3575 1852 3671 1905 do-

2083 1951 2230 1997 tetur
2257 1944 2299 2006 ’,
2326 1953 2380 1996 et
2412 1956 2514 1998 suo
2541 1952 2786 2012 tempore
2830 1942 3263 2009 sacerdotaliter,
3311 1952 3374 1999 ut
3408 1959 3534 1999 mos
3565 1954 3668 2011 est,

2084 2049 2209 2088 cum
2235 2033 2490 2104 precibus
2512 2044 2566 2089 et
2594 2034 2971 2090 oblationibus
2996 2050 3027 2089 a
3063 2035 3351 2091 sacerdote
3379 2037 3669 2092 benedica-

2083 2137 2194 2195 tur,
2227 2137 2281 2181 et
2314 2143 2344 2181 a
2370 2127 2784 2198 paranympbis,
2809 2136 2869 2182 ut
2891 2129 3237 2183 consuetudo
3268 2129 3459 2196 docet,
3492 2139 3670 2185 custo-

2081 2221 2199 2275 dita
2248 2231 2303 2276 et
2345 2221 2660 2276 consociata
2714 2236 2747 2275 a
2792 2221 3081 2291 proximis,
3122 2231 3372 2292 tempore
3420 2239 3667 2294 congruo

2080 2314 2247 2384 petita
2282 2313 2497 2384 legibus
2535 2313 2756 2368 dotetur
2781 2312 2847 2378 ",
2883 2322 2939 2367 et
2971 2314 3294 2370 solemniter
3339 2316 3665 2385 accipiatur,

2079 2415 2135 2461 et
2174 2406 2343 2461 biduo
2377 2406 2463 2460 vel
2516 2406 2698 2460 triduo
2730 2406 3074 2461 orationibus
3104 2415 3322 2474 vacent,
3359 2416 3417 2462 et
3447 2409 3669 2463 castita-

2079 2507 2186 2555 tem
2216 2500 2552 2565 custodiant,
2576 2507 2636 2553 ιιι
2660 2499 2818 2554 bona:
2843 2498 3062 2554 soboles
3086 2509 3443 2569 generentur,
3475 2509 3532 2555 et
3562 2500 3667 2553 Do-

2078 2593 2231 2647 mino
2276 2593 2329 2646 in
2365 2591 2579 2647 actibus
2631 2591 2749 2646 suis
2791 2590 3065 2660 ﬁaccant.
3102 2593 3142 2623 “
3174 2590 3385 2647 Taliter
3416 2594 3565 2648 enim
3614 2603 3665 2647 et

2078 2684 2311 2741 Domino
2336 2684 2649 2755 placebunt,
2680 2692 2735 2738 et
2765 2683 2907 2738 ﬁlios
2931 2698 3042 2738 non
3071 2684 3317 2755 spurios,
3352 2685 3455 2739 sed
3492 2686 3663 2755 legiti-

2063 2793 2199 2833 mos
2223 2786 2389 2849 atque
2418 2776 2818 2832 haemditabiles
2846 2776 3189 2848 generabant
3212 2778 3276 2829 ι’.
3295 2775 3664 2847 Quapropter,

2076 2871 2173 2926 lilii
2204 2870 2520 2926 charissimi
2572 2876 2628 2924 et
2676 2868 2877 2924 merito
2922 2869 3187 2934 illustres,
3242 2869 3351 2925 ﬁde
3386 2870 3665 2925 catholica

2074 2962 2429 3034 suffragante,
2457 2961 2529 3017 ita
2563 2973 2785 3031 peracta
2818 2962 3060 3033 legitima
3080 2961 3124 2993 ¹³
3157 2961 3361 3016 scitote
3386 2977 3513 3017 esse
3532 2977 3669 3017 con—

2072 3057 2263 3112 nubia.
2299 3056 2473 3110 Aliter
2516 3069 2649 3109 vero
2682 3064 3040 3124 praesumpta,
3087 3069 3195 3110 non
3231 3055 3521 3125 conjugis,
3572 3055 3664 3110 sed

2072 3158 2170 3203 aut
2197 3147 2489 3210 adulteria,
2524 3154 2621 3202 aut
2647 3146 3034 3212 contubernia,
3060 3154 3156 3201 aut
3180 3156 3397 3215 stupra,
3439 3147 3527 3201 vel
3554 3146 3665 3201 for-

2068 3241 2397 3302 nicationes.
2434 3238 2787 3310 potiusquam
2820 3238 3064 3308 legitima
3095 3237 3351 3309 conjugia
3383 3252 3510 3292 esse
3558 3253 3661 3291 non

2069 3333 2318 3389 dubitate
2350 3331 2416 3395 ν’,
2452 3331 2561 3385 nisi
2593 3330 2849 3386 voluntas
2873 3331 2916 3361 ¹⁵
2951 3330 3171 3399 propria
3225 3327 3530 3399 suﬂ‘ragaia
3572 3328 3659 3382 fu-

2067 3427 2175 3480 erit
2208 3425 2273 3483 ".
2308 3432 2363 3478 et
2389 3431 2515 3477 vota
2548 3422 2927 3479 succurrerint
2954 3422 3216 3492 legitima.
3262 3418 3403 3474 Nam
3450 3420 3664 3475 fructus

2067 3517 2290 3571 divinus
2326 3523 2433 3577 est,
2470 3522 2742 3589 prmeepta
2776 3512 2962 3568 divina
2988 3512 3293 3568 custodire.
3330 3512 3407 3566 Ea
3441 3528 3661 3583 quoque

2066 3610 2347 3672 deserere,
2404 3608 2897 3679 praesumptionem
2933 3605 3076 3672 ﬁeri,
3110 3605 3243 3659 nulli
3281 3605 3523 3660 dubium
3554 3614 3657 3660 est.

2066 3705 2178 3761 Cur
2200 3719 2334 3773 ergo
2362 3703 2645 3774 indignum
2668 3710 2773 3768 est,
2805 3701 3071 3756 unitatem
3113 3699 3379 3755 Ecclesiae
3410 3700 3657 3756 custodi-

2066 3797 2167 3851 re?
2206 3794 2467 3865 Idemque
2503 3810 2698 3850 omnes
2740 3786 2948 3865 pariter
2973 3802 3030 3848 et
3064 3793 3397 3857 sentiamus,
3431 3801 3493 3849 et
3523 3807 3645 3864 pro-

2066 3889 2408 3945 nuntiemus.
2443 3887 2503 3943 Si
2535 3887 2682 3943 enim
2718 3887 2875 3942 aliter
2904 3895 3237 3957 praesumpta
3271 3883 3507 3951 fuerint,
3541 3901 3658 3955 per-

449 3976 473 4006 ⁶
506 3974 769 4030 Similiter
799 3976 1134 4032 custoditum
1169 3989 1225 4033 et
1267 3981 1529 4036 traditum
1577 3983 1865 4053 habemus,
1902 3999 1963 4044 nt
1989 4005 2032 4063 ο
2065 3985 2203 4038 dunt
2227 3980 2471 4051 profecto
2489 3980 2593 4051 ipsi
2616 3989 3055 4051 transgressores
3071 3978 3309 4047 seipsos,
3332 3978 3433 4047 qui
3457 3987 3657 4033 semet-

448 4092 463 4120 ¹
500 4087 559 4143 In
586 4106 690 4175 nis.
722 4091 1283 4175 coll.cctiolnins_lsidori
1314 4093 1501 4175 Paris;
1516 4112 1633 4175 _soc.
1667 4098 1794 4175 .lesn
1820 4104 2019 4175 desunt
2065 4120 2191 4175 quae
2217 4113 2561 4175 εθςιιιιξειιιιη
2589 4097 2731 4175 «ξι-48
2763 4113 2891 4157 non.
2921 4104 3030 4175 etq-
3106 4097 3126 4126 ²
3152 4093 3459 4175 [gl-“03439.
3487 4095 3655 4175 11).}.

374 4160 465 4214 2‘2.

584 4161 604 4192 ³
638 4163 854 4214 instrui.

373 4302 395 4334 ’
426 4302 601 4355 detur.
680 4302 724 4332 ¹⁰
754 4304 927 4357 detur.
962 4302 969 4304 ⁷
1013 4306 1051 4335 ¹¹
1082 4305 1171 4369 50,

374 4372 419 4402 ¹’⁵
455 4388 558 4426 ms.
619 4373 957 4428 dubitantur.

369 4700 404 4753 Γ
445 4628 522 4710 ςι)
570 4627 950 4700 Supposititiaa
987 4630 1191 4687 Contio
1227 4632 1463 4703 aliisque
1495 4637 1728 4694 eruditis
1763 4642 1955 4697 catho-

394 4715 515 4753 ιρις.

394 4715 515 4753 ICIS.

557 4770 730 4849 Aliter
766 4771 905 4849 enim
930 4770 1225 4849 legitimum
1268 4791 1374 4849 non
1403 4776 1465 4844 [it
1514 4779 1821 4849 conjugium
1852 4784 1957 4836 nisi

367 4840 432 4920 ab
459 4840 561 4895 liis.
591 4840 709 4920 Qua
744 4843 956 4920 ratione
982 4840 1280 4920 '_E_varistus
1311 4840 1412 4901 hac
1443 4840 1699 4920 epistola'
1720 4867 1955 4920 sequen-

365 4910 516 4966 tibus
560 4911 762 4973 verbis,
799 4912 863 4965 ad
901 4912 1201 4989 legitimum
1240 4910 1652 4989 matrimonium
1702 4910 1949 4989 requirit,

365 4991 428 5034 ut
468 4997 669 5050 sponsa
704 4997 734 5034 a
774 4986 1162 5058 paranymphis
1197 4987 1261 5040 ad
1296 4989 1583 5042 ecclesiam
1633 4986 1954 5058 deducatur,

364 5067 508 5107 uxor
541 5068 665 5106 cum
701 5054 955 5120 precibus
988 5066 1042 5108 et
1075 5056 1448 5112 oblationibus
1482 5076 1509 5113 a
1547 5062 1828 5115 sacerdote
1861 5054 1954 5118 be;

364 5122 669 5188 nedicatur,
701 5132 757 5177 et
784 5133 843 5177 ut
867 5134 1050 5191 postea
1084 5126 1251 5182 biduo
1282 5138 1376 5183 aut
1406 5130 1587 5184 triduo
1619 5143 1810 5187 vacent
1832 5149 1955 5187 ora-

365 5193 525 5271 tioni,
550 5202 681 5259 etc.,
722 5195 911 5248 eadem
948 5197 1160 5250 ratione
1193 5214 1521 5271 consensum
1571 5214 1859 5271 parentum
1887 5205 1953 5258 ad

362 5263 663 5341 legitimum
719 5274 773 5318 et
818 5280 1008 5319 verum
1052 5269 1399 5341 connubium
1456 5263 1665 5341 exigit;
1724 5275 1951 5339 scilicet,

362 5336 509 5402 quod
542 5336 595 5388 in
633 5333 753 5388 foro
792 5346 1018 5390 externo
1052 5338 1259 5392 licitum
1305 5356 1369 5393 ac
1409 5333 1662 5396 validum
1693 5360 1815 5399 esse
1846 5333 1953 5400 non

361 5405 558 5482 debeat
596 5410 875 5482 praesumi,
903 5409 996 5482 sed
1046 5410 1230 5482 potius
1279 5426 1378 5479 pro
1426 5414 1694 5468 adulterio
1744 5416 1951 5482 haberi,

360 5475 469 5546 nisi
512 5492 640 5531 cum
681 5477 956 5546 praedictis
1008 5475 1415 5536 venditionibus
1463 5485 1535 5536 sit
1583 5475 1950 5541 contractum;

360 5544 500 5621 gum
530 5544 699 5621 igitur
724 5547 858 5621 ipsis
887 5549 1155 5621 haereticis
1184 5553 1512 5608 testantibus
1537 5565 1746 5609 certum
1775 5558 1866 5621 sit,
1898 5558 1950 5611 in

360 5611 482 5668 foro
512 5611 884 5683 conscientiae,
917 5619 985 5672 ad
1013 5622 1297 5675 veritatem
1343 5632 1396 5675 et
1439 5629 1731 5680 essentiam
1766 5611 1955 5682 matri—

360 5685 532 5764 monii
556 5686 697 5740 duas
721 5689 1007 5764 praedictas
1030 5692 1374 5747 conditiones
1395 5711 1503 5748 non
1530 5698 1767 5764 requiri;
1787 5699 1951 5751 etiam

359 5760 570 5837 certum
600 5771 724 5813 esse
749 5757 901 5837 fateri
922 5759 1142 5837 debent,
1166 5764 1309 5830 quod
1329 5757 1632 5837 consensus
1664 5757 1950 5837 parentum

363 5820 428 5881 nd
464 5837 655 5878 verum
701 5820 1581 5892 matrimoniumcontrahendum
1618 5820 1745 5894 non,
1770 5820 1955 5906 sit—

967 4164 1107 4245 ‘.9_'5,
1132 4165 1374 4220 distinct.
1400 4186 1437 4245 L
1462 4166 1709 4245 liiaqoni,
1738 4174 1828 4245 qui
1863 4180 2018 4245 quasi
2047 4164 2209 4230 oculi.

375 4241 571 4304 quaest.
597 4233 630 4285 5
659 4251 670 4285 :
708 4236 744 4304 51
762 4233 885 4285 liter
906 4233 1206 4304 legitimum
1233 4252 1369 4300 non;
1400 4235 1463 4291 Et
1492 4238 1545 4291 in
1577 4233 1886 4298 Decrflvo.’
1906 4246 1998 4301 lib.
2028 4263 2102 4302 Vl.

1232 4316 1423 4389 qutest.
1471 4309 1536 4362 5:
1593 4309 1798 4366 Taliter
1822 4315 1969 4389 legit.
2002 4317 2027 4389 §
2061 4322 2149 4373 Ita
2204 4309 2441 4389 peracta}
2549 4312 3103 4389 ‘_'_m_s.rgenerantur.
3175 4309 3258 4389 η’]

1041 4377 1081 4406 ¹⁵
1108 4374 1188 4454 ita
1224 4377 1605 4454 liminum-nes
1639 4397 1775 4454 mss.
1816 4374 1960 4442 etﬂcd

2084 4374 2214 4445 eum
2239 4383 2527 4454 Gratiano,
2561 4374 2825 4454 Magistro
2850 4387 3086 4454 sentem.
3111 4376 3339 4454 iv,_dist.
3361 4374 3652 4454 2§I__lvone

377 4398 390 4402 -
455 4398 558 4426 ius.
619 4398 957 4428 uuuumuur.
1042 4398 1081 4406 ’ν
1115 4398 1188 4430 Ita
1225 4398 1348 4431 Ilurl
1411 4398 1605 4433 omnes
1644 4398 1775 4437 mss.
1816 4398 1870 4439 Η
1895 4398 2053 4454 (.‘dtli,
2077 4402 2207 4445 cum
2239 4398 2527 4444 Ul'allanoi
2561 4398 2680 4502 Μεδῗ

373 4442 427 4516 in
465 4440 623 4495 Decr.
658 4452 713 4497 et
745 4442 1036 4507 Pannom.,
1071 4447 1327 4516 aliisque.
1355 4446 1464 4502 Nec
1490 4449 1690 4503 (lentio
1723 4455 2004 4513 credimus
2032 4460 2101 4515 ad
2135 4456 2379 4513 edistum
2408 4450 2627 4507 Henrici

371 4513 429 4566 in
455 4528 557 4567 suo
586 4529 690 4568 ms.
721 4517 934 4569 etiamsi
966 4513 1303 4572 voluntasl...
1338 4557 1351 4571 .
1392 4519 1469 4572 vel
1508 4532 1649 4586 vota,
1696 4534 1801 4580 etc.
1852 4513 2189 4586 Hsanumus.

2319 4172 2341 4203 ³
2374 4168 2617 4224 Neocaas.
2646 4169 2839 4251 {the}
2867 4167 3117 4251 versione
3158 4165 3437 4251 Pionvsii'.
3506 4168 3542 4251 _‘
3569 4165 3653 4247 ὄρ,

2183 4246 2202 4277 ⁷
2226 4259 2332 4297 ms.
2364 4241 2620 4310 legitimo.
2697 4238 2719 4268 "
2743 4236 3027 4292 Hincmar.
3053 4238 3116 4289 de
3135 4235 3367 4289 divortio
3387 4235 3651 4291 Lotharii.

2204 4322 2441 4378 peracta.
2549 4312 2591 4341 ¹²
2626 4323 2731 4363 ms.
2763 4317 3103 4378 generantur.
3175 4307 3645 4378 ¹³υιιιδιιε9ἱιίιιιιε⁵

2682 4448 2723 4514 1,
2753 4465 2875 4520 pag.
2917 4448 2984 4500 l4
3018 4457 3074 4502 et
3107 4446 3260 4512 alibi,
3301 4448 3413 4516 legi
3452 4448 3651 4504 dicenti

2294 4526 2337 4557 ⁵⁶
2368 4538 2473 4577 ms.
2517 4520 2914 4591 suffragatur“.

2060 4641 2428 4705 necessarius,
2474 4636 2652 4707 ‘quasi
2684 4635 2823 4707 sine
2866 4634 2992 4699 hoc,
3042 4631 3466 4707 matrimonium
3518 4636 3651 4689 inter

2060 4716 2201 4768 duas
2253 4704 2528 4781 personas
2569 4706 2791 4781 habiles
2818 4715 3199 4781 contractum,
3250 4704 3308 4781 in
3356 4704 3488 4781 for-9
3530 4721 3650 4760 con-

2060 4774 2305 4839 scientiae
2352 4780 2562 4834 nullum
2613 4778 2704 4832 sit.
2750 4774 3037 4831 Evaristus
3078 4775 3243 4844 igitur
3286 4775 3395 4830 hoc
3435 4777 3647 4831 decreto

2061 4855 2228 4923 hujus
2256 4851 2501 4923 epistolae
2533 4863 2643 4901 non
2676 4847 2847 4902 voluit
2880 4846 3191 4923 sign_ilica_re
3217 4845 3517 4923 [medietas
3544 4863 3648 4923 om:

2060 4916 2159 4983 nes
2195 4916 2539 4978 conditiones
2577 4933 2698 4972 esse
2733 4917 3096 4980 necessarias,
3122 4916 3196 4968 ita
3226 4925 3306 4981 ut,
3352 4917 3400 4970 si
3438 4933 3549 4971 una
3574 4918 3646 4971 vel

2060 4995 2230 5050 altera
2253 4993 2418 5057 desit,
2450 4990 2665 5044 irritum
2696 4988 2767 5043 sit
2795 4987 3205 5041 matrimonium
3233 5004 3248 5048 ;
3286 4987 3387 5041 sed
3418 4989 3497 5041 ita
3530 4990 3645 5056 legi—

2059 5066 2256 5119 timum
2287 5079 2410 5118 esse
2456 5060 2795 5130 conjugium,
2829 5058 2875 5111 si
2921 5059 3011 5111 illa
3054 5057 3238 5130 omnia
3276 5057 3641 5130 adhibentur;

2059 5146 2251 5191 contra
2276 5143 2481 5195 autem,
2517 5126 2743 5186 si'nulla
2793 5143 2981 5182 earum
3016 5126 3258 5183 adhibita
3294 5129 3392 5195 sit,
3426 5141 3487 5184 et
3526 5145 3648 5184 con.

2054 5207 2269 5276 jugium
2301 5202 2515 5276 occulte
2559 5200 2970 5276 sipo_t_estibus_,
3010 5208 3065 5276 et
3111 5197 3230 5276 sine
3279 5199 3372 5252 illa
3428 5199 3642 5276 celebri-

2059 5268 2168 5330 tat'e
2198 5274 2579 5338 contrahatur,
2608 5270 2910 5341 legitimum
2942 5268 3128 5323 haberi
3164 5283 3272 5323 non
3311 5271 3515 5339 possit,
3546 5285 3639 5323 non

2099 5347 2278 5401 uidem
2311 5346 2365 5399 in
2398 5340 2756 5406 conscientia,
2790 5340 2883 5393 sed
2908 5341 2963 5393 in
2996 5341 3114 5393 foro
3137 5350 3392 5403 externo,
3428 5351 3487 5395 et
3513 5341 3640 5409 apud

2099 5363 2278 5401 niuem
2311 5363 2365 5399 tn
2398 5363 2756 5406 COIISCIeIItIa,
2790 5363 2883 5393 seu
2908 5363 2963 5393 ιιι
2996 5363 3114 5393 tum
3137 5363 3392 5403 cntcrnu,
3428 5363 3487 5395 et
3513 5363 3639 5409 apud

2057 5363 2383 5481 Ecclesiam,
2407 5429 2531 5484 quae
2562 5414 2630 5468 de
2657 5412 2886 5467 occultis
2910 5427 3017 5467 non
3039 5410 3639 5484 judicat.Contracturi

2058 5489 2243 5556 itaque
2294 5483 2888 5561 matrimonium,_non
2952 5498 3022 5536 ex
3080 5483 3412 5561 necessitate
3464 5499 3641 5537 sacra-

2058 5554 2253 5625 menti,
2279 5558 2372 5612 sed
2406 5566 2619 5610 tantum
2645 5570 2712 5608 ex
2748 5554 3053 5625 honestate
3083 5560 3138 5604 et
3170 5554 3395 5619 pietate,
3422 5569 3534 5624 qua
3557 5568 3639 5623 per

2059 5623 2355 5699 legcm’Dei
2385 5627 2706 5697 parentibus
2733 5624 2851 5699 suis
2883 5623 3326 5699 obstringuntur,
3358 5635 3635 5699 parentum

2060 5691 2286 5754 su'nrum
2312 5691 2644 5753 consensum
2693 5696 2997 5766 requirant.
3049 5694 3134 5766 ita
3171 5691 3541 5748 Bellarmiuus
3568 5692 3636 5748 De

2059 5780 2389 5824 sacramento
2418 5762 2896 5832 matrimonii,’lib.
2924 5782 2963 5829 ι,
2994 5781 3043 5819 c.
3072 5762 3163 5828 90,
3190 5772 3244 5817 et
3280 5765 3635 5818 communiter

2060 5858 2252 5901 omnes
2285 5841 2620 5908 scholastici,
2658 5839 2805 5895 hunc
2857 5838 3037 5895 locum
3090 5832 3325 5890 Evaristi
3374 5836 3629 5908 interpre-
