  <div class='ocr_page' id='page_1' title='image "/cluster/home/n/w/nwhite01/storage/ocr_20150623/5/nnc1.0046978607/532.png"; bbox 0 0 3806 6208; ppageno 0'>
   <div class='ocr_carea' id='block_1_1' title="bbox 138 317 290 374">
    <p class='ocr_par' dir='ltr' id='par_1_1' title="bbox 138 317 290 374">
     <span class='ocr_line' id='line_1_1' title="bbox 138 317 290 374; baseline 0.007 -1"><span class='ocrx_word' id='word_1_1' title='bbox 138 318 164 373; x_wconf 73' lang='grc'><strong>1</strong></span> <span class='ocrx_word' id='word_1_2' title='bbox 174 317 290 374; x_wconf 64' lang='grc'><strong>049</strong></span> 
     </span>
    </p>
   </div>
   <div class='ocr_carea' id='block_1_2' title="bbox 1583 308 1974 367">
    <p class='ocr_par' dir='ltr' id='par_1_2' title="bbox 1583 308 1974 367">
     <span class='ocr_line' id='line_1_2' title="bbox 1583 308 1974 367; baseline -0.003 -2"><span class='ocrx_word' id='word_1_3' title='bbox 1583 308 1974 367; x_wconf 63' lang='grc' dir='ltr'><strong>ΕΡῘδΤΟΙδλΕ.</strong></span> 
     </span>
    </p>
   </div>
   <div class='ocr_carea' id='block_1_3' title="bbox 3299 305 3440 363">
    <p class='ocr_par' dir='ltr' id='par_1_3' title="bbox 3299 305 3440 363">
     <span class='ocr_line' id='line_1_3' title="bbox 3299 305 3440 363; baseline 0 0"><span class='ocrx_word' id='word_1_4' title='bbox 3299 305 3440 363; x_wconf 79' lang='grc'><strong>1050</strong></span> 
     </span>
    </p>
   </div>
   <div class='ocr_carea' id='block_1_4' title="bbox 135 420 3440 506">
    <p class='ocr_par' dir='ltr' id='par_1_4' title="bbox 135 420 3440 506">
     <span class='ocr_line' id='line_1_4' title="bbox 135 420 3440 506; baseline -0.004 -15"><span class='ocrx_word' id='word_1_5' title='bbox 135 437 303 506; x_wconf 75' lang='lat' dir='ltr'><strong>ipsos</strong></span> <span class='ocrx_word' id='word_1_6' title='bbox 330 432 637 504; x_wconf 86' lang='lat' dir='ltr'><strong>decipiunt.</strong></span> <span class='ocrx_word' id='word_1_7' title='bbox 660 429 789 487; x_wconf 69' lang='lat' dir='ltr'><strong>Hice</strong></span> <span class='ocrx_word' id='word_1_8' title='bbox 809 430 1029 491; x_wconf 85' lang='lat' dir='ltr'><strong>eunetis</strong></span> <span class='ocrx_word' id='word_1_9' title='bbox 1054 427 1397 489; x_wconf 77' lang='lat' dir='ltr'><strong>&quot;recitanda</strong></span> <span class='ocrx_word' id='word_1_10' title='bbox 1432 441 1531 498; x_wconf 87' lang='lat' dir='ltr'><strong>per</strong></span> <span class='ocrx_word' id='word_1_11' title='bbox 1550 441 1745 482; x_wconf 91' lang='lat' dir='ltr'><strong>omnes</strong></span> <span class='ocrx_word' id='word_1_12' title='bbox 1773 432 1818 489; x_wconf 77' lang='grc' dir='ltr'><strong>Α</strong></span> <span class='ocrx_word' id='word_1_13' title='bbox 1847 442 1946 496; x_wconf 86' lang='lat' dir='ltr'><strong>per</strong></span> <span class='ocrx_word' id='word_1_14' title='bbox 1975 426 2205 483; x_wconf 87' lang='lat' dir='ltr'><strong>salutem</strong></span> <span class='ocrx_word' id='word_1_15' title='bbox 2245 433 2299 481; x_wconf 88' lang='lat' dir='ltr'><strong>et</strong></span> <span class='ocrx_word' id='word_1_16' title='bbox 2343 438 2601 497; x_wconf 80' lang='lat' dir='ltr'><strong>spectem,</strong></span> <span class='ocrx_word' id='word_1_17' title='bbox 2637 442 2658 477; x_wconf 74' lang='grc' dir='ltr'><strong>ι</strong></span> <span class='ocrx_word' id='word_1_18' title='bbox 2696 421 2892 494; x_wconf 93' lang='lat' dir='ltr'><strong>inquit,</strong></span> <span class='ocrx_word' id='word_1_19' title='bbox 2923 440 2943 473; x_wconf 73' lang='grc' dir='ltr'><strong>ι</strong></span> <span class='ocrx_word' id='word_1_20' title='bbox 2976 420 3140 478; x_wconf 92' lang='lat' dir='ltr'><strong>dilexi</strong></span> <span class='ocrx_word' id='word_1_21' title='bbox 3183 420 3353 491; x_wconf 85' lang='lat' dir='ltr'><strong>illam,</strong></span> <span class='ocrx_word' id='word_1_22' title='bbox 3383 432 3440 482; x_wconf 80' lang='lat' dir='ltr'><strong>et</strong></span> 
     </span>
    </p>
   </div>
   <div class='ocr_carea' id='block_1_5' title="bbox 134 517 1741 591">
    <p class='ocr_par' dir='ltr' id='par_1_5' title="bbox 134 517 1741 591">
     <span class='ocr_line' id='line_1_5' title="bbox 134 517 1741 591; baseline -0.007 -10"><span class='ocrx_word' id='word_1_23' title='bbox 134 526 433 582; x_wconf 84' lang='lat' dir='ltr'><strong>Ecclesias</strong></span> <span class='ocrx_word' id='word_1_24' title='bbox 461 522 774 586; x_wconf 82' lang='lat' dir='ltr'><strong>Africanas,</strong></span> <span class='ocrx_word' id='word_1_25' title='bbox 801 523 1004 591; x_wconf 88' lang='lat' dir='ltr'><strong>scripta</strong></span> <span class='ocrx_word' id='word_1_26' title='bbox 1031 520 1270 590; x_wconf 94' lang='lat' dir='ltr'><strong>dirigite,</strong></span> <span class='ocrx_word' id='word_1_27' title='bbox 1305 528 1360 573; x_wconf 93' lang='lat' dir='ltr'><strong>et</strong></span> <span class='ocrx_word' id='word_1_28' title='bbox 1394 517 1517 573; x_wconf 90' lang='lat' dir='ltr'><strong>istis</strong></span> <span class='ocrx_word' id='word_1_29' title='bbox 1537 531 1741 572; x_wconf 87' lang='lat' dir='ltr'><strong>conne-</strong></span> 
     </span>
    </p>
   </div>
   <div class='ocr_carea' id='block_1_6' title="bbox 133 609 1742 689">
    <p class='ocr_par' dir='ltr' id='par_1_6' title="bbox 133 609 1742 689">
     <span class='ocr_line' id='line_1_6' title="bbox 133 609 1742 689; baseline -0.006 -14"><span class='ocrx_word' id='word_1_30' title='bbox 133 620 281 675; x_wconf 89' lang='lat' dir='ltr'><strong>ctite</strong></span> <span class='ocrx_word' id='word_1_31' title='bbox 303 633 447 689; x_wconf 85' lang='lat' dir='ltr'><strong>quas</strong></span> <span class='ocrx_word' id='word_1_32' title='bbox 485 615 850 687; x_wconf 86' lang='lat' dir='ltr'><strong>adjunximus</strong></span> <span class='ocrx_word' id='word_1_33' title='bbox 894 614 1111 670; x_wconf 75' lang='lat' dir='ltr'><strong>litteras</strong></span> <span class='ocrx_word' id='word_1_34' title='bbox 1153 610 1542 682; x_wconf 69' lang='lat' dir='ltr'><strong>prmfectorum</strong></span> <span class='ocrx_word' id='word_1_35' title='bbox 1578 609 1645 674; x_wconf 80' lang='grc'>³³,</span> <span class='ocrx_word' id='word_1_36' title='bbox 1680 617 1742 665; x_wconf 84' lang='grc' dir='ltr'><strong>ιιι</strong></span> 
     </span>
    </p>
   </div>
   <div class='ocr_carea' id='block_1_7' title="bbox 132 702 1739 781">
    <p class='ocr_par' dir='ltr' id='par_1_7' title="bbox 132 702 1739 781">
     <span class='ocr_line' id='line_1_7' title="bbox 132 702 1739 781; baseline -0.006 -14"><span class='ocrx_word' id='word_1_37' title='bbox 132 715 209 767; x_wconf 89' lang='lat' dir='ltr'><strong>de</strong></span> <span class='ocrx_word' id='word_1_38' title='bbox 246 712 397 768; x_wconf 80' lang='lat' dir='ltr'><strong>his&quot;</strong></span> <span class='ocrx_word' id='word_1_39' title='bbox 417 725 542 781; x_wconf 63' lang='lat' dir='ltr'><strong>quae</strong></span> <span class='ocrx_word' id='word_1_40' title='bbox 564 708 761 778; x_wconf 81' lang='lat' dir='ltr'><strong>inique</strong></span> <span class='ocrx_word' id='word_1_41' title='bbox 783 708 1105 773; x_wconf 82' lang='lat' dir='ltr'><strong>laudantur,</strong></span> <span class='ocrx_word' id='word_1_42' title='bbox 1129 705 1178 763; x_wconf 98' lang='lat' dir='ltr'><strong>si</strong></span> <span class='ocrx_word' id='word_1_43' title='bbox 1209 704 1343 776; x_wconf 89' lang='lat' dir='ltr'><strong>quid</strong></span> <span class='ocrx_word' id='word_1_44' title='bbox 1365 704 1479 760; x_wconf 83' lang='lat' dir='ltr'><strong>tale</strong></span> <span class='ocrx_word' id='word_1_45' title='bbox 1515 702 1739 774; x_wconf 90' lang='lat' dir='ltr'><strong>probari</strong></span> 
     </span>
    </p>
   </div>
   <div class='ocr_carea' id='block_1_8' title="bbox 133 799 1742 875">
    <p class='ocr_par' dir='ltr' id='par_1_8' title="bbox 133 799 1742 875">
     <span class='ocr_line' id='line_1_8' title="bbox 133 799 1742 875; baseline -0.003 -16"><span class='ocrx_word' id='word_1_46' title='bbox 133 805 374 875; x_wconf 81' lang='lat' dir='ltr'><strong>poterit,</strong></span> <span class='ocrx_word' id='word_1_47' title='bbox 419 803 691 874; x_wconf 85' lang='lat' dir='ltr'><strong>judicium</strong></span> <span class='ocrx_word' id='word_1_48' title='bbox 740 800 853 866; x_wconf 89' lang='lat' dir='ltr'><strong>ﬁat,</strong></span> <span class='ocrx_word' id='word_1_49' title='bbox 888 809 945 856; x_wconf 91' lang='lat' dir='ltr'><strong>et</strong></span> <span class='ocrx_word' id='word_1_50' title='bbox 983 799 1220 855; x_wconf 89' lang='lat' dir='ltr'><strong>inhibita</strong></span> <span class='ocrx_word' id='word_1_51' title='bbox 1267 806 1651 861; x_wconf 85' lang='lat' dir='ltr'><strong>coerceantur,</strong></span> <span class='ocrx_word' id='word_1_52' title='bbox 1687 805 1742 854; x_wconf 86' lang='lat' dir='ltr'><strong>et</strong></span> 
     </span>
    </p>
   </div>
   <div class='ocr_carea' id='block_1_9' title="bbox 134 888 1741 968">
    <p class='ocr_par' dir='ltr' id='par_1_9' title="bbox 134 888 1741 968">
     <span class='ocr_line' id='line_1_9' title="bbox 134 888 1741 968; baseline -0.006 -14"><span class='ocrx_word' id='word_1_53' title='bbox 134 897 425 968; x_wconf 72' lang='lat' dir='ltr'><strong>praeterita</strong></span> <span class='ocrx_word' id='word_1_54' title='bbox 452 894 595 950; x_wconf 83' lang='lat' dir='ltr'><strong>mala</strong></span> <span class='ocrx_word' id='word_1_55' title='bbox 627 903 683 950; x_wconf 90' lang='lat' dir='ltr'><strong>et</strong></span> <span class='ocrx_word' id='word_1_56' title='bbox 710 893 901 951; x_wconf 89' lang='lat' dir='ltr'><strong>illicita</strong></span> <span class='ocrx_word' id='word_1_57' title='bbox 918 892 1203 963; x_wconf 75' lang='lat' dir='ltr'><strong>conjugis,</strong></span> <span class='ocrx_word' id='word_1_58' title='bbox 1236 890 1284 945; x_wconf 85' lang='lat' dir='ltr'><strong>si</strong></span> <span class='ocrx_word' id='word_1_59' title='bbox 1314 891 1619 947; x_wconf 85' lang='lat' dir='ltr'><strong>doceantur</strong></span> <span class='ocrx_word' id='word_1_60' title='bbox 1643 888 1741 945; x_wconf 81' lang='lat' dir='ltr'><strong>ad-</strong></span> 
     </span>
    </p>
   </div>
   <div class='ocr_carea' id='block_1_10' title="bbox 132 977 1739 1056">
    <p class='ocr_par' dir='ltr' id='par_1_10' title="bbox 132 977 1739 1056">
     <span class='ocr_line' id='line_1_10' title="bbox 132 977 1739 1056; baseline -0.006 -13"><span class='ocrx_word' id='word_1_61' title='bbox 132 990 345 1052; x_wconf 83' lang='lat' dir='ltr'><strong>missa,</strong></span> <span class='ocrx_word' id='word_1_62' title='bbox 365 987 528 1056; x_wconf 83' lang='lat' dir='ltr'><strong>digna</strong></span> <span class='ocrx_word' id='word_1_63' title='bbox 563 984 853 1043; x_wconf 76' lang='lat' dir='ltr'><strong>severitate</strong></span> <span class='ocrx_word' id='word_1_64' title='bbox 881 981 1275 1051; x_wconf 88' lang='lat' dir='ltr'><strong>corripiantur.</strong></span> <span class='ocrx_word' id='word_1_65' title='bbox 1292 977 1370 1035; x_wconf 87' lang='lat' dir='ltr'><strong>De</strong></span> <span class='ocrx_word' id='word_1_66' title='bbox 1387 985 1587 1033; x_wconf 55' lang='lat' dir='ltr'><strong>castam</strong></span> <span class='ocrx_word' id='word_1_67' title='bbox 1607 988 1739 1033; x_wconf 84' lang='lat' dir='ltr'><strong>vero</strong></span> 
     </span>
    </p>
   </div>
   <div class='ocr_carea' id='block_1_11' title="bbox 132 1067 1738 1146">
    <p class='ocr_par' dir='ltr' id='par_1_11' title="bbox 132 1067 1738 1146">
     <span class='ocr_line' id='line_1_11' title="bbox 132 1067 1738 1146; baseline -0.007 -12"><span class='ocrx_word' id='word_1_68' title='bbox 132 1087 452 1134; x_wconf 75' lang='lat' dir='ltr'><strong>caveantur</strong></span> <span class='ocrx_word' id='word_1_69' title='bbox 478 1077 606 1132; x_wconf 89' lang='lat' dir='ltr'><strong>talia</strong></span> <span class='ocrx_word' id='word_1_70' title='bbox 639 1091 736 1146; x_wconf 92' lang='lat' dir='ltr'><strong>per</strong></span> <span class='ocrx_word' id='word_1_71' title='bbox 768 1088 963 1133; x_wconf 85' lang='lat' dir='ltr'><strong>omnes</strong></span> <span class='ocrx_word' id='word_1_72' title='bbox 1007 1073 1304 1136; x_wconf 88' lang='lat' dir='ltr'><strong>Ecclesias,</strong></span> <span class='ocrx_word' id='word_1_73' title='bbox 1353 1085 1426 1127; x_wconf 89' lang='lat' dir='ltr'><strong>ne</strong></span> <span class='ocrx_word' id='word_1_74' title='bbox 1475 1067 1738 1125; x_wconf 66' lang='lat' dir='ltr'><strong>Ecclesia</strong></span> 
     </span>
    </p>
   </div>
   <div class='ocr_carea' id='block_1_12' title="bbox 132 1161 1739 1238">
    <p class='ocr_par' dir='ltr' id='par_1_12' title="bbox 132 1161 1739 1238">
     <span class='ocr_line' id='line_1_12' title="bbox 132 1161 1739 1238; baseline -0.007 -13"><span class='ocrx_word' id='word_1_75' title='bbox 132 1170 439 1235; x_wconf 82' lang='lat' dir='ltr'><strong>sanctitas,</strong></span> <span class='ocrx_word' id='word_1_76' title='bbox 472 1182 571 1238; x_wconf 87' lang='lat' dir='ltr'><strong>per</strong></span> <span class='ocrx_word' id='word_1_77' title='bbox 611 1174 857 1224; x_wconf 87' lang='lat' dir='ltr'><strong>nostram</strong></span> <span class='ocrx_word' id='word_1_78' title='bbox 893 1162 1117 1234; x_wconf 72' lang='lat' dir='ltr'><strong>fatigata</strong></span> <span class='ocrx_word' id='word_1_79' title='bbox 1168 1161 1579 1235; x_wconf 76' lang='lat' dir='ltr'><strong>negligentiam,</strong></span> <span class='ocrx_word' id='word_1_80' title='bbox 1613 1175 1739 1231; x_wconf 87' lang='lat' dir='ltr'><strong>per-</strong></span> 
     </span>
    </p>
   </div>
   <div class='ocr_carea' id='block_1_13' title="bbox 130 1255 1732 1333">
    <p class='ocr_par' dir='ltr' id='par_1_13' title="bbox 130 1255 1732 1333">
     <span class='ocr_line' id='line_1_13' title="bbox 130 1255 1732 1333; baseline -0.006 -16"><span class='ocrx_word' id='word_1_81' title='bbox 130 1264 241 1318; x_wconf 89' lang='lat' dir='ltr'><strong>dat</strong></span> <span class='ocrx_word' id='word_1_82' title='bbox 280 1261 567 1333; x_wconf 82' lang='lat' dir='ltr'><strong>privilegia</strong></span> <span class='ocrx_word' id='word_1_83' title='bbox 599 1276 723 1333; x_wconf 73' lang='lat' dir='ltr'><strong>quae</strong></span> <span class='ocrx_word' id='word_1_84' title='bbox 753 1269 840 1316; x_wconf 89' lang='lat' dir='ltr'><strong>est</strong></span> <span class='ocrx_word' id='word_1_85' title='bbox 878 1274 979 1330; x_wconf 85' lang='lat' dir='ltr'><strong>per</strong></span> <span class='ocrx_word' id='word_1_86' title='bbox 1010 1259 1165 1314; x_wconf 87' lang='lat' dir='ltr'><strong>viros</strong></span> <span class='ocrx_word' id='word_1_87' title='bbox 1214 1255 1561 1313; x_wconf 83' lang='lat' dir='ltr'><strong>venerabiles</strong></span> <span class='ocrx_word' id='word_1_88' title='bbox 1594 1269 1732 1313; x_wconf 87' lang='lat' dir='ltr'><strong>con-</strong></span> 
     </span>
    </p>
   </div>
   <div class='ocr_carea' id='block_1_14' title="bbox 129 1368 359 1413">
    <p class='ocr_par' dir='ltr' id='par_1_14' title="bbox 129 1368 359 1413">
     <span class='ocr_line' id='line_1_14' title="bbox 129 1368 359 1413; baseline -0.009 0"><span class='ocrx_word' id='word_1_89' title='bbox 129 1368 359 1413; x_wconf 79' lang='lat' dir='ltr'><strong>secuta.</strong></span> 
     </span>
    </p>
   </div>
   <div class='ocr_carea' id='block_1_15' title="bbox 208 1441 1736 1520">
    <p class='ocr_par' dir='ltr' id='par_1_15' title="bbox 208 1441 1736 1520">
     <span class='ocr_line' id='line_1_15' title="bbox 208 1441 1736 1520; baseline -0.005 -15"><span class='ocrx_word' id='word_1_90' title='bbox 208 1449 293 1505; x_wconf 88' lang='lat' dir='ltr'><strong>De</strong></span> <span class='ocrx_word' id='word_1_91' title='bbox 318 1450 408 1506; x_wconf 88' lang='lat' dir='ltr'><strong>his</strong></span> <span class='ocrx_word' id='word_1_92' title='bbox 440 1463 596 1515; x_wconf 86' lang='lat' dir='ltr'><strong>vero,</strong></span> <span class='ocrx_word' id='word_1_93' title='bbox 631 1449 837 1520; x_wconf 84' lang='lat' dir='ltr'><strong>quibus</strong></span> <span class='ocrx_word' id='word_1_94' title='bbox 860 1449 930 1504; x_wconf 86' lang='lat' dir='ltr'><strong>ab</strong></span> <span class='ocrx_word' id='word_1_95' title='bbox 953 1446 1371 1505; x_wconf 79' lang='lat' dir='ltr'><strong>insidiatoribus</strong></span> <span class='ocrx_word' id='word_1_96' title='bbox 1407 1441 1736 1516; x_wconf 87' lang='lat' dir='ltr'><strong>fatigamini,</strong></span> 
     </span>
    </p>
   </div>
   <div class='ocr_carea' id='block_1_16' title="bbox 128 1537 1738 1605">
    <p class='ocr_par' dir='ltr' id='par_1_16' title="bbox 128 1537 1738 1605">
     <span class='ocr_line' id='line_1_16' title="bbox 128 1537 1738 1605; baseline -0.002 -7"><span class='ocrx_word' id='word_1_97' title='bbox 128 1543 292 1598; x_wconf 81' lang='lat' dir='ltr'><strong>unde</strong></span> <span class='ocrx_word' id='word_1_98' title='bbox 326 1552 384 1598; x_wconf 91' lang='lat' dir='ltr'><strong>et</strong></span> <span class='ocrx_word' id='word_1_99' title='bbox 418 1557 522 1597; x_wconf 86' lang='lat' dir='ltr'><strong>nos</strong></span> <span class='ocrx_word' id='word_1_100' title='bbox 574 1542 891 1605; x_wconf 85' lang='lat' dir='ltr'><strong>consulere,</strong></span> <span class='ocrx_word' id='word_1_101' title='bbox 940 1550 997 1598; x_wconf 91' lang='lat' dir='ltr'><strong>et</strong></span> <span class='ocrx_word' id='word_1_102' title='bbox 1050 1556 1080 1595; x_wconf 90' lang='lat' dir='ltr'><strong>a</strong></span> <span class='ocrx_word' id='word_1_103' title='bbox 1134 1540 1295 1597; x_wconf 89' lang='lat' dir='ltr'><strong>nobis</strong></span> <span class='ocrx_word' id='word_1_104' title='bbox 1326 1537 1547 1597; x_wconf 83' lang='lat' dir='ltr'><strong>edoceri</strong></span> <span class='ocrx_word' id='word_1_105' title='bbox 1593 1538 1738 1595; x_wconf 89' lang='lat' dir='ltr'><strong>inter</strong></span> 
     </span>
    </p>
   </div>
   <div class='ocr_carea' id='block_1_17' title="bbox 129 1625 1737 1702">
    <p class='ocr_par' dir='ltr' id='par_1_17' title="bbox 129 1625 1737 1702">
     <span class='ocr_line' id='line_1_17' title="bbox 129 1625 1737 1702; baseline -0.005 -12"><span class='ocrx_word' id='word_1_106' title='bbox 129 1644 345 1690; x_wconf 66' lang='lat' dir='ltr'><strong>caetera</strong></span> <span class='ocrx_word' id='word_1_107' title='bbox 389 1634 668 1700; x_wconf 82' lang='lat' dir='ltr'><strong>voluistis,</strong></span> <span class='ocrx_word' id='word_1_108' title='bbox 732 1648 801 1689; x_wconf 84' lang='lat' dir='ltr'><strong>eo.</strong></span> <span class='ocrx_word' id='word_1_109' title='bbox 846 1631 993 1702; x_wconf 91' lang='lat' dir='ltr'><strong>quod</strong></span> <span class='ocrx_word' id='word_1_110' title='bbox 1036 1630 1149 1687; x_wconf 90' lang='lat' dir='ltr'><strong>sint</strong></span> <span class='ocrx_word' id='word_1_111' title='bbox 1178 1629 1402 1699; x_wconf 89' lang='lat' dir='ltr'><strong>quidam</strong></span> <span class='ocrx_word' id='word_1_112' title='bbox 1441 1629 1537 1699; x_wconf 87' lang='lat' dir='ltr'><strong>qui</strong></span> <span class='ocrx_word' id='word_1_113' title='bbox 1587 1625 1737 1683; x_wconf 86' lang='lat' dir='ltr'><strong>arbi-</strong></span> 
     </span>
    </p>
   </div>
   <div class='ocr_carea' id='block_1_18' title="bbox 126 1720 1733 1793">
    <p class='ocr_par' dir='ltr' id='par_1_18' title="bbox 126 1720 1733 1793">
     <span class='ocr_line' id='line_1_18' title="bbox 126 1720 1733 1793; baseline -0.004 -11"><span class='ocrx_word' id='word_1_114' title='bbox 126 1734 367 1783; x_wconf 82' lang='lat' dir='ltr'><strong>trantur</strong></span> <span class='ocrx_word' id='word_1_115' title='bbox 402 1727 474 1782; x_wconf 91' lang='lat' dir='ltr'><strong>de</strong></span> <span class='ocrx_word' id='word_1_116' title='bbox 504 1724 671 1780; x_wconf 88' lang='lat' dir='ltr'><strong>Patre</strong></span> <span class='ocrx_word' id='word_1_117' title='bbox 706 1724 832 1779; x_wconf 91' lang='lat' dir='ltr'><strong>solo</strong></span> <span class='ocrx_word' id='word_1_118' title='bbox 866 1722 1080 1779; x_wconf 89' lang='lat' dir='ltr'><strong>dictum</strong></span> <span class='ocrx_word' id='word_1_119' title='bbox 1114 1737 1240 1779; x_wconf 88' lang='lat' dir='ltr'><strong>esse</strong></span> <span class='ocrx_word' id='word_1_120' title='bbox 1272 1720 1373 1793; x_wconf 70' lang='grc' dir='ltr'><strong>(ὅ),</strong></span> <span class='ocrx_word' id='word_1_121' title='bbox 1414 1720 1581 1791; x_wconf 69' lang='lat' dir='ltr'><strong>«quia</strong></span> <span class='ocrx_word' id='word_1_122' title='bbox 1614 1720 1733 1790; x_wconf 88' lang='lat' dir='ltr'><strong>ipse</strong></span> 
     </span>
    </p>
   </div>
   <div class='ocr_carea' id='block_1_19' title="bbox 126 1811 1728 1880">
    <p class='ocr_par' dir='ltr' id='par_1_19' title="bbox 126 1811 1728 1880">
     <span class='ocr_line' id='line_1_19' title="bbox 126 1811 1728 1880; baseline -0.005 -5"><span class='ocrx_word' id='word_1_123' title='bbox 126 1820 295 1875; x_wconf 83' lang='lat' dir='ltr'><strong>solus</strong></span> <span class='ocrx_word' id='word_1_124' title='bbox 330 1819 496 1874; x_wconf 90' lang='lat' dir='ltr'><strong>habet</strong></span> <span class='ocrx_word' id='word_1_125' title='bbox 518 1816 1018 1880; x_wconf 85' lang='lat' dir='ltr'><strong>immortalitatem,</strong></span> <span class='ocrx_word' id='word_1_126' title='bbox 1041 1824 1099 1870; x_wconf 89' lang='lat' dir='ltr'><strong>et</strong></span> <span class='ocrx_word' id='word_1_127' title='bbox 1120 1814 1300 1871; x_wconf 86' lang='lat' dir='ltr'><strong>lucem</strong></span> <span class='ocrx_word' id='word_1_128' title='bbox 1329 1812 1542 1870; x_wconf 88' lang='lat' dir='ltr'><strong>habitat</strong></span> <span class='ocrx_word' id='word_1_129' title='bbox 1573 1811 1728 1867; x_wconf 90' lang='lat' dir='ltr'><strong>inac-</strong></span> 
     </span>
    </p>
   </div>
   <div class='ocr_carea' id='block_1_20' title="bbox 124 1902 1728 1977">
    <p class='ocr_par' dir='ltr' id='par_1_20' title="bbox 124 1902 1728 1977">
     <span class='ocr_line' id='line_1_20' title="bbox 124 1902 1728 1977; baseline -0.004 -12"><span class='ocrx_word' id='word_1_130' title='bbox 124 1909 455 1966; x_wconf 87' lang='lat' dir='ltr'><strong>cessibilem</strong></span> <span class='ocrx_word' id='word_1_131' title='bbox 479 1909 555 1976; x_wconf 81' lang='grc'><strong>²⁶;</strong></span> <span class='ocrx_word' id='word_1_132' title='bbox 590 1927 609 1961; x_wconf 76' lang='grc' dir='ltr'><strong>ι</strong></span> <span class='ocrx_word' id='word_1_133' title='bbox 643 1907 721 1964; x_wconf 86' lang='lat' dir='ltr'><strong>ita</strong></span> <span class='ocrx_word' id='word_1_134' title='bbox 750 1923 850 1963; x_wconf 88' lang='lat' dir='ltr'><strong>eos</strong></span> <span class='ocrx_word' id='word_1_135' title='bbox 863 1905 1185 1977; x_wconf 87' lang='lat' dir='ltr'><strong>apostolicis</strong></span> <span class='ocrx_word' id='word_1_136' title='bbox 1208 1904 1484 1975; x_wconf 84' lang='lat' dir='ltr'><strong>percutite</strong></span> <span class='ocrx_word' id='word_1_137' title='bbox 1512 1902 1728 1970; x_wconf 89' lang='lat' dir='ltr'><strong>ferulis,</strong></span> 
     </span>
    </p>
   </div>
   <div class='ocr_carea' id='block_1_21' title="bbox 123 1995 1732 2071">
    <p class='ocr_par' dir='ltr' id='par_1_21' title="bbox 123 1995 1732 2071">
     <span class='ocr_line' id='line_1_21' title="bbox 123 1995 1732 2071; baseline -0.004 -15"><span class='ocrx_word' id='word_1_138' title='bbox 123 2011 187 2057; x_wconf 90' lang='lat' dir='ltr'><strong>et</strong></span> <span class='ocrx_word' id='word_1_139' title='bbox 220 2002 435 2059; x_wconf 77' lang='lat' dir='ltr'><strong>divinis</strong></span> <span class='ocrx_word' id='word_1_140' title='bbox 464 2000 781 2071; x_wconf 85' lang='lat' dir='ltr'><strong>redarguite</strong></span> <span class='ocrx_word' id='word_1_141' title='bbox 806 1997 1096 2070; x_wconf 67' lang='lat' dir='ltr'><strong>praeceptis</strong></span> <span class='ocrx_word' id='word_1_142' title='bbox 1128 1998 1197 2052; x_wconf 87' lang='grc'><strong>³¹.</strong></span> <span class='ocrx_word' id='word_1_143' title='bbox 1227 1995 1350 2055; x_wconf 87' lang='grc' dir='ltr'>Νοιι</span> <span class='ocrx_word' id='word_1_144' title='bbox 1392 1996 1542 2053; x_wconf 86' lang='lat' dir='ltr'><strong>enim</strong></span> <span class='ocrx_word' id='word_1_145' title='bbox 1576 1995 1732 2051; x_wconf 90' lang='lat' dir='ltr'><strong>solus</strong></span> 
     </span>
    </p>
   </div>
   <div class='ocr_carea' id='block_1_22' title="bbox 124 2087 1729 2158">
    <p class='ocr_par' dir='ltr' id='par_1_22' title="bbox 124 2087 1729 2158">
     <span class='ocr_line' id='line_1_22' title="bbox 124 2087 1729 2158; baseline -0.004 -10"><span class='ocrx_word' id='word_1_146' title='bbox 124 2092 304 2148; x_wconf 82' lang='lat' dir='ltr'><strong>Pater</strong></span> <span class='ocrx_word' id='word_1_147' title='bbox 334 2094 457 2149; x_wconf 85' lang='lat' dir='ltr'><strong>sine</strong></span> <span class='ocrx_word' id='word_1_148' title='bbox 478 2092 622 2148; x_wconf 93' lang='lat' dir='ltr'><strong>Filio</strong></span> <span class='ocrx_word' id='word_1_149' title='bbox 655 2093 833 2147; x_wconf 85' lang='lat' dir='ltr'><strong>lucem</strong></span> <span class='ocrx_word' id='word_1_150' title='bbox 856 2090 1297 2147; x_wconf 86' lang='lat' dir='ltr'><strong>inaccessibilem</strong></span> <span class='ocrx_word' id='word_1_151' title='bbox 1331 2088 1573 2155; x_wconf 84' lang='lat' dir='ltr'><strong>habitat;</strong></span> <span class='ocrx_word' id='word_1_152' title='bbox 1598 2087 1729 2158; x_wconf 89' lang='lat' dir='ltr'><strong>quia</strong></span> 
     </span>
    </p>
   </div>
   <div class='ocr_carea' id='block_1_23' title="bbox 124 2181 1729 2252">
    <p class='ocr_par' dir='ltr' id='par_1_23' title="bbox 124 2181 1729 2252">
     <span class='ocr_line' id='line_1_23' title="bbox 124 2181 1729 2252; baseline -0.004 -8"><span class='ocrx_word' id='word_1_153' title='bbox 124 2189 232 2244; x_wconf 81' lang='lat' dir='ltr'><strong>ubi</strong></span> <span class='ocrx_word' id='word_1_154' title='bbox 267 2186 437 2243; x_wconf 89' lang='lat' dir='ltr'><strong>Pater</strong></span> <span class='ocrx_word' id='word_1_155' title='bbox 465 2194 572 2252; x_wconf 90' lang='lat' dir='ltr'><strong>est,</strong></span> <span class='ocrx_word' id='word_1_156' title='bbox 626 2186 702 2241; x_wconf 86' lang='lat' dir='ltr'><strong>ibi</strong></span> <span class='ocrx_word' id='word_1_157' title='bbox 751 2185 916 2241; x_wconf 89' lang='lat' dir='ltr'><strong>etiam</strong></span> <span class='ocrx_word' id='word_1_158' title='bbox 960 2184 1161 2239; x_wconf 87' lang='lat' dir='ltr'><strong>Filium</strong></span> <span class='ocrx_word' id='word_1_159' title='bbox 1201 2197 1325 2240; x_wconf 86' lang='lat' dir='ltr'><strong>esse</strong></span> <span class='ocrx_word' id='word_1_160' title='bbox 1374 2181 1729 2238; x_wconf 86' lang='lat' dir='ltr'><strong>indubitabili</strong></span> 
     </span>
    </p>
   </div>
   <div class='ocr_carea' id='block_1_24' title="bbox 126 2274 1723 2339">
    <p class='ocr_par' dir='ltr' id='par_1_24' title="bbox 126 2274 1723 2339">
     <span class='ocr_line' id='line_1_24' title="bbox 126 2274 1723 2339; baseline -0.004 -3"><span class='ocrx_word' id='word_1_161' title='bbox 126 2281 242 2337; x_wconf 78' lang='lat' dir='ltr'><strong>fide</strong></span> <span class='ocrx_word' id='word_1_162' title='bbox 263 2280 603 2336; x_wconf 86' lang='lat' dir='ltr'><strong>credendum</strong></span> <span class='ocrx_word' id='word_1_163' title='bbox 638 2290 744 2337; x_wconf 89' lang='lat' dir='ltr'><strong>est.</strong></span> <span class='ocrx_word' id='word_1_164' title='bbox 779 2279 921 2335; x_wconf 85' lang='lat' dir='ltr'><strong>Nam</strong></span> <span class='ocrx_word' id='word_1_165' title='bbox 963 2278 1009 2335; x_wconf 90' lang='lat' dir='ltr'><strong>si</strong></span> <span class='ocrx_word' id='word_1_166' title='bbox 1040 2278 1194 2335; x_wconf 84' lang='lat' dir='ltr'><strong>solus</strong></span> <span class='ocrx_word' id='word_1_167' title='bbox 1222 2276 1386 2333; x_wconf 89' lang='lat' dir='ltr'><strong>Pater</strong></span> <span class='ocrx_word' id='word_1_168' title='bbox 1418 2276 1538 2334; x_wconf 86' lang='lat' dir='ltr'><strong>sine</strong></span> <span class='ocrx_word' id='word_1_169' title='bbox 1560 2274 1723 2339; x_wconf 88' lang='lat' dir='ltr'><strong>Filio,</strong></span> 
     </span>
    </p>
   </div>
   <div class='ocr_carea' id='block_1_25' title="bbox 124 2368 1729 2441">
    <p class='ocr_par' dir='ltr' id='par_1_25' title="bbox 124 2368 1729 2441">
     <span class='ocr_line' id='line_1_25' title="bbox 124 2368 1729 2441; baseline -0.003 -14"><span class='ocrx_word' id='word_1_170' title='bbox 124 2373 283 2441; x_wconf 79' lang='lat' dir='ltr'><strong>quod</strong></span> <span class='ocrx_word' id='word_1_171' title='bbox 321 2372 510 2427; x_wconf 86' lang='lat' dir='ltr'><strong>dicere</strong></span> <span class='ocrx_word' id='word_1_172' title='bbox 545 2370 703 2427; x_wconf 82' lang='lat' dir='ltr'><strong>nefas</strong></span> <span class='ocrx_word' id='word_1_173' title='bbox 734 2380 857 2440; x_wconf 90' lang='lat' dir='ltr'><strong>est,</strong></span> <span class='ocrx_word' id='word_1_174' title='bbox 899 2372 1079 2427; x_wconf 86' lang='lat' dir='ltr'><strong>lucem</strong></span> <span class='ocrx_word' id='word_1_175' title='bbox 1122 2370 1336 2425; x_wconf 89' lang='lat' dir='ltr'><strong>habitat</strong></span> <span class='ocrx_word' id='word_1_176' title='bbox 1369 2368 1729 2425; x_wconf 87' lang='lat' dir='ltr'><strong>inaccessibi-</strong></span> 
     </span>
    </p>
   </div>
   <div class='ocr_carea' id='block_1_26' title="bbox 124 2450 1733 2535">
    <p class='ocr_par' dir='ltr' id='par_1_26' title="bbox 124 2450 1733 2535">
     <span class='ocr_line' id='line_1_26' title="bbox 124 2450 1733 2535; baseline -0.001 -17"><span class='ocrx_word' id='word_1_177' title='bbox 124 2465 263 2529; x_wconf 84' lang='lat' dir='ltr'><strong>lem,</strong></span> <span class='ocrx_word' id='word_1_178' title='bbox 289 2478 519 2519; x_wconf 85' lang='lat' dir='ltr'><strong>necesse</strong></span> <span class='ocrx_word' id='word_1_179' title='bbox 546 2472 651 2529; x_wconf 86' lang='lat' dir='ltr'><strong>est,</strong></span> <span class='ocrx_word' id='word_1_180' title='bbox 688 2471 751 2518; x_wconf 92' lang='lat' dir='ltr'><strong>ut</strong></span> <span class='ocrx_word' id='word_1_181' title='bbox 781 2450 1188 2535; x_wconf 84' lang='lat' dir='ltr'><strong>sequestratam</strong></span> <span class='ocrx_word' id='word_1_182' title='bbox 1210 2460 1374 2517; x_wconf 87' lang='lat' dir='ltr'><strong>Pater</strong></span> <span class='ocrx_word' id='word_1_183' title='bbox 1404 2476 1437 2517; x_wconf 92' lang='lat' dir='ltr'><strong>a</strong></span> <span class='ocrx_word' id='word_1_184' title='bbox 1466 2460 1608 2521; x_wconf 89' lang='lat' dir='ltr'><strong>Filio</strong></span> <span class='ocrx_word' id='word_1_185' title='bbox 1629 2461 1733 2517; x_wconf 78' lang='lat' dir='ltr'><strong>ha-</strong></span> 
     </span>
    </p>
   </div>
   <div class='ocr_carea' id='block_1_27' title="bbox 124 2556 650 2611">
    <p class='ocr_par' dir='ltr' id='par_1_27' title="bbox 124 2556 650 2611">
     <span class='ocr_line' id='line_1_27' title="bbox 124 2556 650 2611; baseline -0.002 0"><span class='ocrx_word' id='word_1_186' title='bbox 124 2558 259 2611; x_wconf 73' lang='lat' dir='ltr'><strong>heat</strong></span> <span class='ocrx_word' id='word_1_187' title='bbox 282 2556 650 2611; x_wconf 88' lang='lat' dir='ltr'><strong>mansionem.</strong></span> 
     </span>
    </p>
   </div>
   <div class='ocr_carea' id='block_1_28' title="bbox 199 2646 1729 2720">
    <p class='ocr_par' dir='ltr' id='par_1_28' title="bbox 199 2646 1729 2720">
     <span class='ocr_line' id='line_1_28' title="bbox 199 2646 1729 2720; baseline -0.003 -16"><span class='ocrx_word' id='word_1_188' title='bbox 199 2648 365 2716; x_wconf 85' lang='lat' dir='ltr'><strong>Quod</strong></span> <span class='ocrx_word' id='word_1_189' title='bbox 393 2652 443 2706; x_wconf 80' lang='lat' dir='ltr'><strong>si</strong></span> <span class='ocrx_word' id='word_1_190' title='bbox 466 2650 542 2704; x_wconf 90' lang='lat' dir='ltr'><strong>ita</strong></span> <span class='ocrx_word' id='word_1_191' title='bbox 572 2657 677 2715; x_wconf 82' lang='lat' dir='ltr'><strong>est,</strong></span> <span class='ocrx_word' id='word_1_192' title='bbox 698 2664 936 2720; x_wconf 83' lang='lat' dir='ltr'><strong>quonam</strong></span> <span class='ocrx_word' id='word_1_193' title='bbox 960 2648 1125 2705; x_wconf 88' lang='lat' dir='ltr'><strong>modo</strong></span> <span class='ocrx_word' id='word_1_194' title='bbox 1152 2648 1294 2704; x_wconf 86' lang='lat' dir='ltr'><strong>idem</strong></span> <span class='ocrx_word' id='word_1_195' title='bbox 1319 2647 1496 2705; x_wconf 88' lang='lat' dir='ltr'><strong>Filius</strong></span> <span class='ocrx_word' id='word_1_196' title='bbox 1512 2646 1578 2705; x_wconf 82' lang='lat' dir='ltr'><strong>ad</strong></span> <span class='ocrx_word' id='word_1_197' title='bbox 1597 2646 1729 2702; x_wconf 62' lang='lat' dir='ltr'><strong>dex-</strong></span> 
     </span>
    </p>
   </div>
   <div class='ocr_carea' id='block_1_29' title="bbox 125 2738 1733 2813">
    <p class='ocr_par' dir='ltr' id='par_1_29' title="bbox 125 2738 1733 2813">
     <span class='ocr_line' id='line_1_29' title="bbox 125 2738 1733 2813; baseline 0 -16"><span class='ocrx_word' id='word_1_198' title='bbox 125 2752 307 2797; x_wconf 80' lang='lat' dir='ltr'><strong>teram</strong></span> <span class='ocrx_word' id='word_1_199' title='bbox 336 2739 515 2796; x_wconf 83' lang='lat' dir='ltr'><strong>Patris</strong></span> <span class='ocrx_word' id='word_1_200' title='bbox 538 2748 728 2798; x_wconf 85' lang='lat' dir='ltr'><strong>astans</strong></span> <span class='ocrx_word' id='word_1_201' title='bbox 768 2758 800 2797; x_wconf 91' lang='lat' dir='ltr'><strong>a</strong></span> <span class='ocrx_word' id='word_1_202' title='bbox 828 2742 993 2798; x_wconf 88' lang='lat' dir='ltr'><strong>beato</strong></span> <span class='ocrx_word' id='word_1_203' title='bbox 1017 2750 1259 2813; x_wconf 86' lang='lat' dir='ltr'><strong>martyre</strong></span> <span class='ocrx_word' id='word_1_204' title='bbox 1288 2738 1567 2810; x_wconf 86' lang='lat' dir='ltr'><strong>Stephano</strong></span> <span class='ocrx_word' id='word_1_205' title='bbox 1592 2738 1733 2797; x_wconf 83' lang='lat' dir='ltr'><strong>dici-</strong></span> 
     </span>
    </p>
   </div>
   <div class='ocr_carea' id='block_1_30' title="bbox 123 2829 1729 2899">
    <p class='ocr_par' dir='ltr' id='par_1_30' title="bbox 123 2829 1729 2899">
     <span class='ocr_line' id='line_1_30' title="bbox 123 2829 1729 2899; baseline -0.002 -12"><span class='ocrx_word' id='word_1_206' title='bbox 123 2848 223 2887; x_wconf 68' lang='lat' dir='ltr'><strong>var</strong></span> <span class='ocrx_word' id='word_1_207' title='bbox 262 2831 533 2899; x_wconf 88' lang='lat' dir='ltr'><strong>conspici,</strong></span> <span class='ocrx_word' id='word_1_208' title='bbox 575 2832 624 2887; x_wconf 84' lang='lat' dir='ltr'><strong>si</strong></span> <span class='ocrx_word' id='word_1_209' title='bbox 666 2831 831 2888; x_wconf 87' lang='lat' dir='ltr'><strong>Pater</strong></span> <span class='ocrx_word' id='word_1_210' title='bbox 865 2832 1162 2889; x_wconf 88' lang='lat' dir='ltr'><strong>secundum</strong></span> <span class='ocrx_word' id='word_1_211' title='bbox 1200 2845 1298 2887; x_wconf 87' lang='lat' dir='ltr'><strong>eos</strong></span> <span class='ocrx_word' id='word_1_212' title='bbox 1335 2832 1491 2887; x_wconf 90' lang='lat' dir='ltr'><strong>solus</strong></span> <span class='ocrx_word' id='word_1_213' title='bbox 1528 2829 1729 2885; x_wconf 89' lang='lat' dir='ltr'><strong>dicitur</strong></span> 
     </span>
    </p>
   </div>
   <div class='ocr_carea' id='block_1_31' title="bbox 119 2922 1728 2981">
    <p class='ocr_par' dir='ltr' id='par_1_31' title="bbox 119 2922 1728 2981">
     <span class='ocr_line' id='line_1_31' title="bbox 119 2922 1728 2981; baseline -0.001 -3"><span class='ocrx_word' id='word_1_214' title='bbox 119 2923 359 2979; x_wconf 68' lang='lat' dir='ltr'><strong>sedibus</strong></span> <span class='ocrx_word' id='word_1_215' title='bbox 394 2923 537 2980; x_wconf 88' lang='lat' dir='ltr'><strong>lucis</strong></span> <span class='ocrx_word' id='word_1_216' title='bbox 568 2923 862 2980; x_wconf 86' lang='lat' dir='ltr'><strong>contineri.</strong></span> <span class='ocrx_word' id='word_1_217' title='bbox 892 2924 1051 2979; x_wconf 87' lang='lat' dir='ltr'><strong>Absit</strong></span> <span class='ocrx_word' id='word_1_218' title='bbox 1087 2923 1194 2981; x_wconf 91' lang='lat' dir='ltr'><strong>hoc</strong></span> <span class='ocrx_word' id='word_1_219' title='bbox 1223 2937 1256 2979; x_wconf 86' lang='lat' dir='ltr'><strong>a</strong></span> <span class='ocrx_word' id='word_1_220' title='bbox 1292 2937 1457 2978; x_wconf 90' lang='lat' dir='ltr'><strong>sensu</strong></span> <span class='ocrx_word' id='word_1_221' title='bbox 1485 2922 1728 2978; x_wconf 90' lang='lat' dir='ltr'><strong>ﬁdelium</strong></span> 
     </span>
    </p>
   </div>
   <div class='ocr_carea' id='block_1_32' title="bbox 118 3014 1725 3085">
    <p class='ocr_par' dir='ltr' id='par_1_32' title="bbox 118 3014 1725 3085">
     <span class='ocr_line' id='line_1_32' title="bbox 118 3014 1725 3085; baseline 0.001 -15"><span class='ocrx_word' id='word_1_222' title='bbox 118 3015 356 3073; x_wconf 83' lang='lat' dir='ltr'><strong>Christo</strong></span> <span class='ocrx_word' id='word_1_223' title='bbox 408 3014 465 3071; x_wconf 92' lang='lat' dir='ltr'><strong>in</strong></span> <span class='ocrx_word' id='word_1_224' title='bbox 524 3015 734 3071; x_wconf 81' lang='lat' dir='ltr'><strong>unitate</strong></span> <span class='ocrx_word' id='word_1_225' title='bbox 781 3015 905 3072; x_wconf 90' lang='lat' dir='ltr'><strong>ﬁdei</strong></span> <span class='ocrx_word' id='word_1_226' title='bbox 947 3016 1381 3082; x_wconf 79' lang='lat' dir='ltr'><strong>adhzerentium;</strong></span> <span class='ocrx_word' id='word_1_227' title='bbox 1439 3015 1725 3085; x_wconf 86' lang='lat' dir='ltr'><strong>quoniam,</strong></span> 
     </span>
    </p>
   </div>
   <div class='ocr_carea' id='block_1_33' title="bbox 1841 515 3438 589">
    <p class='ocr_par' dir='ltr' id='par_1_33' title="bbox 1841 515 3438 589">
     <span class='ocr_line' id='line_1_33' title="bbox 1841 515 3438 589; baseline -0.001 -17"><span class='ocrx_word' id='word_1_228' title='bbox 1841 534 1942 589; x_wconf 90' lang='lat' dir='ltr'><strong>pro</strong></span> <span class='ocrx_word' id='word_1_229' title='bbox 1980 519 2102 574; x_wconf 89' lang='lat' dir='ltr'><strong>luce</strong></span> <span class='ocrx_word' id='word_1_230' title='bbox 2146 518 2409 589; x_wconf 89' lang='lat' dir='ltr'><strong>proposui</strong></span> <span class='ocrx_word' id='word_1_231' title='bbox 2453 518 2655 573; x_wconf 89' lang='lat' dir='ltr'><strong>habere</strong></span> <span class='ocrx_word' id='word_1_232' title='bbox 2705 532 2853 582; x_wconf 89' lang='lat' dir='ltr'><strong>eam,</strong></span> <span class='ocrx_word' id='word_1_233' title='bbox 2877 515 3139 586; x_wconf 80' lang='lat' dir='ltr'><strong>quoniam</strong></span> <span class='ocrx_word' id='word_1_234' title='bbox 3170 515 3438 572; x_wconf 86' lang='lat' dir='ltr'><strong>inexstin—</strong></span> 
     </span>
    </p>
   </div>
   <div class='ocr_carea' id='block_1_34' title="bbox 1842 605 3437 684">
    <p class='ocr_par' dir='ltr' id='par_1_34' title="bbox 1842 605 3437 684">
     <span class='ocr_line' id='line_1_34' title="bbox 1842 605 3437 684; baseline -0.001 -21"><span class='ocrx_word' id='word_1_235' title='bbox 1842 610 2042 684; x_wconf 83' lang='lat' dir='ltr'><strong>guibile</strong></span> <span class='ocrx_word' id='word_1_236' title='bbox 2070 623 2153 665; x_wconf 89' lang='lat' dir='ltr'><strong>est</strong></span> <span class='ocrx_word' id='word_1_237' title='bbox 2180 610 2363 664; x_wconf 90' lang='lat' dir='ltr'><strong>lumen</strong></span> <span class='ocrx_word' id='word_1_238' title='bbox 2414 609 2535 682; x_wconf 88' lang='lat' dir='ltr'><strong>ejus</strong></span> <span class='ocrx_word' id='word_1_239' title='bbox 2566 610 2632 662; x_wconf 79' lang='grc'><strong>³⁸.</strong></span> <span class='ocrx_word' id='word_1_240' title='bbox 2670 626 2688 659; x_wconf 80' lang='grc' dir='ltr'><strong>ι</strong></span> <span class='ocrx_word' id='word_1_241' title='bbox 2720 606 2870 662; x_wconf 84' lang='lat' dir='ltr'><strong>Hanc</strong></span> <span class='ocrx_word' id='word_1_242' title='bbox 2916 621 3048 677; x_wconf 87' lang='lat' dir='ltr'><strong>ergo</strong></span> <span class='ocrx_word' id='word_1_243' title='bbox 3091 605 3264 663; x_wconf 85' lang='lat' dir='ltr'><strong>David</strong></span> <span class='ocrx_word' id='word_1_244' title='bbox 3303 621 3437 677; x_wconf 87' lang='lat' dir='ltr'><strong>pro-</strong></span> 
     </span>
    </p>
   </div>
   <div class='ocr_carea' id='block_1_35' title="bbox 1840 701 3432 777">
    <p class='ocr_par' dir='ltr' id='par_1_35' title="bbox 1840 701 3432 777">
     <span class='ocr_line' id='line_1_35' title="bbox 1840 701 3432 777; baseline -0.001 -20"><span class='ocrx_word' id='word_1_245' title='bbox 1840 705 2005 777; x_wconf 84' lang='lat' dir='ltr'><strong>pheta</strong></span> <span class='ocrx_word' id='word_1_246' title='bbox 2032 703 2209 759; x_wconf 91' lang='lat' dir='ltr'><strong>lueem</strong></span> <span class='ocrx_word' id='word_1_247' title='bbox 2240 701 2586 767; x_wconf 88' lang='lat' dir='ltr'><strong>desiderans,</strong></span> <span class='ocrx_word' id='word_1_248' title='bbox 2618 701 2821 756; x_wconf 83' lang='lat' dir='ltr'><strong>anxius</strong></span> <span class='ocrx_word' id='word_1_249' title='bbox 2846 702 3170 771; x_wconf 84' lang='lat' dir='ltr'><strong>proclamat,</strong></span> <span class='ocrx_word' id='word_1_250' title='bbox 3202 701 3392 756; x_wconf 88' lang='lat' dir='ltr'><strong>dicens</strong></span> <span class='ocrx_word' id='word_1_251' title='bbox 3419 720 3432 755; x_wconf 90' lang='lat'>:</span> 
     </span>
    </p>
   </div>
   <div class='ocr_carea' id='block_1_36' title="bbox 1848 792 3435 850">
    <p class='ocr_par' dir='ltr' id='par_1_36' title="bbox 1848 792 3435 850">
     <span class='ocr_line' id='line_1_36' title="bbox 1848 792 3435 850; baseline 0 -4"><span class='ocrx_word' id='word_1_252' title='bbox 1848 814 1867 846; x_wconf 86' lang='grc'><strong>‹</strong></span> <span class='ocrx_word' id='word_1_253' title='bbox 1900 793 2101 849; x_wconf 89' lang='lat' dir='ltr'><strong>Emitte</strong></span> <span class='ocrx_word' id='word_1_254' title='bbox 2143 795 2323 850; x_wconf 89' lang='lat' dir='ltr'><strong>lucem</strong></span> <span class='ocrx_word' id='word_1_255' title='bbox 2370 802 2521 848; x_wconf 89' lang='lat' dir='ltr'><strong>tuam</strong></span> <span class='ocrx_word' id='word_1_256' title='bbox 2566 802 2620 848; x_wconf 90' lang='lat' dir='ltr'><strong>et</strong></span> <span class='ocrx_word' id='word_1_257' title='bbox 2657 794 2940 847; x_wconf 79' lang='lat' dir='ltr'><strong>veritatem</strong></span> <span class='ocrx_word' id='word_1_258' title='bbox 2983 801 3135 847; x_wconf 91' lang='lat' dir='ltr'><strong>tuam</strong></span> <span class='ocrx_word' id='word_1_259' title='bbox 3166 793 3234 845; x_wconf 84' lang='grc'><strong>³⁷.</strong></span> <span class='ocrx_word' id='word_1_260' title='bbox 3274 810 3294 844; x_wconf 73' lang='grc' dir='ltr'><strong>ι</strong></span> <span class='ocrx_word' id='word_1_261' title='bbox 3328 792 3435 846; x_wconf 81' lang='lat' dir='ltr'><strong>lte—</strong></span> 
     </span>
    </p>
   </div>
   <div class='ocr_carea' id='block_1_37' title="bbox 1841 884 3435 945">
    <p class='ocr_par' dir='ltr' id='par_1_37' title="bbox 1841 884 3435 945">
     <span class='ocr_line' id='line_1_37' title="bbox 1841 884 3435 945; baseline -0.003 -1"><span class='ocrx_word' id='word_1_262' title='bbox 1841 903 1965 945; x_wconf 85' lang='lat' dir='ltr'><strong>rum</strong></span> <span class='ocrx_word' id='word_1_263' title='bbox 2001 905 2015 941; x_wconf 86' lang='lat'><strong>:</strong></span> <span class='ocrx_word' id='word_1_264' title='bbox 2052 906 2070 938; x_wconf 86' lang='grc'><em>‹</em></span> <span class='ocrx_word' id='word_1_265' title='bbox 2110 885 2169 940; x_wconf 85' lang='lat' dir='ltr'><strong>In</strong></span> <span class='ocrx_word' id='word_1_266' title='bbox 2221 887 2429 944; x_wconf 90' lang='lat' dir='ltr'><strong>lumine</strong></span> <span class='ocrx_word' id='word_1_267' title='bbox 2478 894 2572 940; x_wconf 89' lang='lat' dir='ltr'><strong>tuo</strong></span> <span class='ocrx_word' id='word_1_268' title='bbox 2617 885 2926 941; x_wconf 79' lang='lat' dir='ltr'><strong>videbimus</strong></span> <span class='ocrx_word' id='word_1_269' title='bbox 2972 884 3161 941; x_wconf 91' lang='lat' dir='ltr'><strong>lumen</strong></span> <span class='ocrx_word' id='word_1_270' title='bbox 3224 885 3292 941; x_wconf 82' lang='grc'><strong>³⁸.</strong></span> <span class='ocrx_word' id='word_1_271' title='bbox 3326 903 3345 937; x_wconf 82' lang='grc' dir='ltr'><strong>ι</strong></span> <span class='ocrx_word' id='word_1_272' title='bbox 3378 885 3435 939; x_wconf 94' lang='lat' dir='ltr'><strong>In</strong></span> 
     </span>
    </p>
   </div>
   <div class='ocr_carea' id='block_1_38' title="bbox 1841 977 3435 1053">
    <p class='ocr_par' dir='ltr' id='par_1_38' title="bbox 1841 977 3435 1053">
     <span class='ocr_line' id='line_1_38' title="bbox 1841 977 3435 1053; baseline -0.004 -14"><span class='ocrx_word' id='word_1_273' title='bbox 1841 980 2010 1053; x_wconf 84' lang='lat' dir='ltr'><strong>hujus</strong></span> <span class='ocrx_word' id='word_1_274' title='bbox 2061 981 2227 1052; x_wconf 80' lang='lat' dir='ltr'><strong>igitur</strong></span> <span class='ocrx_word' id='word_1_275' title='bbox 2290 979 2511 1034; x_wconf 88' lang='lat' dir='ltr'><strong>luminis</strong></span> <span class='ocrx_word' id='word_1_276' title='bbox 2560 979 2808 1034; x_wconf 88' lang='lat' dir='ltr'><strong>claritate</strong></span> <span class='ocrx_word' id='word_1_277' title='bbox 2854 977 3028 1034; x_wconf 89' lang='lat' dir='ltr'><strong>Filius</strong></span> <span class='ocrx_word' id='word_1_278' title='bbox 3087 977 3329 1048; x_wconf 88' lang='lat' dir='ltr'><strong>seipsum</strong></span> <span class='ocrx_word' id='word_1_279' title='bbox 3378 977 3435 1032; x_wconf 90' lang='lat' dir='ltr'><strong>in</strong></span> 
     </span>
    </p>
   </div>
   <div class='ocr_carea' id='block_1_39' title="bbox 1839 1070 3436 1142">
    <p class='ocr_par' dir='ltr' id='par_1_39' title="bbox 1839 1070 3436 1142">
     <span class='ocr_line' id='line_1_39' title="bbox 1839 1070 3436 1142; baseline -0.004 -11"><span class='ocrx_word' id='word_1_280' title='bbox 1839 1082 2028 1131; x_wconf 87' lang='lat' dir='ltr'><strong>monte</strong></span> <span class='ocrx_word' id='word_1_281' title='bbox 2052 1073 2228 1129; x_wconf 91' lang='lat' dir='ltr'><strong>tribus</strong></span> <span class='ocrx_word' id='word_1_282' title='bbox 2252 1072 2536 1142; x_wconf 87' lang='lat' dir='ltr'><strong>discipulis</strong></span> <span class='ocrx_word' id='word_1_283' title='bbox 2555 1072 2941 1142; x_wconf 85' lang='lat' dir='ltr'><strong>praeostendit;</strong></span> <span class='ocrx_word' id='word_1_284' title='bbox 2970 1070 3086 1142; x_wconf 91' lang='lat' dir='ltr'><strong>qui,</strong></span> <span class='ocrx_word' id='word_1_285' title='bbox 3119 1078 3263 1125; x_wconf 90' lang='lat' dir='ltr'><strong>metu</strong></span> <span class='ocrx_word' id='word_1_286' title='bbox 3286 1086 3436 1125; x_wconf 87' lang='lat' dir='ltr'><strong>mor-</strong></span> 
     </span>
    </p>
   </div>
   <div class='ocr_carea' id='block_1_40' title="bbox 1840 1162 3432 1237">
    <p class='ocr_par' dir='ltr' id='par_1_40' title="bbox 1840 1162 3432 1237">
     <span class='ocr_line' id='line_1_40' title="bbox 1840 1162 3432 1237; baseline -0.004 -15"><span class='ocrx_word' id='word_1_287' title='bbox 1840 1167 1912 1222; x_wconf 90' lang='lat' dir='ltr'><strong>tis</strong></span> <span class='ocrx_word' id='word_1_288' title='bbox 1940 1166 2239 1236; x_wconf 84' lang='lat' dir='ltr'><strong>perterriti,</strong></span> <span class='ocrx_word' id='word_1_289' title='bbox 2262 1166 2637 1237; x_wconf 86' lang='lat' dir='ltr'><strong>prostratique</strong></span> <span class='ocrx_word' id='word_1_290' title='bbox 2660 1164 2714 1219; x_wconf 93' lang='lat' dir='ltr'><strong>in</strong></span> <span class='ocrx_word' id='word_1_291' title='bbox 2742 1163 2960 1233; x_wconf 89' lang='lat' dir='ltr'><strong>faciem,</strong></span> <span class='ocrx_word' id='word_1_292' title='bbox 2985 1165 3090 1219; x_wconf 86' lang='lat' dir='ltr'><strong>sibi</strong></span> <span class='ocrx_word' id='word_1_293' title='bbox 3113 1162 3236 1220; x_wconf 84' lang='lat' dir='ltr'><strong>vitae</strong></span> <span class='ocrx_word' id='word_1_294' title='bbox 3267 1164 3432 1217; x_wconf 89' lang='lat' dir='ltr'><strong>ﬁnem</strong></span> 
     </span>
    </p>
   </div>
   <div class='ocr_carea' id='block_1_41' title="bbox 1840 1256 3436 1330">
    <p class='ocr_par' dir='ltr' id='par_1_41' title="bbox 1840 1256 3436 1330">
     <span class='ocr_line' id='line_1_41' title="bbox 1840 1256 3436 1330; baseline -0.002 -16"><span class='ocrx_word' id='word_1_295' title='bbox 1840 1260 2031 1317; x_wconf 85' lang='lat' dir='ltr'><strong>adesse</strong></span> <span class='ocrx_word' id='word_1_296' title='bbox 2084 1267 2378 1316; x_wconf 91' lang='lat' dir='ltr'><strong>senserunt</strong></span> <span class='ocrx_word' id='word_1_297' title='bbox 2410 1260 2478 1313; x_wconf 80' lang='grc'>³³.</span> <span class='ocrx_word' id='word_1_298' title='bbox 2525 1256 2678 1313; x_wconf 86' lang='lat' dir='ltr'><strong>Hanc</strong></span> <span class='ocrx_word' id='word_1_299' title='bbox 2715 1257 2988 1330; x_wconf 89' lang='lat' dir='ltr'><strong>(inquam)</strong></span> <span class='ocrx_word' id='word_1_300' title='bbox 3048 1258 3225 1314; x_wconf 75' lang='lat' dir='ltr'><strong>lucem</strong></span> <span class='ocrx_word' id='word_1_301' title='bbox 3276 1257 3329 1310; x_wconf 90' lang='lat' dir='ltr'><strong>in</strong></span> <span class='ocrx_word' id='word_1_302' title='bbox 3377 1271 3436 1311; x_wconf 92' lang='lat' dir='ltr'><strong>se</strong></span> 
     </span>
    </p>
   </div>
   <div class='ocr_carea' id='block_1_42' title="bbox 1838 1347 3433 1419">
    <p class='ocr_par' dir='ltr' id='par_1_42' title="bbox 1838 1347 3433 1419">
     <span class='ocr_line' id='line_1_42' title="bbox 1838 1347 3433 1419; baseline -0.004 -12"><span class='ocrx_word' id='word_1_303' title='bbox 1838 1350 2014 1408; x_wconf 90' lang='lat' dir='ltr'><strong>fuisse</strong></span> <span class='ocrx_word' id='word_1_304' title='bbox 2061 1352 2446 1409; x_wconf 89' lang='lat' dir='ltr'><strong>demonstrans</strong></span> <span class='ocrx_word' id='word_1_305' title='bbox 2494 1347 2665 1403; x_wconf 85' lang='lat' dir='ltr'><strong>Filius</strong></span> <span class='ocrx_word' id='word_1_306' title='bbox 2716 1349 3110 1419; x_wconf 85' lang='lat' dir='ltr'><strong>proclamabat,</strong></span> <span class='ocrx_word' id='word_1_307' title='bbox 3146 1355 3220 1415; x_wconf 91' lang='lat' dir='ltr'><strong>et,</strong></span> <span class='ocrx_word' id='word_1_308' title='bbox 3273 1357 3331 1402; x_wconf 92' lang='lat' dir='ltr'><strong>ut</strong></span> <span class='ocrx_word' id='word_1_309' title='bbox 3380 1348 3433 1401; x_wconf 92' lang='lat' dir='ltr'><strong>in</strong></span> 
     </span>
    </p>
   </div>
   <div class='ocr_carea' id='block_1_43' title="bbox 1838 1440 3432 1516">
    <p class='ocr_par' dir='ltr' id='par_1_43' title="bbox 1838 1440 3432 1516">
     <span class='ocr_line' id='line_1_43' title="bbox 1838 1440 3432 1516; baseline -0.004 -16"><span class='ocrx_word' id='word_1_310' title='bbox 1838 1445 2028 1501; x_wconf 89' lang='lat' dir='ltr'><strong>eadem</strong></span> <span class='ocrx_word' id='word_1_311' title='bbox 2079 1445 2416 1512; x_wconf 87' lang='lat' dir='ltr'><strong>incederent,</strong></span> <span class='ocrx_word' id='word_1_312' title='bbox 2444 1443 2744 1516; x_wconf 89' lang='lat' dir='ltr'><strong>discipulos</strong></span> <span class='ocrx_word' id='word_1_313' title='bbox 2778 1442 3194 1513; x_wconf 82' lang='lat' dir='ltr'><strong>praemonebat:</strong></span> <span class='ocrx_word' id='word_1_314' title='bbox 3238 1459 3256 1492; x_wconf 76' lang='grc' dir='ltr'><strong>ι</strong></span> <span class='ocrx_word' id='word_1_315' title='bbox 3293 1440 3432 1494; x_wconf 88' lang='lat' dir='ltr'><strong>Cum</strong></span> 
     </span>
    </p>
   </div>
   <div class='ocr_carea' id='block_1_44' title="bbox 1837 1533 3428 1608">
    <p class='ocr_par' dir='ltr' id='par_1_44' title="bbox 1837 1533 3428 1608">
     <span class='ocr_line' id='line_1_44' title="bbox 1837 1533 3428 1608; baseline -0.006 -14"><span class='ocrx_word' id='word_1_316' title='bbox 1837 1539 2016 1595; x_wconf 91' lang='lat' dir='ltr'><strong>lucem</strong></span> <span class='ocrx_word' id='word_1_317' title='bbox 2067 1538 2301 1601; x_wconf 89' lang='lat' dir='ltr'><strong>habetis,</strong></span> <span class='ocrx_word' id='word_1_318' title='bbox 2344 1556 2363 1589; x_wconf 82' lang='grc' dir='ltr'><strong>ι</strong></span> <span class='ocrx_word' id='word_1_319' title='bbox 2412 1537 2611 1608; x_wconf 88' lang='lat' dir='ltr'><strong>inquit,</strong></span> <span class='ocrx_word' id='word_1_320' title='bbox 2651 1555 2670 1587; x_wconf 76' lang='grc' dir='ltr'><strong>ι</strong></span> <span class='ocrx_word' id='word_1_321' title='bbox 2713 1535 2992 1597; x_wconf 82' lang='lat' dir='ltr'><strong>ambulate</strong></span> <span class='ocrx_word' id='word_1_322' title='bbox 3036 1534 3093 1588; x_wconf 90' lang='lat' dir='ltr'><strong>in</strong></span> <span class='ocrx_word' id='word_1_323' title='bbox 3137 1534 3260 1588; x_wconf 91' lang='lat' dir='ltr'><strong>luce</strong></span> <span class='ocrx_word' id='word_1_324' title='bbox 3301 1533 3365 1588; x_wconf 80' lang='grc'>³³,</span> <span class='ocrx_word' id='word_1_325' title='bbox 3409 1553 3428 1584; x_wconf 76' lang='grc' dir='ltr'><strong>ι</strong></span> 
     </span>
    </p>
   </div>
   <div class='ocr_carea' id='block_1_45' title="bbox 1836 1625 3434 1700">
    <p class='ocr_par' dir='ltr' id='par_1_45' title="bbox 1836 1625 3434 1700">
     <span class='ocr_line' id='line_1_45' title="bbox 1836 1625 3434 1700; baseline -0.004 -16"><span class='ocrx_word' id='word_1_326' title='bbox 1836 1629 1905 1684; x_wconf 89' lang='grc' dir='ltr'>Ει</span> <span class='ocrx_word' id='word_1_327' title='bbox 1931 1630 2129 1689; x_wconf 89' lang='lat' dir='ltr'><strong>iterum</strong></span> <span class='ocrx_word' id='word_1_328' title='bbox 2163 1648 2176 1683; x_wconf 90' lang='lat'>:</span> <span class='ocrx_word' id='word_1_329' title='bbox 2214 1648 2233 1681; x_wconf 73' lang='grc' dir='ltr'><strong>ι</strong></span> <span class='ocrx_word' id='word_1_330' title='bbox 2265 1628 2379 1700; x_wconf 86' lang='lat' dir='ltr'><strong>Ego</strong></span> <span class='ocrx_word' id='word_1_331' title='bbox 2405 1644 2526 1685; x_wconf 91' lang='lat' dir='ltr'><strong>sum</strong></span> <span class='ocrx_word' id='word_1_332' title='bbox 2558 1629 2648 1683; x_wconf 89' lang='lat' dir='ltr'><strong>lux</strong></span> <span class='ocrx_word' id='word_1_333' title='bbox 2674 1627 2840 1698; x_wconf 90' lang='lat' dir='ltr'><strong>hujus</strong></span> <span class='ocrx_word' id='word_1_334' title='bbox 2869 1626 3058 1681; x_wconf 89' lang='lat' dir='ltr'><strong>mundi</strong></span> <span class='ocrx_word' id='word_1_335' title='bbox 3086 1644 3099 1680; x_wconf 91' lang='lat'><strong>:</strong></span> <span class='ocrx_word' id='word_1_336' title='bbox 3128 1625 3223 1696; x_wconf 91' lang='lat' dir='ltr'><strong>qui</strong></span> <span class='ocrx_word' id='word_1_337' title='bbox 3250 1626 3434 1696; x_wconf 84' lang='lat' dir='ltr'><strong>sequi-</strong></span> 
     </span>
    </p>
   </div>
   <div class='ocr_carea' id='block_1_46' title="bbox 1838 1717 3429 1785">
    <p class='ocr_par' dir='ltr' id='par_1_46' title="bbox 1838 1717 3429 1785">
     <span class='ocr_line' id='line_1_46' title="bbox 1838 1717 3429 1785; baseline -0.004 -9"><span class='ocrx_word' id='word_1_338' title='bbox 1838 1731 1928 1777; x_wconf 90' lang='lat' dir='ltr'><strong>tur</strong></span> <span class='ocrx_word' id='word_1_339' title='bbox 1966 1737 2054 1776; x_wconf 91' lang='lat' dir='ltr'><strong>me</strong></span> <span class='ocrx_word' id='word_1_340' title='bbox 2083 1737 2194 1775; x_wconf 90' lang='lat' dir='ltr'><strong>non</strong></span> <span class='ocrx_word' id='word_1_341' title='bbox 2231 1722 2478 1776; x_wconf 88' lang='lat' dir='ltr'><strong>ambulat</strong></span> <span class='ocrx_word' id='word_1_342' title='bbox 2502 1721 2555 1774; x_wconf 90' lang='lat' dir='ltr'><strong>in</strong></span> <span class='ocrx_word' id='word_1_343' title='bbox 2586 1720 2847 1785; x_wconf 83' lang='lat' dir='ltr'><strong>tenebris,</strong></span> <span class='ocrx_word' id='word_1_344' title='bbox 2875 1719 2970 1777; x_wconf 88' lang='lat' dir='ltr'><strong>sed</strong></span> <span class='ocrx_word' id='word_1_345' title='bbox 3001 1717 3222 1773; x_wconf 85' lang='lat' dir='ltr'><strong>habebit</strong></span> <span class='ocrx_word' id='word_1_346' title='bbox 3244 1717 3429 1771; x_wconf 89' lang='lat' dir='ltr'><strong>lumen</strong></span> 
     </span>
    </p>
   </div>
   <div class='ocr_carea' id='block_1_47' title="bbox 1836 1809 3425 1883">
    <p class='ocr_par' dir='ltr' id='par_1_47' title="bbox 1836 1809 3425 1883">
     <span class='ocr_line' id='line_1_47' title="bbox 1836 1809 3425 1883; baseline -0.004 -15"><span class='ocrx_word' id='word_1_347' title='bbox 1836 1815 1959 1870; x_wconf 68' lang='lat' dir='ltr'><strong>vitm</strong></span> <span class='ocrx_word' id='word_1_348' title='bbox 1987 1822 2204 1870; x_wconf 68' lang='lat' dir='ltr'><strong>aeterna:</strong></span> <span class='ocrx_word' id='word_1_349' title='bbox 2228 1813 2296 1869; x_wconf 78' lang='lat'><strong>“.</strong></span> <span class='ocrx_word' id='word_1_350' title='bbox 2331 1831 2349 1864; x_wconf 79' lang='grc' dir='ltr'><strong>ι</strong></span> <span class='ocrx_word' id='word_1_351' title='bbox 2380 1812 2446 1866; x_wconf 85' lang='grc' dir='ltr'>Ει</span> <span class='ocrx_word' id='word_1_352' title='bbox 2476 1812 2821 1883; x_wconf 87' lang='lat' dir='ltr'><strong>Evangelista</strong></span> <span class='ocrx_word' id='word_1_353' title='bbox 2849 1830 2862 1865; x_wconf 88' lang='lat'><strong>:</strong></span> <span class='ocrx_word' id='word_1_354' title='bbox 2896 1829 2914 1861; x_wconf 87' lang='grc'><em>‹</em></span> <span class='ocrx_word' id='word_1_355' title='bbox 2946 1809 3078 1865; x_wconf 89' lang='lat' dir='ltr'><strong>Erat</strong></span> <span class='ocrx_word' id='word_1_356' title='bbox 3104 1812 3194 1864; x_wconf 88' lang='lat' dir='ltr'><strong>lux</strong></span> <span class='ocrx_word' id='word_1_357' title='bbox 3274 1822 3425 1875; x_wconf 89' lang='lat' dir='ltr'><strong>vera,</strong></span> 
     </span>
    </p>
   </div>
   <div class='ocr_carea' id='block_1_48' title="bbox 1832 1902 3427 1974">
    <p class='ocr_par' dir='ltr' id='par_1_48' title="bbox 1832 1902 3427 1974">
     <span class='ocr_line' id='line_1_48' title="bbox 1832 1902 3427 1974; baseline -0.004 -13"><span class='ocrx_word' id='word_1_358' title='bbox 1832 1906 1931 1974; x_wconf 89' lang='lat' dir='ltr'><strong>ait,</strong></span> <span class='ocrx_word' id='word_1_359' title='bbox 1985 1918 2107 1973; x_wconf 66' lang='lat' dir='ltr'><strong>quin</strong></span> <span class='ocrx_word' id='word_1_360' title='bbox 2159 1904 2434 1959; x_wconf 89' lang='lat' dir='ltr'><strong>illuminat</strong></span> <span class='ocrx_word' id='word_1_361' title='bbox 2458 1919 2677 1958; x_wconf 92' lang='lat' dir='ltr'><strong>omnem</strong></span> <span class='ocrx_word' id='word_1_362' title='bbox 2717 1903 2996 1959; x_wconf 88' lang='lat' dir='ltr'><strong>hominem</strong></span> <span class='ocrx_word' id='word_1_363' title='bbox 3028 1903 3338 1957; x_wconf 81' lang='lat' dir='ltr'><strong>venientem</strong></span> <span class='ocrx_word' id='word_1_364' title='bbox 3371 1902 3427 1955; x_wconf 89' lang='lat' dir='ltr'><strong>in</strong></span> 
     </span>
    </p>
   </div>
   <div class='ocr_carea' id='block_1_49' title="bbox 1835 1998 3426 2069">
    <p class='ocr_par' dir='ltr' id='par_1_49' title="bbox 1835 1998 3426 2069">
     <span class='ocr_line' id='line_1_49' title="bbox 1835 1998 3426 2069; baseline -0.003 -12"><span class='ocrx_word' id='word_1_365' title='bbox 1835 1999 1983 2057; x_wconf 86' lang='lat' dir='ltr'><strong>hunc</strong></span> <span class='ocrx_word' id='word_1_366' title='bbox 2012 1998 2279 2054; x_wconf 90' lang='lat' dir='ltr'><strong>mundum</strong></span> <span class='ocrx_word' id='word_1_367' title='bbox 2296 1999 2363 2053; x_wconf 79' lang='grc'>³³.</span> <span class='ocrx_word' id='word_1_368' title='bbox 2390 2017 2409 2050; x_wconf 83' lang='grc' dir='ltr'><strong>ι</strong></span> <span class='ocrx_word' id='word_1_369' title='bbox 2429 1998 2487 2053; x_wconf 89' lang='lat' dir='ltr'><strong>Si</strong></span> <span class='ocrx_word' id='word_1_370' title='bbox 2512 2000 2628 2055; x_wconf 56' lang='lat' dir='ltr'><strong>haec</strong></span> <span class='ocrx_word' id='word_1_371' title='bbox 2655 1999 2773 2067; x_wconf 84' lang='lat' dir='ltr'><strong>lux,</strong></span> <span class='ocrx_word' id='word_1_372' title='bbox 2790 2014 2912 2069; x_wconf 64' lang='lat' dir='ltr'><strong>quae</strong></span> <span class='ocrx_word' id='word_1_373' title='bbox 2927 1998 3278 2055; x_wconf 87' lang='lat' dir='ltr'><strong>credentibus</strong></span> <span class='ocrx_word' id='word_1_374' title='bbox 3301 2013 3426 2069; x_wconf 91' lang='lat' dir='ltr'><strong>pro-</strong></span> 
     </span>
    </p>
   </div>
   <div class='ocr_carea' id='block_1_50' title="bbox 1831 2089 3426 2162">
    <p class='ocr_par' dir='ltr' id='par_1_50' title="bbox 1831 2089 3426 2162">
     <span class='ocr_line' id='line_1_50' title="bbox 1831 2089 3426 2162; baseline -0.001 -16"><span class='ocrx_word' id='word_1_375' title='bbox 1831 2091 2091 2156; x_wconf 88' lang='lat' dir='ltr'><strong>mittitur,</strong></span> <span class='ocrx_word' id='word_1_376' title='bbox 2144 2090 2199 2144; x_wconf 92' lang='lat' dir='ltr'><strong>in</strong></span> <span class='ocrx_word' id='word_1_377' title='bbox 2255 2089 2395 2145; x_wconf 88' lang='lat' dir='ltr'><strong>Filio</strong></span> <span class='ocrx_word' id='word_1_378' title='bbox 2445 2105 2570 2147; x_wconf 89' lang='lat' dir='ltr'><strong>esse</strong></span> <span class='ocrx_word' id='word_1_379' title='bbox 2619 2092 2902 2162; x_wconf 89' lang='lat' dir='ltr'><strong>probatur,</strong></span> <span class='ocrx_word' id='word_1_380' title='bbox 2951 2098 3006 2145; x_wconf 88' lang='lat' dir='ltr'><strong>et</strong></span> <span class='ocrx_word' id='word_1_381' title='bbox 3057 2106 3181 2146; x_wconf 90' lang='lat' dir='ltr'><strong>cum</strong></span> <span class='ocrx_word' id='word_1_382' title='bbox 3221 2099 3426 2145; x_wconf 82' lang='lat' dir='ltr'><strong>aeterno</strong></span> 
     </span>
    </p>
   </div>
   <div class='ocr_carea' id='block_1_51' title="bbox 1830 2181 3415 2254">
    <p class='ocr_par' dir='ltr' id='par_1_51' title="bbox 1830 2181 3415 2254">
     <span class='ocr_line' id='line_1_51' title="bbox 1830 2181 3415 2254; baseline -0.003 -15"><span class='ocrx_word' id='word_1_383' title='bbox 1830 2195 2033 2239; x_wconf 60' lang='lat' dir='ltr'><strong>aeterna</strong></span> <span class='ocrx_word' id='word_1_384' title='bbox 2065 2198 2188 2240; x_wconf 85' lang='lat' dir='ltr'><strong>esse</strong></span> <span class='ocrx_word' id='word_1_385' title='bbox 2215 2184 2437 2245; x_wconf 86' lang='lat' dir='ltr'><strong>dicitur,</strong></span> <span class='ocrx_word' id='word_1_386' title='bbox 2466 2182 2745 2254; x_wconf 90' lang='lat' dir='ltr'><strong>quomodo</strong></span> <span class='ocrx_word' id='word_1_387' title='bbox 2773 2198 2804 2237; x_wconf 93' lang='lat' dir='ltr'><strong>a</strong></span> <span class='ocrx_word' id='word_1_388' title='bbox 2838 2183 2995 2238; x_wconf 84' lang='lat' dir='ltr'><strong>vobis</strong></span> <span class='ocrx_word' id='word_1_389' title='bbox 3033 2182 3103 2237; x_wconf 91' lang='lat' dir='ltr'><strong>ah</strong></span> <span class='ocrx_word' id='word_1_390' title='bbox 3128 2181 3415 2238; x_wconf 87' lang='lat' dir='ltr'><strong>inaccessi-</strong></span> 
     </span>
    </p>
   </div>
   <div class='ocr_carea' id='block_1_52' title="bbox 1829 2273 3421 2346">
    <p class='ocr_par' dir='ltr' id='par_1_52' title="bbox 1829 2273 3421 2346">
     <span class='ocr_line' id='line_1_52' title="bbox 1829 2273 3421 2346; baseline 0 -15"><span class='ocrx_word' id='word_1_391' title='bbox 1829 2276 1924 2331; x_wconf 87' lang='lat' dir='ltr'><strong>bili</strong></span> <span class='ocrx_word' id='word_1_392' title='bbox 1975 2276 2099 2331; x_wconf 90' lang='lat' dir='ltr'><strong>luce</strong></span> <span class='ocrx_word' id='word_1_393' title='bbox 2143 2275 2323 2331; x_wconf 87' lang='lat' dir='ltr'><strong>Patris</strong></span> <span class='ocrx_word' id='word_1_394' title='bbox 2362 2275 2536 2331; x_wconf 88' lang='lat' dir='ltr'><strong>Filius</strong></span> <span class='ocrx_word' id='word_1_395' title='bbox 2586 2275 2914 2346; x_wconf 85' lang='lat' dir='ltr'><strong>separatur?</strong></span> <span class='ocrx_word' id='word_1_396' title='bbox 2953 2273 3011 2330; x_wconf 90' lang='lat' dir='ltr'><strong>Si</strong></span> <span class='ocrx_word' id='word_1_397' title='bbox 3036 2275 3184 2331; x_wconf 91' lang='lat' dir='ltr'><strong>enim</strong></span> <span class='ocrx_word' id='word_1_398' title='bbox 3229 2273 3421 2341; x_wconf 85' lang='lat' dir='ltr'><strong>Filius,</strong></span> 
     </span>
    </p>
   </div>
   <div class='ocr_carea' id='block_1_53' title="bbox 1837 2368 3421 2434">
    <p class='ocr_par' dir='ltr' id='par_1_53' title="bbox 1837 2368 3421 2434">
     <span class='ocr_line' id='line_1_53' title="bbox 1837 2368 3421 2434; baseline 0.001 -14"><span class='ocrx_word' id='word_1_399' title='bbox 1837 2388 1856 2420; x_wconf 84' lang='grc'><strong><em>‹</em></strong></span> <span class='ocrx_word' id='word_1_400' title='bbox 1897 2368 2039 2424; x_wconf 91' lang='lat' dir='ltr'><strong>Deus</strong></span> <span class='ocrx_word' id='word_1_401' title='bbox 2084 2385 2249 2425; x_wconf 78' lang='lat' dir='ltr'><strong>verus</strong></span> <span class='ocrx_word' id='word_1_402' title='bbox 2293 2379 2350 2425; x_wconf 93' lang='lat' dir='ltr'><strong>et</strong></span> <span class='ocrx_word' id='word_1_403' title='bbox 2383 2371 2493 2424; x_wconf 91' lang='lat' dir='ltr'><strong>vita</strong></span> <span class='ocrx_word' id='word_1_404' title='bbox 2542 2377 2745 2425; x_wconf 69' lang='lat' dir='ltr'><strong>aeterna</strong></span> <span class='ocrx_word' id='word_1_405' title='bbox 2774 2377 2861 2425; x_wconf 92' lang='lat' dir='ltr'><strong>est</strong></span> <span class='ocrx_word' id='word_1_406' title='bbox 2887 2369 2955 2434; x_wconf 89' lang='grc'>³³,</span> <span class='ocrx_word' id='word_1_407' title='bbox 2980 2368 3319 2424; x_wconf 73' lang='grc' dir='ltr'>ιείηεάιιιιίο</span> <span class='ocrx_word' id='word_1_408' title='bbox 3366 2368 3421 2422; x_wconf 91' lang='lat' dir='ltr'><strong>in</strong></span> 
     </span>
    </p>
   </div>
   <div class='ocr_carea' id='block_1_54' title="bbox 1831 2460 3424 2526">
    <p class='ocr_par' dir='ltr' id='par_1_54' title="bbox 1831 2460 3424 2526">
     <span class='ocr_line' id='line_1_54' title="bbox 1831 2460 3424 2526; baseline -0.002 -9"><span class='ocrx_word' id='word_1_409' title='bbox 1831 2462 1935 2517; x_wconf 90' lang='lat' dir='ltr'><strong>hac</strong></span> <span class='ocrx_word' id='word_1_410' title='bbox 1975 2462 2096 2517; x_wconf 86' lang='lat' dir='ltr'><strong>luce</strong></span> <span class='ocrx_word' id='word_1_411' title='bbox 2142 2462 2307 2517; x_wconf 91' lang='lat' dir='ltr'><strong>simul</strong></span> <span class='ocrx_word' id='word_1_412' title='bbox 2339 2478 2464 2517; x_wconf 83' lang='lat' dir='ltr'><strong>cum</strong></span> <span class='ocrx_word' id='word_1_413' title='bbox 2493 2461 2658 2518; x_wconf 90' lang='lat' dir='ltr'><strong>Patre</strong></span> <span class='ocrx_word' id='word_1_414' title='bbox 2707 2462 2953 2516; x_wconf 88' lang='lat' dir='ltr'><strong>habitare</strong></span> <span class='ocrx_word' id='word_1_415' title='bbox 2980 2460 3286 2516; x_wconf 89' lang='lat' dir='ltr'><strong>credendus</strong></span> <span class='ocrx_word' id='word_1_416' title='bbox 3316 2469 3424 2526; x_wconf 91' lang='lat' dir='ltr'><strong>est,</strong></span> 
     </span>
    </p>
   </div>
   <div class='ocr_carea' id='block_1_55' title="bbox 1829 2553 3427 2624">
    <p class='ocr_par' dir='ltr' id='par_1_55' title="bbox 1829 2553 3427 2624">
     <span class='ocr_line' id='line_1_55' title="bbox 1829 2553 3427 2624; baseline -0.001 -14"><span class='ocrx_word' id='word_1_417' title='bbox 1829 2570 1994 2624; x_wconf 84' lang='lat' dir='ltr'><strong>quam</strong></span> <span class='ocrx_word' id='word_1_418' title='bbox 2027 2556 2212 2610; x_wconf 91' lang='lat' dir='ltr'><strong>nullus</strong></span> <span class='ocrx_word' id='word_1_419' title='bbox 2240 2555 2406 2610; x_wconf 89' lang='lat' dir='ltr'><strong>modo</strong></span> <span class='ocrx_word' id='word_1_420' title='bbox 2435 2563 2712 2618; x_wconf 89' lang='lat' dir='ltr'><strong>nostrum,</strong></span> <span class='ocrx_word' id='word_1_421' title='bbox 2745 2554 2802 2608; x_wconf 90' lang='lat' dir='ltr'><strong>in</strong></span> <span class='ocrx_word' id='word_1_422' title='bbox 2832 2555 2935 2609; x_wconf 89' lang='lat' dir='ltr'><strong>hoc</strong></span> <span class='ocrx_word' id='word_1_423' title='bbox 2960 2553 3172 2609; x_wconf 89' lang='lat' dir='ltr'><strong>mortali</strong></span> <span class='ocrx_word' id='word_1_424' title='bbox 3196 2567 3427 2623; x_wconf 80' lang='lat' dir='ltr'><strong>corpore</strong></span> 
     </span>
    </p>
   </div>
   <div class='ocr_carea' id='block_1_56' title="bbox 1829 2646 3422 2717">
    <p class='ocr_par' dir='ltr' id='par_1_56' title="bbox 1829 2646 3422 2717">
     <span class='ocr_line' id='line_1_56' title="bbox 1829 2646 3422 2717; baseline -0.001 -16"><span class='ocrx_word' id='word_1_425' title='bbox 1829 2648 2183 2713; x_wconf 85' lang='lat' dir='ltr'><strong>constitutus,</strong></span> <span class='ocrx_word' id='word_1_426' title='bbox 2216 2655 2398 2716; x_wconf 87' lang='lat' dir='ltr'><strong>potest</strong></span> <span class='ocrx_word' id='word_1_427' title='bbox 2447 2646 2793 2717; x_wconf 87' lang='lat' dir='ltr'><strong>aliquatenus</strong></span> <span class='ocrx_word' id='word_1_428' title='bbox 2841 2646 3130 2713; x_wconf 89' lang='lat' dir='ltr'><strong>contueri;</strong></span> <span class='ocrx_word' id='word_1_429' title='bbox 3168 2646 3262 2701; x_wconf 87' lang='lat' dir='ltr'><strong>sed</strong></span> <span class='ocrx_word' id='word_1_430' title='bbox 3292 2646 3422 2701; x_wconf 83' lang='lat' dir='ltr'><strong>dum</strong></span> 
     </span>
    </p>
   </div>
   <div class='ocr_carea' id='block_1_57' title="bbox 1830 2738 3421 2808">
    <p class='ocr_par' dir='ltr' id='par_1_57' title="bbox 1830 2738 3421 2808">
     <span class='ocr_line' id='line_1_57' title="bbox 1830 2738 3421 2808; baseline 0.002 -18"><span class='ocrx_word' id='word_1_431' title='bbox 1830 2739 2169 2807; x_wconf 86' lang='lat' dir='ltr'><strong>apparuerit,</strong></span> <span class='ocrx_word' id='word_1_432' title='bbox 2204 2748 2335 2794; x_wconf 91' lang='lat' dir='ltr'><strong>tunc</strong></span> <span class='ocrx_word' id='word_1_433' title='bbox 2381 2754 2508 2795; x_wconf 90' lang='lat' dir='ltr'><strong>vere</strong></span> <span class='ocrx_word' id='word_1_434' title='bbox 2550 2739 2704 2794; x_wconf 86' lang='lat' dir='ltr'><strong>illum</strong></span> <span class='ocrx_word' id='word_1_435' title='bbox 2749 2738 2955 2794; x_wconf 83' lang='lat' dir='ltr'><strong>videbit</strong></span> <span class='ocrx_word' id='word_1_436' title='bbox 2999 2738 3161 2795; x_wconf 86' lang='lat' dir='ltr'><strong>sicuti</strong></span> <span class='ocrx_word' id='word_1_437' title='bbox 3194 2747 3298 2805; x_wconf 90' lang='lat' dir='ltr'><strong>est,</strong></span> <span class='ocrx_word' id='word_1_438' title='bbox 3327 2739 3421 2808; x_wconf 91' lang='lat' dir='ltr'><strong>qui</strong></span> 
     </span>
    </p>
   </div>
   <div class='ocr_carea' id='block_1_58' title="bbox 1829 2829 3423 2902">
    <p class='ocr_par' dir='ltr' id='par_1_58' title="bbox 1829 2829 3423 2902">
     <span class='ocr_line' id='line_1_58' title="bbox 1829 2829 3423 2902; baseline 0 -18"><span class='ocrx_word' id='word_1_439' title='bbox 1829 2830 1951 2899; x_wconf 86' lang='lat' dir='ltr'><strong>ejus</strong></span> <span class='ocrx_word' id='word_1_440' title='bbox 2001 2832 2387 2901; x_wconf 83' lang='lat' dir='ltr'><strong>conspectihus</strong></span> <span class='ocrx_word' id='word_1_441' title='bbox 2437 2829 2603 2887; x_wconf 86' lang='lat' dir='ltr'><strong>fuerit</strong></span> <span class='ocrx_word' id='word_1_442' title='bbox 2641 2832 2840 2902; x_wconf 88' lang='lat' dir='ltr'><strong>dignus</strong></span> <span class='ocrx_word' id='word_1_443' title='bbox 2887 2832 3152 2898; x_wconf 79' lang='lat' dir='ltr'><strong>cooptari.</strong></span> <span class='ocrx_word' id='word_1_444' title='bbox 3195 2830 3263 2886; x_wconf 87' lang='lat' dir='ltr'><strong>Et</strong></span> <span class='ocrx_word' id='word_1_445' title='bbox 3312 2846 3423 2886; x_wconf 90' lang='lat' dir='ltr'><strong>non</strong></span> 
     </span>
    </p>
   </div>
   <div class='ocr_carea' id='block_1_59' title="bbox 1829 2920 3425 2995">
    <p class='ocr_par' dir='ltr' id='par_1_59' title="bbox 1829 2920 3425 2995">
     <span class='ocr_line' id='line_1_59' title="bbox 1829 2920 3425 2995; baseline 0.003 -19"><span class='ocrx_word' id='word_1_446' title='bbox 1829 2920 1974 2976; x_wconf 87' lang='lat' dir='ltr'><strong>sicut</strong></span> <span class='ocrx_word' id='word_1_447' title='bbox 2022 2920 2236 2993; x_wconf 81' lang='lat' dir='ltr'><strong>Moyses</strong></span> <span class='ocrx_word' id='word_1_448' title='bbox 2268 2923 2561 2993; x_wconf 72' lang='lat' dir='ltr'><strong>caeterique</strong></span> <span class='ocrx_word' id='word_1_449' title='bbox 2603 2924 2884 2994; x_wconf 69' lang='lat' dir='ltr'><strong>prophetae</strong></span> <span class='ocrx_word' id='word_1_450' title='bbox 2934 2939 3028 2993; x_wconf 90' lang='lat' dir='ltr'><strong>per</strong></span> <span class='ocrx_word' id='word_1_451' title='bbox 3053 2925 3343 2995; x_wconf 70' lang='lat' dir='ltr'><strong>aenigmata</strong></span> <span class='ocrx_word' id='word_1_452' title='bbox 3369 2932 3425 2981; x_wconf 87' lang='lat' dir='ltr'><strong>et</strong></span> 
     </span>
    </p>
   </div>
   <div class='ocr_carea' id='block_1_60' title="bbox 1830 3012 3420 3085">
    <p class='ocr_par' dir='ltr' id='par_1_60' title="bbox 1830 3012 3420 3085">
     <span class='ocr_line' id='line_1_60' title="bbox 1830 3012 3420 3085; baseline 0.003 -18"><span class='ocrx_word' id='word_1_453' title='bbox 1830 3012 2084 3082; x_wconf 85' lang='lat' dir='ltr'><strong>ﬁguram,</strong></span> <span class='ocrx_word' id='word_1_454' title='bbox 2124 3015 2217 3068; x_wconf 92' lang='lat' dir='ltr'><strong>sed</strong></span> <span class='ocrx_word' id='word_1_455' title='bbox 2255 3014 2430 3085; x_wconf 88' lang='lat' dir='ltr'><strong>ipsam</strong></span> <span class='ocrx_word' id='word_1_456' title='bbox 2484 3016 2753 3070; x_wconf 84' lang='lat' dir='ltr'><strong>veraciter</strong></span> <span class='ocrx_word' id='word_1_457' title='bbox 2798 3017 2853 3070; x_wconf 93' lang='lat' dir='ltr'><strong>in</strong></span> <span class='ocrx_word' id='word_1_458' title='bbox 2910 3016 3071 3083; x_wconf 80' lang='lat' dir='ltr'><strong>Filio,</strong></span> <span class='ocrx_word' id='word_1_459' title='bbox 3115 3017 3420 3072; x_wconf 82' lang='lat' dir='ltr'><strong>secundum</strong></span> 
     </span>
    </p>
   </div>
   <div class='ocr_carea' id='block_1_61' title="bbox 120 3106 3417 3191">
    <p class='ocr_par' dir='ltr' id='par_1_61' title="bbox 120 3106 3417 3191">
     <span class='ocr_line' id='line_1_61' title="bbox 120 3106 3417 3191; baseline 0.001 -28"><span class='ocrx_word' id='word_1_460' title='bbox 120 3111 277 3165; x_wconf 80' lang='lat' dir='ltr'><strong>sicut</strong></span> <span class='ocrx_word' id='word_1_461' title='bbox 303 3124 415 3164; x_wconf 89' lang='lat' dir='ltr'><strong>non</strong></span> <span class='ocrx_word' id='word_1_462' title='bbox 446 3109 604 3165; x_wconf 85' lang='lat' dir='ltr'><strong>obest</strong></span> <span class='ocrx_word' id='word_1_463' title='bbox 646 3108 808 3177; x_wconf 86' lang='lat' dir='ltr'><strong>Filio,</strong></span> <span class='ocrx_word' id='word_1_464' title='bbox 859 3125 985 3166; x_wconf 89' lang='lat' dir='ltr'><strong>cum</strong></span> <span class='ocrx_word' id='word_1_465' title='bbox 1032 3109 1185 3165; x_wconf 88' lang='lat' dir='ltr'><strong>solus</strong></span> <span class='ocrx_word' id='word_1_466' title='bbox 1222 3108 1424 3165; x_wconf 86' lang='lat' dir='ltr'><strong>dicitur</strong></span> <span class='ocrx_word' id='word_1_467' title='bbox 1451 3107 1612 3163; x_wconf 88' lang='lat' dir='ltr'><strong>Pater</strong></span> <span class='ocrx_word' id='word_1_468' title='bbox 1641 3108 1726 3163; x_wconf 81' lang='lat' dir='ltr'><strong>lu-</strong></span> <span class='ocrx_word' id='word_1_469' title='bbox 1750 3127 1795 3191; x_wconf 72' lang='grc' dir='ltr'>ο</span> <span class='ocrx_word' id='word_1_470' title='bbox 1828 3106 2173 3176; x_wconf 88' lang='lat' dir='ltr'><strong>Apostolum,</strong></span> <span class='ocrx_word' id='word_1_471' title='bbox 2209 3108 2558 3164; x_wconf 87' lang='lat' dir='ltr'><strong>contuebitur</strong></span> <span class='ocrx_word' id='word_1_472' title='bbox 2598 3109 2818 3165; x_wconf 89' lang='lat' dir='ltr'><strong>deitatis</strong></span> <span class='ocrx_word' id='word_1_473' title='bbox 2852 3110 3168 3182; x_wconf 78' lang='lat' dir='ltr'><strong>imaginem.</strong></span> <span class='ocrx_word' id='word_1_474' title='bbox 3202 3110 3342 3166; x_wconf 87' lang='lat' dir='ltr'><strong>Nam</strong></span> <span class='ocrx_word' id='word_1_475' title='bbox 3368 3114 3417 3170; x_wconf 92' lang='lat' dir='ltr'><strong>si</strong></span> 
     </span>
    </p>
   </div>
   <div class='ocr_carea' id='block_1_62' title="bbox 119 3201 1721 3271">
    <p class='ocr_par' dir='ltr' id='par_1_62' title="bbox 119 3201 1721 3271">
     <span class='ocr_line' id='line_1_62' title="bbox 119 3201 1721 3271; baseline 0 -14"><span class='ocrx_word' id='word_1_476' title='bbox 119 3218 247 3257; x_wconf 89' lang='lat' dir='ltr'><strong>cem</strong></span> <span class='ocrx_word' id='word_1_477' title='bbox 282 3202 722 3258; x_wconf 85' lang='lat' dir='ltr'><strong>inaccessibilem</strong></span> <span class='ocrx_word' id='word_1_478' title='bbox 773 3203 1046 3270; x_wconf 82' lang='lat' dir='ltr'><strong>habitare,</strong></span> <span class='ocrx_word' id='word_1_479' title='bbox 1095 3203 1170 3258; x_wconf 88' lang='lat' dir='ltr'><strong>ita</strong></span> <span class='ocrx_word' id='word_1_480' title='bbox 1196 3219 1331 3271; x_wconf 35' lang='lat' dir='ltr'><strong>‘non</strong></span> <span class='ocrx_word' id='word_1_481' title='bbox 1365 3204 1522 3259; x_wconf 86' lang='lat' dir='ltr'><strong>obest</strong></span> <span class='ocrx_word' id='word_1_482' title='bbox 1548 3201 1721 3269; x_wconf 91' lang='lat' dir='ltr'><strong>Patri,</strong></span> 
     </span>
    </p>
   </div>
   <div class='ocr_carea' id='block_1_63' title="bbox 119 3293 1725 3368">
    <p class='ocr_par' dir='ltr' id='par_1_63' title="bbox 119 3293 1725 3368">
     <span class='ocr_line' id='line_1_63' title="bbox 119 3293 1725 3368; baseline 0.002 -20"><span class='ocrx_word' id='word_1_483' title='bbox 119 3310 255 3348; x_wconf 85' lang='lat' dir='ltr'><strong>cum</strong></span> <span class='ocrx_word' id='word_1_484' title='bbox 291 3293 593 3363; x_wconf 82' lang='lat' dir='ltr'><strong>Sapientia,</strong></span> <span class='ocrx_word' id='word_1_485' title='bbox 624 3311 749 3365; x_wconf 75' lang='lat' dir='ltr'><strong>qua:</strong></span> <span class='ocrx_word' id='word_1_486' title='bbox 779 3304 864 3351; x_wconf 88' lang='lat' dir='ltr'><strong>est</strong></span> <span class='ocrx_word' id='word_1_487' title='bbox 902 3295 1097 3363; x_wconf 87' lang='lat' dir='ltr'><strong>Filius,</strong></span> <span class='ocrx_word' id='word_1_488' title='bbox 1127 3296 1329 3351; x_wconf 85' lang='lat' dir='ltr'><strong>dicitur</strong></span> <span class='ocrx_word' id='word_1_489' title='bbox 1363 3312 1556 3368; x_wconf 91' lang='lat' dir='ltr'><strong>gyrum</strong></span> <span class='ocrx_word' id='word_1_490' title='bbox 1597 3296 1725 3354; x_wconf 70' lang='lat' dir='ltr'><strong>coeli</strong></span> 
     </span>
    </p>
   </div>
   <div class='ocr_carea' id='block_1_64' title="bbox 120 3386 1725 3458">
    <p class='ocr_par' dir='ltr' id='par_1_64' title="bbox 120 3386 1725 3458">
     <span class='ocr_line' id='line_1_64' title="bbox 120 3386 1725 3458; baseline 0.001 -16"><span class='ocrx_word' id='word_1_491' title='bbox 120 3387 250 3445; x_wconf 81' lang='lat' dir='ltr'><strong>sola</strong></span> <span class='ocrx_word' id='word_1_492' title='bbox 276 3387 535 3443; x_wconf 86' lang='lat' dir='ltr'><strong>circuire.</strong></span> <span class='ocrx_word' id='word_1_493' title='bbox 560 3386 723 3443; x_wconf 84' lang='lat' dir='ltr'><strong>Pater</strong></span> <span class='ocrx_word' id='word_1_494' title='bbox 752 3389 959 3458; x_wconf 82' lang='lat' dir='ltr'><strong>itaque,</strong></span> <span class='ocrx_word' id='word_1_495' title='bbox 987 3404 1110 3445; x_wconf 89' lang='lat' dir='ltr'><strong>cum</strong></span> <span class='ocrx_word' id='word_1_496' title='bbox 1139 3389 1210 3445; x_wconf 89' lang='lat' dir='ltr'><strong>sit</strong></span> <span class='ocrx_word' id='word_1_497' title='bbox 1237 3389 1531 3444; x_wconf 83' lang='lat' dir='ltr'><strong>invisibilis</strong></span> <span class='ocrx_word' id='word_1_498' title='bbox 1561 3396 1615 3443; x_wconf 92' lang='lat' dir='ltr'><strong>et</strong></span> <span class='ocrx_word' id='word_1_499' title='bbox 1638 3388 1725 3443; x_wconf 91' lang='lat' dir='ltr'><strong>in-</strong></span> 
     </span>
    </p>
   </div>
   <div class='ocr_carea' id='block_1_65' title="bbox 120 3478 1725 3551">
    <p class='ocr_par' dir='ltr' id='par_1_65' title="bbox 120 3478 1725 3551">
     <span class='ocr_line' id='line_1_65' title="bbox 120 3478 1725 3551; baseline 0.002 -19"><span class='ocrx_word' id='word_1_500' title='bbox 120 3479 354 3549; x_wconf 84' lang='lat' dir='ltr'><strong>genitus</strong></span> <span class='ocrx_word' id='word_1_501' title='bbox 404 3479 459 3533; x_wconf 83' lang='lat' dir='ltr'><strong>in</strong></span> <span class='ocrx_word' id='word_1_502' title='bbox 518 3494 599 3546; x_wconf 86' lang='lat' dir='ltr'><strong>se,</strong></span> <span class='ocrx_word' id='word_1_503' title='bbox 643 3482 703 3534; x_wconf 89' lang='lat' dir='ltr'><strong>in</strong></span> <span class='ocrx_word' id='word_1_504' title='bbox 737 3478 883 3536; x_wconf 87' lang='lat' dir='ltr'><strong>Filio</strong></span> <span class='ocrx_word' id='word_1_505' title='bbox 917 3480 1071 3541; x_wconf 87' lang='lat' dir='ltr'><strong>visus</strong></span> <span class='ocrx_word' id='word_1_506' title='bbox 1123 3480 1358 3551; x_wconf 85' lang='lat' dir='ltr'><strong>apostoli</strong></span> <span class='ocrx_word' id='word_1_507' title='bbox 1408 3481 1725 3538; x_wconf 87' lang='lat' dir='ltr'><strong>testimonio</strong></span> 
     </span>
    </p>
   </div>
   <div class='ocr_carea' id='block_1_66' title="bbox 119 3572 1719 3644">
    <p class='ocr_par' dir='ltr' id='par_1_66' title="bbox 119 3572 1719 3644">
     <span class='ocr_line' id='line_1_66' title="bbox 119 3572 1719 3644; baseline 0.001 -16"><span class='ocrx_word' id='word_1_508' title='bbox 119 3572 544 3643; x_wconf 84' lang='lat' dir='ltr'><strong>comprobatur,</strong></span> <span class='ocrx_word' id='word_1_509' title='bbox 566 3582 621 3629; x_wconf 89' lang='lat' dir='ltr'><strong>et</strong></span> <span class='ocrx_word' id='word_1_510' title='bbox 651 3573 706 3628; x_wconf 90' lang='lat' dir='ltr'><strong>in</strong></span> <span class='ocrx_word' id='word_1_511' title='bbox 732 3573 892 3640; x_wconf 87' lang='lat' dir='ltr'><strong>Filio,</strong></span> <span class='ocrx_word' id='word_1_512' title='bbox 916 3589 948 3630; x_wconf 84' lang='lat' dir='ltr'><strong>a</strong></span> <span class='ocrx_word' id='word_1_513' title='bbox 973 3590 1034 3631; x_wconf 90' lang='lat' dir='ltr'><strong>se</strong></span> <span class='ocrx_word' id='word_1_514' title='bbox 1060 3574 1497 3631; x_wconf 88' lang='lat' dir='ltr'><strong>inenarrabiliter</strong></span> <span class='ocrx_word' id='word_1_515' title='bbox 1516 3576 1719 3644; x_wconf 89' lang='lat' dir='ltr'><strong>genito,</strong></span> 
     </span>
    </p>
   </div>
   <div class='ocr_carea' id='block_1_67' title="bbox 118 3665 1719 3736">
    <p class='ocr_par' dir='ltr' id='par_1_67' title="bbox 118 3665 1719 3736">
     <span class='ocr_line' id='line_1_67' title="bbox 118 3665 1719 3736; baseline 0 -16"><span class='ocrx_word' id='word_1_516' title='bbox 118 3665 406 3721; x_wconf 86' lang='lat' dir='ltr'><strong>mansisse</strong></span> <span class='ocrx_word' id='word_1_517' title='bbox 439 3680 506 3720; x_wconf 89' lang='lat' dir='ltr'><strong>ac</strong></span> <span class='ocrx_word' id='word_1_518' title='bbox 543 3666 883 3736; x_wconf 88' lang='lat' dir='ltr'><strong>requievisse</strong></span> <span class='ocrx_word' id='word_1_519' title='bbox 931 3675 1292 3733; x_wconf 87' lang='lat' dir='ltr'><strong>monstratur,</strong></span> <span class='ocrx_word' id='word_1_520' title='bbox 1328 3667 1451 3736; x_wconf 88' lang='lat' dir='ltr'><strong>ipso</strong></span> <span class='ocrx_word' id='word_1_521' title='bbox 1483 3665 1623 3722; x_wconf 83' lang='lat' dir='ltr'><strong>Filio</strong></span> <span class='ocrx_word' id='word_1_522' title='bbox 1664 3666 1719 3721; x_wconf 91' lang='lat' dir='ltr'><strong>in</strong></span> 
     </span>
    </p>
   </div>
   <div class='ocr_carea' id='block_1_68' title="bbox 118 3758 1721 3831">
    <p class='ocr_par' dir='ltr' id='par_1_68' title="bbox 118 3758 1721 3831">
     <span class='ocr_line' id='line_1_68' title="bbox 118 3758 1721 3831; baseline 0.002 -18"><span class='ocrx_word' id='word_1_523' title='bbox 118 3758 401 3828; x_wconf 82' lang='lat' dir='ltr'><strong>propheta</strong></span> <span class='ocrx_word' id='word_1_524' title='bbox 444 3758 703 3828; x_wconf 88' lang='lat' dir='ltr'><strong>loquente</strong></span> <span class='ocrx_word' id='word_1_525' title='bbox 739 3777 755 3813; x_wconf 74' lang='grc' dir='ltr'>ε</span> <span class='ocrx_word' id='word_1_526' title='bbox 796 3778 817 3812; x_wconf 76' lang='grc' dir='ltr'><strong>ι</strong></span> <span class='ocrx_word' id='word_1_527' title='bbox 859 3759 965 3826; x_wconf 85' lang='lat' dir='ltr'><strong>Qui</strong></span> <span class='ocrx_word' id='word_1_528' title='bbox 995 3768 1082 3815; x_wconf 89' lang='lat' dir='ltr'><strong>me</strong></span> <span class='ocrx_word' id='word_1_529' title='bbox 1112 3760 1319 3831; x_wconf 88' lang='lat' dir='ltr'><strong>genuit,</strong></span> <span class='ocrx_word' id='word_1_530' title='bbox 1351 3759 1620 3830; x_wconf 81' lang='lat' dir='ltr'><strong>requievit</strong></span> <span class='ocrx_word' id='word_1_531' title='bbox 1662 3759 1721 3817; x_wconf 85' lang='lat' dir='ltr'><strong>in</strong></span> 
     </span>
    </p>
   </div>
   <div class='ocr_carea' id='block_1_69' title="bbox 123 3849 1720 3923">
    <p class='ocr_par' dir='ltr' id='par_1_69' title="bbox 123 3849 1720 3923">
     <span class='ocr_line' id='line_1_69' title="bbox 123 3849 1720 3923; baseline 0.002 -20"><span class='ocrx_word' id='word_1_532' title='bbox 123 3850 485 3905; x_wconf 87' lang='lat' dir='ltr'><strong>tabernaculo</strong></span> <span class='ocrx_word' id='word_1_533' title='bbox 514 3866 640 3905; x_wconf 88' lang='lat' dir='ltr'><strong>meo</strong></span> <span class='ocrx_word' id='word_1_534' title='bbox 665 3852 735 3905; x_wconf 83' lang='grc'>³³.</span> <span class='ocrx_word' id='word_1_535' title='bbox 762 3871 783 3903; x_wconf 71' lang='grc' dir='ltr'><strong>ι</strong></span> <span class='ocrx_word' id='word_1_536' title='bbox 820 3850 886 3905; x_wconf 85' lang='grc' dir='ltr'>Ει</span> <span class='ocrx_word' id='word_1_537' title='bbox 936 3851 991 3905; x_wconf 92' lang='lat' dir='ltr'><strong>in</strong></span> <span class='ocrx_word' id='word_1_538' title='bbox 1036 3849 1332 3923; x_wconf 86' lang='lat' dir='ltr'><strong>Evangelio</strong></span> <span class='ocrx_word' id='word_1_539' title='bbox 1364 3870 1378 3907; x_wconf 90' lang='lat'><strong>:</strong></span> <span class='ocrx_word' id='word_1_540' title='bbox 1416 3869 1434 3902; x_wconf 73' lang='grc' dir='ltr'><strong>ε</strong></span> <span class='ocrx_word' id='word_1_541' title='bbox 1465 3849 1630 3906; x_wconf 88' lang='lat' dir='ltr'><strong>Pater</strong></span> <span class='ocrx_word' id='word_1_542' title='bbox 1662 3851 1720 3905; x_wconf 91' lang='lat' dir='ltr'><strong>in</strong></span> 
     </span>
    </p>
   </div>
   <div class='ocr_carea' id='block_1_70' title="bbox 121 3937 1719 4009">
    <p class='ocr_par' dir='ltr' id='par_1_70' title="bbox 121 3937 1719 4009">
     <span class='ocr_line' id='line_1_70' title="bbox 121 3937 1719 4009; baseline 0.001 -16"><span class='ocrx_word' id='word_1_543' title='bbox 121 3954 218 3993; x_wconf 86' lang='lat' dir='ltr'><strong>me</strong></span> <span class='ocrx_word' id='word_1_544' title='bbox 250 3952 500 4004; x_wconf 90' lang='lat' dir='ltr'><strong>manens,</strong></span> <span class='ocrx_word' id='word_1_545' title='bbox 532 3937 663 3994; x_wconf 82' lang='lat' dir='ltr'><strong>facit</strong></span> <span class='ocrx_word' id='word_1_546' title='bbox 690 3954 857 4009; x_wconf 83' lang='lat' dir='ltr'><strong>opera</strong></span> <span class='ocrx_word' id='word_1_547' title='bbox 879 3940 997 3996; x_wconf 75' lang='lat' dir='ltr'><strong>haec</strong></span> <span class='ocrx_word' id='word_1_548' title='bbox 1019 3941 1085 3994; x_wconf 85' lang='grc'>³³.</span> <span class='ocrx_word' id='word_1_549' title='bbox 1118 3960 1140 3994; x_wconf 74' lang='grc' dir='ltr'><strong>ι</strong></span> <span class='ocrx_word' id='word_1_550' title='bbox 1166 3940 1233 3995; x_wconf 88' lang='grc' dir='ltr'>Ει</span> <span class='ocrx_word' id='word_1_551' title='bbox 1264 3960 1278 3996; x_wconf 87' lang='lat'><strong>:</strong></span> <span class='ocrx_word' id='word_1_552' title='bbox 1309 3960 1329 3993; x_wconf 73' lang='grc' dir='ltr'><strong>ι</strong></span> <span class='ocrx_word' id='word_1_553' title='bbox 1357 3940 1530 3996; x_wconf 91' lang='lat' dir='ltr'><strong>Deum</strong></span> <span class='ocrx_word' id='word_1_554' title='bbox 1554 3955 1719 3997; x_wconf 88' lang='lat' dir='ltr'><strong>nemo</strong></span> 
     </span>
    </p>
   </div>
   <div class='ocr_carea' id='block_1_71' title="bbox 121 4029 1717 4105">
    <p class='ocr_par' dir='ltr' id='par_1_71' title="bbox 121 4029 1717 4105">
     <span class='ocr_line' id='line_1_71' title="bbox 121 4029 1717 4105; baseline 0.003 -21"><span class='ocrx_word' id='word_1_555' title='bbox 121 4029 267 4087; x_wconf 72' lang='lat' dir='ltr'><strong>vidit</strong></span> <span class='ocrx_word' id='word_1_556' title='bbox 314 4046 579 4100; x_wconf 87' lang='lat' dir='ltr'><strong>unquam,</strong></span> <span class='ocrx_word' id='word_1_557' title='bbox 632 4032 740 4089; x_wconf 88' lang='lat' dir='ltr'><strong>nisi</strong></span> <span class='ocrx_word' id='word_1_558' title='bbox 786 4033 1104 4103; x_wconf 89' lang='lat' dir='ltr'><strong>nnigenitus</strong></span> <span class='ocrx_word' id='word_1_559' title='bbox 1146 4034 1343 4101; x_wconf 86' lang='lat' dir='ltr'><strong>Filius,</strong></span> <span class='ocrx_word' id='word_1_560' title='bbox 1387 4035 1482 4105; x_wconf 90' lang='lat' dir='ltr'><strong>qui</strong></span> <span class='ocrx_word' id='word_1_561' title='bbox 1534 4043 1621 4090; x_wconf 91' lang='lat' dir='ltr'><strong>est</strong></span> <span class='ocrx_word' id='word_1_562' title='bbox 1662 4033 1717 4088; x_wconf 91' lang='lat' dir='ltr'><strong>in</strong></span> 
     </span>
    </p>
   </div>
   <div class='ocr_carea' id='block_1_72' title="bbox 122 4117 1718 4181">
    <p class='ocr_par' dir='ltr' id='par_1_72' title="bbox 122 4117 1718 4181">
     <span class='ocr_line' id='line_1_72' title="bbox 122 4117 1718 4181; baseline 0.002 -5"><span class='ocrx_word' id='word_1_563' title='bbox 122 4124 254 4179; x_wconf 80' lang='lat' dir='ltr'><strong>sinu</strong></span> <span class='ocrx_word' id='word_1_564' title='bbox 288 4117 466 4177; x_wconf 80' lang='lat' dir='ltr'><strong>Patris</strong></span> <span class='ocrx_word' id='word_1_565' title='bbox 490 4121 556 4175; x_wconf 81' lang='grc'>³³.</span> <span class='ocrx_word' id='word_1_566' title='bbox 591 4141 611 4177; x_wconf 79' lang='grc' dir='ltr'><strong>ι</strong></span> <span class='ocrx_word' id='word_1_567' title='bbox 646 4121 705 4178; x_wconf 91' lang='lat' dir='ltr'><strong>Si</strong></span> <span class='ocrx_word' id='word_1_568' title='bbox 732 4123 880 4181; x_wconf 87' lang='lat' dir='ltr'><strong>enim</strong></span> <span class='ocrx_word' id='word_1_569' title='bbox 929 4124 985 4177; x_wconf 92' lang='lat' dir='ltr'><strong>in</strong></span> <span class='ocrx_word' id='word_1_570' title='bbox 1025 4125 1149 4180; x_wconf 90' lang='lat' dir='ltr'><strong>sinu</strong></span> <span class='ocrx_word' id='word_1_571' title='bbox 1180 4123 1360 4180; x_wconf 89' lang='lat' dir='ltr'><strong>Patris</strong></span> <span class='ocrx_word' id='word_1_572' title='bbox 1396 4132 1516 4181; x_wconf 87' lang='lat' dir='ltr'><strong>erat</strong></span> <span class='ocrx_word' id='word_1_573' title='bbox 1546 4123 1718 4179; x_wconf 89' lang='lat' dir='ltr'><strong>Filius</strong></span> 
     </span>
    </p>
   </div>
   <div class='ocr_carea' id='block_1_73' title="bbox 119 4212 1721 4277">
    <p class='ocr_par' dir='ltr' id='par_1_73' title="bbox 119 4212 1721 4277">
     <span class='ocr_line' id='line_1_73' title="bbox 119 4212 1721 4277; baseline 0.002 -10"><span class='ocrx_word' id='word_1_574' title='bbox 119 4213 200 4267; x_wconf 85' lang='lat' dir='ltr'><strong>ab</strong></span> <span class='ocrx_word' id='word_1_575' title='bbox 222 4212 404 4277; x_wconf 83' lang='lat' dir='ltr'><strong>initio,</strong></span> <span class='ocrx_word' id='word_1_576' title='bbox 436 4223 492 4269; x_wconf 90' lang='lat' dir='ltr'><strong>et</strong></span> <span class='ocrx_word' id='word_1_577' title='bbox 515 4230 582 4270; x_wconf 89' lang='lat' dir='ltr'><strong>ex</strong></span> <span class='ocrx_word' id='word_1_578' title='bbox 604 4215 770 4273; x_wconf 74' lang='lat' dir='ltr'><strong>corde</strong></span> <span class='ocrx_word' id='word_1_579' title='bbox 806 4214 986 4273; x_wconf 89' lang='lat' dir='ltr'><strong>Patris</strong></span> <span class='ocrx_word' id='word_1_580' title='bbox 1014 4217 1243 4272; x_wconf 91' lang='lat' dir='ltr'><strong>verbum</strong></span> <span class='ocrx_word' id='word_1_581' title='bbox 1268 4217 1474 4273; x_wconf 88' lang='lat' dir='ltr'><strong>bonum</strong></span> <span class='ocrx_word' id='word_1_582' title='bbox 1500 4227 1721 4273; x_wconf 74' lang='lat' dir='ltr'><strong>eructa—</strong></span> 
     </span>
    </p>
   </div>
   <div class='ocr_carea' id='block_1_74' title="bbox 1827 3196 3415 3271">
    <p class='ocr_par' dir='ltr' id='par_1_74' title="bbox 1827 3196 3415 3271">
     <span class='ocr_line' id='line_1_74' title="bbox 1827 3196 3415 3271; baseline 0.007 -21"><span class='ocrx_word' id='word_1_583' title='bbox 1827 3196 1972 3252; x_wconf 91' lang='lat' dir='ltr'><strong>huuc</strong></span> <span class='ocrx_word' id='word_1_584' title='bbox 2000 3199 2365 3270; x_wconf 90' lang='lat' dir='ltr'><strong>eumdemque</strong></span> <span class='ocrx_word' id='word_1_585' title='bbox 2395 3202 2673 3271; x_wconf 62' lang='lat' dir='ltr'><strong>prophetae</strong></span> <span class='ocrx_word' id='word_1_586' title='bbox 2699 3204 2801 3258; x_wconf 91' lang='lat' dir='ltr'><strong>sub</strong></span> <span class='ocrx_word' id='word_1_587' title='bbox 2837 3204 3171 3270; x_wconf 91' lang='lat' dir='ltr'><strong>testimonio,</strong></span> <span class='ocrx_word' id='word_1_588' title='bbox 3215 3205 3415 3261; x_wconf 84' lang='lat' dir='ltr'><strong>subse-</strong></span> 
     </span>
    </p>
   </div>
   <div class='ocr_carea' id='block_1_75' title="bbox 1823 3295 3414 3367">
    <p class='ocr_par' dir='ltr' id='par_1_75' title="bbox 1823 3295 3414 3367">
     <span class='ocr_line' id='line_1_75' title="bbox 1823 3295 3414 3367; baseline 0.006 -24"><span class='ocrx_word' id='word_1_589' title='bbox 1823 3300 2024 3360; x_wconf 86' lang='lat' dir='ltr'><strong>quente</strong></span> <span class='ocrx_word' id='word_1_590' title='bbox 2062 3307 2259 3348; x_wconf 85' lang='lat' dir='ltr'><strong>sereno</strong></span> <span class='ocrx_word' id='word_1_591' title='bbox 2286 3295 2487 3349; x_wconf 87' lang='lat' dir='ltr'><strong>mentis</strong></span> <span class='ocrx_word' id='word_1_592' title='bbox 2533 3295 2756 3361; x_wconf 90' lang='lat' dir='ltr'><strong>intuitu,</strong></span> <span class='ocrx_word' id='word_1_593' title='bbox 2791 3296 3119 3367; x_wconf 83' lang='lat' dir='ltr'><strong>investigare</strong></span> <span class='ocrx_word' id='word_1_594' title='bbox 3150 3298 3414 3365; x_wconf 87' lang='lat' dir='ltr'><strong>volueris,</strong></span> 
     </span>
    </p>
   </div>
   <div class='ocr_carea' id='block_1_76' title="bbox 1823 3382 3417 3459">
    <p class='ocr_par' dir='ltr' id='par_1_76' title="bbox 1823 3382 3417 3459">
     <span class='ocr_line' id='line_1_76' title="bbox 1823 3382 3417 3459; baseline 0.004 -21"><span class='ocrx_word' id='word_1_595' title='bbox 1823 3382 2070 3438; x_wconf 90' lang='lat' dir='ltr'><strong>invenies</strong></span> <span class='ocrx_word' id='word_1_596' title='bbox 2099 3383 2298 3439; x_wconf 82' lang='lat' dir='ltr'><strong>Filium</strong></span> <span class='ocrx_word' id='word_1_597' title='bbox 2337 3400 2443 3439; x_wconf 89' lang='lat' dir='ltr'><strong>non</strong></span> <span class='ocrx_word' id='word_1_598' title='bbox 2482 3400 2648 3454; x_wconf 83' lang='lat' dir='ltr'><strong>posse</strong></span> <span class='ocrx_word' id='word_1_599' title='bbox 2673 3387 2742 3442; x_wconf 91' lang='lat' dir='ltr'><strong>ab</strong></span> <span class='ocrx_word' id='word_1_600' title='bbox 2775 3388 2876 3443; x_wconf 88' lang='lat' dir='ltr'><strong>hac</strong></span> <span class='ocrx_word' id='word_1_601' title='bbox 2904 3387 3027 3444; x_wconf 91' lang='lat' dir='ltr'><strong>luce</strong></span> <span class='ocrx_word' id='word_1_602' title='bbox 3054 3389 3233 3445; x_wconf 85' lang='lat' dir='ltr'><strong>Patris</strong></span> <span class='ocrx_word' id='word_1_603' title='bbox 3266 3393 3417 3459; x_wconf 86' lang='lat' dir='ltr'><strong>peni-</strong></span> 
     </span>
    </p>
   </div>
   <div class='ocr_carea' id='block_1_77' title="bbox 1825 3475 3415 3546">
    <p class='ocr_par' dir='ltr' id='par_1_77' title="bbox 1825 3475 3415 3546">
     <span class='ocr_line' id='line_1_77' title="bbox 1825 3475 3415 3546; baseline 0.003 -15"><span class='ocrx_word' id='word_1_604' title='bbox 1825 3482 1913 3531; x_wconf 80' lang='lat' dir='ltr'><strong>tus</strong></span> <span class='ocrx_word' id='word_1_605' title='bbox 1942 3475 2220 3545; x_wconf 88' lang='lat' dir='ltr'><strong>separari;</strong></span> <span class='ocrx_word' id='word_1_606' title='bbox 2253 3477 2515 3546; x_wconf 89' lang='lat' dir='ltr'><strong>quoniam</strong></span> <span class='ocrx_word' id='word_1_607' title='bbox 2544 3495 2672 3533; x_wconf 86' lang='lat' dir='ltr'><strong>eum</strong></span> <span class='ocrx_word' id='word_1_608' title='bbox 2699 3479 2874 3535; x_wconf 84' lang='lat' dir='ltr'><strong>solum</strong></span> <span class='ocrx_word' id='word_1_609' title='bbox 2908 3479 3109 3535; x_wconf 85' lang='lat' dir='ltr'><strong>Filium</strong></span> <span class='ocrx_word' id='word_1_610' title='bbox 3131 3481 3331 3535; x_wconf 78' lang='lat' dir='ltr'><strong>dixerit</strong></span> <span class='ocrx_word' id='word_1_611' title='bbox 3360 3483 3415 3536; x_wconf 92' lang='lat' dir='ltr'><strong>in</strong></span> 
     </span>
    </p>
   </div>
   <div class='ocr_carea' id='block_1_78' title="bbox 1821 3565 3413 3639">
    <p class='ocr_par' dir='ltr' id='par_1_78' title="bbox 1821 3565 3413 3639">
     <span class='ocr_line' id='line_1_78' title="bbox 1821 3565 3413 3639; baseline 0.001 -16"><span class='ocrx_word' id='word_1_612' title='bbox 1821 3574 1964 3623; x_wconf 75' lang='lat' dir='ltr'><strong>terra</strong></span> <span class='ocrx_word' id='word_1_613' title='bbox 1999 3581 2129 3622; x_wconf 89' lang='lat' dir='ltr'><strong>cum</strong></span> <span class='ocrx_word' id='word_1_614' title='bbox 2156 3565 2474 3624; x_wconf 88' lang='lat' dir='ltr'><strong>hominibus</strong></span> <span class='ocrx_word' id='word_1_615' title='bbox 2509 3579 2923 3635; x_wconf 84' lang='lat' dir='ltr'><strong>eonversatum,</strong></span> <span class='ocrx_word' id='word_1_616' title='bbox 2945 3569 3163 3628; x_wconf 91' lang='lat' dir='ltr'><strong>Patrem</strong></span> <span class='ocrx_word' id='word_1_617' title='bbox 3196 3572 3265 3626; x_wconf 93' lang='lat' dir='ltr'><strong>ab</strong></span> <span class='ocrx_word' id='word_1_618' title='bbox 3295 3573 3413 3639; x_wconf 88' lang='lat' dir='ltr'><strong>illo,</strong></span> 
     </span>
    </p>
   </div>
   <div class='ocr_carea' id='block_1_79' title="bbox 1822 3660 3415 3719">
    <p class='ocr_par' dir='ltr' id='par_1_79' title="bbox 1822 3660 3415 3719">
     <span class='ocr_line' id='line_1_79' title="bbox 1822 3660 3415 3719; baseline 0.005 -8"><span class='ocrx_word' id='word_1_619' title='bbox 1822 3673 1930 3711; x_wconf 88' lang='lat' dir='ltr'><strong>non</strong></span> <span class='ocrx_word' id='word_1_620' title='bbox 1983 3667 2068 3715; x_wconf 87' lang='lat' dir='ltr'><strong>est</strong></span> <span class='ocrx_word' id='word_1_621' title='bbox 2114 3660 2445 3716; x_wconf 86' lang='lat' dir='ltr'><strong>credendum</strong></span> <span class='ocrx_word' id='word_1_622' title='bbox 2477 3661 2593 3717; x_wconf 90' lang='lat' dir='ltr'><strong>ﬁeri</strong></span> <span class='ocrx_word' id='word_1_623' title='bbox 2635 3663 2894 3718; x_wconf 85' lang='lat' dir='ltr'><strong>alienum.</strong></span> <span class='ocrx_word' id='word_1_624' title='bbox 2940 3682 2959 3716; x_wconf 75' lang='grc' dir='ltr'><strong>ι</strong></span> <span class='ocrx_word' id='word_1_625' title='bbox 2996 3662 3041 3696; x_wconf 79' lang='grc'><strong>³³</strong></span> <span class='ocrx_word' id='word_1_626' title='bbox 3073 3662 3128 3718; x_wconf 87' lang='lat' dir='ltr'><strong>Si</strong></span> <span class='ocrx_word' id='word_1_627' title='bbox 3166 3665 3415 3719; x_wconf 90' lang='lat' dir='ltr'><strong>testimo-</strong></span> 
     </span>
    </p>
   </div>
   <div class='ocr_carea' id='block_1_80' title="bbox 1821 3751 3411 3825">
    <p class='ocr_par' dir='ltr' id='par_1_80' title="bbox 1821 3751 3411 3825">
     <span class='ocr_line' id='line_1_80' title="bbox 1821 3751 3411 3825; baseline 0.004 -21"><span class='ocrx_word' id='word_1_628' title='bbox 1821 3751 1973 3805; x_wconf 88' lang='lat' dir='ltr'><strong>nium</strong></span> <span class='ocrx_word' id='word_1_629' title='bbox 2024 3751 2173 3807; x_wconf 89' lang='lat' dir='ltr'><strong>enim</strong></span> <span class='ocrx_word' id='word_1_630' title='bbox 2222 3753 2503 3809; x_wconf 89' lang='lat' dir='ltr'><strong>hominum</strong></span> <span class='ocrx_word' id='word_1_631' title='bbox 2538 3757 2861 3825; x_wconf 81' lang='lat' dir='ltr'><strong>accipimus,</strong></span> <span class='ocrx_word' id='word_1_632' title='bbox 2901 3757 3277 3813; x_wconf 89' lang='lat' dir='ltr'><strong>testimonium</strong></span> <span class='ocrx_word' id='word_1_633' title='bbox 3313 3757 3411 3811; x_wconf 85' lang='lat' dir='ltr'><strong>Dei</strong></span> 
     </span>
    </p>
   </div>
   <div class='ocr_carea' id='block_1_81' title="bbox 1820 3842 3410 3919">
    <p class='ocr_par' dir='ltr' id='par_1_81' title="bbox 1820 3842 3410 3919">
     <span class='ocr_line' id='line_1_81' title="bbox 1820 3842 3410 3919; baseline 0.003 -20"><span class='ocrx_word' id='word_1_634' title='bbox 1820 3842 2000 3912; x_wconf 83' lang='lat' dir='ltr'><strong>majus</strong></span> <span class='ocrx_word' id='word_1_635' title='bbox 2039 3853 2143 3900; x_wconf 89' lang='lat' dir='ltr'><strong>est.</strong></span> <span class='ocrx_word' id='word_1_636' title='bbox 2172 3844 2443 3911; x_wconf 82' lang='lat' dir='ltr'><strong>Quoniam</strong></span> <span class='ocrx_word' id='word_1_637' title='bbox 2478 3848 2583 3903; x_wconf 89' lang='lat' dir='ltr'><strong>hoc</strong></span> <span class='ocrx_word' id='word_1_638' title='bbox 2620 3857 2706 3904; x_wconf 87' lang='lat' dir='ltr'><strong>est</strong></span> <span class='ocrx_word' id='word_1_639' title='bbox 2740 3849 3112 3905; x_wconf 91' lang='lat' dir='ltr'><strong>testimonium</strong></span> <span class='ocrx_word' id='word_1_640' title='bbox 3142 3848 3235 3904; x_wconf 84' lang='lat' dir='ltr'><strong>Dei</strong></span> <span class='ocrx_word' id='word_1_641' title='bbox 3263 3850 3410 3919; x_wconf 91' lang='lat' dir='ltr'><strong>quod</strong></span> 
     </span>
    </p>
   </div>
   <div class='ocr_carea' id='block_1_82' title="bbox 1823 3935 3411 4016">
    <p class='ocr_par' dir='ltr' id='par_1_82' title="bbox 1823 3935 3411 4016">
     <span class='ocr_line' id='line_1_82' title="bbox 1823 3935 3411 4016; baseline 0.006 -28"><span class='ocrx_word' id='word_1_642' title='bbox 1823 3935 1999 4005; x_wconf 86' lang='lat' dir='ltr'><strong>majus</strong></span> <span class='ocrx_word' id='word_1_643' title='bbox 2039 3946 2142 4002; x_wconf 90' lang='lat' dir='ltr'><strong>est,</strong></span> <span class='ocrx_word' id='word_1_644' title='bbox 2176 3938 2305 4007; x_wconf 91' lang='lat' dir='ltr'><strong>quia</strong></span> <span class='ocrx_word' id='word_1_645' title='bbox 2349 3939 2672 3996; x_wconf 79' lang='lat' dir='ltr'><strong>testificatus</strong></span> <span class='ocrx_word' id='word_1_646' title='bbox 2716 3951 2800 3997; x_wconf 84' lang='lat' dir='ltr'><strong>est</strong></span> <span class='ocrx_word' id='word_1_647' title='bbox 2844 3943 2912 3997; x_wconf 89' lang='lat' dir='ltr'><strong>de</strong></span> <span class='ocrx_word' id='word_1_648' title='bbox 2956 3941 3096 4016; x_wconf 87' lang='lat' dir='ltr'><strong>Filio</strong></span> <span class='ocrx_word' id='word_1_649' title='bbox 3145 3957 3268 3998; x_wconf 89' lang='lat' dir='ltr'><strong>suo.</strong></span> <span class='ocrx_word' id='word_1_650' title='bbox 3304 3940 3411 4008; x_wconf 88' lang='lat' dir='ltr'><strong>Qui</strong></span> 
     </span>
    </p>
   </div>
   <div class='ocr_carea' id='block_1_83' title="bbox 1818 4031 3410 4102">
    <p class='ocr_par' dir='ltr' id='par_1_83' title="bbox 1818 4031 3410 4102">
     <span class='ocr_line' id='line_1_83' title="bbox 1818 4031 3410 4102; baseline 0.003 -15"><span class='ocrx_word' id='word_1_651' title='bbox 1818 4031 1988 4087; x_wconf 89' lang='lat' dir='ltr'><strong>credit</strong></span> <span class='ocrx_word' id='word_1_652' title='bbox 2044 4033 2100 4087; x_wconf 91' lang='lat' dir='ltr'><strong>in</strong></span> <span class='ocrx_word' id='word_1_653' title='bbox 2147 4032 2346 4088; x_wconf 91' lang='lat' dir='ltr'><strong>Filium</strong></span> <span class='ocrx_word' id='word_1_654' title='bbox 2400 4034 2531 4102; x_wconf 90' lang='lat' dir='ltr'><strong>Dei,</strong></span> <span class='ocrx_word' id='word_1_655' title='bbox 2587 4036 2752 4092; x_wconf 89' lang='lat' dir='ltr'><strong>habet</strong></span> <span class='ocrx_word' id='word_1_656' title='bbox 2789 4037 3161 4092; x_wconf 89' lang='lat' dir='ltr'><strong>testimonium</strong></span> <span class='ocrx_word' id='word_1_657' title='bbox 3209 4035 3303 4091; x_wconf 85' lang='lat' dir='ltr'><strong>Dei</strong></span> <span class='ocrx_word' id='word_1_658' title='bbox 3352 4037 3410 4092; x_wconf 91' lang='lat' dir='ltr'><strong>in</strong></span> 
     </span>
    </p>
   </div>
   <div class='ocr_carea' id='block_1_84' title="bbox 1818 4123 3405 4195">
    <p class='ocr_par' dir='ltr' id='par_1_84' title="bbox 1818 4123 3405 4195">
     <span class='ocr_line' id='line_1_84' title="bbox 1818 4123 3405 4195; baseline 0.002 -17"><span class='ocrx_word' id='word_1_659' title='bbox 1818 4139 1899 4179; x_wconf 90' lang='lat' dir='ltr'><strong>se.</strong></span> <span class='ocrx_word' id='word_1_660' title='bbox 1930 4123 2037 4189; x_wconf 92' lang='lat' dir='ltr'><strong>Qui</strong></span> <span class='ocrx_word' id='word_1_661' title='bbox 2064 4139 2177 4181; x_wconf 90' lang='lat' dir='ltr'><strong>non</strong></span> <span class='ocrx_word' id='word_1_662' title='bbox 2208 4126 2384 4182; x_wconf 86' lang='lat' dir='ltr'><strong>credit</strong></span> <span class='ocrx_word' id='word_1_663' title='bbox 2411 4126 2469 4183; x_wconf 87' lang='lat' dir='ltr'><strong>in</strong></span> <span class='ocrx_word' id='word_1_664' title='bbox 2495 4127 2718 4195; x_wconf 90' lang='lat' dir='ltr'><strong>Filium,</strong></span> <span class='ocrx_word' id='word_1_665' title='bbox 2753 4129 3070 4184; x_wconf 88' lang='lat' dir='ltr'><strong>mendacem</strong></span> <span class='ocrx_word' id='word_1_666' title='bbox 3102 4127 3233 4184; x_wconf 87' lang='lat' dir='ltr'><strong>facit</strong></span> <span class='ocrx_word' id='word_1_667' title='bbox 3252 4143 3405 4195; x_wconf 90' lang='lat' dir='ltr'><strong>eum,</strong></span> 
     </span>
    </p>
   </div>
   <div class='ocr_carea' id='block_1_85' title="bbox 1817 4217 3410 4293">
    <p class='ocr_par' dir='ltr' id='par_1_85' title="bbox 1817 4217 3410 4293">
     <span class='ocr_line' id='line_1_85' title="bbox 1817 4217 3410 4293; baseline 0.001 -18"><span class='ocrx_word' id='word_1_668' title='bbox 1817 4217 1948 4286; x_wconf 85' lang='lat' dir='ltr'><strong>quia</strong></span> <span class='ocrx_word' id='word_1_669' title='bbox 1989 4232 2101 4274; x_wconf 87' lang='lat' dir='ltr'><strong>uon</strong></span> <span class='ocrx_word' id='word_1_670' title='bbox 2142 4219 2319 4275; x_wconf 87' lang='lat' dir='ltr'><strong>credit</strong></span> <span class='ocrx_word' id='word_1_671' title='bbox 2361 4220 2416 4274; x_wconf 92' lang='lat' dir='ltr'><strong>in</strong></span> <span class='ocrx_word' id='word_1_672' title='bbox 2453 4221 2847 4288; x_wconf 86' lang='lat' dir='ltr'><strong>testimonium,</strong></span> <span class='ocrx_word' id='word_1_673' title='bbox 2888 4223 3034 4293; x_wconf 86' lang='lat' dir='ltr'><strong>quod</strong></span> <span class='ocrx_word' id='word_1_674' title='bbox 3082 4222 3410 4277; x_wconf 85' lang='lat' dir='ltr'><strong>testiﬁcatus</strong></span> 
     </span>
    </p>
   </div>
   <div class='ocr_carea' id='block_1_86' title="bbox 122 4307 3405 4381">
    <p class='ocr_par' dir='ltr' id='par_1_86' title="bbox 122 4307 3405 4381">
     <span class='ocr_line' id='line_1_86' title="bbox 122 4307 3405 4381; baseline 0.004 -23"><span class='ocrx_word' id='word_1_675' title='bbox 122 4313 248 4360; x_wconf 82' lang='lat' dir='ltr'><strong>tum</strong></span> <span class='ocrx_word' id='word_1_676' title='bbox 280 4313 386 4371; x_wconf 89' lang='lat' dir='ltr'><strong>est,</strong></span> <span class='ocrx_word' id='word_1_677' title='bbox 416 4307 693 4376; x_wconf 88' lang='lat' dir='ltr'><strong>quomodo</strong></span> <span class='ocrx_word' id='word_1_678' title='bbox 717 4322 828 4362; x_wconf 92' lang='lat' dir='ltr'><strong>non</strong></span> <span class='ocrx_word' id='word_1_679' title='bbox 860 4309 915 4362; x_wconf 92' lang='lat' dir='ltr'><strong>in</strong></span> <span class='ocrx_word' id='word_1_680' title='bbox 939 4308 1104 4365; x_wconf 88' lang='lat' dir='ltr'><strong>corde</strong></span> <span class='ocrx_word' id='word_1_681' title='bbox 1133 4317 1364 4379; x_wconf 90' lang='lat' dir='ltr'><strong>paterno</strong></span> <span class='ocrx_word' id='word_1_682' title='bbox 1387 4309 1716 4375; x_wconf 89' lang='lat' dir='ltr'><strong>consistens,</strong></span> <span class='ocrx_word' id='word_1_683' title='bbox 1816 4317 1899 4365; x_wconf 90' lang='lat' dir='ltr'><strong>est</strong></span> <span class='ocrx_word' id='word_1_684' title='bbox 1936 4308 2080 4367; x_wconf 85' lang='lat' dir='ltr'><strong>Deus</strong></span> <span class='ocrx_word' id='word_1_685' title='bbox 2120 4312 2189 4367; x_wconf 87' lang='lat' dir='ltr'><strong>de</strong></span> <span class='ocrx_word' id='word_1_686' title='bbox 2227 4311 2369 4367; x_wconf 88' lang='lat' dir='ltr'><strong>Filio</strong></span> <span class='ocrx_word' id='word_1_687' title='bbox 2420 4329 2544 4369; x_wconf 90' lang='lat' dir='ltr'><strong>suo.</strong></span> <span class='ocrx_word' id='word_1_688' title='bbox 2590 4312 2657 4368; x_wconf 88' lang='lat' dir='ltr'><strong>Et</strong></span> <span class='ocrx_word' id='word_1_689' title='bbox 2710 4313 2817 4370; x_wconf 91' lang='lat' dir='ltr'><strong>hoc</strong></span> <span class='ocrx_word' id='word_1_690' title='bbox 2867 4325 2953 4370; x_wconf 92' lang='lat' dir='ltr'><strong>est</strong></span> <span class='ocrx_word' id='word_1_691' title='bbox 3007 4315 3405 4381; x_wconf 89' lang='lat' dir='ltr'><strong>testimonium,</strong></span> 
     </span>
    </p>
   </div>
   <div class='ocr_carea' id='block_1_87' title="bbox 123 4395 3409 4472">
    <p class='ocr_par' dir='ltr' id='par_1_87' title="bbox 123 4395 3409 4472">
     <span class='ocr_line' id='line_1_87' title="bbox 123 4395 3409 4472; baseline 0.003 -23"><span class='ocrx_word' id='word_1_692' title='bbox 123 4395 311 4451; x_wconf 86' lang='lat' dir='ltr'><strong>lucem</strong></span> <span class='ocrx_word' id='word_1_693' title='bbox 339 4413 465 4453; x_wconf 93' lang='lat' dir='ltr'><strong>eum</strong></span> <span class='ocrx_word' id='word_1_694' title='bbox 499 4398 689 4455; x_wconf 89' lang='lat' dir='ltr'><strong>eodem</strong></span> <span class='ocrx_word' id='word_1_695' title='bbox 724 4400 1157 4456; x_wconf 88' lang='lat' dir='ltr'><strong>iuaceessibilem</strong></span> <span class='ocrx_word' id='word_1_696' title='bbox 1180 4400 1458 4456; x_wconf 88' lang='lat' dir='ltr'><strong>habitasse</strong></span> <span class='ocrx_word' id='word_1_697' title='bbox 1485 4402 1717 4456; x_wconf 90' lang='lat' dir='ltr'><strong>creden-</strong></span> <span class='ocrx_word' id='word_1_698' title='bbox 1817 4401 2081 4470; x_wconf 88' lang='lat' dir='ltr'><strong>quoniam</strong></span> <span class='ocrx_word' id='word_1_699' title='bbox 2126 4404 2292 4458; x_wconf 90' lang='lat' dir='ltr'><strong>vitam</strong></span> <span class='ocrx_word' id='word_1_700' title='bbox 2319 4413 2578 4459; x_wconf 62' lang='lat' dir='ltr'><strong>aeternam</strong></span> <span class='ocrx_word' id='word_1_701' title='bbox 2629 4405 2777 4460; x_wconf 90' lang='lat' dir='ltr'><strong>dedit</strong></span> <span class='ocrx_word' id='word_1_702' title='bbox 2821 4405 2979 4459; x_wconf 87' lang='lat' dir='ltr'><strong>nobis</strong></span> <span class='ocrx_word' id='word_1_703' title='bbox 3011 4403 3176 4472; x_wconf 89' lang='lat' dir='ltr'><strong>Deus,</strong></span> <span class='ocrx_word' id='word_1_704' title='bbox 3207 4413 3262 4458; x_wconf 84' lang='lat' dir='ltr'><strong>et</strong></span> <span class='ocrx_word' id='word_1_705' title='bbox 3294 4404 3409 4460; x_wconf 86' lang='lat' dir='ltr'><strong>haec</strong></span> 
     </span>
    </p>
   </div>
   <div class='ocr_carea' id='block_1_88' title="bbox 119 4487 3408 4566">
    <p class='ocr_par' dir='ltr' id='par_1_88' title="bbox 119 4487 3408 4566">
     <span class='ocr_line' id='line_1_88' title="bbox 119 4487 3408 4566; baseline 0.002 -22"><span class='ocrx_word' id='word_1_706' title='bbox 119 4491 233 4545; x_wconf 86' lang='lat' dir='ltr'><strong>dus</strong></span> <span class='ocrx_word' id='word_1_707' title='bbox 273 4491 397 4546; x_wconf 85' lang='lat' dir='ltr'><strong>est?</strong></span> <span class='ocrx_word' id='word_1_708' title='bbox 420 4489 678 4563; x_wconf 85' lang='lat' dir='ltr'><strong>Nunquid</strong></span> <span class='ocrx_word' id='word_1_709' title='bbox 708 4491 874 4549; x_wconf 89' lang='lat' dir='ltr'><strong>Pater</strong></span> <span class='ocrx_word' id='word_1_710' title='bbox 902 4494 1110 4564; x_wconf 87' lang='lat' dir='ltr'><strong>absque</strong></span> <span class='ocrx_word' id='word_1_711' title='bbox 1150 4494 1260 4548; x_wconf 90' lang='lat' dir='ltr'><strong>ulla</strong></span> <span class='ocrx_word' id='word_1_712' title='bbox 1309 4495 1431 4551; x_wconf 89' lang='lat' dir='ltr'><strong>luce</strong></span> <span class='ocrx_word' id='word_1_713' title='bbox 1472 4494 1529 4549; x_wconf 91' lang='lat' dir='ltr'><strong>in</strong></span> <span class='ocrx_word' id='word_1_714' title='bbox 1576 4493 1720 4552; x_wconf 87' lang='lat' dir='ltr'><strong>Filio</strong></span> <span class='ocrx_word' id='word_1_715' title='bbox 1750 4487 1791 4542; x_wconf 92' lang='lat' dir='ltr'><strong>D</strong></span> <span class='ocrx_word' id='word_1_716' title='bbox 1821 4492 1929 4547; x_wconf 85' lang='lat' dir='ltr'><strong>vita</strong></span> <span class='ocrx_word' id='word_1_717' title='bbox 1962 4502 2046 4549; x_wconf 89' lang='lat' dir='ltr'><strong>est</strong></span> <span class='ocrx_word' id='word_1_718' title='bbox 2078 4496 2131 4549; x_wconf 92' lang='lat' dir='ltr'><strong>in</strong></span> <span class='ocrx_word' id='word_1_719' title='bbox 2166 4494 2305 4551; x_wconf 87' lang='lat' dir='ltr'><strong>Filio</strong></span> <span class='ocrx_word' id='word_1_720' title='bbox 2335 4496 2472 4566; x_wconf 86' lang='lat' dir='ltr'><strong>ejus.</strong></span> <span class='ocrx_word' id='word_1_721' title='bbox 2511 4495 2614 4565; x_wconf 92' lang='lat' dir='ltr'><strong>Qui</strong></span> <span class='ocrx_word' id='word_1_722' title='bbox 2659 4496 2824 4552; x_wconf 90' lang='lat' dir='ltr'><strong>habet</strong></span> <span class='ocrx_word' id='word_1_723' title='bbox 2871 4496 3094 4564; x_wconf 87' lang='lat' dir='ltr'><strong>Filium,</strong></span> <span class='ocrx_word' id='word_1_724' title='bbox 3132 4496 3297 4551; x_wconf 89' lang='lat' dir='ltr'><strong>habet</strong></span> <span class='ocrx_word' id='word_1_725' title='bbox 3318 4497 3408 4551; x_wconf 51' lang='grc' dir='ltr'><strong>τίς</strong></span> 
     </span>
    </p>
   </div>
   <div class='ocr_carea' id='block_1_89' title="bbox 121 4583 3402 4656">
    <p class='ocr_par' dir='ltr' id='par_1_89' title="bbox 121 4583 3402 4656">
     <span class='ocr_line' id='line_1_89' title="bbox 121 4583 3402 4656; baseline 0.002 -18"><span class='ocrx_word' id='word_1_726' title='bbox 121 4583 307 4653; x_wconf 77' lang='lat' dir='ltr'><strong>patuit</strong></span> <span class='ocrx_word' id='word_1_727' title='bbox 334 4599 704 4654; x_wconf 88' lang='lat' dir='ltr'><strong>commanere,</strong></span> <span class='ocrx_word' id='word_1_728' title='bbox 736 4587 910 4642; x_wconf 91' lang='lat' dir='ltr'><strong>autin</strong></span> <span class='ocrx_word' id='word_1_729' title='bbox 940 4587 1291 4644; x_wconf 85' lang='lat' dir='ltr'><strong>tabernaculo</strong></span> <span class='ocrx_word' id='word_1_730' title='bbox 1320 4586 1446 4642; x_wconf 86' lang='lat' dir='ltr'><strong>Filii</strong></span> <span class='ocrx_word' id='word_1_731' title='bbox 1470 4587 1589 4643; x_wconf 92' lang='lat' dir='ltr'><strong>sine</strong></span> <span class='ocrx_word' id='word_1_732' title='bbox 1619 4602 1714 4644; x_wconf 83' lang='lat' dir='ltr'><strong>ea-</strong></span> <span class='ocrx_word' id='word_1_733' title='bbox 1821 4596 1966 4652; x_wconf 90' lang='lat' dir='ltr'><strong>tam;</strong></span> <span class='ocrx_word' id='word_1_734' title='bbox 1997 4587 2091 4656; x_wconf 88' lang='lat' dir='ltr'><strong>qui</strong></span> <span class='ocrx_word' id='word_1_735' title='bbox 2123 4602 2233 4642; x_wconf 87' lang='lat' dir='ltr'><strong>non</strong></span> <span class='ocrx_word' id='word_1_736' title='bbox 2262 4588 2424 4643; x_wconf 89' lang='lat' dir='ltr'><strong>habet</strong></span> <span class='ocrx_word' id='word_1_737' title='bbox 2449 4587 2649 4644; x_wconf 84' lang='lat' dir='ltr'><strong>Filium</strong></span> <span class='ocrx_word' id='word_1_738' title='bbox 2684 4588 2800 4654; x_wconf 89' lang='lat' dir='ltr'><strong>Dei,</strong></span> <span class='ocrx_word' id='word_1_739' title='bbox 2845 4603 2959 4643; x_wconf 87' lang='lat' dir='ltr'><strong>non</strong></span> <span class='ocrx_word' id='word_1_740' title='bbox 3010 4588 3173 4645; x_wconf 88' lang='lat' dir='ltr'><strong>habet</strong></span> <span class='ocrx_word' id='word_1_741' title='bbox 3214 4590 3402 4644; x_wconf 89' lang='lat' dir='ltr'><strong>vitam.</strong></span> 
     </span>
    </p>
   </div>
   <div class='ocr_carea' id='block_1_90' title="bbox 121 4676 3407 4751">
    <p class='ocr_par' dir='ltr' id='par_1_90' title="bbox 121 4676 3407 4751">
     <span class='ocr_line' id='line_1_90' title="bbox 121 4676 3407 4751; baseline 0.001 -20"><span class='ocrx_word' id='word_1_742' title='bbox 121 4676 254 4732; x_wconf 84' lang='lat' dir='ltr'><strong>dem</strong></span> <span class='ocrx_word' id='word_1_743' title='bbox 292 4678 469 4746; x_wconf 88' lang='lat' dir='ltr'><strong>potuit</strong></span> <span class='ocrx_word' id='word_1_744' title='bbox 491 4680 877 4750; x_wconf 50' lang='lat' dir='ltr'><strong>,requiescere,</strong></span> <span class='ocrx_word' id='word_1_745' title='bbox 917 4695 1042 4736; x_wconf 87' lang='lat' dir='ltr'><strong>eum</strong></span> <span class='ocrx_word' id='word_1_746' title='bbox 1076 4679 1218 4735; x_wconf 90' lang='lat' dir='ltr'><strong>idem</strong></span> <span class='ocrx_word' id='word_1_747' title='bbox 1250 4679 1423 4736; x_wconf 87' lang='lat' dir='ltr'><strong>Filius</strong></span> <span class='ocrx_word' id='word_1_748' title='bbox 1454 4698 1473 4730; x_wconf 76' lang='grc' dir='ltr'><strong><em>σ</em></strong></span> <span class='ocrx_word' id='word_1_749' title='bbox 1509 4680 1715 4737; x_wconf 82' lang='lat' dir='ltr'><strong>candor</strong></span> <span class='ocrx_word' id='word_1_750' title='bbox 1822 4679 1945 4736; x_wconf 67' lang='lat' dir='ltr'><strong>Haec</strong></span> <span class='ocrx_word' id='word_1_751' title='bbox 1975 4681 2158 4736; x_wconf 90' lang='lat' dir='ltr'><strong>scribo</strong></span> <span class='ocrx_word' id='word_1_752' title='bbox 2185 4681 2363 4747; x_wconf 83' lang='lat' dir='ltr'><strong>vobis,</strong></span> <span class='ocrx_word' id='word_1_753' title='bbox 2394 4690 2456 4737; x_wconf 90' lang='lat' dir='ltr'><strong>ut</strong></span> <span class='ocrx_word' id='word_1_754' title='bbox 2493 4681 2705 4748; x_wconf 83' lang='lat' dir='ltr'><strong>sciatis,</strong></span> <span class='ocrx_word' id='word_1_755' title='bbox 2737 4682 2998 4751; x_wconf 88' lang='lat' dir='ltr'><strong>quoniam</strong></span> <span class='ocrx_word' id='word_1_756' title='bbox 3037 4682 3202 4736; x_wconf 83' lang='lat' dir='ltr'><strong>vitam</strong></span> <span class='ocrx_word' id='word_1_757' title='bbox 3237 4682 3407 4735; x_wconf 88' lang='lat' dir='ltr'><strong>habe-</strong></span> 
     </span>
    </p>
   </div>
   <div class='ocr_carea' id='block_1_91' title="bbox 121 4769 3403 4842">
    <p class='ocr_par' dir='ltr' id='par_1_91' title="bbox 121 4769 3403 4842">
     <span class='ocr_line' id='line_1_91' title="bbox 121 4769 3403 4842; baseline 0.002 -19"><span class='ocrx_word' id='word_1_758' title='bbox 121 4769 199 4823; x_wconf 88' lang='lat' dir='ltr'><strong>sit</strong></span> <span class='ocrx_word' id='word_1_759' title='bbox 211 4771 607 4838; x_wconf 64' lang='lat' dir='ltr'><strong>aeternaelucis,</strong></span> <span class='ocrx_word' id='word_1_760' title='bbox 624 4772 973 4841; x_wconf 86' lang='lat' dir='ltr'><strong>etspeculum</strong></span> <span class='ocrx_word' id='word_1_761' title='bbox 992 4772 1110 4827; x_wconf 86' lang='lat' dir='ltr'><strong>sine</strong></span> <span class='ocrx_word' id='word_1_762' title='bbox 1135 4773 1352 4828; x_wconf 87' lang='lat' dir='ltr'><strong>macula</strong></span> <span class='ocrx_word' id='word_1_763' title='bbox 1374 4772 1705 4829; x_wconf 61' lang='lat' dir='ltr'><strong>deitatis“)</strong></span> <span class='ocrx_word' id='word_1_764' title='bbox 1819 4772 1890 4829; x_wconf 90' lang='lat' dir='ltr'><strong>tis</strong></span> <span class='ocrx_word' id='word_1_765' title='bbox 1921 4781 2185 4827; x_wconf 57' lang='lat' dir='ltr'><strong>aeternam</strong></span> <span class='ocrx_word' id='word_1_766' title='bbox 2207 4774 2301 4842; x_wconf 88' lang='lat' dir='ltr'><strong>qui</strong></span> <span class='ocrx_word' id='word_1_767' title='bbox 2326 4772 2547 4828; x_wconf 86' lang='lat' dir='ltr'><strong>creditis</strong></span> <span class='ocrx_word' id='word_1_768' title='bbox 2571 4773 2624 4827; x_wconf 81' lang='lat' dir='ltr'><strong>in</strong></span> <span class='ocrx_word' id='word_1_769' title='bbox 2652 4774 2875 4827; x_wconf 85' lang='lat' dir='ltr'><strong>nomine</strong></span> <span class='ocrx_word' id='word_1_770' title='bbox 2896 4771 3019 4826; x_wconf 88' lang='lat' dir='ltr'><strong>Filii</strong></span> <span class='ocrx_word' id='word_1_771' title='bbox 3046 4772 3160 4826; x_wconf 83' lang='lat' dir='ltr'><strong>Dei.</strong></span> <span class='ocrx_word' id='word_1_772' title='bbox 3189 4772 3256 4827; x_wconf 86' lang='lat' dir='ltr'><strong>Et</strong></span> <span class='ocrx_word' id='word_1_773' title='bbox 3286 4772 3403 4828; x_wconf 72' lang='lat' dir='ltr'><strong>haec</strong></span> 
     </span>
    </p>
   </div>
   <div class='ocr_carea' id='block_1_92' title="bbox 124 4860 3485 4935">
    <p class='ocr_par' dir='ltr' id='par_1_92' title="bbox 124 4860 3485 4935">
     <span class='ocr_line' id='line_1_92' title="bbox 124 4860 3485 4935; baseline 0.001 -22"><span class='ocrx_word' id='word_1_774' title='bbox 124 4860 389 4916; x_wconf 87' lang='lat' dir='ltr'><strong>Salomon</strong></span> <span class='ocrx_word' id='word_1_775' title='bbox 422 4877 754 4932; x_wconf 86' lang='lat' dir='ltr'><strong>superquam</strong></span> <span class='ocrx_word' id='word_1_776' title='bbox 791 4863 1022 4918; x_wconf 87' lang='lat' dir='ltr'><strong>salutem</strong></span> <span class='ocrx_word' id='word_1_777' title='bbox 1055 4878 1211 4919; x_wconf 88' lang='lat' dir='ltr'><strong>suam</strong></span> <span class='ocrx_word' id='word_1_778' title='bbox 1249 4862 1506 4921; x_wconf 80' lang='lat' dir='ltr'><strong>dilexisse</strong></span> <span class='ocrx_word' id='word_1_779' title='bbox 1537 4877 1597 4918; x_wconf 90' lang='lat' dir='ltr'><strong>se</strong></span> <span class='ocrx_word' id='word_1_780' title='bbox 1627 4863 1713 4918; x_wconf 90' lang='lat' dir='ltr'><strong>di-</strong></span> <span class='ocrx_word' id='word_1_781' title='bbox 1816 4872 1897 4919; x_wconf 91' lang='lat' dir='ltr'><strong>est</strong></span> <span class='ocrx_word' id='word_1_782' title='bbox 1920 4863 2119 4919; x_wconf 85' lang='lat' dir='ltr'><strong>ﬁducia</strong></span> <span class='ocrx_word' id='word_1_783' title='bbox 2143 4880 2309 4935; x_wconf 88' lang='lat' dir='ltr'><strong>quam</strong></span> <span class='ocrx_word' id='word_1_784' title='bbox 2337 4864 2603 4921; x_wconf 88' lang='lat' dir='ltr'><strong>habemus</strong></span> <span class='ocrx_word' id='word_1_785' title='bbox 2626 4864 2693 4919; x_wconf 91' lang='lat' dir='ltr'><strong>ad</strong></span> <span class='ocrx_word' id='word_1_786' title='bbox 2716 4865 3011 4934; x_wconf 89' lang='lat' dir='ltr'><strong>eum,quia</strong></span> <span class='ocrx_word' id='word_1_787' title='bbox 3036 4863 3405 4934; x_wconf 83' lang='lat' dir='ltr'><strong>quodcunque</strong></span> <span class='ocrx_word' id='word_1_788' title='bbox 3480 4875 3485 4880; x_wconf 85' lang='lat'><strong><em>&#39;</em></strong></span> 
     </span>
    </p>
   </div>
   <div class='ocr_carea' id='block_1_93' title="bbox 120 4951 1711 5027">
    <p class='ocr_par' dir='ltr' id='par_1_93' title="bbox 120 4951 1711 5027">
     <span class='ocr_line' id='line_1_93' title="bbox 120 4951 1711 5027; baseline 0.001 -20"><span class='ocrx_word' id='word_1_789' title='bbox 120 4952 218 5017; x_wconf 88' lang='lat' dir='ltr'><strong>cit,</strong></span> <span class='ocrx_word' id='word_1_790' title='bbox 245 4951 303 5006; x_wconf 89' lang='lat' dir='ltr'><strong>in</strong></span> <span class='ocrx_word' id='word_1_791' title='bbox 329 4951 490 5022; x_wconf 85' lang='lat' dir='ltr'><strong>cujus</strong></span> <span class='ocrx_word' id='word_1_792' title='bbox 532 4953 713 5021; x_wconf 80' lang='lat' dir='ltr'><strong>specie</strong></span> <span class='ocrx_word' id='word_1_793' title='bbox 736 4968 952 5023; x_wconf 86' lang='lat' dir='ltr'><strong>semper</strong></span> <span class='ocrx_word' id='word_1_794' title='bbox 973 4953 1232 5010; x_wconf 86' lang='lat' dir='ltr'><strong>delectari</strong></span> <span class='ocrx_word' id='word_1_795' title='bbox 1266 4954 1522 5027; x_wconf 80' lang='lat' dir='ltr'><strong>gestivit?</strong></span> <span class='ocrx_word' id='word_1_796' title='bbox 1551 4972 1570 5005; x_wconf 75' lang='grc' dir='ltr'><strong>ι</strong></span> <span class='ocrx_word' id='word_1_797' title='bbox 1603 4952 1711 5013; x_wconf 87' lang='lat' dir='ltr'><strong>Su-</strong></span> 
     </span>
    </p>
   </div>
   <div class='ocr_carea' id='block_1_94' title="bbox 1820 4956 3401 5027">
    <p class='ocr_par' dir='ltr' id='par_1_94' title="bbox 1820 4956 3401 5027">
     <span class='ocr_line' id='line_1_94' title="bbox 1820 4956 3401 5027; baseline 0.001 -17"><span class='ocrx_word' id='word_1_798' title='bbox 1820 4956 2136 5026; x_wconf 86' lang='lat' dir='ltr'><strong>petierimus</strong></span> <span class='ocrx_word' id='word_1_799' title='bbox 2181 4957 2489 5013; x_wconf 88' lang='lat' dir='ltr'><strong>secundum</strong></span> <span class='ocrx_word' id='word_1_800' title='bbox 2526 4957 2861 5013; x_wconf 86' lang='lat' dir='ltr'><strong>voluntatem</strong></span> <span class='ocrx_word' id='word_1_801' title='bbox 2906 4956 3048 5027; x_wconf 90' lang='lat' dir='ltr'><strong>ejus,</strong></span> <span class='ocrx_word' id='word_1_802' title='bbox 3093 4957 3247 5011; x_wconf 85' lang='lat' dir='ltr'><strong>audit</strong></span> <span class='ocrx_word' id='word_1_803' title='bbox 3278 4971 3401 5027; x_wconf 51' lang='lat' dir='ltr'><strong>nos,</strong></span> 
     </span>
    </p>
   </div>
   <div class='ocr_carea' id='block_1_95' title="bbox 195 5108 3400 5197">
    <p class='ocr_par' dir='ltr' id='par_1_95' title="bbox 195 5108 3400 5197">
     <span class='ocr_line' id='line_1_95' title="bbox 195 5108 3400 5197; baseline 0.003 -34"><span class='ocrx_word' id='word_1_804' title='bbox 195 5111 238 5142; x_wconf 80' lang='lat'>”</span> <span class='ocrx_word' id='word_1_805' title='bbox 268 5108 476 5197; x_wconf 63' lang='lat' dir='ltr'><strong>innec.</strong></span> <span class='ocrx_word' id='word_1_806' title='bbox 499 5126 587 5182; x_wconf 86' lang='lat' dir='ltr'><strong>ep.</strong></span> <span class='ocrx_word' id='word_1_807' title='bbox 628 5112 692 5197; x_wconf 62' lang='lat' dir='ltr'><strong>i2</strong></span> <span class='ocrx_word' id='word_1_808' title='bbox 717 5125 787 5167; x_wconf 87' lang='lat' dir='ltr'><strong>aa</strong></span> <span class='ocrx_word' id='word_1_809' title='bbox 815 5113 1375 5197; x_wconf 43' lang='lat' dir='ltr'><strong>AureliumCarthag.</strong></span> <span class='ocrx_word' id='word_1_810' title='bbox 1410 5130 1499 5184; x_wconf 89' lang='lat' dir='ltr'><strong>ep.</strong></span> <span class='ocrx_word' id='word_1_811' title='bbox 1535 5116 1640 5171; x_wconf 89' lang='lat' dir='ltr'><strong>sub</strong></span> <span class='ocrx_word' id='word_1_812' title='bbox 1670 5115 1830 5197; x_wconf 67' lang='lat' dir='ltr'><strong>linem</strong></span> <span class='ocrx_word' id='word_1_813' title='bbox 1855 5137 1868 5171; x_wconf 84' lang='lat'>:</span> <span class='ocrx_word' id='word_1_814' title='bbox 1898 5137 1916 5169; x_wconf 72' lang='grc' dir='ltr'><strong>ι</strong></span> <span class='ocrx_word' id='word_1_815' title='bbox 1947 5116 2105 5197; x_wconf 74' lang='lat' dir='ltr'><strong>Unde</strong></span> <span class='ocrx_word' id='word_1_816' title='bbox 2129 5118 2522 5197; x_wconf 63' lang='lat' dir='ltr'><strong>plagiimerito</strong></span> <span class='ocrx_word' id='word_1_817' title='bbox 2551 5134 2759 5197; x_wconf 60' lang='lat' dir='ltr'><strong>arguas</strong></span> <span class='ocrx_word' id='word_1_818' title='bbox 2782 5116 3136 5197; x_wconf 58' lang='lat' dir='ltr'><strong>Mercatorem</strong></span> <span class='ocrx_word' id='word_1_819' title='bbox 3160 5159 3176 5184; x_wconf 94' lang='lat'><strong>,</strong></span> <span class='ocrx_word' id='word_1_820' title='bbox 3202 5133 3400 5197; x_wconf 76' lang='lat' dir='ltr'><strong>eumve</strong></span> 
     </span>
    </p>
   </div>
   <div class='ocr_carea' id='block_1_96' title="bbox 179 5182 1722 5256">
    <p class='ocr_par' dir='ltr' id='par_1_96' title="bbox 179 5182 1719 5256">
     <span class='ocr_line' id='line_1_96' title="bbox 179 5182 1719 5256; baseline 0.005 -22"><span class='ocrx_word' id='word_1_821' title='bbox 179 5196 291 5251; x_wconf 86' lang='lat' dir='ltr'><strong>quo</strong></span> <span class='ocrx_word' id='word_1_822' title='bbox 322 5182 547 5256; x_wconf 75' lang='lat' dir='ltr'><strong>delusus</strong></span> <span class='ocrx_word' id='word_1_823' title='bbox 573 5192 743 5256; x_wconf 54' lang='lat' dir='ltr'><strong>est.)</strong></span> <span class='ocrx_word' id='word_1_824' title='bbox 826 5186 870 5216; x_wconf 81' lang='grc'>³⁸</span> <span class='ocrx_word' id='word_1_825' title='bbox 902 5186 1271 5256; x_wconf 84' lang='lat' dir='ltr'><strong>prophetarum</strong></span> <span class='ocrx_word' id='word_1_826' title='bbox 1318 5182 1376 5256; x_wconf 74' lang='lat' dir='ltr'><strong>in</strong></span> <span class='ocrx_word' id='word_1_827' title='bbox 1419 5182 1512 5256; x_wconf 82' lang='lat' dir='ltr'><strong>qq.</strong></span> <span class='ocrx_word' id='word_1_828' title='bbox 1543 5201 1626 5241; x_wconf 91' lang='lat' dir='ltr'><strong>cc.</strong></span> <span class='ocrx_word' id='word_1_829' title='bbox 1704 5188 1719 5218; x_wconf 90' lang='grc'>¹</span> 
     </span>
    </p>
   </div>
   <div class='ocr_carea' id='block_1_97' title="bbox 1844 5182 3393 5256">
    <p class='ocr_par' dir='ltr' id='par_1_97' title="bbox 1844 5182 3393 5253">
     <span class='ocr_line' id='line_1_97' title="bbox 1844 5182 3393 5253; baseline 0 -11"><span class='ocrx_word' id='word_1_830' title='bbox 1844 5206 1887 5243; x_wconf 83' lang='lat'><strong>5.</strong></span> <span class='ocrx_word' id='word_1_831' title='bbox 1917 5190 2054 5242; x_wconf 85' lang='lat' dir='ltr'><strong>unde</strong></span> <span class='ocrx_word' id='word_1_832' title='bbox 2084 5182 2189 5244; x_wconf 67' lang='lat' dir='ltr'><strong>his.</strong></span> <span class='ocrx_word' id='word_1_833' title='bbox 2224 5182 2311 5220; x_wconf 66' lang='lat'><strong>&quot;°</strong></span> <span class='ocrx_word' id='word_1_834' title='bbox 2344 5188 2365 5243; x_wconf 89' lang='grc' dir='ltr'>Ι</span> <span class='ocrx_word' id='word_1_835' title='bbox 2395 5187 2539 5245; x_wconf 82' lang='grc' dir='ltr'>Τίιιι.</span> <span class='ocrx_word' id='word_1_836' title='bbox 2572 5182 2646 5253; x_wconf 64' lang='lat' dir='ltr'><strong>vf,</strong></span> <span class='ocrx_word' id='word_1_837' title='bbox 2694 5188 2781 5242; x_wconf 87' lang='grc'><strong>16.</strong></span> <span class='ocrx_word' id='word_1_838' title='bbox 2859 5189 2901 5219; x_wconf 87' lang='grc'>²¹</span> <span class='ocrx_word' id='word_1_839' title='bbox 2949 5188 3115 5242; x_wconf 86' lang='lat' dir='ltr'><strong>lthae.</strong></span> <span class='ocrx_word' id='word_1_840' title='bbox 3149 5182 3216 5241; x_wconf 82' lang='lat' dir='ltr'><strong>ad</strong></span> <span class='ocrx_word' id='word_1_841' title='bbox 3253 5205 3393 5242; x_wconf 85' lang='lat' dir='ltr'><strong>vers.</strong></span> 
     </span>
    </p>
   </div>
   <div class='ocr_carea' id='block_1_98' title="bbox 118 5198 743 5309">
    <p class='ocr_par' dir='ltr' id='par_1_98' title="bbox 118 5198 743 5309">
     <span class='ocr_line' id='line_1_98' title="bbox 118 5198 743 5307; baseline 0.002 -73"><span class='ocrx_word' id='word_1_842' title='bbox 118 5198 165 5307; x_wconf 54' lang='grc' dir='ltr'><strong>ἲ]</strong></span> <span class='ocrx_word' id='word_1_843' title='bbox 179 5198 291 5251; x_wconf 87' lang='lat' dir='ltr'><strong>quo</strong></span> <span class='ocrx_word' id='word_1_844' title='bbox 322 5198 547 5307; x_wconf 51' lang='lat' dir='ltr'><strong>(étgusqs</strong></span> <span class='ocrx_word' id='word_1_845' title='bbox 572 5198 743 5307; x_wconf 50' lang='lat' dir='ltr'><strong>lese“:</strong></span> 
     </span>
     <span class='ocr_line' id='line_1_99' title="bbox 174 5267 743 5309; baseline 0.009 -4"><span class='ocrx_word' id='word_1_846' title='bbox 174 5267 292 5305; x_wconf 85' lang='lat' dir='ltr'><strong>var.</strong></span> <span class='ocrx_word' id='word_1_847' title='bbox 406 5292 422 5305; x_wconf 96' lang='lat'><strong>.</strong></span> <span class='ocrx_word' id='word_1_848' title='bbox 616 5269 678 5309; x_wconf 88' lang='lat' dir='ltr'><strong>cc</strong></span> <span class='ocrx_word' id='word_1_849' title='bbox 726 5287 743 5304; x_wconf 79' lang='grc' dir='ltr'><strong><em>ο</em></strong></span> 
     </span>
    </p>
   </div>
   <div class='ocr_carea' id='block_1_99' title="bbox 118 5321 590 5387">
    <p class='ocr_par' dir='ltr' id='par_1_99' title="bbox 118 5321 590 5387">
     <span class='ocr_line' id='line_1_100' title="bbox 118 5321 590 5387; baseline 0.008 -13"><span class='ocrx_word' id='word_1_850' title='bbox 118 5324 164 5357; x_wconf 78' lang='grc'><strong>³³</strong></span> <span class='ocrx_word' id='word_1_851' title='bbox 190 5321 338 5376; x_wconf 87' lang='lat' dir='ltr'><strong>Psal.</strong></span> <span class='ocrx_word' id='word_1_852' title='bbox 366 5338 502 5387; x_wconf 79' lang='lat' dir='ltr'><strong>xui,</strong></span> <span class='ocrx_word' id='word_1_853' title='bbox 537 5323 590 5378; x_wconf 76' lang='grc'><strong>5.</strong></span> 
     </span>
    </p>
   </div>
   <div class='ocr_carea' id='block_1_100' title="bbox 841 5256 1113 5322">
    <p class='ocr_par' dir='ltr' id='par_1_100' title="bbox 841 5256 1113 5322">
     <span class='ocr_line' id='line_1_101' title="bbox 841 5256 1113 5322; baseline 0.004 -14"><span class='ocrx_word' id='word_1_854' title='bbox 841 5271 991 5322; x_wconf 76' lang='lat' dir='ltr'><strong>xxrv,</strong></span> <span class='ocrx_word' id='word_1_855' title='bbox 1026 5256 1113 5309; x_wconf 75' lang='grc'><strong>12.</strong></span> 
     </span>
    </p>
   </div>
   <div class='ocr_carea' id='block_1_101' title="bbox 1221 5255 1771 5321">
    <p class='ocr_par' dir='ltr' id='par_1_101' title="bbox 1221 5255 1771 5321">
     <span class='ocr_line' id='line_1_102' title="bbox 1221 5255 1771 5321; baseline 0.005 -12"><span class='ocrx_word' id='word_1_856' title='bbox 1221 5256 1268 5289; x_wconf 85' lang='grc'><strong>³³</strong></span> <span class='ocrx_word' id='word_1_857' title='bbox 1305 5255 1489 5310; x_wconf 51' lang='grc' dir='ltr'><strong>δυθηζ</strong></span> <span class='ocrx_word' id='word_1_858' title='bbox 1516 5273 1628 5321; x_wconf 76' lang='lat' dir='ltr'><strong>xrv,</strong></span> <span class='ocrx_word' id='word_1_859' title='bbox 1680 5256 1771 5313; x_wconf 89' lang='grc'><strong>10.</strong></span> 
     </span>
    </p>
   </div>
   <div class='ocr_carea' id='block_1_102' title="bbox 696 5324 2363 5392">
    <p class='ocr_par' dir='ltr' id='par_1_102' title="bbox 696 5324 2363 5392">
     <span class='ocr_line' id='line_1_103' title="bbox 696 5324 2363 5392; baseline 0.003 -13"><span class='ocrx_word' id='word_1_860' title='bbox 696 5326 745 5359; x_wconf 82' lang='grc'>³⁸</span> <span class='ocrx_word' id='word_1_861' title='bbox 774 5324 921 5381; x_wconf 89' lang='lat' dir='ltr'><strong>Psal.</strong></span> <span class='ocrx_word' id='word_1_862' title='bbox 962 5341 1129 5392; x_wconf 81' lang='lat' dir='ltr'><strong>xxxv,</strong></span> <span class='ocrx_word' id='word_1_863' title='bbox 1160 5326 1246 5380; x_wconf 86' lang='grc'><strong>10.</strong></span> <span class='ocrx_word' id='word_1_864' title='bbox 1325 5329 1371 5359; x_wconf 74' lang='grc'><strong>³³</strong></span> <span class='ocrx_word' id='word_1_865' title='bbox 1405 5326 1599 5383; x_wconf 84' lang='lat' dir='ltr'><strong>Matth.</strong></span> <span class='ocrx_word' id='word_1_866' title='bbox 1651 5343 1784 5386; x_wconf 79' lang='lat' dir='ltr'><strong>xvn.</strong></span> <span class='ocrx_word' id='word_1_867' title='bbox 1862 5330 1909 5363; x_wconf 77' lang='grc' dir='ltr'>³ο</span> <span class='ocrx_word' id='word_1_868' title='bbox 1932 5329 2091 5384; x_wconf 86' lang='lat' dir='ltr'><strong>Joan.</strong></span> <span class='ocrx_word' id='word_1_869' title='bbox 2122 5345 2222 5392; x_wconf 84' lang='lat' dir='ltr'><strong>xu,</strong></span> <span class='ocrx_word' id='word_1_870' title='bbox 2273 5329 2363 5384; x_wconf 76' lang='grc'><strong>55.</strong></span> 
     </span>
    </p>
   </div>
   <div class='ocr_carea' id='block_1_103' title="bbox 1876 5257 3392 5329">
    <p class='ocr_par' dir='ltr' id='par_1_103' title="bbox 1876 5257 3392 5329">
     <span class='ocr_line' id='line_1_104' title="bbox 1876 5257 3392 5329; baseline -0.001 -16"><span class='ocrx_word' id='word_1_871' title='bbox 1876 5259 1922 5291; x_wconf 80' lang='grc'><strong>³³</strong></span> <span class='ocrx_word' id='word_1_872' title='bbox 1954 5258 2116 5313; x_wconf 82' lang='lat' dir='ltr'><strong>Joan.</strong></span> <span class='ocrx_word' id='word_1_873' title='bbox 2167 5275 2203 5323; x_wconf 88' lang='grc' dir='ltr'><strong>ι,</strong></span> <span class='ocrx_word' id='word_1_874' title='bbox 2255 5259 2343 5313; x_wconf 86' lang='grc'><strong>18.</strong></span> <span class='ocrx_word' id='word_1_875' title='bbox 2440 5259 2487 5291; x_wconf 80' lang='grc'>³⁵</span> <span class='ocrx_word' id='word_1_876' title='bbox 2520 5260 2650 5329; x_wconf 89' lang='lat' dir='ltr'><strong>Sap.</strong></span> <span class='ocrx_word' id='word_1_877' title='bbox 2710 5276 2803 5322; x_wconf 83' lang='lat' dir='ltr'><strong>vn,</strong></span> <span class='ocrx_word' id='word_1_878' title='bbox 2853 5258 2942 5329; x_wconf 59' lang='lat' dir='ltr'><strong>2ft.</strong></span> <span class='ocrx_word' id='word_1_879' title='bbox 3020 5257 3249 5329; x_wconf 39' lang='lat' dir='ltr'><strong>“ibid”</strong></span> <span class='ocrx_word' id='word_1_880' title='bbox 3308 5259 3392 5313; x_wconf 82' lang='grc'><strong>10.</strong></span> 
     </span>
    </p>
   </div>
   <div class='ocr_carea' id='block_1_104' title="bbox 2440 5326 3393 5394">
    <p class='ocr_par' dir='ltr' id='par_1_104' title="bbox 2440 5326 3393 5394">
     <span class='ocr_line' id='line_1_105' title="bbox 2440 5326 3393 5394; baseline -0.001 -11"><span class='ocrx_word' id='word_1_881' title='bbox 2440 5329 2483 5361; x_wconf 79' lang='grc'><strong>³³</strong></span> <span class='ocrx_word' id='word_1_882' title='bbox 2506 5326 2666 5384; x_wconf 79' lang='lat' dir='ltr'><strong>Joan.</strong></span> <span class='ocrx_word' id='word_1_883' title='bbox 2694 5345 2811 5394; x_wconf 88' lang='lat' dir='ltr'><strong>vm,</strong></span> <span class='ocrx_word' id='word_1_884' title='bbox 2842 5328 2927 5381; x_wconf 71' lang='grc'><strong>12.</strong></span> <span class='ocrx_word' id='word_1_885' title='bbox 3007 5329 3052 5360; x_wconf 81' lang='grc'><strong>³³</strong></span> <span class='ocrx_word' id='word_1_886' title='bbox 3079 5326 3239 5382; x_wconf 68' lang='lat' dir='ltr'><strong>Joan.</strong></span> <span class='ocrx_word' id='word_1_887' title='bbox 3273 5345 3310 5393; x_wconf 89' lang='lat' dir='ltr'><strong>I,</strong></span> <span class='ocrx_word' id='word_1_888' title='bbox 3337 5330 3393 5382; x_wconf 83' lang='lat'><strong>9.</strong></span> 
     </span>
    </p>
   </div>
   <div class='ocr_carea' id='block_1_105' title="bbox 117 5391 3392 5467">
    <p class='ocr_par' dir='ltr' id='par_1_105' title="bbox 117 5391 3392 5467">
     <span class='ocr_line' id='line_1_106' title="bbox 117 5391 3392 5467; baseline 0.002 -22"><span class='ocrx_word' id='word_1_889' title='bbox 117 5391 395 5467; x_wconf 60' lang='lat' dir='ltr'><strong>&quot;IJoau.</strong></span> <span class='ocrx_word' id='word_1_890' title='bbox 420 5392 589 5467; x_wconf 69' lang='lat' dir='ltr'><strong>v,20.</strong></span> <span class='ocrx_word' id='word_1_891' title='bbox 668 5394 715 5426; x_wconf 78' lang='grc'><strong>³³</strong></span> <span class='ocrx_word' id='word_1_892' title='bbox 738 5394 1014 5451; x_wconf 82' lang='lat' dir='ltr'><strong>Hactenus</strong></span> <span class='ocrx_word' id='word_1_893' title='bbox 1044 5398 1208 5467; x_wconf 87' lang='lat' dir='ltr'><strong>verba</strong></span> <span class='ocrx_word' id='word_1_894' title='bbox 1235 5397 1510 5466; x_wconf 87' lang='lat' dir='ltr'><strong>ipsissima</strong></span> <span class='ocrx_word' id='word_1_895' title='bbox 1540 5413 1684 5467; x_wconf 87' lang='lat' dir='ltr'><strong>resp.</strong></span> <span class='ocrx_word' id='word_1_896' title='bbox 1720 5397 1911 5455; x_wconf 89' lang='lat' dir='ltr'><strong>ltbacii</strong></span> <span class='ocrx_word' id='word_1_897' title='bbox 1954 5401 2069 5455; x_wconf 92' lang='lat' dir='ltr'><strong>sive</strong></span> <span class='ocrx_word' id='word_1_898' title='bbox 2107 5399 2268 5454; x_wconf 85' lang='lat' dir='ltr'><strong>Idacii</strong></span> <span class='ocrx_word' id='word_1_899' title='bbox 2316 5400 2464 5453; x_wconf 78' lang='lat' dir='ltr'><strong>Clari</strong></span> <span class='ocrx_word' id='word_1_900' title='bbox 2515 5402 2777 5455; x_wconf 87' lang='lat' dir='ltr'><strong>adversus</strong></span> <span class='ocrx_word' id='word_1_901' title='bbox 2799 5391 3187 5454; x_wconf 25' lang='lat' dir='ltr'><strong>’Warituadum</strong></span> <span class='ocrx_word' id='word_1_902' title='bbox 3236 5391 3392 5452; x_wconf 82' lang='lat' dir='ltr'><strong>Aria-</strong></span> 
     </span>
    </p>
   </div>
   <div class='ocr_carea' id='block_1_106' title="bbox 118 5463 2550 5540">
    <p class='ocr_par' dir='ltr' id='par_1_106' title="bbox 118 5463 2550 5540">
     <span class='ocr_line' id='line_1_107' title="bbox 118 5463 2550 5540; baseline 0.004 -24"><span class='ocrx_word' id='word_1_903' title='bbox 118 5480 278 5531; x_wconf 86' lang='lat' dir='ltr'><strong>nutu,</strong></span> <span class='ocrx_word' id='word_1_904' title='bbox 302 5463 395 5521; x_wconf 89' lang='lat' dir='ltr'><strong>cui</strong></span> <span class='ocrx_word' id='word_1_905' title='bbox 429 5464 731 5521; x_wconf 88' lang='lat' dir='ltr'><strong>fabricator</strong></span> <span class='ocrx_word' id='word_1_906' title='bbox 770 5467 938 5537; x_wconf 89' lang='lat' dir='ltr'><strong>hujus</strong></span> <span class='ocrx_word' id='word_1_907' title='bbox 974 5466 1221 5537; x_wconf 72' lang='lat' dir='ltr'><strong>epistola:</strong></span> <span class='ocrx_word' id='word_1_908' title='bbox 1242 5463 1501 5523; x_wconf 79' lang='lat' dir='ltr'><strong>laciniam</strong></span> <span class='ocrx_word' id='word_1_909' title='bbox 1531 5463 1816 5539; x_wconf 84' lang='lat' dir='ltr'><strong>promere</strong></span> <span class='ocrx_word' id='word_1_910' title='bbox 1844 5471 2037 5527; x_wconf 82' lang='lat' dir='ltr'><strong>auexit</strong></span> <span class='ocrx_word' id='word_1_911' title='bbox 2066 5488 2133 5525; x_wconf 80' lang='lat' dir='ltr'><strong>ex</strong></span> <span class='ocrx_word' id='word_1_912' title='bbox 2158 5486 2245 5540; x_wconf 86' lang='lat' dir='ltr'><strong>ep.</strong></span> <span class='ocrx_word' id='word_1_913' title='bbox 2273 5468 2470 5524; x_wconf 86' lang='lat' dir='ltr'><strong>lJoau.</strong></span> <span class='ocrx_word' id='word_1_914' title='bbox 2497 5488 2550 5525; x_wconf 89' lang='lat' dir='ltr'><strong>v.</strong></span> 
     </span>
    </p>
   </div>
   <div class='ocr_carea' id='block_1_107' title="bbox 117 5617 1699 5701">
    <p class='ocr_par' dir='ltr' id='par_1_107' title="bbox 117 5617 1699 5701">
     <span class='ocr_line' id='line_1_108' title="bbox 117 5617 1699 5701; baseline 0.007 -30"><span class='ocrx_word' id='word_1_915' title='bbox 117 5627 337 5701; x_wconf 70' lang='lat' dir='ltr'><strong>tantur.</strong></span> <span class='ocrx_word' id='word_1_916' title='bbox 365 5617 647 5701; x_wconf 71' lang='lat' dir='ltr'><strong>Sev_._Buv_.</strong></span> <span class='ocrx_word' id='word_1_917' title='bbox 684 5651 756 5661; x_wconf 90' lang='lat'><strong>—-</strong></span> <span class='ocrx_word' id='word_1_918' title='bbox 795 5620 874 5678; x_wconf 89' lang='lat' dir='ltr'><strong>De</strong></span> <span class='ocrx_word' id='word_1_919' title='bbox 904 5624 1010 5701; x_wconf 80' lang='lat' dir='ltr'><strong>hoc</strong></span> <span class='ocrx_word' id='word_1_920' title='bbox 1030 5624 1185 5701; x_wconf 61' lang='lat' dir='ltr'><strong>loco,</strong></span> <span class='ocrx_word' id='word_1_921' title='bbox 1219 5627 1312 5701; x_wconf 77' lang='lat' dir='ltr'><strong>qui</strong></span> <span class='ocrx_word' id='word_1_922' title='bbox 1356 5638 1501 5701; x_wconf 77' lang='lat' dir='ltr'><strong>certe</strong></span> <span class='ocrx_word' id='word_1_923' title='bbox 1533 5628 1699 5701; x_wconf 59' lang='lat' dir='ltr'><strong>lubri.</strong></span> 
     </span>
    </p>
   </div>
   <div class='ocr_carea' id='block_1_108' title="bbox 114 5689 1702 5814">
    <p class='ocr_par' dir='ltr' id='par_1_108' title="bbox 114 5689 1702 5814">
     <span class='ocr_line' id='line_1_109' title="bbox 115 5689 1702 5809; baseline 0.006 -68"><span class='ocrx_word' id='word_1_924' title='bbox 115 5704 229 5809; x_wconf 49' lang='lat' dir='ltr'><strong>cus.</strong></span> <span class='ocrx_word' id='word_1_925' title='bbox 259 5698 378 5770; x_wconf 75' lang='lat' dir='ltr'><strong>est,</strong></span> <span class='ocrx_word' id='word_1_926' title='bbox 414 5689 557 5773; x_wconf 43' lang='lat' dir='ltr'><strong>.vide</strong></span> <span class='ocrx_word' id='word_1_927' title='bbox 595 5692 746 5747; x_wconf 83' lang='lat' dir='ltr'><strong>decr.</strong></span> <span class='ocrx_word' id='word_1_928' title='bbox 793 5695 993 5749; x_wconf 78' lang='lat' dir='ltr'><strong>conci].</strong></span> <span class='ocrx_word' id='word_1_929' title='bbox 1029 5689 1179 5753; x_wconf 75' lang='lat' dir='ltr'><strong>Trid.</strong></span> <span class='ocrx_word' id='word_1_930' title='bbox 1225 5689 1304 5751; x_wconf 82' lang='lat' dir='ltr'><strong>De</strong></span> <span class='ocrx_word' id='word_1_931' title='bbox 1328 5695 1702 5767; x_wconf 68' lang='lat' dir='ltr'><strong>reformatione</strong></span> 
     </span>
     <span class='ocr_line' id='line_1_110' title="bbox 114 5774 468 5814; baseline 0 -3"><span class='ocrx_word' id='word_1_932' title='bbox 114 5774 204 5813; x_wconf 70' lang='lat' dir='ltr'><strong>tua</strong></span> <span class='ocrx_word' id='word_1_933' title='bbox 236 5774 468 5814; x_wconf 75' lang='lat' dir='ltr'><strong>nmomz.</strong></span> 
     </span>
    </p>
   </div>
   <div class='ocr_carea' id='block_1_109' title="bbox 195 5829 1702 5908">
    <p class='ocr_par' dir='ltr' id='par_1_109' title="bbox 195 5829 1702 5908">
     <span class='ocr_line' id='line_1_111' title="bbox 195 5829 1702 5908; baseline 0.011 -28"><span class='ocrx_word' id='word_1_934' title='bbox 195 5829 273 5899; x_wconf 72' lang='grc'><strong>(5)</strong></span> <span class='ocrx_word' id='word_1_935' title='bbox 313 5829 469 5895; x_wconf 80' lang='lat' dir='ltr'><strong>Quod</strong></span> <span class='ocrx_word' id='word_1_936' title='bbox 511 5837 616 5890; x_wconf 75' lang='lat' dir='ltr'><strong>sint</strong></span> <span class='ocrx_word' id='word_1_937' title='bbox 662 5837 875 5908; x_wconf 77' lang='lat' dir='ltr'><strong>quidam</strong></span> <span class='ocrx_word' id='word_1_938' title='bbox 919 5839 1008 5908; x_wconf 84' lang='lat' dir='ltr'><strong>qui</strong></span> <span class='ocrx_word' id='word_1_939' title='bbox 1057 5839 1387 5897; x_wconf 81' lang='lat' dir='ltr'><strong>arbitrantur</strong></span> <span class='ocrx_word' id='word_1_940' title='bbox 1432 5839 1495 5895; x_wconf 81' lang='lat' dir='ltr'><strong>de</strong></span> <span class='ocrx_word' id='word_1_941' title='bbox 1542 5838 1702 5896; x_wconf 80' lang='lat' dir='ltr'><strong>Pa:re</strong></span> 
     </span>
    </p>
   </div>
   <div class='ocr_carea' id='block_1_110' title="bbox 1811 5627 3392 5699">
    <p class='ocr_par' dir='ltr' id='par_1_110' title="bbox 1811 5627 3392 5699">
     <span class='ocr_line' id='line_1_112' title="bbox 1811 5627 3392 5699; baseline 0.003 -17"><span class='ocrx_word' id='word_1_942' title='bbox 1811 5629 1925 5682; x_wconf 79' lang='lat' dir='ltr'><strong>solo</strong></span> <span class='ocrx_word' id='word_1_943' title='bbox 1962 5629 2164 5682; x_wconf 84' lang='lat' dir='ltr'><strong>dictum</strong></span> <span class='ocrx_word' id='word_1_944' title='bbox 2206 5645 2340 5684; x_wconf 79' lang='lat' dir='ltr'><strong>esse.</strong></span> <span class='ocrx_word' id='word_1_945' title='bbox 2385 5627 2695 5695; x_wconf 86' lang='lat' dir='ltr'><strong>Basilidem,</strong></span> <span class='ocrx_word' id='word_1_946' title='bbox 2729 5627 3109 5699; x_wconf 88' lang='lat' dir='ltr'><strong>Saturninum,</strong></span> <span class='ocrx_word' id='word_1_947' title='bbox 3144 5629 3392 5699; x_wconf 86' lang='lat' dir='ltr'><strong>aliosque</strong></span> 
     </span>
    </p>
   </div>
   <div class='ocr_carea' id='block_1_111' title="bbox 1808 5698 3389 5770">
    <p class='ocr_par' dir='ltr' id='par_1_111' title="bbox 1808 5698 3389 5770">
     <span class='ocr_line' id='line_1_113' title="bbox 1808 5698 3389 5770; baseline 0.001 -17"><span class='ocrx_word' id='word_1_948' title='bbox 1808 5701 1930 5770; x_wconf 75' lang='lat' dir='ltr'><strong>ejus</strong></span> <span class='ocrx_word' id='word_1_949' title='bbox 1962 5709 2263 5754; x_wconf 86' lang='lat' dir='ltr'><strong>sectatores</strong></span> <span class='ocrx_word' id='word_1_950' title='bbox 2297 5700 2582 5770; x_wconf 85' lang='lat' dir='ltr'><strong>intelligit;</strong></span> <span class='ocrx_word' id='word_1_951' title='bbox 2620 5700 2687 5753; x_wconf 89' lang='lat' dir='ltr'><strong>de</strong></span> <span class='ocrx_word' id='word_1_952' title='bbox 2713 5701 2913 5768; x_wconf 82' lang='lat' dir='ltr'><strong>quibus</strong></span> <span class='ocrx_word' id='word_1_953' title='bbox 2942 5698 3211 5755; x_wconf 89' lang='lat' dir='ltr'><strong>Baronius</strong></span> <span class='ocrx_word' id='word_1_954' title='bbox 3242 5698 3389 5755; x_wconf 85' lang='lat' dir='ltr'><strong>anno</strong></span> 
     </span>
    </p>
   </div>
   <div class='ocr_carea' id='block_1_112' title="bbox 1813 5769 3388 5842">
    <p class='ocr_par' dir='ltr' id='par_1_112' title="bbox 1813 5769 3388 5842">
     <span class='ocr_line' id='line_1_114' title="bbox 1813 5769 3388 5842; baseline 0.004 -19"><span class='ocrx_word' id='word_1_955' title='bbox 1813 5769 2027 5842; x_wconf 83' lang='lat' dir='ltr'><strong>Domini</strong></span> <span class='ocrx_word' id='word_1_956' title='bbox 2064 5770 2167 5842; x_wconf 69' lang='grc' dir='ltr'><strong>1ξο</strong></span> <span class='ocrx_word' id='word_1_957' title='bbox 2189 5811 2204 5834; x_wconf 95' lang='grc'><strong>,</strong></span> <span class='ocrx_word' id='word_1_958' title='bbox 2256 5785 2412 5823; x_wconf 83' lang='grc' dir='ltr'>ιιιιιιι.</span> <span class='ocrx_word' id='word_1_959' title='bbox 2446 5769 2499 5835; x_wconf 78' lang='grc'>5,</span> <span class='ocrx_word' id='word_1_960' title='bbox 2534 5778 2589 5842; x_wconf 81' lang='lat' dir='ltr'><strong>et</strong></span> <span class='ocrx_word' id='word_1_961' title='bbox 2620 5771 3010 5839; x_wconf 88' lang='lat' dir='ltr'><strong>sequentibus,</strong></span> <span class='ocrx_word' id='word_1_962' title='bbox 3048 5772 3143 5842; x_wconf 87' lang='lat' dir='ltr'><strong>ubi</strong></span> <span class='ocrx_word' id='word_1_963' title='bbox 3173 5772 3388 5842; x_wconf 76' lang='lat' dir='ltr'><strong>impura</strong></span> 
     </span>
    </p>
   </div>
   <div class='ocr_carea' id='block_1_113' title="bbox 1809 5841 3205 5910">
    <p class='ocr_par' dir='ltr' id='par_1_113' title="bbox 1809 5841 3205 5910">
     <span class='ocr_line' id='line_1_115' title="bbox 1809 5841 3205 5910; baseline 0.001 -15"><span class='ocrx_word' id='word_1_964' title='bbox 1809 5850 1861 5895; x_wconf 84' lang='lat' dir='ltr'><strong>et</strong></span> <span class='ocrx_word' id='word_1_965' title='bbox 1897 5841 2284 5896; x_wconf 82' lang='lat' dir='ltr'><strong>scelestissima</strong></span> <span class='ocrx_word' id='word_1_966' title='bbox 2319 5856 2506 5896; x_wconf 84' lang='lat' dir='ltr'><strong>eorum</strong></span> <span class='ocrx_word' id='word_1_967' title='bbox 2542 5841 2793 5910; x_wconf 77' lang='lat' dir='ltr'><strong>dogmata</strong></span> <span class='ocrx_word' id='word_1_968' title='bbox 2828 5852 3092 5897; x_wconf 87' lang='lat' dir='ltr'><strong>recenset.</strong></span> <span class='ocrx_word' id='word_1_969' title='bbox 3130 5841 3205 5897; x_wconf 83' lang='lat' dir='ltr'><strong>In.</strong></span> 
     </span>
    </p>
   </div>
  </div>
