  <div class='ocr_page' id='page_1' title='image "/cluster/home/n/w/nwhite01/storage/ocr_20150623/5/nnc1.0046978607/533.png"; bbox 0 0 3806 6208; ppageno 0'>
   <div class='ocr_carea' id='block_1_1' title="bbox 471 359 602 416">
    <p class='ocr_par' dir='ltr' id='par_1_1' title="bbox 471 359 602 416">
     <span class='ocr_line' id='line_1_1' title="bbox 471 359 602 416; baseline 0 -1"><span class='ocrx_word' id='word_1_1' title='bbox 471 359 602 416; x_wconf 71' lang='grc'><strong>1051</strong></span> 
     </span>
    </p>
   </div>
   <div class='ocr_carea' id='block_1_2' title="bbox 1834 348 2396 409">
    <p class='ocr_par' dir='ltr' id='par_1_2' title="bbox 1834 348 2396 409">
     <span class='ocr_line' id='line_1_2' title="bbox 1834 348 2396 409; baseline -0.011 1"><span class='ocrx_word' id='word_1_2' title='bbox 1834 350 2157 409; x_wconf 80' lang='lat' dir='ltr'><strong>EVARISTI</strong></span> <span class='ocrx_word' id='word_1_3' title='bbox 2195 348 2396 406; x_wconf 76' lang='grc' dir='ltr'><strong>ΡΑΡᾸΞ</strong></span> 
     </span>
    </p>
   </div>
   <div class='ocr_carea' id='block_1_3' title="bbox 3606 348 3761 403">
    <p class='ocr_par' dir='ltr' id='par_1_3' title="bbox 3606 348 3761 403">
     <span class='ocr_line' id='line_1_3' title="bbox 3606 348 3761 403; baseline 0.006 -1"><span class='ocrx_word' id='word_1_4' title='bbox 3606 348 3761 403; x_wconf 67' lang='grc' dir='ltr'><strong>10δῖ</strong></span> 
     </span>
    </p>
   </div>
   <div class='ocr_carea' id='block_1_4' title="bbox 466 466 3759 550">
    <p class='ocr_par' dir='ltr' id='par_1_4' title="bbox 466 466 3759 550">
     <span class='ocr_line' id='line_1_4' title="bbox 466 466 3759 550; baseline -0.004 -16"><span class='ocrx_word' id='word_1_5' title='bbox 466 479 534 535; x_wconf 89' lang='lat' dir='ltr'><strong>Et</strong></span> <span class='ocrx_word' id='word_1_6' title='bbox 581 480 789 537; x_wconf 83' lang='lat' dir='ltr'><strong>scimus</strong></span> <span class='ocrx_word' id='word_1_7' title='bbox 832 481 962 548; x_wconf 84' lang='lat' dir='ltr'><strong>quia</strong></span> <span class='ocrx_word' id='word_1_8' title='bbox 1006 480 1161 537; x_wconf 92' lang='lat' dir='ltr'><strong>audit</strong></span> <span class='ocrx_word' id='word_1_9' title='bbox 1207 495 1329 546; x_wconf 91' lang='lat' dir='ltr'><strong>nos,</strong></span> <span class='ocrx_word' id='word_1_10' title='bbox 1378 477 1642 550; x_wconf 87' lang='lat' dir='ltr'><strong>quidquid</strong></span> <span class='ocrx_word' id='word_1_11' title='bbox 1692 475 2009 546; x_wconf 86' lang='lat' dir='ltr'><strong>petierimus</strong></span> <span class='ocrx_word' id='word_1_12' title='bbox 2032 517 2047 540; x_wconf 88' lang='lat'><strong>,</strong></span> <span class='ocrx_word' id='word_1_13' title='bbox 2082 475 2125 533; x_wconf 74' lang='grc' dir='ltr'>Α</span> <span class='ocrx_word' id='word_1_14' title='bbox 2153 484 2318 524; x_wconf 88' lang='lat' dir='ltr'><strong>causa</strong></span> <span class='ocrx_word' id='word_1_15' title='bbox 2354 468 2666 538; x_wconf 88' lang='lat' dir='ltr'><strong>conjungat.</strong></span> <span class='ocrx_word' id='word_1_16' title='bbox 2696 466 2765 520; x_wconf 83' lang='lat' dir='ltr'><strong>Et</strong></span> <span class='ocrx_word' id='word_1_17' title='bbox 2799 467 2941 522; x_wconf 80' lang='lat' dir='ltr'><strong>sicut</strong></span> <span class='ocrx_word' id='word_1_18' title='bbox 2970 468 3125 523; x_wconf 81' lang='lat' dir='ltr'><strong>uxori</strong></span> <span class='ocrx_word' id='word_1_19' title='bbox 3161 481 3267 523; x_wconf 92' lang='lat' dir='ltr'><strong>non</strong></span> <span class='ocrx_word' id='word_1_20' title='bbox 3298 466 3430 525; x_wconf 88' lang='lat' dir='ltr'><strong>licet</strong></span> <span class='ocrx_word' id='word_1_21' title='bbox 3455 467 3759 523; x_wconf 74' lang='lat' dir='ltr'><strong>dimittere</strong></span> 
     </span>
    </p>
   </div>
   <div class='ocr_carea' id='block_1_5' title="bbox 464 572 2046 643">
    <p class='ocr_par' dir='ltr' id='par_1_5' title="bbox 464 572 2046 643">
     <span class='ocr_line' id='line_1_5' title="bbox 464 572 2046 643; baseline 0 -16"><span class='ocrx_word' id='word_1_22' title='bbox 464 573 671 627; x_wconf 81' lang='lat' dir='ltr'><strong>scimus</strong></span> <span class='ocrx_word' id='word_1_23' title='bbox 695 573 955 643; x_wconf 90' lang='lat' dir='ltr'><strong>quoniam</strong></span> <span class='ocrx_word' id='word_1_24' title='bbox 1008 573 1273 628; x_wconf 85' lang='lat' dir='ltr'><strong>habemus</strong></span> <span class='ocrx_word' id='word_1_25' title='bbox 1302 572 1590 643; x_wconf 87' lang='lat' dir='ltr'><strong>petitiones</strong></span> <span class='ocrx_word' id='word_1_26' title='bbox 1624 587 1763 643; x_wconf 90' lang='lat' dir='ltr'><strong>quas</strong></span> <span class='ocrx_word' id='word_1_27' title='bbox 1803 573 2046 641; x_wconf 82' lang='lat' dir='ltr'><strong>postula-</strong></span> 
     </span>
    </p>
   </div>
   <div class='ocr_carea' id='block_1_6' title="bbox 464 661 2046 734">
    <p class='ocr_par' dir='ltr' id='par_1_6' title="bbox 464 661 2046 734">
     <span class='ocr_line' id='line_1_6' title="bbox 464 661 2046 734; baseline 0.004 -20"><span class='ocrx_word' id='word_1_28' title='bbox 464 679 588 717; x_wconf 89' lang='lat' dir='ltr'><strong>mus</strong></span> <span class='ocrx_word' id='word_1_29' title='bbox 612 662 680 716; x_wconf 91' lang='lat' dir='ltr'><strong>ab</strong></span> <span class='ocrx_word' id='word_1_30' title='bbox 709 678 793 717; x_wconf 90' lang='lat' dir='ltr'><strong>eo.</strong></span> <span class='ocrx_word' id='word_1_31' title='bbox 828 661 932 730; x_wconf 82' lang='lat' dir='ltr'><strong>Qui</strong></span> <span class='ocrx_word' id='word_1_32' title='bbox 978 664 1082 718; x_wconf 85' lang='lat' dir='ltr'><strong>scit</strong></span> <span class='ocrx_word' id='word_1_33' title='bbox 1125 662 1348 718; x_wconf 83' lang='lat' dir='ltr'><strong>fratrem</strong></span> <span class='ocrx_word' id='word_1_34' title='bbox 1399 679 1559 719; x_wconf 92' lang='lat' dir='ltr'><strong>suum</strong></span> <span class='ocrx_word' id='word_1_35' title='bbox 1596 679 1824 733; x_wconf 80' lang='lat' dir='ltr'><strong>peccare</strong></span> <span class='ocrx_word' id='word_1_36' title='bbox 1854 678 2046 734; x_wconf 91' lang='lat' dir='ltr'><strong>pecca-</strong></span> 
     </span>
    </p>
   </div>
   <div class='ocr_carea' id='block_1_7' title="bbox 462 753 2043 826">
    <p class='ocr_par' dir='ltr' id='par_1_7' title="bbox 462 753 2043 826">
     <span class='ocr_line' id='line_1_7' title="bbox 462 753 2043 826; baseline 0.004 -21"><span class='ocrx_word' id='word_1_37' title='bbox 462 760 577 806; x_wconf 89' lang='lat' dir='ltr'><strong>tum</strong></span> <span class='ocrx_word' id='word_1_38' title='bbox 604 769 712 808; x_wconf 93' lang='lat' dir='ltr'><strong>non</strong></span> <span class='ocrx_word' id='word_1_39' title='bbox 746 753 813 807; x_wconf 92' lang='lat' dir='ltr'><strong>ad</strong></span> <span class='ocrx_word' id='word_1_40' title='bbox 846 762 1100 819; x_wconf 90' lang='lat' dir='ltr'><strong>mortem,</strong></span> <span class='ocrx_word' id='word_1_41' title='bbox 1133 764 1301 824; x_wconf 87' lang='lat' dir='ltr'><strong>petat,</strong></span> <span class='ocrx_word' id='word_1_42' title='bbox 1341 762 1395 809; x_wconf 91' lang='lat' dir='ltr'><strong>et</strong></span> <span class='ocrx_word' id='word_1_43' title='bbox 1435 756 1653 810; x_wconf 86' lang='lat' dir='ltr'><strong>dabitur</strong></span> <span class='ocrx_word' id='word_1_44' title='bbox 1678 754 1726 809; x_wconf 91' lang='lat' dir='ltr'><strong>ei</strong></span> <span class='ocrx_word' id='word_1_45' title='bbox 1770 756 1877 810; x_wconf 89' lang='lat' dir='ltr'><strong>vita</strong></span> <span class='ocrx_word' id='word_1_46' title='bbox 1917 772 2043 826; x_wconf 85' lang='lat' dir='ltr'><strong>pec—</strong></span> 
     </span>
    </p>
   </div>
   <div class='ocr_carea' id='block_1_8' title="bbox 459 843 2035 915">
    <p class='ocr_par' dir='ltr' id='par_1_8' title="bbox 459 843 2035 915">
     <span class='ocr_line' id='line_1_8' title="bbox 459 843 2035 915; baseline 0.005 -19"><span class='ocrx_word' id='word_1_47' title='bbox 459 843 603 897; x_wconf 88' lang='lat' dir='ltr'><strong>cauti</strong></span> <span class='ocrx_word' id='word_1_48' title='bbox 636 859 743 898; x_wconf 92' lang='lat' dir='ltr'><strong>non</strong></span> <span class='ocrx_word' id='word_1_49' title='bbox 790 844 855 899; x_wconf 86' lang='lat' dir='ltr'><strong>ad</strong></span> <span class='ocrx_word' id='word_1_50' title='bbox 892 853 1144 899; x_wconf 88' lang='lat' dir='ltr'><strong>mortem.</strong></span> <span class='ocrx_word' id='word_1_51' title='bbox 1192 843 1287 900; x_wconf 90' lang='lat' dir='ltr'><strong>Est</strong></span> <span class='ocrx_word' id='word_1_52' title='bbox 1331 855 1612 915; x_wconf 89' lang='lat' dir='ltr'><strong>peccatum</strong></span> <span class='ocrx_word' id='word_1_53' title='bbox 1662 848 1728 902; x_wconf 91' lang='lat' dir='ltr'><strong>ad</strong></span> <span class='ocrx_word' id='word_1_54' title='bbox 1774 857 2035 915; x_wconf 90' lang='lat' dir='ltr'><strong>mortem;</strong></span> 
     </span>
    </p>
   </div>
   <div class='ocr_carea' id='block_1_9' title="bbox 459 937 2042 1011">
    <p class='ocr_par' dir='ltr' id='par_1_9' title="bbox 459 937 2042 1011">
     <span class='ocr_line' id='line_1_9' title="bbox 459 937 2042 1011; baseline 0.006 -23"><span class='ocrx_word' id='word_1_55' title='bbox 459 951 567 989; x_wconf 90' lang='lat' dir='ltr'><strong>non</strong></span> <span class='ocrx_word' id='word_1_56' title='bbox 608 951 708 1005; x_wconf 94' lang='lat' dir='ltr'><strong>pro</strong></span> <span class='ocrx_word' id='word_1_57' title='bbox 748 937 840 992; x_wconf 93' lang='lat' dir='ltr'><strong>illo</strong></span> <span class='ocrx_word' id='word_1_58' title='bbox 885 937 1027 1004; x_wconf 85' lang='lat' dir='ltr'><strong>dico,</strong></span> <span class='ocrx_word' id='word_1_59' title='bbox 1061 947 1122 992; x_wconf 87' lang='lat' dir='ltr'><strong>ut</strong></span> <span class='ocrx_word' id='word_1_60' title='bbox 1162 948 1316 1009; x_wconf 91' lang='lat' dir='ltr'><strong>roget</strong></span> <span class='ocrx_word' id='word_1_61' title='bbox 1355 940 1501 1010; x_wconf 90' lang='lat' dir='ltr'><strong>quis.</strong></span> <span class='ocrx_word' id='word_1_62' title='bbox 1557 943 1746 996; x_wconf 87' lang='lat' dir='ltr'><strong>Umnis</strong></span> <span class='ocrx_word' id='word_1_63' title='bbox 1780 941 2042 1011; x_wconf 84' lang='lat' dir='ltr'><strong>iniquitas</strong></span> 
     </span>
    </p>
   </div>
   <div class='ocr_carea' id='block_1_10' title="bbox 457 1031 2040 1099">
    <p class='ocr_par' dir='ltr' id='par_1_10' title="bbox 457 1031 2040 1099">
     <span class='ocr_line' id='line_1_10' title="bbox 457 1031 2040 1099; baseline 0.008 -22"><span class='ocrx_word' id='word_1_64' title='bbox 457 1035 739 1094; x_wconf 84' lang='lat' dir='ltr'><strong>peccatum</strong></span> <span class='ocrx_word' id='word_1_65' title='bbox 771 1036 874 1094; x_wconf 88' lang='lat' dir='ltr'><strong>est,</strong></span> <span class='ocrx_word' id='word_1_66' title='bbox 901 1038 1060 1083; x_wconf 89' lang='lat' dir='ltr'><strong>etest</strong></span> <span class='ocrx_word' id='word_1_67' title='bbox 1108 1039 1389 1099; x_wconf 87' lang='lat' dir='ltr'><strong>peccatum</strong></span> <span class='ocrx_word' id='word_1_68' title='bbox 1441 1031 1507 1086; x_wconf 86' lang='lat' dir='ltr'><strong>ad</strong></span> <span class='ocrx_word' id='word_1_69' title='bbox 1539 1041 1791 1087; x_wconf 90' lang='lat' dir='ltr'><strong>mortem.</strong></span> <span class='ocrx_word' id='word_1_70' title='bbox 1821 1032 2040 1089; x_wconf 85' lang='lat' dir='ltr'><strong>Scimus</strong></span> 
     </span>
    </p>
   </div>
   <div class='ocr_carea' id='block_1_11' title="bbox 454 1117 2038 1196">
    <p class='ocr_par' dir='ltr' id='par_1_11' title="bbox 454 1117 2038 1196">
     <span class='ocr_line' id='line_1_11' title="bbox 454 1117 2038 1196; baseline 0.009 -27"><span class='ocrx_word' id='word_1_71' title='bbox 454 1117 582 1186; x_wconf 88' lang='lat' dir='ltr'><strong>quia</strong></span> <span class='ocrx_word' id='word_1_72' title='bbox 617 1120 797 1174; x_wconf 88' lang='lat' dir='ltr'><strong>omnis</strong></span> <span class='ocrx_word' id='word_1_73' title='bbox 820 1121 912 1190; x_wconf 90' lang='lat' dir='ltr'><strong>qui</strong></span> <span class='ocrx_word' id='word_1_74' title='bbox 949 1131 1111 1177; x_wconf 91' lang='lat' dir='ltr'><strong>natus</strong></span> <span class='ocrx_word' id='word_1_75' title='bbox 1152 1132 1237 1178; x_wconf 91' lang='lat' dir='ltr'><strong>est</strong></span> <span class='ocrx_word' id='word_1_76' title='bbox 1280 1139 1345 1179; x_wconf 78' lang='lat' dir='ltr'><strong>ex</strong></span> <span class='ocrx_word' id='word_1_77' title='bbox 1379 1124 1508 1189; x_wconf 90' lang='lat' dir='ltr'><strong>Deo,</strong></span> <span class='ocrx_word' id='word_1_78' title='bbox 1543 1141 1653 1180; x_wconf 91' lang='lat' dir='ltr'><strong>non</strong></span> <span class='ocrx_word' id='word_1_79' title='bbox 1702 1136 1910 1196; x_wconf 82' lang='lat' dir='ltr'><strong>peccat,</strong></span> <span class='ocrx_word' id='word_1_80' title='bbox 1944 1127 2038 1183; x_wconf 89' lang='lat' dir='ltr'><strong>sed</strong></span> 
     </span>
    </p>
   </div>
   <div class='ocr_carea' id='block_1_12' title="bbox 454 1211 2037 1288">
    <p class='ocr_par' dir='ltr' id='par_1_12' title="bbox 454 1211 2037 1288">
     <span class='ocr_line' id='line_1_12' title="bbox 454 1211 2037 1288; baseline 0.006 -25"><span class='ocrx_word' id='word_1_81' title='bbox 454 1212 733 1280; x_wconf 75' lang='lat' dir='ltr'><strong>generatio</strong></span> <span class='ocrx_word' id='word_1_82' title='bbox 762 1211 855 1266; x_wconf 86' lang='lat' dir='ltr'><strong>Dei</strong></span> <span class='ocrx_word' id='word_1_83' title='bbox 879 1224 1170 1270; x_wconf 91' lang='lat' dir='ltr'><strong>conservat</strong></span> <span class='ocrx_word' id='word_1_84' title='bbox 1201 1231 1350 1282; x_wconf 89' lang='lat' dir='ltr'><strong>eum,</strong></span> <span class='ocrx_word' id='word_1_85' title='bbox 1381 1226 1436 1272; x_wconf 93' lang='lat' dir='ltr'><strong>et</strong></span> <span class='ocrx_word' id='word_1_86' title='bbox 1464 1218 1736 1288; x_wconf 86' lang='lat' dir='ltr'><strong>malignus</strong></span> <span class='ocrx_word' id='word_1_87' title='bbox 1776 1234 1881 1273; x_wconf 91' lang='lat' dir='ltr'><strong>non</strong></span> <span class='ocrx_word' id='word_1_88' title='bbox 1914 1230 2037 1275; x_wconf 90' lang='lat' dir='ltr'><strong>tan-</strong></span> 
     </span>
    </p>
   </div>
   <div class='ocr_carea' id='block_1_13' title="bbox 452 1302 2038 1379">
    <p class='ocr_par' dir='ltr' id='par_1_13' title="bbox 452 1302 2038 1379">
     <span class='ocr_line' id='line_1_13' title="bbox 452 1302 2038 1379; baseline 0.008 -24"><span class='ocrx_word' id='word_1_89' title='bbox 452 1302 530 1372; x_wconf 88' lang='lat' dir='ltr'><strong>git</strong></span> <span class='ocrx_word' id='word_1_90' title='bbox 558 1318 701 1360; x_wconf 90' lang='lat' dir='ltr'><strong>eum.</strong></span> <span class='ocrx_word' id='word_1_91' title='bbox 745 1303 964 1361; x_wconf 90' lang='lat' dir='ltr'><strong>Scimus</strong></span> <span class='ocrx_word' id='word_1_92' title='bbox 993 1309 1252 1377; x_wconf 89' lang='lat' dir='ltr'><strong>quoniam</strong></span> <span class='ocrx_word' id='word_1_93' title='bbox 1297 1323 1364 1365; x_wconf 77' lang='lat' dir='ltr'><strong>ex</strong></span> <span class='ocrx_word' id='word_1_94' title='bbox 1404 1309 1516 1366; x_wconf 89' lang='lat' dir='ltr'><strong>Deo</strong></span> <span class='ocrx_word' id='word_1_95' title='bbox 1546 1327 1758 1379; x_wconf 90' lang='lat' dir='ltr'><strong>sumus,</strong></span> <span class='ocrx_word' id='word_1_96' title='bbox 1785 1323 1839 1368; x_wconf 91' lang='lat' dir='ltr'><strong>et</strong></span> <span class='ocrx_word' id='word_1_97' title='bbox 1874 1320 2038 1368; x_wconf 79' lang='lat' dir='ltr'><strong>mnu-</strong></span> 
     </span>
    </p>
   </div>
   <div class='ocr_carea' id='block_1_14' title="bbox 451 1393 2037 1477">
    <p class='ocr_par' dir='ltr' id='par_1_14' title="bbox 451 1393 2037 1477">
     <span class='ocr_line' id='line_1_14' title="bbox 451 1393 2037 1477; baseline 0.009 -30"><span class='ocrx_word' id='word_1_98' title='bbox 451 1393 556 1450; x_wconf 89' lang='lat' dir='ltr'><strong>dus</strong></span> <span class='ocrx_word' id='word_1_99' title='bbox 591 1404 737 1452; x_wconf 91' lang='lat' dir='ltr'><strong>totus</strong></span> <span class='ocrx_word' id='word_1_100' title='bbox 782 1396 838 1451; x_wconf 92' lang='lat' dir='ltr'><strong>in</strong></span> <span class='ocrx_word' id='word_1_101' title='bbox 890 1398 1132 1469; x_wconf 88' lang='lat' dir='ltr'><strong>maligno</strong></span> <span class='ocrx_word' id='word_1_102' title='bbox 1171 1400 1385 1470; x_wconf 90' lang='lat' dir='ltr'><strong>positus</strong></span> <span class='ocrx_word' id='word_1_103' title='bbox 1411 1410 1513 1456; x_wconf 86' lang='lat' dir='ltr'><strong>est.</strong></span> <span class='ocrx_word' id='word_1_104' title='bbox 1558 1401 1625 1457; x_wconf 89' lang='lat' dir='ltr'><strong>Et</strong></span> <span class='ocrx_word' id='word_1_105' title='bbox 1663 1403 1868 1461; x_wconf 87' lang='lat' dir='ltr'><strong>scimus</strong></span> <span class='ocrx_word' id='word_1_106' title='bbox 1898 1423 2037 1477; x_wconf 91' lang='lat' dir='ltr'><strong>quo-</strong></span> 
     </span>
    </p>
   </div>
   <div class='ocr_carea' id='block_1_15' title="bbox 453 1486 2038 1564">
    <p class='ocr_par' dir='ltr' id='par_1_15' title="bbox 453 1486 2038 1564">
     <span class='ocr_line' id='line_1_15' title="bbox 453 1486 2038 1564; baseline 0.011 -26"><span class='ocrx_word' id='word_1_107' title='bbox 453 1487 599 1541; x_wconf 88' lang='lat' dir='ltr'><strong>niam</strong></span> <span class='ocrx_word' id='word_1_108' title='bbox 632 1486 805 1544; x_wconf 86' lang='lat' dir='ltr'><strong>Filius</strong></span> <span class='ocrx_word' id='word_1_109' title='bbox 832 1488 926 1545; x_wconf 89' lang='lat' dir='ltr'><strong>Dei</strong></span> <span class='ocrx_word' id='word_1_110' title='bbox 956 1491 1103 1546; x_wconf 87' lang='lat' dir='ltr'><strong>venit</strong></span> <span class='ocrx_word' id='word_1_111' title='bbox 1131 1500 1186 1546; x_wconf 91' lang='lat' dir='ltr'><strong>et</strong></span> <span class='ocrx_word' id='word_1_112' title='bbox 1214 1492 1363 1548; x_wconf 90' lang='lat' dir='ltr'><strong>dedit</strong></span> <span class='ocrx_word' id='word_1_113' title='bbox 1391 1494 1549 1549; x_wconf 90' lang='lat' dir='ltr'><strong>nobis</strong></span> <span class='ocrx_word' id='word_1_114' title='bbox 1586 1512 1827 1564; x_wconf 89' lang='lat' dir='ltr'><strong>sensum,</strong></span> <span class='ocrx_word' id='word_1_115' title='bbox 1859 1509 1917 1553; x_wconf 92' lang='lat' dir='ltr'><strong>ut</strong></span> <span class='ocrx_word' id='word_1_116' title='bbox 1944 1515 2038 1555; x_wconf 87' lang='lat' dir='ltr'><strong>co-</strong></span> 
     </span>
    </p>
   </div>
   <div class='ocr_carea' id='block_1_16' title="bbox 451 1582 2037 1653">
    <p class='ocr_par' dir='ltr' id='par_1_16' title="bbox 451 1582 2037 1653">
     <span class='ocr_line' id='line_1_16' title="bbox 451 1582 2037 1653; baseline 0.01 -20"><span class='ocrx_word' id='word_1_117' title='bbox 451 1594 785 1649; x_wconf 90' lang='lat' dir='ltr'><strong>gnoscamus</strong></span> <span class='ocrx_word' id='word_1_118' title='bbox 825 1598 1017 1637; x_wconf 90' lang='lat' dir='ltr'><strong>verum</strong></span> <span class='ocrx_word' id='word_1_119' title='bbox 1066 1582 1261 1653; x_wconf 90' lang='lat' dir='ltr'><strong>Deum,</strong></span> <span class='ocrx_word' id='word_1_120' title='bbox 1308 1595 1362 1641; x_wconf 92' lang='lat' dir='ltr'><strong>et</strong></span> <span class='ocrx_word' id='word_1_121' title='bbox 1418 1588 1593 1646; x_wconf 90' lang='lat' dir='ltr'><strong>simus</strong></span> <span class='ocrx_word' id='word_1_122' title='bbox 1626 1590 1678 1644; x_wconf 92' lang='lat' dir='ltr'><strong>in</strong></span> <span class='ocrx_word' id='word_1_123' title='bbox 1722 1607 1851 1647; x_wconf 91' lang='lat' dir='ltr'><strong>vero</strong></span> <span class='ocrx_word' id='word_1_124' title='bbox 1899 1592 2037 1649; x_wconf 87' lang='lat' dir='ltr'><strong>Filio</strong></span> 
     </span>
    </p>
   </div>
   <div class='ocr_carea' id='block_1_17' title="bbox 445 1670 2036 1751">
    <p class='ocr_par' dir='ltr' id='par_1_17' title="bbox 445 1670 2036 1751">
     <span class='ocr_line' id='line_1_17' title="bbox 445 1670 2036 1751; baseline 0.009 -26"><span class='ocrx_word' id='word_1_125' title='bbox 445 1671 587 1742; x_wconf 87' lang='lat' dir='ltr'><strong>ejus.</strong></span> <span class='ocrx_word' id='word_1_126' title='bbox 618 1670 719 1728; x_wconf 83' lang='lat' dir='ltr'><strong>llic</strong></span> <span class='ocrx_word' id='word_1_127' title='bbox 741 1683 824 1730; x_wconf 89' lang='lat' dir='ltr'><strong>est</strong></span> <span class='ocrx_word' id='word_1_128' title='bbox 850 1689 1012 1729; x_wconf 85' lang='lat' dir='ltr'><strong>verus</strong></span> <span class='ocrx_word' id='word_1_129' title='bbox 1050 1673 1193 1731; x_wconf 89' lang='lat' dir='ltr'><strong>Deus</strong></span> <span class='ocrx_word' id='word_1_130' title='bbox 1226 1689 1281 1732; x_wconf 91' lang='lat' dir='ltr'><strong>et</strong></span> <span class='ocrx_word' id='word_1_131' title='bbox 1309 1685 1419 1733; x_wconf 76' lang='lat' dir='ltr'><strong>vrta</strong></span> <span class='ocrx_word' id='word_1_132' title='bbox 1449 1689 1671 1735; x_wconf 63' lang='lat' dir='ltr'><strong>aeterna.</strong></span> <span class='ocrx_word' id='word_1_133' title='bbox 1706 1702 1724 1733; x_wconf 70' lang='grc' dir='ltr'><strong>ι</strong></span> <span class='ocrx_word' id='word_1_134' title='bbox 1754 1681 1897 1751; x_wconf 64' lang='lat' dir='ltr'><strong>Haec,</strong></span> <span class='ocrx_word' id='word_1_135' title='bbox 1924 1683 2036 1740; x_wconf 87' lang='lat' dir='ltr'><strong>fra-</strong></span> 
     </span>
    </p>
   </div>
   <div class='ocr_carea' id='block_1_18' title="bbox 447 1767 2033 1836">
    <p class='ocr_par' dir='ltr' id='par_1_18' title="bbox 447 1767 2033 1836">
     <span class='ocr_line' id='line_1_18' title="bbox 447 1767 2033 1836; baseline 0.01 -18"><span class='ocrx_word' id='word_1_136' title='bbox 447 1773 579 1832; x_wconf 88' lang='lat' dir='ltr'><strong>tres,</strong></span> <span class='ocrx_word' id='word_1_137' title='bbox 628 1767 938 1836; x_wconf 74' lang='lat' dir='ltr'><strong>przedicate,</strong></span> <span class='ocrx_word' id='word_1_138' title='bbox 971 1769 1087 1824; x_wconf 62' lang='lat' dir='ltr'><strong>haec</strong></span> <span class='ocrx_word' id='word_1_139' title='bbox 1129 1772 1387 1829; x_wconf 90' lang='lat' dir='ltr'><strong>omnibus</strong></span> <span class='ocrx_word' id='word_1_140' title='bbox 1431 1775 1697 1831; x_wconf 82' lang='lat' dir='ltr'><strong>nuntiate.</strong></span> <span class='ocrx_word' id='word_1_141' title='bbox 1742 1775 1850 1833; x_wconf 84' lang='lat' dir='ltr'><strong>Vos</strong></span> <span class='ocrx_word' id='word_1_142' title='bbox 1904 1794 2033 1834; x_wconf 89' lang='lat' dir='ltr'><strong>vero</strong></span> 
     </span>
    </p>
   </div>
   <div class='ocr_carea' id='block_1_19' title="bbox 445 1856 2030 1941">
    <p class='ocr_par' dir='ltr' id='par_1_19' title="bbox 445 1856 2030 1941">
     <span class='ocr_line' id='line_1_19' title="bbox 445 1856 2030 1941; baseline 0.01 -32"><span class='ocrx_word' id='word_1_143' title='bbox 445 1856 678 1912; x_wconf 89' lang='lat' dir='ltr'><strong>invicem</strong></span> <span class='ocrx_word' id='word_1_144' title='bbox 723 1859 1123 1928; x_wconf 80' lang='lat' dir='ltr'><strong>exbortamini,</strong></span> <span class='ocrx_word' id='word_1_145' title='bbox 1171 1863 1397 1932; x_wconf 79' lang='lat' dir='ltr'><strong>perfecti</strong></span> <span class='ocrx_word' id='word_1_146' title='bbox 1445 1874 1655 1935; x_wconf 89' lang='lat' dir='ltr'><strong>estote,</strong></span> <span class='ocrx_word' id='word_1_147' title='bbox 1707 1883 2030 1941; x_wconf 88' lang='lat' dir='ltr'><strong>semperque</strong></span> 
     </span>
    </p>
   </div>
   <div class='ocr_carea' id='block_1_20' title="bbox 444 1950 2029 2029">
    <p class='ocr_par' dir='ltr' id='par_1_20' title="bbox 444 1950 2029 2029">
     <span class='ocr_line' id='line_1_20' title="bbox 444 1950 2029 2029; baseline 0.009 -25"><span class='ocrx_word' id='word_1_148' title='bbox 444 1950 715 2019; x_wconf 76' lang='lat' dir='ltr'><strong>gaudete;</strong></span> <span class='ocrx_word' id='word_1_149' title='bbox 750 1967 936 2022; x_wconf 90' lang='lat' dir='ltr'><strong>pacem</strong></span> <span class='ocrx_word' id='word_1_150' title='bbox 962 1961 1144 2009; x_wconf 88' lang='lat' dir='ltr'><strong>autem</strong></span> <span class='ocrx_word' id='word_1_151' title='bbox 1170 1957 1457 2012; x_wconf 86' lang='lat' dir='ltr'><strong>sectamini</strong></span> <span class='ocrx_word' id='word_1_152' title='bbox 1486 1958 1540 2014; x_wconf 94' lang='lat' dir='ltr'><strong>in</strong></span> <span class='ocrx_word' id='word_1_153' title='bbox 1569 1975 1780 2029; x_wconf 91' lang='lat' dir='ltr'><strong>omnes,</strong></span> <span class='ocrx_word' id='word_1_154' title='bbox 1803 1971 1856 2017; x_wconf 87' lang='lat' dir='ltr'><strong>et</strong></span> <span class='ocrx_word' id='word_1_155' title='bbox 1887 1961 2029 2020; x_wconf 87' lang='lat' dir='ltr'><strong>Deus</strong></span> 
     </span>
    </p>
   </div>
   <div class='ocr_carea' id='block_1_21' title="bbox 442 2044 2028 2117">
    <p class='ocr_par' dir='ltr' id='par_1_21' title="bbox 442 2044 2028 2117">
     <span class='ocr_line' id='line_1_21' title="bbox 442 2044 2028 2117; baseline 0.01 -20"><span class='ocrx_word' id='word_1_156' title='bbox 442 2044 596 2113; x_wconf 89' lang='lat' dir='ltr'><strong>pacis</strong></span> <span class='ocrx_word' id='word_1_157' title='bbox 643 2054 697 2098; x_wconf 91' lang='lat' dir='ltr'><strong>et</strong></span> <span class='ocrx_word' id='word_1_158' title='bbox 746 2044 1053 2102; x_wconf 86' lang='lat' dir='ltr'><strong>dilectionis</strong></span> <span class='ocrx_word' id='word_1_159' title='bbox 1084 2048 1187 2103; x_wconf 91' lang='lat' dir='ltr'><strong>erit</strong></span> <span class='ocrx_word' id='word_1_160' title='bbox 1218 2050 1533 2117; x_wconf 88' lang='lat' dir='ltr'><strong>vobiscum,</strong></span> <span class='ocrx_word' id='word_1_161' title='bbox 1583 2051 1695 2108; x_wconf 91' lang='lat' dir='ltr'><strong>Deo</strong></span> <span class='ocrx_word' id='word_1_162' title='bbox 1743 2068 1925 2111; x_wconf 90' lang='lat' dir='ltr'><strong>autem</strong></span> <span class='ocrx_word' id='word_1_163' title='bbox 1975 2067 2028 2113; x_wconf 91' lang='lat' dir='ltr'><strong>et</strong></span> 
     </span>
    </p>
   </div>
   <div class='ocr_carea' id='block_1_22' title="bbox 441 2131 1914 2209">
    <p class='ocr_par' dir='ltr' id='par_1_22' title="bbox 441 2131 1914 2209">
     <span class='ocr_line' id='line_1_22' title="bbox 441 2131 1914 2209; baseline 0.01 -21"><span class='ocrx_word' id='word_1_164' title='bbox 441 2131 589 2189; x_wconf 87' lang='lat' dir='ltr'><strong>Patri</strong></span> <span class='ocrx_word' id='word_1_165' title='bbox 620 2145 810 2191; x_wconf 92' lang='lat' dir='ltr'><strong>nostro</strong></span> <span class='ocrx_word' id='word_1_166' title='bbox 836 2137 1008 2209; x_wconf 85' lang='lat' dir='ltr'><strong>gloria</strong></span> <span class='ocrx_word' id='word_1_167' title='bbox 1038 2142 1091 2195; x_wconf 92' lang='lat' dir='ltr'><strong>in</strong></span> <span class='ocrx_word' id='word_1_168' title='bbox 1127 2143 1325 2198; x_wconf 64' lang='lat' dir='ltr'><strong>sarcula</strong></span> <span class='ocrx_word' id='word_1_169' title='bbox 1351 2145 1699 2202; x_wconf 70' lang='lat' dir='ltr'><strong>saeculorum.</strong></span> <span class='ocrx_word' id='word_1_170' title='bbox 1723 2148 1914 2203; x_wconf 84' lang='lat' dir='ltr'><strong>Amen.</strong></span> 
     </span>
    </p>
   </div>
   <div class='ocr_carea' id='block_1_23' title="bbox 513 2225 2025 2305">
    <p class='ocr_par' dir='ltr' id='par_1_23' title="bbox 513 2225 2025 2305">
     <span class='ocr_line' id='line_1_23' title="bbox 513 2225 2025 2305; baseline 0.013 -26"><span class='ocrx_word' id='word_1_171' title='bbox 513 2225 646 2283; x_wconf 88' lang='lat' dir='ltr'><strong>Data</strong></span> <span class='ocrx_word' id='word_1_172' title='bbox 676 2246 731 2284; x_wconf 78' lang='lat' dir='ltr'><strong>Ix</strong></span> <span class='ocrx_word' id='word_1_173' title='bbox 762 2230 1037 2289; x_wconf 79' lang='lat' dir='ltr'><strong>Kalendas</strong></span> <span class='ocrx_word' id='word_1_174' title='bbox 1075 2233 1300 2305; x_wconf 85' lang='lat' dir='ltr'><strong>Aprilis,</strong></span> <span class='ocrx_word' id='word_1_175' title='bbox 1332 2236 1557 2294; x_wconf 84' lang='lat' dir='ltr'><strong>Valente</strong></span> <span class='ocrx_word' id='word_1_176' title='bbox 1586 2248 1639 2294; x_wconf 87' lang='lat' dir='ltr'><strong>et</strong></span> <span class='ocrx_word' id='word_1_177' title='bbox 1668 2238 1860 2297; x_wconf 78' lang='lat' dir='ltr'><strong>Vetere</strong></span> <span class='ocrx_word' id='word_1_178' title='bbox 1893 2241 2025 2299; x_wconf 81' lang='lat' dir='ltr'><strong>viris</strong></span> 
     </span>
    </p>
   </div>
   <div class='ocr_carea' id='block_1_24' title="bbox 440 2314 1029 2377">
    <p class='ocr_par' dir='ltr' id='par_1_24' title="bbox 440 2314 1029 2377">
     <span class='ocr_line' id='line_1_24' title="bbox 440 2314 1029 2377; baseline 0.014 -8"><span class='ocrx_word' id='word_1_179' title='bbox 440 2314 763 2373; x_wconf 69' lang='lat' dir='ltr'><strong>clarissimis</strong></span> <span class='ocrx_word' id='word_1_180' title='bbox 785 2333 934 2376; x_wconf 91' lang='lat' dir='ltr'><strong>coss.</strong></span> <span class='ocrx_word' id='word_1_181' title='bbox 959 2319 1029 2377; x_wconf 85' lang='grc'><strong>³⁸.</strong></span> 
     </span>
    </p>
   </div>
   <div class='ocr_carea' id='block_1_25' title="bbox 1008 2455 1461 2517">
    <p class='ocr_par' dir='ltr' id='par_1_25' title="bbox 1008 2455 1461 2517">
     <span class='ocr_line' id='line_1_25' title="bbox 1008 2455 1461 2517; baseline 0.015 -7"><span class='ocrx_word' id='word_1_182' title='bbox 1008 2455 1347 2514; x_wconf 78' lang='lat' dir='ltr'><strong>EPISTOLA</strong></span> <span class='ocrx_word' id='word_1_183' title='bbox 1396 2460 1461 2517; x_wconf 88' lang='lat' dir='ltr'><strong>ll.</strong></span> 
     </span>
    </p>
   </div>
   <div class='ocr_carea' id='block_1_26' title="bbox 437 2542 2019 2628">
    <p class='ocr_par' dir='ltr' id='par_1_26' title="bbox 437 2542 2019 2628">
     <span class='ocr_line' id='line_1_26' title="bbox 437 2542 2019 2628; baseline 0.011 -30"><span class='ocrx_word' id='word_1_184' title='bbox 437 2542 515 2600; x_wconf 84' lang='lat' dir='ltr'><strong>De</strong></span> <span class='ocrx_word' id='word_1_185' title='bbox 540 2547 1028 2628; x_wconf 63' lang='lat' dir='ltr'><strong>episcopis_ejectis,</strong></span> <span class='ocrx_word' id='word_1_186' title='bbox 1055 2561 1105 2628; x_wconf 89' lang='lat' dir='ltr'><strong>e_t</strong></span> <span class='ocrx_word' id='word_1_187' title='bbox 1134 2553 1258 2608; x_wconf 82' lang='lat' dir='ltr'><strong>aliis</strong></span> <span class='ocrx_word' id='word_1_188' title='bbox 1300 2552 1439 2628; x_wconf 77' lang='lat' dir='ltr'><strong>_loco</strong></span> <span class='ocrx_word' id='word_1_189' title='bbox 1468 2572 1651 2628; x_wconf 61' lang='lat' dir='ltr'><strong>eorum</strong></span> <span class='ocrx_word' id='word_1_190' title='bbox 1696 2560 2019 2628; x_wconf 80' lang='lat' dir='ltr'><strong>substitutis,</strong></span> 
     </span>
    </p>
   </div>
   <div class='ocr_carea' id='block_1_27' title="bbox 510 2619 2021 2700">
    <p class='ocr_par' dir='ltr' id='par_1_27' title="bbox 510 2619 2021 2700">
     <span class='ocr_line' id='line_1_27' title="bbox 510 2619 2021 2700; baseline 0.01 -30"><span class='ocrx_word' id='word_1_191' title='bbox 510 2620 615 2700; x_wconf 83' lang='lat' dir='ltr'><strong>vel,</strong></span> <span class='ocrx_word' id='word_1_192' title='bbox 649 2629 706 2673; x_wconf 89' lang='lat' dir='ltr'><strong>ut</strong></span> <span class='ocrx_word' id='word_1_193' title='bbox 732 2619 894 2700; x_wconf 64' lang='lat' dir='ltr'><strong>habet</strong></span> <span class='ocrx_word' id='word_1_194' title='bbox 922 2637 1043 2700; x_wconf 78' lang='lat' dir='ltr'><strong>ms._</strong></span> <span class='ocrx_word' id='word_1_195' title='bbox 1070 2621 1212 2678; x_wconf 81' lang='lat' dir='ltr'><strong>Just.</strong></span> <span class='ocrx_word' id='word_1_196' title='bbox 1241 2643 1253 2677; x_wconf 90' lang='lat'>:</span> <span class='ocrx_word' id='word_1_197' title='bbox 1286 2624 1440 2700; x_wconf 82' lang='lat' dir='ltr'><strong>Quod</strong></span> <span class='ocrx_word' id='word_1_198' title='bbox 1469 2624 1715 2682; x_wconf 74' lang='lat' dir='ltr'><strong>Christus</strong></span> <span class='ocrx_word' id='word_1_199' title='bbox 1755 2630 1825 2683; x_wconf 87' lang='lat' dir='ltr'><strong>sit</strong></span> <span class='ocrx_word' id='word_1_200' title='bbox 1864 2619 2021 2700; x_wconf 74' lang='lat' dir='ltr'><strong>caput</strong></span> 
     </span>
    </p>
   </div>
   <div class='ocr_carea' id='block_1_28' title="bbox 504 2689 2021 2769">
    <p class='ocr_par' dir='ltr' id='par_1_28' title="bbox 504 2689 2021 2769">
     <span class='ocr_line' id='line_1_28' title="bbox 504 2689 2021 2769; baseline 0.011 -28"><span class='ocrx_word' id='word_1_201' title='bbox 504 2697 554 2741; x_wconf 87' lang='lat' dir='ltr'><strong>et</strong></span> <span class='ocrx_word' id='word_1_202' title='bbox 584 2705 806 2769; x_wconf 62' lang='lat' dir='ltr'><strong>sponsus</strong></span> <span class='ocrx_word' id='word_1_203' title='bbox 838 2689 1109 2759; x_wconf 78' lang='lat' dir='ltr'><strong>Ecclesiw,</strong></span> <span class='ocrx_word' id='word_1_204' title='bbox 1138 2705 1187 2769; x_wconf 82' lang='lat' dir='ltr'><strong>e_t</strong></span> <span class='ocrx_word' id='word_1_205' title='bbox 1214 2689 1509 2769; x_wconf 78' lang='lat' dir='ltr'><strong>sacerdotes</strong></span> <span class='ocrx_word' id='word_1_206' title='bbox 1539 2701 1630 2769; x_wconf 71' lang='lat' dir='ltr'><strong>qui</strong></span> <span class='ocrx_word' id='word_1_207' title='bbox 1659 2700 1772 2767; x_wconf 85' lang='lat' dir='ltr'><strong>ejus</strong></span> <span class='ocrx_word' id='word_1_208' title='bbox 1811 2689 2021 2756; x_wconf 55' lang='lat' dir='ltr'><strong>vice&#39;le-</strong></span> 
     </span>
    </p>
   </div>
   <div class='ocr_carea' id='block_1_29' title="bbox 505 2760 2019 2831">
    <p class='ocr_par' dir='ltr' id='par_1_29' title="bbox 505 2760 2019 2831">
     <span class='ocr_line' id='line_1_29' title="bbox 505 2760 2019 2831; baseline 0.01 -21"><span class='ocrx_word' id='word_1_209' title='bbox 505 2760 714 2831; x_wconf 84' lang='lat' dir='ltr'><strong>gatione</strong></span> <span class='ocrx_word' id='word_1_210' title='bbox 757 2760 1078 2831; x_wconf 83' lang='lat' dir='ltr'><strong>funguntur,</strong></span> <span class='ocrx_word' id='word_1_211' title='bbox 1126 2765 1375 2819; x_wconf 76' lang='lat' dir='ltr'><strong>similiter</strong></span> <span class='ocrx_word' id='word_1_212' title='bbox 1430 2760 1833 2825; x_wconf 50' lang='lat' dir='ltr'><strong>sint&#39;Ecc&#39;lesiis</strong></span> <span class='ocrx_word' id='word_1_213' title='bbox 1861 2773 1970 2825; x_wconf 85' lang='lat' dir='ltr'><strong>suis</strong></span> <span class='ocrx_word' id='word_1_214' title='bbox 2000 2787 2019 2824; x_wconf 90' lang='lat'><strong><em>:</em></strong></span> 
     </span>
    </p>
   </div>
   <div class='ocr_carea' id='block_1_30' title="bbox 501 2830 2021 2899">
    <p class='ocr_par' dir='ltr' id='par_1_30' title="bbox 501 2830 2021 2899">
     <span class='ocr_line' id='line_1_30' title="bbox 501 2830 2021 2899; baseline 0.009 -16"><span class='ocrx_word' id='word_1_215' title='bbox 501 2840 551 2883; x_wconf 84' lang='lat' dir='ltr'><strong>et</strong></span> <span class='ocrx_word' id='word_1_216' title='bbox 582 2830 812 2899; x_wconf 79' lang='lat' dir='ltr'><strong>qualiter</strong></span> <span class='ocrx_word' id='word_1_217' title='bbox 834 2830 1131 2888; x_wconf 76' lang='lat' dir='ltr'><strong>sacerdotes</strong></span> <span class='ocrx_word' id='word_1_218' title='bbox 1165 2852 1290 2889; x_wconf 83' lang='lat' dir='ltr'><strong>suas</strong></span> <span class='ocrx_word' id='word_1_219' title='bbox 1326 2836 1592 2894; x_wconf 83' lang='lat' dir='ltr'><strong>Ecclesias</strong></span> <span class='ocrx_word' id='word_1_220' title='bbox 1633 2850 1887 2896; x_wconf 88' lang='lat' dir='ltr'><strong>eteorum</strong></span> <span class='ocrx_word' id='word_1_221' title='bbox 1916 2842 2021 2897; x_wconf 83' lang='lat' dir='ltr'><strong>Ec-</strong></span> 
     </span>
    </p>
   </div>
   <div class='ocr_carea' id='block_1_31' title="bbox 504 2900 1302 2976">
    <p class='ocr_par' dir='ltr' id='par_1_31' title="bbox 504 2900 1302 2976">
     <span class='ocr_line' id='line_1_31' title="bbox 504 2900 1302 2976; baseline 0.009 -23"><span class='ocrx_word' id='word_1_222' title='bbox 504 2900 680 2956; x_wconf 79' lang='lat' dir='ltr'><strong>clesia:</strong></span> <span class='ocrx_word' id='word_1_223' title='bbox 706 2918 794 2956; x_wconf 84' lang='lat' dir='ltr'><strong>eos</strong></span> <span class='ocrx_word' id='word_1_224' title='bbox 823 2903 1042 2957; x_wconf 82' lang='lat' dir='ltr'><strong>debeant</strong></span> <span class='ocrx_word' id='word_1_225' title='bbox 1064 2906 1302 2976; x_wconf 84' lang='lat' dir='ltr'><strong>diligere.</strong></span> 
     </span>
    </p>
   </div>
   <div class='ocr_carea' id='block_1_32' title="bbox 505 3013 2019 3101">
    <p class='ocr_par' dir='ltr' id='par_1_32' title="bbox 505 3013 2019 3101">
     <span class='ocr_line' id='line_1_32' title="bbox 505 3013 2019 3101; baseline 0.013 -34"><span class='ocrx_word' id='word_1_226' title='bbox 505 3013 812 3085; x_wconf 87' lang='lat' dir='ltr'><strong>Evaristus,</strong></span> <span class='ocrx_word' id='word_1_227' title='bbox 850 3019 1006 3076; x_wconf 89' lang='lat' dir='ltr'><strong>urbis</strong></span> <span class='ocrx_word' id='word_1_228' title='bbox 1033 3018 1222 3076; x_wconf 55' lang='lat' dir='ltr'><strong>Romae</strong></span> <span class='ocrx_word' id='word_1_229' title='bbox 1264 3023 1586 3094; x_wconf 90' lang='lat' dir='ltr'><strong>episcopus,</strong></span> <span class='ocrx_word' id='word_1_230' title='bbox 1635 3029 1894 3085; x_wconf 91' lang='lat' dir='ltr'><strong>omnibus</strong></span> <span class='ocrx_word' id='word_1_231' title='bbox 1921 3044 2019 3101; x_wconf 89' lang='lat' dir='ltr'><strong>per</strong></span> 
     </span>
    </p>
   </div>
   <div class='ocr_carea' id='block_1_33' title="bbox 431 3104 2012 3191">
    <p class='ocr_par' dir='ltr' id='par_1_33' title="bbox 431 3104 2012 3191">
     <span class='ocr_line' id='line_1_33' title="bbox 431 3104 2012 3191; baseline 0.011 -30"><span class='ocrx_word' id='word_1_232' title='bbox 431 3104 727 3179; x_wconf 67' lang='lat' dir='ltr'><strong>Egyplum</strong></span> <span class='ocrx_word' id='word_1_233' title='bbox 750 3109 983 3167; x_wconf 87' lang='lat' dir='ltr'><strong>Domino</strong></span> <span class='ocrx_word' id='word_1_234' title='bbox 999 3115 1391 3185; x_wconf 87' lang='lat' dir='ltr'><strong>conglutinatis</strong></span> <span class='ocrx_word' id='word_1_235' title='bbox 1409 3117 1670 3174; x_wconf 83' lang='lat' dir='ltr'><strong>fratribus</strong></span> <span class='ocrx_word' id='word_1_236' title='bbox 1686 3118 1740 3174; x_wconf 90' lang='lat' dir='ltr'><strong>in</strong></span> <span class='ocrx_word' id='word_1_237' title='bbox 1760 3119 2012 3191; x_wconf 86' lang='lat' dir='ltr'><strong>Domino,</strong></span> 
     </span>
    </p>
   </div>
   <div class='ocr_carea' id='block_1_34' title="bbox 432 3201 688 3258">
    <p class='ocr_par' dir='ltr' id='par_1_34' title="bbox 432 3201 688 3258">
     <span class='ocr_line' id='line_1_34' title="bbox 432 3201 688 3258; baseline 0.012 -3"><span class='ocrx_word' id='word_1_238' title='bbox 432 3201 688 3258; x_wconf 86' lang='lat' dir='ltr'><strong>salutem.</strong></span> 
     </span>
    </p>
   </div>
   <div class='ocr_carea' id='block_1_35' title="bbox 504 3291 2012 3387">
    <p class='ocr_par' dir='ltr' id='par_1_35' title="bbox 504 3291 2012 3387">
     <span class='ocr_line' id='line_1_35' title="bbox 504 3291 2012 3387; baseline 0.014 -39"><span class='ocrx_word' id='word_1_239' title='bbox 504 3291 685 3350; x_wconf 88' lang='lat' dir='ltr'><strong>Unum</strong></span> <span class='ocrx_word' id='word_1_240' title='bbox 711 3312 833 3367; x_wconf 89' lang='lat' dir='ltr'><strong>nos,</strong></span> <span class='ocrx_word' id='word_1_241' title='bbox 859 3298 1077 3387; x_wconf 69' lang='lat' dir='ltr'><strong>fratres,</strong></span> <span class='ocrx_word' id='word_1_242' title='bbox 1105 3304 1151 3336; x_wconf 85' lang='grc'><strong>³⁸</strong></span> <span class='ocrx_word' id='word_1_243' title='bbox 1171 3305 1376 3361; x_wconf 89' lang='lat' dir='ltr'><strong>sentire</strong></span> <span class='ocrx_word' id='word_1_244' title='bbox 1396 3315 1610 3378; x_wconf 89' lang='lat' dir='ltr'><strong>oportet</strong></span> <span class='ocrx_word' id='word_1_245' title='bbox 1640 3317 1695 3364; x_wconf 89' lang='lat' dir='ltr'><strong>et</strong></span> <span class='ocrx_word' id='word_1_246' title='bbox 1724 3326 1903 3381; x_wconf 88' lang='lat' dir='ltr'><strong>agere,</strong></span> <span class='ocrx_word' id='word_1_247' title='bbox 1933 3322 2012 3380; x_wconf 90' lang='lat' dir='ltr'><strong>ut,</strong></span> 
     </span>
    </p>
   </div>
   <div class='ocr_carea' id='block_1_36' title="bbox 430 3386 2015 3461">
    <p class='ocr_par' dir='ltr' id='par_1_36' title="bbox 430 3386 2015 3461">
     <span class='ocr_line' id='line_1_36' title="bbox 430 3386 2015 3461; baseline 0.013 -20"><span class='ocrx_word' id='word_1_248' title='bbox 430 3386 574 3442; x_wconf 86' lang='lat' dir='ltr'><strong>sicut</strong></span> <span class='ocrx_word' id='word_1_249' title='bbox 613 3388 846 3459; x_wconf 86' lang='lat' dir='ltr'><strong>legimus</strong></span> <span class='ocrx_word' id='word_1_250' title='bbox 873 3386 941 3454; x_wconf 81' lang='lat'><strong>&quot;.</strong></span> <span class='ocrx_word' id='word_1_251' title='bbox 969 3395 1022 3450; x_wconf 91' lang='lat' dir='ltr'><strong>in</strong></span> <span class='ocrx_word' id='word_1_252' title='bbox 1051 3397 1212 3453; x_wconf 91' lang='lat' dir='ltr'><strong>nobis</strong></span> <span class='ocrx_word' id='word_1_253' title='bbox 1252 3415 1423 3454; x_wconf 92' lang='lat' dir='ltr'><strong>unum</strong></span> <span class='ocrx_word' id='word_1_254' title='bbox 1473 3416 1570 3456; x_wconf 92' lang='lat' dir='ltr'><strong>cor</strong></span> <span class='ocrx_word' id='word_1_255' title='bbox 1605 3412 1660 3458; x_wconf 91' lang='lat' dir='ltr'><strong>et</strong></span> <span class='ocrx_word' id='word_1_256' title='bbox 1695 3420 1802 3459; x_wconf 90' lang='lat' dir='ltr'><strong>una</strong></span> <span class='ocrx_word' id='word_1_257' title='bbox 1833 3405 2015 3461; x_wconf 87' lang='lat' dir='ltr'><strong>anima</strong></span> 
     </span>
    </p>
   </div>
   <div class='ocr_carea' id='block_1_37' title="bbox 426 3482 2014 3567">
    <p class='ocr_par' dir='ltr' id='par_1_37' title="bbox 426 3482 2014 3567">
     <span class='ocr_line' id='line_1_37' title="bbox 426 3482 2014 3567; baseline 0.015 -35"><span class='ocrx_word' id='word_1_258' title='bbox 426 3493 550 3534; x_wconf 90' lang='lat' dir='ltr'><strong>esse</strong></span> <span class='ocrx_word' id='word_1_259' title='bbox 579 3482 861 3549; x_wconf 89' lang='lat' dir='ltr'><strong>probetur.</strong></span> <span class='ocrx_word' id='word_1_260' title='bbox 893 3485 1111 3545; x_wconf 89' lang='lat' dir='ltr'><strong>Scimus</strong></span> <span class='ocrx_word' id='word_1_261' title='bbox 1151 3505 1411 3562; x_wconf 89' lang='lat' dir='ltr'><strong>namque,</strong></span> <span class='ocrx_word' id='word_1_262' title='bbox 1439 3494 1583 3550; x_wconf 88' lang='lat' dir='ltr'><strong>sicut</strong></span> <span class='ocrx_word' id='word_1_263' title='bbox 1612 3504 1666 3551; x_wconf 90' lang='lat' dir='ltr'><strong>et</strong></span> <span class='ocrx_word' id='word_1_264' title='bbox 1699 3512 1730 3551; x_wconf 92' lang='lat' dir='ltr'><strong>a</strong></span> <span class='ocrx_word' id='word_1_265' title='bbox 1764 3499 2014 3567; x_wconf 88' lang='lat' dir='ltr'><strong>patribus</strong></span> 
     </span>
    </p>
   </div>
   <div class='ocr_carea' id='block_1_38' title="bbox 427 3573 2014 3659">
    <p class='ocr_par' dir='ltr' id='par_1_38' title="bbox 427 3573 2014 3659">
     <span class='ocr_line' id='line_1_38' title="bbox 427 3573 2014 3659; baseline 0.016 -35"><span class='ocrx_word' id='word_1_266' title='bbox 427 3573 760 3642; x_wconf 90' lang='lat' dir='ltr'><strong>accepimus,</strong></span> <span class='ocrx_word' id='word_1_267' title='bbox 787 3575 1068 3635; x_wconf 88' lang='lat' dir='ltr'><strong>Christum</strong></span> <span class='ocrx_word' id='word_1_268' title='bbox 1092 3596 1216 3639; x_wconf 88' lang='lat' dir='ltr'><strong>esse</strong></span> <span class='ocrx_word' id='word_1_269' title='bbox 1258 3594 1442 3654; x_wconf 87' lang='lat' dir='ltr'><strong>caput,</strong></span> <span class='ocrx_word' id='word_1_270' title='bbox 1478 3589 1637 3659; x_wconf 86' lang='lat' dir='ltr'><strong>cujus</strong></span> <span class='ocrx_word' id='word_1_271' title='bbox 1678 3598 1733 3645; x_wconf 91' lang='lat' dir='ltr'><strong>et</strong></span> <span class='ocrx_word' id='word_1_272' title='bbox 1770 3593 2014 3649; x_wconf 86' lang='lat' dir='ltr'><strong>membra</strong></span> 
     </span>
    </p>
   </div>
   <div class='ocr_carea' id='block_1_39' title="bbox 427 3665 2011 3753">
    <p class='ocr_par' dir='ltr' id='par_1_39' title="bbox 427 3665 2011 3753">
     <span class='ocr_line' id='line_1_39' title="bbox 427 3665 2011 3753; baseline 0.016 -38"><span class='ocrx_word' id='word_1_273' title='bbox 427 3676 641 3720; x_wconf 87' lang='lat' dir='ltr'><strong>sumus.</strong></span> <span class='ocrx_word' id='word_1_274' title='bbox 678 3665 796 3736; x_wconf 91' lang='lat' dir='ltr'><strong>Ipse</strong></span> <span class='ocrx_word' id='word_1_275' title='bbox 841 3671 988 3725; x_wconf 91' lang='lat' dir='ltr'><strong>enim</strong></span> <span class='ocrx_word' id='word_1_276' title='bbox 1030 3682 1114 3728; x_wconf 91' lang='lat' dir='ltr'><strong>est</strong></span> <span class='ocrx_word' id='word_1_277' title='bbox 1155 3690 1413 3745; x_wconf 90' lang='lat' dir='ltr'><strong>sponsus,</strong></span> <span class='ocrx_word' id='word_1_278' title='bbox 1438 3688 1494 3733; x_wconf 90' lang='lat' dir='ltr'><strong>et</strong></span> <span class='ocrx_word' id='word_1_279' title='bbox 1524 3679 1766 3737; x_wconf 76' lang='lat' dir='ltr'><strong>Ecclesia</strong></span> <span class='ocrx_word' id='word_1_280' title='bbox 1791 3698 2011 3753; x_wconf 82' lang='lat' dir='ltr'><strong>sponsa,</strong></span> 
     </span>
    </p>
   </div>
   <div class='ocr_carea' id='block_1_40' title="bbox 425 3754 2015 3835">
    <p class='ocr_par' dir='ltr' id='par_1_40' title="bbox 425 3754 2015 3835">
     <span class='ocr_line' id='line_1_40' title="bbox 425 3754 2015 3835; baseline 0.018 -27"><span class='ocrx_word' id='word_1_281' title='bbox 425 3754 585 3824; x_wconf 89' lang='lat' dir='ltr'><strong>cujus</strong></span> <span class='ocrx_word' id='word_1_282' title='bbox 612 3756 708 3812; x_wconf 87' lang='lat' dir='ltr'><strong>lilii</strong></span> <span class='ocrx_word' id='word_1_283' title='bbox 742 3774 841 3816; x_wconf 92' lang='lat' dir='ltr'><strong>nos</strong></span> <span class='ocrx_word' id='word_1_284' title='bbox 869 3777 1101 3820; x_wconf 89' lang='lat' dir='ltr'><strong>sumus:</strong></span> <span class='ocrx_word' id='word_1_285' title='bbox 1130 3775 1185 3821; x_wconf 90' lang='lat' dir='ltr'><strong>et</strong></span> <span class='ocrx_word' id='word_1_286' title='bbox 1214 3767 1336 3824; x_wconf 91' lang='lat' dir='ltr'><strong>ideo</strong></span> <span class='ocrx_word' id='word_1_287' title='bbox 1379 3785 1549 3825; x_wconf 91' lang='lat' dir='ltr'><strong>unum</strong></span> <span class='ocrx_word' id='word_1_288' title='bbox 1586 3770 1803 3829; x_wconf 89' lang='lat' dir='ltr'><strong>Patrem</strong></span> <span class='ocrx_word' id='word_1_289' title='bbox 1848 3777 2015 3835; x_wconf 87' lang='lat' dir='ltr'><strong>habe-</strong></span> 
     </span>
    </p>
   </div>
   <div class='ocr_carea' id='block_1_41' title="bbox 427 3846 2011 3924">
    <p class='ocr_par' dir='ltr' id='par_1_41' title="bbox 427 3846 2011 3924">
     <span class='ocr_line' id='line_1_41' title="bbox 427 3846 2011 3924; baseline 0.017 -26"><span class='ocrx_word' id='word_1_290' title='bbox 427 3860 551 3901; x_wconf 93' lang='lat' dir='ltr'><strong>mus</strong></span> <span class='ocrx_word' id='word_1_291' title='bbox 586 3846 754 3904; x_wconf 87' lang='lat' dir='ltr'><strong>Deum</strong></span> <span class='ocrx_word' id='word_1_292' title='bbox 791 3851 845 3906; x_wconf 92' lang='lat' dir='ltr'><strong>in</strong></span> <span class='ocrx_word' id='word_1_293' title='bbox 879 3855 1055 3910; x_wconf 73' lang='lat' dir='ltr'><strong>cmlis.</strong></span> <span class='ocrx_word' id='word_1_294' title='bbox 1110 3857 1435 3917; x_wconf 86' lang='lat' dir='ltr'><strong>Sacerdotes</strong></span> <span class='ocrx_word' id='word_1_295' title='bbox 1482 3878 1612 3918; x_wconf 90' lang='lat' dir='ltr'><strong>vero</strong></span> <span class='ocrx_word' id='word_1_296' title='bbox 1658 3866 1774 3920; x_wconf 87' lang='lat' dir='ltr'><strong>vice</strong></span> <span class='ocrx_word' id='word_1_297' title='bbox 1805 3866 2011 3924; x_wconf 87' lang='lat' dir='ltr'><strong>Christi</strong></span> 
     </span>
    </p>
   </div>
   <div class='ocr_carea' id='block_1_42' title="bbox 427 3935 2011 4016">
    <p class='ocr_par' dir='ltr' id='par_1_42' title="bbox 427 3935 2011 4016">
     <span class='ocr_line' id='line_1_42' title="bbox 427 3935 2011 4016; baseline 0.018 -28"><span class='ocrx_word' id='word_1_298' title='bbox 427 3935 698 4006; x_wconf 85' lang='lat' dir='ltr'><strong>legatione</strong></span> <span class='ocrx_word' id='word_1_299' title='bbox 732 3941 777 3973; x_wconf 77' lang='grc'><strong>³⁸</strong></span> <span class='ocrx_word' id='word_1_300' title='bbox 809 3941 1113 4014; x_wconf 68' lang='lat' dir='ltr'><strong>funguntur</strong></span> <span class='ocrx_word' id='word_1_301' title='bbox 1146 3949 1201 4002; x_wconf 92' lang='lat' dir='ltr'><strong>in</strong></span> <span class='ocrx_word' id='word_1_302' title='bbox 1238 3948 1500 4007; x_wconf 90' lang='lat' dir='ltr'><strong>Ecclesia.</strong></span> <span class='ocrx_word' id='word_1_303' title='bbox 1539 3954 1604 4009; x_wconf 86' lang='lat' dir='ltr'><strong>Et</strong></span> <span class='ocrx_word' id='word_1_304' title='bbox 1646 3956 1789 4012; x_wconf 91' lang='lat' dir='ltr'><strong>sicut</strong></span> <span class='ocrx_word' id='word_1_305' title='bbox 1828 3959 1877 4013; x_wconf 93' lang='lat' dir='ltr'><strong>ei</strong></span> <span class='ocrx_word' id='word_1_306' title='bbox 1912 3974 2011 4016; x_wconf 90' lang='lat' dir='ltr'><strong>sua</strong></span> 
     </span>
    </p>
   </div>
   <div class='ocr_carea' id='block_1_43' title="bbox 424 4030 2012 4121">
    <p class='ocr_par' dir='ltr' id='par_1_43' title="bbox 424 4030 2012 4121">
     <span class='ocr_line' id='line_1_43' title="bbox 424 4030 2012 4121; baseline 0.018 -39"><span class='ocrx_word' id='word_1_307' title='bbox 424 4030 720 4100; x_wconf 86' lang='lat' dir='ltr'><strong>conjuncta</strong></span> <span class='ocrx_word' id='word_1_308' title='bbox 754 4044 839 4090; x_wconf 90' lang='lat' dir='ltr'><strong>est</strong></span> <span class='ocrx_word' id='word_1_309' title='bbox 871 4052 1093 4107; x_wconf 89' lang='lat' dir='ltr'><strong>sponsa,</strong></span> <span class='ocrx_word' id='word_1_310' title='bbox 1123 4042 1179 4121; x_wconf 86' lang='lat' dir='ltr'><strong>id</strong></span> <span class='ocrx_word' id='word_1_311' title='bbox 1199 4036 1283 4099; x_wconf 83' lang='lat' dir='ltr'><strong>est</strong></span> <span class='ocrx_word' id='word_1_312' title='bbox 1315 4044 1555 4102; x_wconf 86' lang='lat' dir='ltr'><strong>Ecclesia</strong></span> <span class='ocrx_word' id='word_1_313' title='bbox 1592 4050 1658 4117; x_wconf 74' lang='grc'><strong>³⁸,</strong></span> <span class='ocrx_word' id='word_1_314' title='bbox 1687 4051 1768 4106; x_wconf 93' lang='lat' dir='ltr'><strong>sic</strong></span> <span class='ocrx_word' id='word_1_315' title='bbox 1799 4052 2012 4121; x_wconf 90' lang='lat' dir='ltr'><strong>episco-</strong></span> 
     </span>
    </p>
   </div>
   <div class='ocr_carea' id='block_1_44' title="bbox 426 4117 2008 4211">
    <p class='ocr_par' dir='ltr' id='par_1_44' title="bbox 426 4117 2008 4211">
     <span class='ocr_line' id='line_1_44' title="bbox 426 4117 2008 4211; baseline 0.018 -36"><span class='ocrx_word' id='word_1_316' title='bbox 426 4122 511 4191; x_wconf 91' lang='lat' dir='ltr'><strong>pis</strong></span> <span class='ocrx_word' id='word_1_317' title='bbox 527 4122 836 4196; x_wconf 90' lang='lat' dir='ltr'><strong>junguntur</strong></span> <span class='ocrx_word' id='word_1_318' title='bbox 858 4127 1135 4200; x_wconf 68' lang='lat' dir='ltr'><strong>Ecclesiae,</strong></span> <span class='ocrx_word' id='word_1_319' title='bbox 1158 4117 1454 4208; x_wconf 77' lang='lat' dir='ltr'><strong>unicuique</strong></span> <span class='ocrx_word' id='word_1_320' title='bbox 1484 4156 1583 4210; x_wconf 90' lang='lat' dir='ltr'><strong>pro</strong></span> <span class='ocrx_word' id='word_1_321' title='bbox 1607 4117 1857 4211; x_wconf 77' lang='lat' dir='ltr'><strong>portione</strong></span> <span class='ocrx_word' id='word_1_322' title='bbox 1888 4162 2008 4203; x_wconf 84' lang='lat' dir='ltr'><strong>sua.</strong></span> 
     </span>
    </p>
   </div>
   <div class='ocr_carea' id='block_1_45' title="bbox 425 4212 2010 4302">
    <p class='ocr_par' dir='ltr' id='par_1_45' title="bbox 425 4212 2010 4302">
     <span class='ocr_line' id='line_1_45' title="bbox 425 4212 2010 4302; baseline 0.017 -35"><span class='ocrx_word' id='word_1_323' title='bbox 425 4212 493 4268; x_wconf 89' lang='lat' dir='ltr'><strong>Et</strong></span> <span class='ocrx_word' id='word_1_324' title='bbox 524 4216 666 4272; x_wconf 88' lang='lat' dir='ltr'><strong>sicut</strong></span> <span class='ocrx_word' id='word_1_325' title='bbox 694 4220 780 4275; x_wconf 88' lang='lat' dir='ltr'><strong>vir</strong></span> <span class='ocrx_word' id='word_1_326' title='bbox 811 4237 920 4276; x_wconf 92' lang='lat' dir='ltr'><strong>non</strong></span> <span class='ocrx_word' id='word_1_327' title='bbox 949 4224 1118 4281; x_wconf 85' lang='lat' dir='ltr'><strong>debet-</strong></span> <span class='ocrx_word' id='word_1_328' title='bbox 1139 4229 1411 4300; x_wconf 88' lang='lat' dir='ltr'><strong>negligere</strong></span> <span class='ocrx_word' id='word_1_329' title='bbox 1442 4247 1667 4288; x_wconf 82' lang='lat' dir='ltr'><strong>uxorem</strong></span> <span class='ocrx_word' id='word_1_330' title='bbox 1702 4251 1879 4302; x_wconf 89' lang='lat' dir='ltr'><strong>suam,</strong></span> <span class='ocrx_word' id='word_1_331' title='bbox 1915 4237 2010 4293; x_wconf 86' lang='lat' dir='ltr'><strong>sed</strong></span> 
     </span>
    </p>
   </div>
   <div class='ocr_carea' id='block_1_46' title="bbox 424 4306 2009 4397">
    <p class='ocr_par' dir='ltr' id='par_1_46' title="bbox 424 4306 2009 4397">
     <span class='ocr_line' id='line_1_46' title="bbox 424 4306 2009 4397; baseline 0.016 -37"><span class='ocrx_word' id='word_1_332' title='bbox 424 4306 648 4380; x_wconf 85' lang='lat' dir='ltr'><strong>diligere</strong></span> <span class='ocrx_word' id='word_1_333' title='bbox 676 4318 730 4365; x_wconf 91' lang='lat' dir='ltr'><strong>et</strong></span> <span class='ocrx_word' id='word_1_334' title='bbox 751 4322 902 4367; x_wconf 90' lang='lat' dir='ltr'><strong>caste</strong></span> <span class='ocrx_word' id='word_1_335' title='bbox 923 4318 1200 4374; x_wconf 89' lang='lat' dir='ltr'><strong>custodire</strong></span> <span class='ocrx_word' id='word_1_336' title='bbox 1228 4330 1282 4376; x_wconf 88' lang='lat' dir='ltr'><strong>et</strong></span> <span class='ocrx_word' id='word_1_337' title='bbox 1313 4337 1499 4378; x_wconf 89' lang='lat' dir='ltr'><strong>amare</strong></span> <span class='ocrx_word' id='word_1_338' title='bbox 1527 4334 1691 4396; x_wconf 90' lang='lat' dir='ltr'><strong>atque</strong></span> <span class='ocrx_word' id='word_1_339' title='bbox 1713 4328 2009 4397; x_wconf 87' lang='lat' dir='ltr'><strong>prudenter</strong></span> 
     </span>
    </p>
   </div>
   <div class='ocr_carea' id='block_1_47' title="bbox 424 4405 2008 4489">
    <p class='ocr_par' dir='ltr' id='par_1_47' title="bbox 424 4405 2008 4489">
     <span class='ocr_line' id='line_1_47' title="bbox 424 4405 2008 4489; baseline 0.015 -34"><span class='ocrx_word' id='word_1_340' title='bbox 424 4415 613 4473; x_wconf 85' lang='lat' dir='ltr'><strong>regere</strong></span> <span class='ocrx_word' id='word_1_341' title='bbox 644 4421 658 4457; x_wconf 92' lang='lat'><strong>:</strong></span> <span class='ocrx_word' id='word_1_342' title='bbox 693 4405 773 4460; x_wconf 91' lang='lat' dir='ltr'><strong>sic</strong></span> <span class='ocrx_word' id='word_1_343' title='bbox 815 4408 1107 4479; x_wconf 86' lang='lat' dir='ltr'><strong>episcopus</strong></span> <span class='ocrx_word' id='word_1_344' title='bbox 1135 4420 1190 4467; x_wconf 89' lang='lat' dir='ltr'><strong>et</strong></span> <span class='ocrx_word' id='word_1_345' title='bbox 1223 4416 1395 4471; x_wconf 90' lang='lat' dir='ltr'><strong>multo</strong></span> <span class='ocrx_word' id='word_1_346' title='bbox 1435 4419 1609 4489; x_wconf 89' lang='lat' dir='ltr'><strong>magis</strong></span> <span class='ocrx_word' id='word_1_347' title='bbox 1647 4422 1926 4478; x_wconf 90' lang='lat' dir='ltr'><strong>custodire</strong></span> <span class='ocrx_word' id='word_1_348' title='bbox 1953 4431 2008 4479; x_wconf 90' lang='lat' dir='ltr'><strong>et</strong></span> 
     </span>
    </p>
   </div>
   <div class='ocr_carea' id='block_1_48' title="bbox 424 4492 2007 4576">
    <p class='ocr_par' dir='ltr' id='par_1_48' title="bbox 424 4492 2007 4576">
     <span class='ocr_line' id='line_1_48' title="bbox 424 4492 2007 4576; baseline 0.015 -31"><span class='ocrx_word' id='word_1_349' title='bbox 424 4507 612 4549; x_wconf 88' lang='lat' dir='ltr'><strong>amare</strong></span> <span class='ocrx_word' id='word_1_350' title='bbox 651 4492 817 4567; x_wconf 73' lang='lat' dir='ltr'><strong>atque</strong></span> <span class='ocrx_word' id='word_1_351' title='bbox 850 4501 1145 4569; x_wconf 87' lang='lat' dir='ltr'><strong>prudenter</strong></span> <span class='ocrx_word' id='word_1_352' title='bbox 1175 4520 1361 4576; x_wconf 88' lang='lat' dir='ltr'><strong>regere</strong></span> <span class='ocrx_word' id='word_1_353' title='bbox 1393 4508 1551 4565; x_wconf 88' lang='lat' dir='ltr'><strong>debet</strong></span> <span class='ocrx_word' id='word_1_354' title='bbox 1582 4509 1903 4570; x_wconf 88' lang='lat' dir='ltr'><strong>Ecclesiam.</strong></span> <span class='ocrx_word' id='word_1_355' title='bbox 1940 4513 2007 4569; x_wconf 87' lang='lat' dir='ltr'><strong>Et</strong></span> 
     </span>
    </p>
   </div>
   <div class='ocr_carea' id='block_1_49' title="bbox 2040 3195 2083 3252">
    <p class='ocr_par' dir='ltr' id='par_1_49' title="bbox 2040 3195 2083 3252">
     <span class='ocr_line' id='line_1_49' title="bbox 2040 3195 2083 3252; baseline 0 0"><span class='ocrx_word' id='word_1_356' title='bbox 2040 3195 2083 3252; x_wconf 89' lang='lat' dir='ltr'><strong>C</strong></span> 
     </span>
    </p>
   </div>
   <div class='ocr_carea' id='block_1_50' title="bbox 2149 559 3756 626">
    <p class='ocr_par' dir='ltr' id='par_1_50' title="bbox 2149 559 3756 626">
     <span class='ocr_line' id='line_1_50' title="bbox 2149 559 3756 626; baseline 0.001 -14"><span class='ocrx_word' id='word_1_357' title='bbox 2149 560 2324 613; x_wconf 88' lang='lat' dir='ltr'><strong>virum</strong></span> <span class='ocrx_word' id='word_1_358' title='bbox 2360 574 2542 626; x_wconf 90' lang='lat' dir='ltr'><strong>suum,</strong></span> <span class='ocrx_word' id='word_1_359' title='bbox 2576 571 2638 614; x_wconf 91' lang='lat' dir='ltr'><strong>ut</strong></span> <span class='ocrx_word' id='word_1_360' title='bbox 2669 559 2822 614; x_wconf 88' lang='lat' dir='ltr'><strong>alteri</strong></span> <span class='ocrx_word' id='word_1_361' title='bbox 2869 575 2949 624; x_wconf 85' lang='lat' dir='ltr'><strong>se,</strong></span> <span class='ocrx_word' id='word_1_362' title='bbox 2990 561 3204 616; x_wconf 80' lang='lat' dir='ltr'><strong>vivente</strong></span> <span class='ocrx_word' id='word_1_363' title='bbox 3232 576 3318 624; x_wconf 80' lang='lat' dir='ltr'><strong>eo,</strong></span> <span class='ocrx_word' id='word_1_364' title='bbox 3369 562 3756 617; x_wconf 84' lang='lat' dir='ltr'><strong>matrimonio</strong></span> 
     </span>
    </p>
   </div>
   <div class='ocr_carea' id='block_1_51' title="bbox 2146 651 3748 721">
    <p class='ocr_par' dir='ltr' id='par_1_51' title="bbox 2146 651 3748 721">
     <span class='ocr_line' id='line_1_51' title="bbox 2146 651 3748 721; baseline 0 -16"><span class='ocrx_word' id='word_1_365' title='bbox 2146 651 2337 715; x_wconf 87' lang='lat' dir='ltr'><strong>societ,</strong></span> <span class='ocrx_word' id='word_1_366' title='bbox 2358 661 2452 704; x_wconf 92' lang='lat' dir='ltr'><strong>aut</strong></span> <span class='ocrx_word' id='word_1_367' title='bbox 2468 666 2592 705; x_wconf 91' lang='lat' dir='ltr'><strong>eum</strong></span> <span class='ocrx_word' id='word_1_368' title='bbox 2614 651 2897 714; x_wconf 89' lang='lat' dir='ltr'><strong>adulteret,</strong></span> <span class='ocrx_word' id='word_1_369' title='bbox 2918 653 3041 706; x_wconf 87' lang='lat' dir='ltr'><strong>licet</strong></span> <span class='ocrx_word' id='word_1_370' title='bbox 3064 651 3364 707; x_wconf 87' lang='lat' dir='ltr'><strong>fornicatus</strong></span> <span class='ocrx_word' id='word_1_371' title='bbox 3386 653 3461 707; x_wconf 86' lang='lat' dir='ltr'><strong>sit</strong></span> <span class='ocrx_word' id='word_1_372' title='bbox 3482 652 3577 705; x_wconf 83' lang='lat' dir='ltr'><strong>vir</strong></span> <span class='ocrx_word' id='word_1_373' title='bbox 3593 653 3748 721; x_wconf 84' lang='lat' dir='ltr'><strong>ejus,</strong></span> 
     </span>
    </p>
   </div>
   <div class='ocr_carea' id='block_1_52' title="bbox 2146 741 3751 812">
    <p class='ocr_par' dir='ltr' id='par_1_52' title="bbox 2146 741 3751 812">
     <span class='ocr_line' id='line_1_52' title="bbox 2146 741 3751 812; baseline 0.001 -16"><span class='ocrx_word' id='word_1_374' title='bbox 2146 742 2259 807; x_wconf 90' lang='lat' dir='ltr'><strong>sed,</strong></span> <span class='ocrx_word' id='word_1_375' title='bbox 2290 741 2447 811; x_wconf 82' lang='lat' dir='ltr'><strong>juxta</strong></span> <span class='ocrx_word' id='word_1_376' title='bbox 2487 742 2839 812; x_wconf 87' lang='lat' dir='ltr'><strong>Apostolum&#39;,</strong></span> <span class='ocrx_word' id='word_1_377' title='bbox 2876 762 2896 794; x_wconf 67' lang='grc' dir='ltr'><strong>α</strong></span> <span class='ocrx_word' id='word_1_378' title='bbox 2933 752 3028 798; x_wconf 88' lang='lat' dir='ltr'><strong>aut</strong></span> <span class='ocrx_word' id='word_1_379' title='bbox 3073 743 3193 798; x_wconf 89' lang='lat' dir='ltr'><strong>viro</strong></span> <span class='ocrx_word' id='word_1_380' title='bbox 3231 758 3333 798; x_wconf 91' lang='lat' dir='ltr'><strong>suo</strong></span> <span class='ocrx_word' id='word_1_381' title='bbox 3376 743 3751 798; x_wconf 64' lang='lat' dir='ltr'><strong>reconciliari</strong></span> 
     </span>
    </p>
   </div>
   <div class='ocr_carea' id='block_1_53' title="bbox 2143 833 3750 904">
    <p class='ocr_par' dir='ltr' id='par_1_53' title="bbox 2143 833 3750 904">
     <span class='ocr_line' id='line_1_53' title="bbox 2143 833 3750 904; baseline 0.002 -16"><span class='ocrx_word' id='word_1_382' title='bbox 2143 834 2321 899; x_wconf 89' lang='lat' dir='ltr'><strong>debet,</strong></span> <span class='ocrx_word' id='word_1_383' title='bbox 2377 843 2472 889; x_wconf 89' lang='lat' dir='ltr'><strong>aut</strong></span> <span class='ocrx_word' id='word_1_384' title='bbox 2521 849 2739 889; x_wconf 89' lang='lat' dir='ltr'><strong>manere</strong></span> <span class='ocrx_word' id='word_1_385' title='bbox 2789 834 3014 904; x_wconf 89' lang='lat' dir='ltr'><strong>innupta</strong></span> <span class='ocrx_word' id='word_1_386' title='bbox 3039 835 3116 903; x_wconf 76' lang='lat'><strong>“;</strong></span> <span class='ocrx_word' id='word_1_387' title='bbox 3147 855 3167 887; x_wconf 75' lang='grc' dir='ltr'><strong><em>ι</em></strong></span> <span class='ocrx_word' id='word_1_388' title='bbox 3199 836 3270 890; x_wconf 92' lang='lat' dir='ltr'><strong>ita</strong></span> <span class='ocrx_word' id='word_1_389' title='bbox 3304 833 3577 890; x_wconf 66' lang='lat' dir='ltr'><strong>Ecclesiae</strong></span> <span class='ocrx_word' id='word_1_390' title='bbox 3626 852 3750 891; x_wconf 81' lang='lat' dir='ltr'><strong>non</strong></span> 
     </span>
    </p>
   </div>
   <div class='ocr_carea' id='block_1_54' title="bbox 2142 925 3749 996">
    <p class='ocr_par' dir='ltr' id='par_1_54' title="bbox 2142 925 3749 996">
     <span class='ocr_line' id='line_1_54' title="bbox 2142 925 3749 996; baseline 0.002 -16"><span class='ocrx_word' id='word_1_391' title='bbox 2142 925 2270 981; x_wconf 89' lang='lat' dir='ltr'><strong>licet</strong></span> <span class='ocrx_word' id='word_1_392' title='bbox 2303 926 2575 982; x_wconf 85' lang='lat' dir='ltr'><strong>dimittere</strong></span> <span class='ocrx_word' id='word_1_393' title='bbox 2614 928 2929 996; x_wconf 89' lang='lat' dir='ltr'><strong>episcopum</strong></span> <span class='ocrx_word' id='word_1_394' title='bbox 2981 943 3164 994; x_wconf 91' lang='lat' dir='ltr'><strong>suum,</strong></span> <span class='ocrx_word' id='word_1_395' title='bbox 3198 936 3292 982; x_wconf 88' lang='lat' dir='ltr'><strong>aut</strong></span> <span class='ocrx_word' id='word_1_396' title='bbox 3322 929 3397 982; x_wconf 90' lang='lat' dir='ltr'><strong>ab</strong></span> <span class='ocrx_word' id='word_1_397' title='bbox 3433 943 3507 983; x_wconf 91' lang='lat' dir='ltr'><strong>eo</strong></span> <span class='ocrx_word' id='word_1_398' title='bbox 3541 943 3608 983; x_wconf 87' lang='lat' dir='ltr'><strong>se</strong></span> <span class='ocrx_word' id='word_1_399' title='bbox 3652 944 3749 983; x_wconf 79' lang='lat' dir='ltr'><strong>se-</strong></span> 
     </span>
    </p>
   </div>
   <div class='ocr_carea' id='block_1_55' title="bbox 2141 1020 3749 1090">
    <p class='ocr_par' dir='ltr' id='par_1_55' title="bbox 2141 1020 3749 1090">
     <span class='ocr_line' id='line_1_55' title="bbox 2141 1020 3749 1090; baseline 0 -17"><span class='ocrx_word' id='word_1_400' title='bbox 2141 1035 2367 1090; x_wconf 88' lang='lat' dir='ltr'><strong>gregare</strong></span> <span class='ocrx_word' id='word_1_401' title='bbox 2412 1030 2471 1075; x_wconf 92' lang='lat' dir='ltr'><strong>ut</strong></span> <span class='ocrx_word' id='word_1_402' title='bbox 2519 1020 2769 1085; x_wconf 90' lang='lat' dir='ltr'><strong>alterum,</strong></span> <span class='ocrx_word' id='word_1_403' title='bbox 2801 1020 3014 1075; x_wconf 83' lang='lat' dir='ltr'><strong>vivente</strong></span> <span class='ocrx_word' id='word_1_404' title='bbox 3057 1035 3145 1088; x_wconf 88' lang='lat' dir='ltr'><strong>eo,</strong></span> <span class='ocrx_word' id='word_1_405' title='bbox 3188 1020 3459 1090; x_wconf 87' lang='lat' dir='ltr'><strong>accipiat;</strong></span> <span class='ocrx_word' id='word_1_406' title='bbox 3506 1020 3610 1076; x_wconf 85' lang='lat' dir='ltr'><strong>sed</strong></span> <span class='ocrx_word' id='word_1_407' title='bbox 3644 1030 3749 1074; x_wconf 78' lang='lat' dir='ltr'><strong>aut</strong></span> 
     </span>
    </p>
   </div>
   <div class='ocr_carea' id='block_1_56' title="bbox 2142 1113 3747 1183">
    <p class='ocr_par' dir='ltr' id='par_1_56' title="bbox 2142 1113 3747 1183">
     <span class='ocr_line' id='line_1_56' title="bbox 2142 1113 3747 1183; baseline 0.001 -18"><span class='ocrx_word' id='word_1_408' title='bbox 2142 1113 2320 1182; x_wconf 91' lang='lat' dir='ltr'><strong>ipsum</strong></span> <span class='ocrx_word' id='word_1_409' title='bbox 2353 1113 2569 1178; x_wconf 90' lang='lat' dir='ltr'><strong>habeat,</strong></span> <span class='ocrx_word' id='word_1_410' title='bbox 2615 1122 2709 1168; x_wconf 88' lang='lat' dir='ltr'><strong>aut</strong></span> <span class='ocrx_word' id='word_1_411' title='bbox 2756 1113 2983 1183; x_wconf 91' lang='lat' dir='ltr'><strong>innupta</strong></span> <span class='ocrx_word' id='word_1_412' title='bbox 3014 1122 3250 1178; x_wconf 85' lang='lat' dir='ltr'><strong>maneat,</strong></span> <span class='ocrx_word' id='word_1_413' title='bbox 3283 1114 3335 1168; x_wconf 94' lang='lat' dir='ltr'><strong>id</strong></span> <span class='ocrx_word' id='word_1_414' title='bbox 3360 1124 3449 1169; x_wconf 90' lang='lat' dir='ltr'><strong>est</strong></span> <span class='ocrx_word' id='word_1_415' title='bbox 3486 1114 3747 1168; x_wconf 85' lang='lat' dir='ltr'><strong>alterum</strong></span> 
     </span>
    </p>
   </div>
   <div class='ocr_carea' id='block_1_57' title="bbox 2138 1203 3751 1275">
    <p class='ocr_par' dir='ltr' id='par_1_57' title="bbox 2138 1203 3751 1275">
     <span class='ocr_line' id='line_1_57' title="bbox 2138 1203 3751 1275; baseline 0.001 -18"><span class='ocrx_word' id='word_1_416' title='bbox 2138 1204 2477 1274; x_wconf 90' lang='lat' dir='ltr'><strong>episcopum,</strong></span> <span class='ocrx_word' id='word_1_417' title='bbox 2496 1220 2599 1259; x_wconf 91' lang='lat' dir='ltr'><strong>suo</strong></span> <span class='ocrx_word' id='word_1_418' title='bbox 2629 1205 2863 1268; x_wconf 87' lang='lat' dir='ltr'><strong>vivente,</strong></span> <span class='ocrx_word' id='word_1_419' title='bbox 2892 1221 2999 1259; x_wconf 92' lang='lat' dir='ltr'><strong>non</strong></span> <span class='ocrx_word' id='word_1_420' title='bbox 3027 1206 3275 1275; x_wconf 88' lang='lat' dir='ltr'><strong>accipiat,</strong></span> <span class='ocrx_word' id='word_1_421' title='bbox 3299 1221 3369 1260; x_wconf 90' lang='lat' dir='ltr'><strong>ne</strong></span> <span class='ocrx_word' id='word_1_422' title='bbox 3398 1203 3751 1260; x_wconf 61' lang='lat' dir='ltr'><strong>fornicatio»</strong></span> 
     </span>
    </p>
   </div>
   <div class='ocr_carea' id='block_1_58' title="bbox 2139 1295 3744 1352">
    <p class='ocr_par' dir='ltr' id='par_1_58' title="bbox 2139 1295 3744 1352">
     <span class='ocr_line' id='line_1_58' title="bbox 2139 1295 3744 1352; baseline 0.001 -4"><span class='ocrx_word' id='word_1_423' title='bbox 2139 1295 2226 1350; x_wconf 90' lang='lat' dir='ltr'><strong>nis</strong></span> <span class='ocrx_word' id='word_1_424' title='bbox 2257 1304 2351 1351; x_wconf 91' lang='lat' dir='ltr'><strong>aut</strong></span> <span class='ocrx_word' id='word_1_425' title='bbox 2395 1296 2644 1351; x_wconf 90' lang='lat' dir='ltr'><strong>adulterii</strong></span> <span class='ocrx_word' id='word_1_426' title='bbox 2691 1297 2898 1351; x_wconf 90' lang='lat' dir='ltr'><strong>crimen</strong></span> <span class='ocrx_word' id='word_1_427' title='bbox 2943 1297 3208 1352; x_wconf 85' lang='lat' dir='ltr'><strong>incurrat.</strong></span> <span class='ocrx_word' id='word_1_428' title='bbox 3251 1295 3389 1351; x_wconf 85' lang='lat' dir='ltr'><strong>Nam</strong></span> <span class='ocrx_word' id='word_1_429' title='bbox 3425 1297 3474 1352; x_wconf 89' lang='lat' dir='ltr'><strong>si</strong></span> <span class='ocrx_word' id='word_1_430' title='bbox 3513 1297 3744 1351; x_wconf 84' lang='lat' dir='ltr'><strong>adulte—</strong></span> 
     </span>
    </p>
   </div>
   <div class='ocr_carea' id='block_1_59' title="bbox 2139 1385 3745 1458">
    <p class='ocr_par' dir='ltr' id='par_1_59' title="bbox 2139 1385 3745 1458">
     <span class='ocr_line' id='line_1_59' title="bbox 2139 1385 3745 1458; baseline -0.001 -18"><span class='ocrx_word' id='word_1_431' title='bbox 2139 1395 2254 1441; x_wconf 90' lang='lat' dir='ltr'><strong>rata</strong></span> <span class='ocrx_word' id='word_1_432' title='bbox 2288 1385 2470 1453; x_wconf 89' lang='lat' dir='ltr'><strong>fuerit,</strong></span> <span class='ocrx_word' id='word_1_433' title='bbox 2498 1388 2550 1441; x_wconf 91' lang='lat' dir='ltr'><strong>id</strong></span> <span class='ocrx_word' id='word_1_434' title='bbox 2578 1396 2662 1442; x_wconf 89' lang='lat' dir='ltr'><strong>est</strong></span> <span class='ocrx_word' id='word_1_435' title='bbox 2691 1389 2738 1443; x_wconf 90' lang='lat' dir='ltr'><strong>si</strong></span> <span class='ocrx_word' id='word_1_436' title='bbox 2771 1403 2830 1442; x_wconf 90' lang='lat' dir='ltr'><strong>se</strong></span> <span class='ocrx_word' id='word_1_437' title='bbox 2861 1388 3014 1442; x_wconf 87' lang='lat' dir='ltr'><strong>alteri</strong></span> <span class='ocrx_word' id='word_1_438' title='bbox 3046 1389 3301 1457; x_wconf 87' lang='lat' dir='ltr'><strong>episc0po</strong></span> <span class='ocrx_word' id='word_1_439' title='bbox 3330 1387 3617 1458; x_wconf 80' lang='lat' dir='ltr'><strong>junxerit,</strong></span> <span class='ocrx_word' id='word_1_440' title='bbox 3646 1396 3745 1441; x_wconf 86' lang='lat' dir='ltr'><strong>aut</strong></span> 
     </span>
    </p>
   </div>
   <div class='ocr_carea' id='block_1_60' title="bbox 2137 1480 3743 1551">
    <p class='ocr_par' dir='ltr' id='par_1_60' title="bbox 2137 1480 3743 1551">
     <span class='ocr_line' id='line_1_60' title="bbox 2137 1480 3743 1551; baseline 0 -16"><span class='ocrx_word' id='word_1_441' title='bbox 2137 1495 2302 1551; x_wconf 86' lang='lat' dir='ltr'><strong>super</strong></span> <span class='ocrx_word' id='word_1_442' title='bbox 2356 1496 2415 1536; x_wconf 88' lang='lat' dir='ltr'><strong>se</strong></span> <span class='ocrx_word' id='word_1_443' title='bbox 2463 1481 2695 1535; x_wconf 90' lang='lat' dir='ltr'><strong>alterum</strong></span> <span class='ocrx_word' id='word_1_444' title='bbox 2729 1482 3045 1551; x_wconf 88' lang='lat' dir='ltr'><strong>episcopum</strong></span> <span class='ocrx_word' id='word_1_445' title='bbox 3100 1480 3408 1545; x_wconf 82' lang='lat' dir='ltr'><strong>adduxerit,</strong></span> <span class='ocrx_word' id='word_1_446' title='bbox 3464 1490 3574 1534; x_wconf 87' lang='lat' dir='ltr'><strong>aut</strong></span> <span class='ocrx_word' id='word_1_447' title='bbox 3617 1494 3743 1535; x_wconf 84' lang='lat' dir='ltr'><strong>esse</strong></span> 
     </span>
    </p>
   </div>
   <div class='ocr_carea' id='block_1_61' title="bbox 2139 1571 3743 1642">
    <p class='ocr_par' dir='ltr' id='par_1_61' title="bbox 2139 1571 3743 1642">
     <span class='ocr_line' id='line_1_61' title="bbox 2139 1571 3743 1642; baseline -0.001 -16"><span class='ocrx_word' id='word_1_448' title='bbox 2139 1572 2345 1640; x_wconf 88' lang='lat' dir='ltr'><strong>fecerit,</strong></span> <span class='ocrx_word' id='word_1_449' title='bbox 2389 1573 2473 1627; x_wconf 89' lang='lat' dir='ltr'><strong>vel</strong></span> <span class='ocrx_word' id='word_1_450' title='bbox 2502 1571 2925 1639; x_wconf 80' lang='lat' dir='ltr'><strong>desideraverit;</strong></span> <span class='ocrx_word' id='word_1_451' title='bbox 2963 1588 3057 1642; x_wconf 89' lang='lat' dir='ltr'><strong>per</strong></span> <span class='ocrx_word' id='word_1_452' title='bbox 3094 1573 3418 1627; x_wconf 84' lang='lat' dir='ltr'><strong>acerrimam</strong></span> <span class='ocrx_word' id='word_1_453' title='bbox 3450 1572 3743 1641; x_wconf 76' lang='lat' dir='ltr'><strong>paeniten-</strong></span> 
     </span>
    </p>
   </div>
   <div class='ocr_carea' id='block_1_62' title="bbox 2136 1665 3741 1735">
    <p class='ocr_par' dir='ltr' id='par_1_62' title="bbox 2136 1665 3741 1735">
     <span class='ocr_line' id='line_1_62' title="bbox 2136 1665 3741 1735; baseline -0.002 -16"><span class='ocrx_word' id='word_1_454' title='bbox 2136 1665 2266 1720; x_wconf 89' lang='lat' dir='ltr'><strong>tiam</strong></span> <span class='ocrx_word' id='word_1_455' title='bbox 2296 1674 2390 1720; x_wconf 90' lang='lat' dir='ltr'><strong>aut</strong></span> <span class='ocrx_word' id='word_1_456' title='bbox 2441 1680 2545 1721; x_wconf 92' lang='lat' dir='ltr'><strong>suo</strong></span> <span class='ocrx_word' id='word_1_457' title='bbox 2597 1665 2983 1721; x_wconf 88' lang='lat' dir='ltr'><strong>reconcilietur</strong></span> <span class='ocrx_word' id='word_1_458' title='bbox 3031 1665 3308 1735; x_wconf 88' lang='lat' dir='ltr'><strong>episc0po,</strong></span> <span class='ocrx_word' id='word_1_459' title='bbox 3349 1673 3449 1719; x_wconf 91' lang='lat' dir='ltr'><strong>aut</strong></span> <span class='ocrx_word' id='word_1_460' title='bbox 3495 1666 3741 1733; x_wconf 83' lang='lat' dir='ltr'><strong>innupta</strong></span> 
     </span>
    </p>
   </div>
   <div class='ocr_carea' id='block_1_63' title="bbox 2132 1757 3739 1830">
    <p class='ocr_par' dir='ltr' id='par_1_63' title="bbox 2132 1757 3739 1830">
     <span class='ocr_line' id='line_1_63' title="bbox 2132 1757 3739 1830; baseline -0.002 -17"><span class='ocrx_word' id='word_1_461' title='bbox 2132 1768 2469 1829; x_wconf 88' lang='lat' dir='ltr'><strong>permaneat.</strong></span> <span class='ocrx_word' id='word_1_462' title='bbox 2492 1757 2649 1814; x_wconf 91' lang='lat' dir='ltr'><strong>Unde</strong></span> <span class='ocrx_word' id='word_1_463' title='bbox 2675 1769 2731 1814; x_wconf 90' lang='lat' dir='ltr'><strong>et</strong></span> <span class='ocrx_word' id='word_1_464' title='bbox 2756 1759 3023 1814; x_wconf 91' lang='lat' dir='ltr'><strong>Dominus</strong></span> <span class='ocrx_word' id='word_1_465' title='bbox 3052 1760 3299 1830; x_wconf 84' lang='lat' dir='ltr'><strong>loquitur</strong></span> <span class='ocrx_word' id='word_1_466' title='bbox 3319 1758 3375 1813; x_wconf 87' lang='lat' dir='ltr'><strong>in</strong></span> <span class='ocrx_word' id='word_1_467' title='bbox 3402 1757 3739 1828; x_wconf 80' lang='lat' dir='ltr'><strong>Evangelio,</strong></span> 
     </span>
    </p>
   </div>
   <div class='ocr_carea' id='block_1_64' title="bbox 2062 1835 3740 1922">
    <p class='ocr_par' dir='ltr' id='par_1_64' title="bbox 2062 1835 3740 1922">
     <span class='ocr_line' id='line_1_64' title="bbox 2062 1835 3740 1922; baseline -0.002 -16"><span class='ocrx_word' id='word_1_468' title='bbox 2062 1835 2105 1895; x_wconf 80' lang='grc' dir='ltr'>Β</span> <span class='ocrx_word' id='word_1_469' title='bbox 2132 1852 2321 1906; x_wconf 85' lang='lat' dir='ltr'><strong>dicens</strong></span> <span class='ocrx_word' id='word_1_470' title='bbox 2354 1870 2369 1905; x_wconf 84' lang='lat'><strong>:</strong></span> <span class='ocrx_word' id='word_1_471' title='bbox 2409 1871 2428 1903; x_wconf 75' lang='grc' dir='ltr'><strong><em>ι</em></strong></span> <span class='ocrx_word' id='word_1_472' title='bbox 2468 1850 2526 1906; x_wconf 90' lang='lat' dir='ltr'><strong>Si</strong></span> <span class='ocrx_word' id='word_1_473' title='bbox 2548 1852 2673 1922; x_wconf 91' lang='lat' dir='ltr'><strong>quis</strong></span> <span class='ocrx_word' id='word_1_474' title='bbox 2694 1852 2891 1907; x_wconf 87' lang='lat' dir='ltr'><strong>viderit</strong></span> <span class='ocrx_word' id='word_1_475' title='bbox 2918 1852 3200 1907; x_wconf 89' lang='lat' dir='ltr'><strong>mulierem</strong></span> <span class='ocrx_word' id='word_1_476' title='bbox 3230 1852 3297 1906; x_wconf 89' lang='lat' dir='ltr'><strong>ad</strong></span> <span class='ocrx_word' id='word_1_477' title='bbox 3320 1850 3740 1919; x_wconf 79' lang='lat' dir='ltr'><strong>concupiscen-</strong></span> 
     </span>
    </p>
   </div>
   <div class='ocr_carea' id='block_1_65' title="bbox 2128 1941 3735 2015">
    <p class='ocr_par' dir='ltr' id='par_1_65' title="bbox 2128 1941 3735 2015">
     <span class='ocr_line' id='line_1_65' title="bbox 2128 1941 3735 2015; baseline -0.004 -17"><span class='ocrx_word' id='word_1_478' title='bbox 2128 1943 2258 1998; x_wconf 90' lang='lat' dir='ltr'><strong>dum</strong></span> <span class='ocrx_word' id='word_1_479' title='bbox 2285 1960 2429 2010; x_wconf 90' lang='lat' dir='ltr'><strong>eam,</strong></span> <span class='ocrx_word' id='word_1_480' title='bbox 2456 1945 2571 2015; x_wconf 87' lang='lat' dir='ltr'><strong>jam</strong></span> <span class='ocrx_word' id='word_1_481' title='bbox 2602 1945 2909 2000; x_wconf 67' lang='lat' dir='ltr'><strong>moechatus</strong></span> <span class='ocrx_word' id='word_1_482' title='bbox 2943 1955 3028 2001; x_wconf 86' lang='lat' dir='ltr'><strong>est</strong></span> <span class='ocrx_word' id='word_1_483' title='bbox 3049 1960 3170 1999; x_wconf 90' lang='lat' dir='ltr'><strong>eam</strong></span> <span class='ocrx_word' id='word_1_484' title='bbox 3198 1944 3252 1997; x_wconf 90' lang='lat' dir='ltr'><strong>in</strong></span> <span class='ocrx_word' id='word_1_485' title='bbox 3279 1941 3451 1998; x_wconf 88' lang='lat' dir='ltr'><strong>corde</strong></span> <span class='ocrx_word' id='word_1_486' title='bbox 3483 1957 3604 1997; x_wconf 90' lang='lat' dir='ltr'><strong>suo</strong></span> <span class='ocrx_word' id='word_1_487' title='bbox 3620 1942 3686 1993; x_wconf 75' lang='lat'><strong>&quot;.</strong></span> <span class='ocrx_word' id='word_1_488' title='bbox 3716 1959 3735 1991; x_wconf 62' lang='grc' dir='ltr'><strong><em>ν</em></strong></span> 
     </span>
    </p>
   </div>
   <div class='ocr_carea' id='block_1_66' title="bbox 2128 2032 3739 2107">
    <p class='ocr_par' dir='ltr' id='par_1_66' title="bbox 2128 2032 3739 2107">
     <span class='ocr_line' id='line_1_66' title="bbox 2128 2032 3739 2107; baseline 0 -20"><span class='ocrx_word' id='word_1_489' title='bbox 2128 2033 2176 2065; x_wconf 74' lang='grc'><strong>⁸³</strong></span> <span class='ocrx_word' id='word_1_490' title='bbox 2189 2032 2521 2107; x_wconf 71' lang='grc' dir='ltr'><strong>Ερίδθονυω</strong></span> <span class='ocrx_word' id='word_1_491' title='bbox 2553 2050 2685 2091; x_wconf 87' lang='lat' dir='ltr'><strong>vero</strong></span> <span class='ocrx_word' id='word_1_492' title='bbox 2736 2044 2948 2106; x_wconf 91' lang='lat' dir='ltr'><strong>oportet</strong></span> <span class='ocrx_word' id='word_1_493' title='bbox 2987 2045 3293 2106; x_wconf 79' lang='lat' dir='ltr'><strong>Opportune</strong></span> <span class='ocrx_word' id='word_1_494' title='bbox 3314 2041 3370 2088; x_wconf 91' lang='lat' dir='ltr'><strong>et</strong></span> <span class='ocrx_word' id='word_1_495' title='bbox 3402 2033 3739 2103; x_wconf 79' lang='lat' dir='ltr'><strong>importune</strong></span> 
     </span>
    </p>
   </div>
   <div class='ocr_carea' id='block_1_67' title="bbox 2126 2125 3737 2195">
    <p class='ocr_par' dir='ltr' id='par_1_67' title="bbox 2126 2125 3737 2195">
     <span class='ocr_line' id='line_1_67' title="bbox 2126 2125 3737 2195; baseline 0 -16"><span class='ocrx_word' id='word_1_496' title='bbox 2126 2135 2291 2195; x_wconf 90' lang='lat' dir='ltr'><strong>atque</strong></span> <span class='ocrx_word' id='word_1_497' title='bbox 2324 2125 2443 2180; x_wconf 90' lang='lat' dir='ltr'><strong>sine</strong></span> <span class='ocrx_word' id='word_1_498' title='bbox 2486 2125 2897 2182; x_wconf 83' lang='lat' dir='ltr'><strong>intermissione</strong></span> <span class='ocrx_word' id='word_1_499' title='bbox 2946 2125 3245 2181; x_wconf 89' lang='lat' dir='ltr'><strong>Ecelesiam</strong></span> <span class='ocrx_word' id='word_1_500' title='bbox 3293 2139 3456 2180; x_wconf 89' lang='lat' dir='ltr'><strong>suam</strong></span> <span class='ocrx_word' id='word_1_501' title='bbox 3502 2125 3737 2189; x_wconf 82' lang='lat' dir='ltr'><strong>docere,</strong></span> 
     </span>
    </p>
   </div>
   <div class='ocr_carea' id='block_1_68' title="bbox 2127 2216 3739 2288">
    <p class='ocr_par' dir='ltr' id='par_1_68' title="bbox 2127 2216 3739 2288">
     <span class='ocr_line' id='line_1_68' title="bbox 2127 2216 3739 2288; baseline 0 -17"><span class='ocrx_word' id='word_1_502' title='bbox 2127 2231 2365 2286; x_wconf 89' lang='lat' dir='ltr'><strong>eamque</strong></span> <span class='ocrx_word' id='word_1_503' title='bbox 2396 2216 2695 2287; x_wconf 82' lang='lat' dir='ltr'><strong>prudenter</strong></span> <span class='ocrx_word' id='word_1_504' title='bbox 2725 2233 2917 2288; x_wconf 90' lang='lat' dir='ltr'><strong>regere</strong></span> <span class='ocrx_word' id='word_1_505' title='bbox 2960 2226 3016 2273; x_wconf 90' lang='lat' dir='ltr'><strong>et</strong></span> <span class='ocrx_word' id='word_1_506' title='bbox 3049 2232 3253 2283; x_wconf 90' lang='lat' dir='ltr'><strong>amare,</strong></span> <span class='ocrx_word' id='word_1_507' title='bbox 3282 2225 3343 2271; x_wconf 90' lang='lat' dir='ltr'><strong>ut</strong></span> <span class='ocrx_word' id='word_1_508' title='bbox 3394 2232 3428 2271; x_wconf 88' lang='lat' dir='ltr'><strong>a</strong></span> <span class='ocrx_word' id='word_1_509' title='bbox 3469 2217 3635 2273; x_wconf 84' lang='lat' dir='ltr'><strong>vitiis</strong></span> <span class='ocrx_word' id='word_1_510' title='bbox 3682 2233 3739 2271; x_wconf 73' lang='lat' dir='ltr'><strong>se</strong></span> 
     </span>
    </p>
   </div>
   <div class='ocr_carea' id='block_1_69' title="bbox 2125 2307 3738 2380">
    <p class='ocr_par' dir='ltr' id='par_1_69' title="bbox 2125 2307 3738 2380">
     <span class='ocr_line' id='line_1_69' title="bbox 2125 2307 3738 2380; baseline 0.001 -19"><span class='ocrx_word' id='word_1_511' title='bbox 2125 2307 2417 2374; x_wconf 87' lang='lat' dir='ltr'><strong>abstineat,</strong></span> <span class='ocrx_word' id='word_1_512' title='bbox 2463 2317 2519 2365; x_wconf 86' lang='lat' dir='ltr'><strong>et</strong></span> <span class='ocrx_word' id='word_1_513' title='bbox 2565 2309 2797 2366; x_wconf 89' lang='lat' dir='ltr'><strong>salutem</strong></span> <span class='ocrx_word' id='word_1_514' title='bbox 2821 2310 3083 2380; x_wconf 86' lang='lat' dir='ltr'><strong>consequi</strong></span> <span class='ocrx_word' id='word_1_515' title='bbox 3127 2311 3303 2379; x_wconf 89' lang='lat' dir='ltr'><strong>possit</strong></span> <span class='ocrx_word' id='word_1_516' title='bbox 3328 2318 3635 2363; x_wconf 64' lang='lat' dir='ltr'><strong>aeternam.</strong></span> <span class='ocrx_word' id='word_1_517' title='bbox 3676 2308 3738 2363; x_wconf 86' lang='lat' dir='ltr'><strong>Et</strong></span> 
     </span>
    </p>
   </div>
   <div class='ocr_carea' id='block_1_70' title="bbox 2126 2398 3736 2472">
    <p class='ocr_par' dir='ltr' id='par_1_70' title="bbox 2126 2398 3736 2472">
     <span class='ocr_line' id='line_1_70' title="bbox 2126 2398 3736 2472; baseline 0.003 -21"><span class='ocrx_word' id='word_1_518' title='bbox 2126 2398 2215 2453; x_wconf 92' lang='lat' dir='ltr'><strong>illa</strong></span> <span class='ocrx_word' id='word_1_519' title='bbox 2249 2414 2374 2453; x_wconf 89' lang='lat' dir='ltr'><strong>cum</strong></span> <span class='ocrx_word' id='word_1_520' title='bbox 2405 2408 2556 2455; x_wconf 90' lang='lat' dir='ltr'><strong>tanta</strong></span> <span class='ocrx_word' id='word_1_521' title='bbox 2582 2403 2891 2457; x_wconf 83' lang='lat' dir='ltr'><strong>reverentia</strong></span> <span class='ocrx_word' id='word_1_522' title='bbox 2920 2402 3042 2472; x_wconf 91' lang='lat' dir='ltr'><strong>ejus</strong></span> <span class='ocrx_word' id='word_1_523' title='bbox 3061 2401 3367 2457; x_wconf 90' lang='lat' dir='ltr'><strong>doctrinam</strong></span> <span class='ocrx_word' id='word_1_524' title='bbox 3401 2401 3583 2456; x_wconf 90' lang='lat' dir='ltr'><strong>debet</strong></span> <span class='ocrx_word' id='word_1_525' title='bbox 3610 2418 3736 2456; x_wconf 85' lang='lat' dir='ltr'><strong>sus-</strong></span> 
     </span>
    </p>
   </div>
   <div class='ocr_carea' id='block_1_71' title="bbox 2122 2492 3733 2565">
    <p class='ocr_par' dir='ltr' id='par_1_71' title="bbox 2122 2492 3733 2565">
     <span class='ocr_line' id='line_1_71' title="bbox 2122 2492 3733 2565; baseline 0.001 -19"><span class='ocrx_word' id='word_1_526' title='bbox 2122 2492 2305 2562; x_wconf 89' lang='lat' dir='ltr'><strong>cipere</strong></span> <span class='ocrx_word' id='word_1_527' title='bbox 2325 2533 2340 2557; x_wconf 90' lang='lat'><strong>,</strong></span> <span class='ocrx_word' id='word_1_528' title='bbox 2388 2508 2626 2565; x_wconf 89' lang='lat' dir='ltr'><strong>eumque</strong></span> <span class='ocrx_word' id='word_1_529' title='bbox 2655 2511 2842 2549; x_wconf 90' lang='lat' dir='ltr'><strong>amare</strong></span> <span class='ocrx_word' id='word_1_530' title='bbox 2871 2503 2927 2549; x_wconf 92' lang='lat' dir='ltr'><strong>et</strong></span> <span class='ocrx_word' id='word_1_531' title='bbox 2952 2494 3197 2565; x_wconf 83' lang='lat' dir='ltr'><strong>diligere,</strong></span> <span class='ocrx_word' id='word_1_532' title='bbox 3253 2502 3314 2548; x_wconf 90' lang='lat' dir='ltr'><strong>ut</strong></span> <span class='ocrx_word' id='word_1_533' title='bbox 3345 2494 3606 2564; x_wconf 84' lang='lat' dir='ltr'><strong>legatum</strong></span> <span class='ocrx_word' id='word_1_534' title='bbox 3644 2492 3733 2547; x_wconf 90' lang='lat' dir='ltr'><strong>Dei</strong></span> 
     </span>
    </p>
   </div>
   <div class='ocr_carea' id='block_1_72' title="bbox 2121 2585 3731 2658">
    <p class='ocr_par' dir='ltr' id='par_1_72' title="bbox 2121 2585 3731 2658">
     <span class='ocr_line' id='line_1_72' title="bbox 2121 2585 3731 2658; baseline 0.002 -17"><span class='ocrx_word' id='word_1_535' title='bbox 2121 2594 2177 2641; x_wconf 91' lang='lat' dir='ltr'><strong>et</strong></span> <span class='ocrx_word' id='word_1_536' title='bbox 2223 2601 2529 2656; x_wconf 59' lang='lat' dir='ltr'><strong>praeconem</strong></span> <span class='ocrx_word' id='word_1_537' title='bbox 2582 2589 2869 2653; x_wconf 86' lang='lat' dir='ltr'><strong>veritatis;</strong></span> <span class='ocrx_word' id='word_1_538' title='bbox 2917 2588 3081 2658; x_wconf 91' lang='lat' dir='ltr'><strong>quia,</strong></span> <span class='ocrx_word' id='word_1_539' title='bbox 3136 2597 3370 2643; x_wconf 86' lang='lat' dir='ltr'><strong>testante</strong></span> <span class='ocrx_word' id='word_1_540' title='bbox 3425 2585 3731 2644; x_wconf 82' lang='lat' dir='ltr'><strong>Veritate:</strong></span> 
     </span>
    </p>
   </div>
   <div class='ocr_carea' id='block_1_73' title="bbox 2128 2676 3732 2752">
    <p class='ocr_par' dir='ltr' id='par_1_73' title="bbox 2128 2676 3732 2752">
     <span class='ocr_line' id='line_1_73' title="bbox 2128 2676 3732 2752; baseline 0.003 -22"><span class='ocrx_word' id='word_1_541' title='bbox 2128 2697 2148 2730; x_wconf 84' lang='grc'><strong>«</strong></span> <span class='ocrx_word' id='word_1_542' title='bbox 2193 2676 2543 2750; x_wconf 71' lang='lat' dir='ltr'><strong>Quaecunque</strong></span> <span class='ocrx_word' id='word_1_543' title='bbox 2574 2681 2821 2752; x_wconf 82' lang='lat' dir='ltr'><strong>ligaverit</strong></span> <span class='ocrx_word' id='word_1_544' title='bbox 2868 2696 3033 2751; x_wconf 90' lang='lat' dir='ltr'><strong>super</strong></span> <span class='ocrx_word' id='word_1_545' title='bbox 3065 2689 3289 2744; x_wconf 89' lang='lat' dir='ltr'><strong>terram,</strong></span> <span class='ocrx_word' id='word_1_546' title='bbox 3334 2689 3506 2735; x_wconf 89' lang='lat' dir='ltr'><strong>erunt</strong></span> <span class='ocrx_word' id='word_1_547' title='bbox 3564 2681 3732 2751; x_wconf 84' lang='lat' dir='ltr'><strong>ligata</strong></span> 
     </span>
    </p>
   </div>
   <div class='ocr_carea' id='block_1_74' title="bbox 2120 2771 3733 2842">
    <p class='ocr_par' dir='ltr' id='par_1_74' title="bbox 2120 2771 3733 2842">
     <span class='ocr_line' id='line_1_74' title="bbox 2120 2771 3733 2842; baseline 0 -16"><span class='ocrx_word' id='word_1_548' title='bbox 2120 2779 2176 2826; x_wconf 88' lang='lat' dir='ltr'><strong>et</strong></span> <span class='ocrx_word' id='word_1_549' title='bbox 2210 2771 2264 2825; x_wconf 91' lang='lat' dir='ltr'><strong>in</strong></span> <span class='ocrx_word' id='word_1_550' title='bbox 2311 2772 2453 2826; x_wconf 64' lang='lat' dir='ltr'><strong>caelo</strong></span> <span class='ocrx_word' id='word_1_551' title='bbox 2479 2790 2493 2825; x_wconf 91' lang='lat'><strong>:</strong></span> <span class='ocrx_word' id='word_1_552' title='bbox 2519 2781 2574 2826; x_wconf 90' lang='lat' dir='ltr'><strong>et</strong></span> <span class='ocrx_word' id='word_1_553' title='bbox 2619 2786 2962 2842; x_wconf 57' lang='lat' dir='ltr'><strong>quaecunque</strong></span> <span class='ocrx_word' id='word_1_554' title='bbox 2993 2772 3219 2826; x_wconf 88' lang='lat' dir='ltr'><strong>solverit</strong></span> <span class='ocrx_word' id='word_1_555' title='bbox 3266 2785 3439 2842; x_wconf 85' lang='lat' dir='ltr'><strong>super</strong></span> <span class='ocrx_word' id='word_1_556' title='bbox 3489 2780 3733 2837; x_wconf 82' lang='lat' dir='ltr'><strong>terram,</strong></span> 
     </span>
    </p>
   </div>
   <div class='ocr_carea' id='block_1_75' title="bbox 2119 2864 3732 2933">
    <p class='ocr_par' dir='ltr' id='par_1_75' title="bbox 2119 2864 3732 2933">
     <span class='ocr_line' id='line_1_75' title="bbox 2119 2864 3732 2933; baseline 0.001 -15"><span class='ocrx_word' id='word_1_557' title='bbox 2119 2874 2282 2920; x_wconf 90' lang='lat' dir='ltr'><strong>erunt</strong></span> <span class='ocrx_word' id='word_1_558' title='bbox 2305 2866 2483 2919; x_wconf 89' lang='lat' dir='ltr'><strong>soluta</strong></span> <span class='ocrx_word' id='word_1_559' title='bbox 2516 2873 2571 2919; x_wconf 91' lang='lat' dir='ltr'><strong>et</strong></span> <span class='ocrx_word' id='word_1_560' title='bbox 2593 2866 2647 2919; x_wconf 92' lang='lat' dir='ltr'><strong>in</strong></span> <span class='ocrx_word' id='word_1_561' title='bbox 2672 2865 2813 2920; x_wconf 63' lang='lat' dir='ltr'><strong>caelo</strong></span> <span class='ocrx_word' id='word_1_562' title='bbox 2842 2866 2908 2919; x_wconf 74' lang='lat'><strong>“.</strong></span> <span class='ocrx_word' id='word_1_563' title='bbox 2953 2884 2971 2917; x_wconf 75' lang='grc' dir='ltr'><strong><em>ι</em></strong></span> <span class='ocrx_word' id='word_1_564' title='bbox 3000 2864 3173 2920; x_wconf 87' lang='lat' dir='ltr'><strong>Nimis</strong></span> <span class='ocrx_word' id='word_1_565' title='bbox 3194 2866 3436 2921; x_wconf 88' lang='lat' dir='ltr'><strong>timenda</strong></span> <span class='ocrx_word' id='word_1_566' title='bbox 3476 2875 3597 2933; x_wconf 90' lang='lat' dir='ltr'><strong>est,</strong></span> <span class='ocrx_word' id='word_1_567' title='bbox 3626 2865 3732 2920; x_wconf 85' lang='lat' dir='ltr'><strong>fra-</strong></span> 
     </span>
    </p>
   </div>
   <div class='ocr_carea' id='block_1_76' title="bbox 2122 2956 3734 3028">
    <p class='ocr_par' dir='ltr' id='par_1_76' title="bbox 2122 2956 3734 3028">
     <span class='ocr_line' id='line_1_76' title="bbox 2122 2956 3734 3028; baseline 0.002 -17"><span class='ocrx_word' id='word_1_568' title='bbox 2122 2968 2253 3024; x_wconf 89' lang='lat' dir='ltr'><strong>tres,</strong></span> <span class='ocrx_word' id='word_1_569' title='bbox 2279 2956 2393 3012; x_wconf 72' lang='lat' dir='ltr'><strong>haec</strong></span> <span class='ocrx_word' id='word_1_570' title='bbox 2422 2958 2711 3021; x_wconf 85' lang='lat' dir='ltr'><strong>sententia,</strong></span> <span class='ocrx_word' id='word_1_571' title='bbox 2743 2967 2795 3013; x_wconf 91' lang='lat' dir='ltr'><strong>et</strong></span> <span class='ocrx_word' id='word_1_572' title='bbox 2820 2956 3227 3028; x_wconf 65' lang='lat' dir='ltr'><strong>praevidendum</strong></span> <span class='ocrx_word' id='word_1_573' title='bbox 3250 2958 3432 3025; x_wconf 87' lang='lat' dir='ltr'><strong>vobis,</strong></span> <span class='ocrx_word' id='word_1_574' title='bbox 3458 2974 3535 3015; x_wconf 89' lang='lat' dir='ltr'><strong>ne</strong></span> <span class='ocrx_word' id='word_1_575' title='bbox 3562 2959 3734 3015; x_wconf 70' lang='lat' dir='ltr'><strong>offen-</strong></span> 
     </span>
    </p>
   </div>
   <div class='ocr_carea' id='block_1_77' title="bbox 2117 3049 3729 3121">
    <p class='ocr_par' dir='ltr' id='par_1_77' title="bbox 2117 3049 3729 3121">
     <span class='ocr_line' id='line_1_77' title="bbox 2117 3049 3729 3121; baseline 0.001 -17"><span class='ocrx_word' id='word_1_576' title='bbox 2117 3049 2260 3106; x_wconf 91' lang='lat' dir='ltr'><strong>datis</strong></span> <span class='ocrx_word' id='word_1_577' title='bbox 2292 3065 2388 3105; x_wconf 91' lang='lat' dir='ltr'><strong>eos</strong></span> <span class='ocrx_word' id='word_1_578' title='bbox 2419 3050 2515 3120; x_wconf 93' lang='lat' dir='ltr'><strong>qui</strong></span> <span class='ocrx_word' id='word_1_579' title='bbox 2557 3059 2763 3106; x_wconf 89' lang='lat' dir='ltr'><strong>tantam</strong></span> <span class='ocrx_word' id='word_1_580' title='bbox 2796 3067 2827 3106; x_wconf 91' lang='lat' dir='ltr'><strong>a</strong></span> <span class='ocrx_word' id='word_1_581' title='bbox 2862 3050 3095 3106; x_wconf 90' lang='lat' dir='ltr'><strong>Domino</strong></span> <span class='ocrx_word' id='word_1_582' title='bbox 3137 3051 3339 3106; x_wconf 87' lang='lat' dir='ltr'><strong>habent</strong></span> <span class='ocrx_word' id='word_1_583' title='bbox 3363 3062 3729 3121; x_wconf 64' lang='lat' dir='ltr'><strong>potestatem.</strong></span> 
     </span>
    </p>
   </div>
   <div class='ocr_carea' id='block_1_78' title="bbox 2119 3136 3732 3215">
    <p class='ocr_par' dir='ltr' id='par_1_78' title="bbox 2119 3136 3732 3215">
     <span class='ocr_line' id='line_1_78' title="bbox 2119 3136 3732 3215; baseline 0.006 -25"><span class='ocrx_word' id='word_1_584' title='bbox 2119 3136 2187 3192; x_wconf 90' lang='lat' dir='ltr'><strong>Et</strong></span> <span class='ocrx_word' id='word_1_585' title='bbox 2217 3138 2343 3193; x_wconf 88' lang='lat' dir='ltr'><strong>ideo</strong></span> <span class='ocrx_word' id='word_1_586' title='bbox 2383 3140 2567 3207; x_wconf 84' lang='lat' dir='ltr'><strong>potius</strong></span> <span class='ocrx_word' id='word_1_587' title='bbox 2607 3139 2922 3204; x_wconf 88' lang='lat' dir='ltr'><strong>obediendi,</strong></span> <span class='ocrx_word' id='word_1_588' title='bbox 2964 3140 3225 3211; x_wconf 86' lang='lat' dir='ltr'><strong>diligendi</strong></span> <span class='ocrx_word' id='word_1_589' title='bbox 3258 3149 3317 3197; x_wconf 86' lang='lat' dir='ltr'><strong>et</strong></span> <span class='ocrx_word' id='word_1_590' title='bbox 3360 3156 3732 3215; x_wconf 83' lang='lat' dir='ltr'><strong>summopere</strong></span> 
     </span>
    </p>
   </div>
   <div class='ocr_carea' id='block_1_79' title="bbox 2117 3232 3731 3300">
    <p class='ocr_par' dir='ltr' id='par_1_79' title="bbox 2117 3232 3731 3300">
     <span class='ocr_line' id='line_1_79' title="bbox 2117 3232 3731 3300; baseline 0.003 -14"><span class='ocrx_word' id='word_1_591' title='bbox 2117 3232 2411 3286; x_wconf 89' lang='lat' dir='ltr'><strong>venerandi</strong></span> <span class='ocrx_word' id='word_1_592' title='bbox 2453 3242 2603 3297; x_wconf 91' lang='lat' dir='ltr'><strong>sunt,</strong></span> <span class='ocrx_word' id='word_1_593' title='bbox 2631 3247 2738 3288; x_wconf 92' lang='lat' dir='ltr'><strong>non</strong></span> <span class='ocrx_word' id='word_1_594' title='bbox 2773 3233 3121 3300; x_wconf 85' lang='lat' dir='ltr'><strong>detrahendi,</strong></span> <span class='ocrx_word' id='word_1_595' title='bbox 3146 3235 3249 3290; x_wconf 91' lang='lat' dir='ltr'><strong>&#39;vel</strong></span> <span class='ocrx_word' id='word_1_596' title='bbox 3295 3236 3594 3291; x_wconf 83' lang='lat' dir='ltr'><strong>laceraudi</strong></span> <span class='ocrx_word' id='word_1_597' title='bbox 3635 3248 3731 3292; x_wconf 88' lang='lat' dir='ltr'><strong>aut</strong></span> 
     </span>
    </p>
   </div>
   <div class='ocr_carea' id='block_1_80' title="bbox 2118 3323 3730 3396">
    <p class='ocr_par' dir='ltr' id='par_1_80' title="bbox 2118 3323 3730 3396">
     <span class='ocr_line' id='line_1_80' title="bbox 2118 3323 3730 3396; baseline 0.004 -19"><span class='ocrx_word' id='word_1_598' title='bbox 2118 3323 2394 3393; x_wconf 89' lang='lat' dir='ltr'><strong>ejiciendi,</strong></span> <span class='ocrx_word' id='word_1_599' title='bbox 2429 3325 2522 3380; x_wconf 90' lang='lat' dir='ltr'><strong>sed</strong></span> <span class='ocrx_word' id='word_1_600' title='bbox 2549 3326 2799 3396; x_wconf 90' lang='lat' dir='ltr'><strong>portandi</strong></span> <span class='ocrx_word' id='word_1_601' title='bbox 2827 3333 2883 3381; x_wconf 89' lang='lat' dir='ltr'><strong>et</strong></span> <span class='ocrx_word' id='word_1_602' title='bbox 2906 3326 3149 3391; x_wconf 89' lang='lat' dir='ltr'><strong>amandi,</strong></span> <span class='ocrx_word' id='word_1_603' title='bbox 3182 3327 3303 3396; x_wconf 91' lang='lat' dir='ltr'><strong>ipso</strong></span> <span class='ocrx_word' id='word_1_604' title='bbox 3345 3325 3575 3383; x_wconf 87' lang='lat' dir='ltr'><strong>dicente</strong></span> <span class='ocrx_word' id='word_1_605' title='bbox 3616 3329 3730 3384; x_wconf 81' lang='lat' dir='ltr'><strong>Do-</strong></span> 
     </span>
    </p>
   </div>
   <div class='ocr_carea' id='block_1_81' title="bbox 2118 3417 3728 3493">
    <p class='ocr_par' dir='ltr' id='par_1_81' title="bbox 2118 3417 3728 3493">
     <span class='ocr_line' id='line_1_81' title="bbox 2118 3417 3728 3493; baseline 0.004 -22"><span class='ocrx_word' id='word_1_606' title='bbox 2118 3417 2268 3473; x_wconf 84' lang='lat' dir='ltr'><strong>mino</strong></span> <span class='ocrx_word' id='word_1_607' title='bbox 2298 3437 2310 3471; x_wconf 91' lang='lat'>:</span> <span class='ocrx_word' id='word_1_608' title='bbox 2346 3438 2364 3469; x_wconf 86' lang='grc'><strong><em>‹</em></strong></span> <span class='ocrx_word' id='word_1_609' title='bbox 2395 3418 2499 3485; x_wconf 83' lang='lat' dir='ltr'><strong>Qui</strong></span> <span class='ocrx_word' id='word_1_610' title='bbox 2534 3435 2631 3474; x_wconf 86' lang='lat' dir='ltr'><strong>vos</strong></span> <span class='ocrx_word' id='word_1_611' title='bbox 2670 3420 2844 3486; x_wconf 84' lang='lat' dir='ltr'><strong>audit,</strong></span> <span class='ocrx_word' id='word_1_612' title='bbox 2877 3436 2967 3476; x_wconf 89' lang='lat' dir='ltr'><strong>me</strong></span> <span class='ocrx_word' id='word_1_613' title='bbox 2998 3419 3151 3474; x_wconf 89' lang='lat' dir='ltr'><strong>audit</strong></span> <span class='ocrx_word' id='word_1_614' title='bbox 3176 3439 3190 3474; x_wconf 91' lang='lat'>:</span> <span class='ocrx_word' id='word_1_615' title='bbox 3214 3430 3269 3475; x_wconf 92' lang='lat' dir='ltr'><strong>et</strong></span> <span class='ocrx_word' id='word_1_616' title='bbox 3306 3421 3403 3491; x_wconf 91' lang='lat' dir='ltr'><strong>qui</strong></span> <span class='ocrx_word' id='word_1_617' title='bbox 3433 3436 3537 3476; x_wconf 87' lang='lat' dir='ltr'><strong>vos</strong></span> <span class='ocrx_word' id='word_1_618' title='bbox 3566 3438 3728 3493; x_wconf 87' lang='lat' dir='ltr'><strong>sper-</strong></span> 
     </span>
    </p>
   </div>
   <div class='ocr_carea' id='block_1_82' title="bbox 2117 3510 3725 3581">
    <p class='ocr_par' dir='ltr' id='par_1_82' title="bbox 2117 3510 3725 3581">
     <span class='ocr_line' id='line_1_82' title="bbox 2117 3510 3725 3581; baseline 0.004 -18"><span class='ocrx_word' id='word_1_619' title='bbox 2117 3510 2217 3575; x_wconf 87' lang='lat' dir='ltr'><strong>nit,</strong></span> <span class='ocrx_word' id='word_1_620' title='bbox 2247 3525 2333 3564; x_wconf 92' lang='lat' dir='ltr'><strong>me</strong></span> <span class='ocrx_word' id='word_1_621' title='bbox 2354 3511 2564 3581; x_wconf 90' lang='lat' dir='ltr'><strong>spernit</strong></span> <span class='ocrx_word' id='word_1_622' title='bbox 2584 3512 2652 3566; x_wconf 73' lang='lat'><strong>&quot;.</strong></span> <span class='ocrx_word' id='word_1_623' title='bbox 2689 3532 2707 3564; x_wconf 76' lang='grc' dir='ltr'><strong>ι</strong></span> <span class='ocrx_word' id='word_1_624' title='bbox 2737 3511 2863 3568; x_wconf 91' lang='lat' dir='ltr'><strong>ldeo</strong></span> <span class='ocrx_word' id='word_1_625' title='bbox 2885 3512 3001 3568; x_wconf 70' lang='lat' dir='ltr'><strong>haec</strong></span> <span class='ocrx_word' id='word_1_626' title='bbox 3024 3512 3181 3568; x_wconf 91' lang='lat' dir='ltr'><strong>vobis</strong></span> <span class='ocrx_word' id='word_1_627' title='bbox 3203 3524 3259 3568; x_wconf 90' lang='lat' dir='ltr'><strong>et</strong></span> <span class='ocrx_word' id='word_1_628' title='bbox 3285 3513 3553 3568; x_wconf 90' lang='lat' dir='ltr'><strong>omnibus</strong></span> <span class='ocrx_word' id='word_1_629' title='bbox 3586 3516 3725 3570; x_wconf 82' lang='lat' dir='ltr'><strong>ﬁde-</strong></span> 
     </span>
    </p>
   </div>
   <div class='ocr_carea' id='block_1_83' title="bbox 2115 3603 3723 3674">
    <p class='ocr_par' dir='ltr' id='par_1_83' title="bbox 2115 3603 3723 3674">
     <span class='ocr_line' id='line_1_83' title="bbox 2115 3603 3723 3674; baseline 0.002 -16"><span class='ocrx_word' id='word_1_630' title='bbox 2115 3604 2260 3659; x_wconf 89' lang='lat' dir='ltr'><strong>libus</strong></span> <span class='ocrx_word' id='word_1_631' title='bbox 2285 3603 2604 3672; x_wconf 90' lang='lat' dir='ltr'><strong>scribimus,</strong></span> <span class='ocrx_word' id='word_1_632' title='bbox 2639 3604 2857 3673; x_wconf 89' lang='lat' dir='ltr'><strong>fratres,</strong></span> <span class='ocrx_word' id='word_1_633' title='bbox 2892 3614 2953 3661; x_wconf 91' lang='lat' dir='ltr'><strong>ut</strong></span> <span class='ocrx_word' id='word_1_634' title='bbox 2985 3606 3055 3661; x_wconf 92' lang='lat' dir='ltr'><strong>ab</strong></span> <span class='ocrx_word' id='word_1_635' title='bbox 3095 3605 3183 3660; x_wconf 88' lang='lat' dir='ltr'><strong>his</strong></span> <span class='ocrx_word' id='word_1_636' title='bbox 3212 3619 3314 3660; x_wconf 88' lang='lat' dir='ltr'><strong>vos</strong></span> <span class='ocrx_word' id='word_1_637' title='bbox 3358 3607 3629 3674; x_wconf 87' lang='lat' dir='ltr'><strong>caveatis,</strong></span> <span class='ocrx_word' id='word_1_638' title='bbox 3666 3619 3723 3662; x_wconf 88' lang='lat' dir='ltr'><strong>et</strong></span> 
     </span>
    </p>
   </div>
   <div class='ocr_carea' id='block_1_84' title="bbox 2115 3696 3714 3769">
    <p class='ocr_par' dir='ltr' id='par_1_84' title="bbox 2115 3696 3714 3769">
     <span class='ocr_line' id='line_1_84' title="bbox 2115 3696 3714 3769; baseline 0.001 -17"><span class='ocrx_word' id='word_1_639' title='bbox 2115 3696 2348 3766; x_wconf 89' lang='lat' dir='ltr'><strong>posteris</strong></span> <span class='ocrx_word' id='word_1_640' title='bbox 2380 3698 2576 3753; x_wconf 90' lang='lat' dir='ltr'><strong>vestris</strong></span> <span class='ocrx_word' id='word_1_641' title='bbox 2609 3712 2718 3752; x_wconf 89' lang='lat' dir='ltr'><strong>non</strong></span> <span class='ocrx_word' id='word_1_642' title='bbox 2753 3699 2978 3767; x_wconf 91' lang='lat' dir='ltr'><strong>malum,</strong></span> <span class='ocrx_word' id='word_1_643' title='bbox 3009 3698 3103 3754; x_wconf 89' lang='lat' dir='ltr'><strong>sed</strong></span> <span class='ocrx_word' id='word_1_644' title='bbox 3149 3699 3359 3753; x_wconf 90' lang='lat' dir='ltr'><strong>bonum</strong></span> <span class='ocrx_word' id='word_1_645' title='bbox 3399 3699 3714 3769; x_wconf 80' lang='lat' dir='ltr'><strong>exemplum</strong></span> 
     </span>
    </p>
   </div>
   <div class='ocr_carea' id='block_1_85' title="bbox 2115 3789 3713 3861">
    <p class='ocr_par' dir='ltr' id='par_1_85' title="bbox 2115 3789 3713 3861">
     <span class='ocr_line' id='line_1_85' title="bbox 2115 3789 3713 3861; baseline 0.003 -18"><span class='ocrx_word' id='word_1_646' title='bbox 2115 3789 2467 3861; x_wconf 90' lang='lat' dir='ltr'><strong>relinquatis;</strong></span> <span class='ocrx_word' id='word_1_647' title='bbox 2499 3790 2760 3860; x_wconf 81' lang='lat' dir='ltr'><strong>quoniam</strong></span> <span class='ocrx_word' id='word_1_648' title='bbox 2793 3791 2990 3861; x_wconf 90' lang='lat' dir='ltr'><strong>injuria</strong></span> <span class='ocrx_word' id='word_1_649' title='bbox 3023 3791 3408 3861; x_wconf 89' lang='lat' dir='ltr'><strong>episcoporum</strong></span> <span class='ocrx_word' id='word_1_650' title='bbox 3449 3791 3518 3846; x_wconf 87' lang='lat' dir='ltr'><strong>ad</strong></span> <span class='ocrx_word' id='word_1_651' title='bbox 3549 3791 3713 3847; x_wconf 87' lang='lat' dir='ltr'><strong>Chri—</strong></span> 
     </span>
    </p>
   </div>
   <div class='ocr_carea' id='block_1_86' title="bbox 2114 3882 3713 3955">
    <p class='ocr_par' dir='ltr' id='par_1_86' title="bbox 2114 3882 3713 3955">
     <span class='ocr_line' id='line_1_86' title="bbox 2114 3882 3713 3955; baseline 0.002 -18"><span class='ocrx_word' id='word_1_652' title='bbox 2114 3891 2258 3937; x_wconf 91' lang='lat' dir='ltr'><strong>stum</strong></span> <span class='ocrx_word' id='word_1_653' title='bbox 2293 3882 2544 3952; x_wconf 89' lang='lat' dir='ltr'><strong>pertinet,</strong></span> <span class='ocrx_word' id='word_1_654' title='bbox 2581 3883 2739 3953; x_wconf 89' lang='lat' dir='ltr'><strong>cujus</strong></span> <span class='ocrx_word' id='word_1_655' title='bbox 2785 3883 2903 3938; x_wconf 89' lang='lat' dir='ltr'><strong>vice</strong></span> <span class='ocrx_word' id='word_1_656' title='bbox 2947 3882 3269 3955; x_wconf 86' lang='lat' dir='ltr'><strong>funguutur.</strong></span> <span class='ocrx_word' id='word_1_657' title='bbox 3312 3883 3713 3940; x_wconf 69' lang='lat' dir='ltr'><strong>“Audivimus</strong></span> 
     </span>
    </p>
   </div>
   <div class='ocr_carea' id='block_1_87' title="bbox 2112 3974 3714 4048">
    <p class='ocr_par' dir='ltr' id='par_1_87' title="bbox 2112 3974 3714 4048">
     <span class='ocr_line' id='line_1_87' title="bbox 2112 3974 3714 4048; baseline 0.002 -19"><span class='ocrx_word' id='word_1_658' title='bbox 2112 3974 2257 4029; x_wconf 92' lang='lat' dir='ltr'><strong>enim</strong></span> <span class='ocrx_word' id='word_1_659' title='bbox 2286 3975 2552 4045; x_wconf 90' lang='lat' dir='ltr'><strong>quosdam</strong></span> <span class='ocrx_word' id='word_1_660' title='bbox 2588 3991 2616 4028; x_wconf 89' lang='lat' dir='ltr'><strong>a</strong></span> <span class='ocrx_word' id='word_1_661' title='bbox 2641 3976 2795 4031; x_wconf 85' lang='lat' dir='ltr'><strong>vobis</strong></span> <span class='ocrx_word' id='word_1_662' title='bbox 2823 3975 3118 4032; x_wconf 89' lang='lat' dir='ltr'><strong>infamatus</strong></span> <span class='ocrx_word' id='word_1_663' title='bbox 3144 3978 3213 4046; x_wconf 69' lang='lat' dir='ltr'><strong>eti</strong></span> <span class='ocrx_word' id='word_1_664' title='bbox 3231 3977 3569 4033; x_wconf 84' lang='lat' dir='ltr'><strong>dilaceratus</strong></span> <span class='ocrx_word' id='word_1_665' title='bbox 3596 3980 3714 4048; x_wconf 90' lang='lat' dir='ltr'><strong>epi-</strong></span> 
     </span>
    </p>
   </div>
   <div class='ocr_carea' id='block_1_88' title="bbox 2113 4068 3709 4140">
    <p class='ocr_par' dir='ltr' id='par_1_88' title="bbox 2113 4068 3709 4140">
     <span class='ocr_line' id='line_1_88' title="bbox 2113 4068 3709 4140; baseline 0.003 -19"><span class='ocrx_word' id='word_1_666' title='bbox 2113 4082 2330 4137; x_wconf 90' lang='lat' dir='ltr'><strong>scopos,</strong></span> <span class='ocrx_word' id='word_1_667' title='bbox 2361 4083 2425 4122; x_wconf 91' lang='lat' dir='ltr'><strong>ac</strong></span> <span class='ocrx_word' id='word_1_668' title='bbox 2469 4084 2499 4121; x_wconf 89' lang='lat' dir='ltr'><strong>e</strong></span> <span class='ocrx_word' id='word_1_669' title='bbox 2538 4069 2852 4123; x_wconf 89' lang='lat' dir='ltr'><strong>civitatibus</strong></span> <span class='ocrx_word' id='word_1_670' title='bbox 2886 4068 3122 4138; x_wconf 89' lang='lat' dir='ltr'><strong>propriis</strong></span> <span class='ocrx_word' id='word_1_671' title='bbox 3167 4070 3377 4139; x_wconf 93' lang='lat' dir='ltr'><strong>pulsos,</strong></span> <span class='ocrx_word' id='word_1_672' title='bbox 3414 4069 3548 4140; x_wconf 81' lang='lat' dir='ltr'><strong>quia</strong></span> <span class='ocrx_word' id='word_1_673' title='bbox 3582 4072 3709 4125; x_wconf 88' lang='lat' dir='ltr'><strong>alibi</strong></span> 
     </span>
    </p>
   </div>
   <div class='ocr_carea' id='block_1_89' title="bbox 2112 4157 3710 4229">
    <p class='ocr_par' dir='ltr' id='par_1_89' title="bbox 2112 4157 3710 4229">
     <span class='ocr_line' id='line_1_89' title="bbox 2112 4157 3710 4229; baseline 0.005 -18"><span class='ocrx_word' id='word_1_674' title='bbox 2112 4157 2353 4228; x_wconf 90' lang='lat' dir='ltr'><strong>episcopi</strong></span> <span class='ocrx_word' id='word_1_675' title='bbox 2387 4159 2649 4213; x_wconf 88' lang='lat' dir='ltr'><strong>constitui</strong></span> <span class='ocrx_word' id='word_1_676' title='bbox 2681 4175 2788 4213; x_wconf 88' lang='lat' dir='ltr'><strong>non</strong></span> <span class='ocrx_word' id='word_1_677' title='bbox 2839 4168 3090 4229; x_wconf 86' lang='lat' dir='ltr'><strong>possunt,</strong></span> <span class='ocrx_word' id='word_1_678' title='bbox 3136 4161 3244 4217; x_wconf 90' lang='lat' dir='ltr'><strong>nisi</strong></span> <span class='ocrx_word' id='word_1_679' title='bbox 3287 4162 3343 4216; x_wconf 91' lang='lat' dir='ltr'><strong>in</strong></span> <span class='ocrx_word' id='word_1_680' title='bbox 3388 4164 3710 4219; x_wconf 86' lang='lat' dir='ltr'><strong>civitatibus</strong></span> 
     </span>
    </p>
   </div>
   <div class='ocr_carea' id='block_1_90' title="bbox 2112 4250 3709 4322">
    <p class='ocr_par' dir='ltr' id='par_1_90' title="bbox 2112 4250 3709 4322">
     <span class='ocr_line' id='line_1_90' title="bbox 2112 4250 3709 4322; baseline 0.006 -21"><span class='ocrx_word' id='word_1_681' title='bbox 2112 4263 2219 4303; x_wconf 92' lang='lat' dir='ltr'><strong>non</strong></span> <span class='ocrx_word' id='word_1_682' title='bbox 2248 4250 2524 4318; x_wconf 91' lang='lat' dir='ltr'><strong>minimis;</strong></span> <span class='ocrx_word' id='word_1_683' title='bbox 2559 4260 2613 4306; x_wconf 92' lang='lat' dir='ltr'><strong>et</strong></span> <span class='ocrx_word' id='word_1_684' title='bbox 2643 4251 2782 4306; x_wconf 88' lang='lat' dir='ltr'><strong>alios</strong></span> <span class='ocrx_word' id='word_1_685' title='bbox 2811 4250 2866 4305; x_wconf 90' lang='lat' dir='ltr'><strong>in</strong></span> <span class='ocrx_word' id='word_1_686' title='bbox 2901 4252 3001 4316; x_wconf 87' lang='lat' dir='ltr'><strong>eis,</strong></span> <span class='ocrx_word' id='word_1_687' title='bbox 3036 4252 3172 4321; x_wconf 91' lang='lat' dir='ltr'><strong>ipsis</strong></span> <span class='ocrx_word' id='word_1_688' title='bbox 3204 4252 3546 4322; x_wconf 88' lang='lat' dir='ltr'><strong>viventibus,</strong></span> <span class='ocrx_word' id='word_1_689' title='bbox 3579 4272 3709 4312; x_wconf 62' lang='lat' dir='ltr'><strong>cono</strong></span> 
     </span>
    </p>
   </div>
   <div class='ocr_carea' id='block_1_91' title="bbox 2111 4340 3708 4407">
    <p class='ocr_par' dir='ltr' id='par_1_91' title="bbox 2111 4340 3708 4407">
     <span class='ocr_line' id='line_1_91' title="bbox 2111 4340 3708 4407; baseline 0.006 -13"><span class='ocrx_word' id='word_1_690' title='bbox 2111 4340 2349 4397; x_wconf 87' lang='lat' dir='ltr'><strong>stitutus.</strong></span> <span class='ocrx_word' id='word_1_691' title='bbox 2383 4343 2508 4399; x_wconf 88' lang='lat' dir='ltr'><strong>Ideo</strong></span> <span class='ocrx_word' id='word_1_692' title='bbox 2551 4344 2664 4398; x_wconf 62' lang='lat' dir='ltr'><strong>haec</strong></span> <span class='ocrx_word' id='word_1_693' title='bbox 2695 4345 2847 4399; x_wconf 82' lang='lat' dir='ltr'><strong>vobis</strong></span> <span class='ocrx_word' id='word_1_694' title='bbox 2881 4345 3195 4407; x_wconf 89' lang='lat' dir='ltr'><strong>scribimus,</strong></span> <span class='ocrx_word' id='word_1_695' title='bbox 3250 4354 3312 4400; x_wconf 88' lang='lat' dir='ltr'><strong>ut</strong></span> <span class='ocrx_word' id='word_1_696' title='bbox 3350 4347 3549 4402; x_wconf 86' lang='lat' dir='ltr'><strong>sciatis</strong></span> <span class='ocrx_word' id='word_1_697' title='bbox 3606 4349 3708 4403; x_wconf 87' lang='lat' dir='ltr'><strong>hoc</strong></span> 
     </span>
    </p>
   </div>
   <div class='ocr_carea' id='block_1_92' title="bbox 2111 4431 3704 4513">
    <p class='ocr_par' dir='ltr' id='par_1_92' title="bbox 2111 4431 3704 4513">
     <span class='ocr_line' id='line_1_92' title="bbox 2111 4431 3704 4513; baseline 0.007 -29"><span class='ocrx_word' id='word_1_698' title='bbox 2111 4431 2227 4485; x_wconf 87' lang='lat' dir='ltr'><strong>ﬁeri</strong></span> <span class='ocrx_word' id='word_1_699' title='bbox 2258 4447 2363 4487; x_wconf 91' lang='lat' dir='ltr'><strong>non</strong></span> <span class='ocrx_word' id='word_1_700' title='bbox 2396 4433 2583 4498; x_wconf 90' lang='lat' dir='ltr'><strong>licere,</strong></span> <span class='ocrx_word' id='word_1_701' title='bbox 2628 4434 2721 4489; x_wconf 92' lang='lat' dir='ltr'><strong>sed</strong></span> <span class='ocrx_word' id='word_1_702' title='bbox 2752 4435 3007 4504; x_wconf 92' lang='lat' dir='ltr'><strong>proprios</strong></span> <span class='ocrx_word' id='word_1_703' title='bbox 3039 4437 3307 4503; x_wconf 90' lang='lat' dir='ltr'><strong>revocari,</strong></span> <span class='ocrx_word' id='word_1_704' title='bbox 3353 4447 3412 4493; x_wconf 90' lang='lat' dir='ltr'><strong>et</strong></span> <span class='ocrx_word' id='word_1_705' title='bbox 3465 4441 3704 4513; x_wconf 84' lang='lat' dir='ltr'><strong>integer-</strong></span> 
     </span>
    </p>
   </div>
   <div class='ocr_carea' id='block_1_93' title="bbox 2110 4523 3705 4597">
    <p class='ocr_par' dir='ltr' id='par_1_93' title="bbox 2110 4523 3705 4597">
     <span class='ocr_line' id='line_1_93' title="bbox 2110 4523 3705 4597; baseline 0.008 -22"><span class='ocrx_word' id='word_1_706' title='bbox 2110 4523 2248 4577; x_wconf 89' lang='lat' dir='ltr'><strong>rime</strong></span> <span class='ocrx_word' id='word_1_707' title='bbox 2276 4524 2488 4578; x_wconf 87' lang='lat' dir='ltr'><strong>restitui</strong></span> <span class='ocrx_word' id='word_1_708' title='bbox 2516 4525 2734 4580; x_wconf 88' lang='lat' dir='ltr'><strong>debere.</strong></span> <span class='ocrx_word' id='word_1_709' title='bbox 2784 4525 2913 4581; x_wconf 87' lang='lat' dir='ltr'><strong>Illos</strong></span> <span class='ocrx_word' id='word_1_710' title='bbox 2954 4541 3084 4581; x_wconf 89' lang='lat' dir='ltr'><strong>vero</strong></span> <span class='ocrx_word' id='word_1_711' title='bbox 3121 4528 3215 4597; x_wconf 92' lang='lat' dir='ltr'><strong>qui</strong></span> <span class='ocrx_word' id='word_1_712' title='bbox 3257 4528 3575 4587; x_wconf 81' lang='lat' dir='ltr'><strong>adulterina</strong></span> <span class='ocrx_word' id='word_1_713' title='bbox 3610 4532 3705 4587; x_wconf 64' lang='lat' dir='ltr'><strong>fue-</strong></span> 
     </span>
    </p>
   </div>
   <div class='ocr_carea' id='block_1_94' title="bbox 421 4585 3701 4692">
    <p class='ocr_par' dir='ltr' id='par_1_94' title="bbox 421 4585 3701 4692">
     <span class='ocr_line' id='line_1_94' title="bbox 421 4585 3701 4692; baseline 0.012 -54"><span class='ocrx_word' id='word_1_714' title='bbox 421 4585 572 4688; x_wconf 81' lang='lat' dir='ltr'><strong>velut</strong></span> <span class='ocrx_word' id='word_1_715' title='bbox 605 4604 763 4657; x_wconf 81' lang='lat' dir='ltr'><strong>uxor,</strong></span> <span class='ocrx_word' id='word_1_716' title='bbox 798 4606 921 4661; x_wconf 79' lang='lat' dir='ltr'><strong>quae</strong></span> <span class='ocrx_word' id='word_1_717' title='bbox 953 4594 1056 4692; x_wconf 81' lang='lat' dir='ltr'><strong>sub</strong></span> <span class='ocrx_word' id='word_1_718' title='bbox 1108 4611 1272 4651; x_wconf 92' lang='lat' dir='ltr'><strong>manu</strong></span> <span class='ocrx_word' id='word_1_719' title='bbox 1306 4608 1388 4655; x_wconf 90' lang='lat' dir='ltr'><strong>est</strong></span> <span class='ocrx_word' id='word_1_720' title='bbox 1421 4601 1543 4668; x_wconf 89' lang='lat' dir='ltr'><strong>viri,</strong></span> <span class='ocrx_word' id='word_1_721' title='bbox 1594 4605 1815 4661; x_wconf 90' lang='lat' dir='ltr'><strong>obedire</strong></span> <span class='ocrx_word' id='word_1_722' title='bbox 1846 4607 2003 4663; x_wconf 88' lang='lat' dir='ltr'><strong>debet</strong></span> <span class='ocrx_word' id='word_1_723' title='bbox 2040 4595 2082 4650; x_wconf 81' lang='grc' dir='ltr'><strong>Ῑ)</strong></span> <span class='ocrx_word' id='word_1_724' title='bbox 2107 4614 2274 4670; x_wconf 91' lang='lat' dir='ltr'><strong>ditate</strong></span> <span class='ocrx_word' id='word_1_725' title='bbox 2305 4631 2536 4686; x_wconf 88' lang='lat' dir='ltr'><strong>sponsas</strong></span> <span class='ocrx_word' id='word_1_726' title='bbox 2569 4632 2721 4680; x_wconf 87' lang='lat' dir='ltr'><strong>suas,</strong></span> <span class='ocrx_word' id='word_1_727' title='bbox 2746 4633 2885 4688; x_wconf 89' lang='lat' dir='ltr'><strong>quas</strong></span> <span class='ocrx_word' id='word_1_728' title='bbox 2904 4626 2959 4673; x_wconf 88' lang='lat' dir='ltr'><strong>et</strong></span> <span class='ocrx_word' id='word_1_729' title='bbox 2992 4634 3195 4674; x_wconf 78' lang='lat' dir='ltr'><strong>uxores</strong></span> <span class='ocrx_word' id='word_1_730' title='bbox 3224 4634 3446 4686; x_wconf 88' lang='lat' dir='ltr'><strong>eorum,</strong></span> <span class='ocrx_word' id='word_1_731' title='bbox 3482 4624 3701 4692; x_wconf 65' lang='lat' dir='ltr'><strong>praeﬁxo</strong></span> 
     </span>
    </p>
   </div>
   <div class='ocr_carea' id='block_1_95' title="bbox 421 4676 2001 4767">
    <p class='ocr_par' dir='ltr' id='par_1_95' title="bbox 421 4676 2001 4767">
     <span class='ocr_line' id='line_1_95' title="bbox 421 4676 2001 4767; baseline 0.015 -38"><span class='ocrx_word' id='word_1_732' title='bbox 421 4676 542 4732; x_wconf 89' lang='lat' dir='ltr'><strong>viro</strong></span> <span class='ocrx_word' id='word_1_733' title='bbox 565 4694 691 4743; x_wconf 78' lang='lat' dir='ltr'><strong>suo,</strong></span> <span class='ocrx_word' id='word_1_734' title='bbox 716 4696 953 4753; x_wconf 90' lang='lat' dir='ltr'><strong>eumque</strong></span> <span class='ocrx_word' id='word_1_735' title='bbox 974 4685 1200 4758; x_wconf 88' lang='lat' dir='ltr'><strong>diligere</strong></span> <span class='ocrx_word' id='word_1_736' title='bbox 1222 4698 1277 4744; x_wconf 89' lang='lat' dir='ltr'><strong>et</strong></span> <span class='ocrx_word' id='word_1_737' title='bbox 1299 4706 1505 4759; x_wconf 90' lang='lat' dir='ltr'><strong>amare,</strong></span> <span class='ocrx_word' id='word_1_738' title='bbox 1531 4693 1605 4749; x_wconf 91' lang='lat' dir='ltr'><strong>ita</strong></span> <span class='ocrx_word' id='word_1_739' title='bbox 1633 4697 1815 4765; x_wconf 89' lang='lat' dir='ltr'><strong>potius</strong></span> <span class='ocrx_word' id='word_1_740' title='bbox 1837 4698 2001 4767; x_wconf 86' lang='lat' dir='ltr'><strong>etiam</strong></span> 
     </span>
    </p>
   </div>
   <div class='ocr_carea' id='block_1_96' title="bbox 422 4765 2004 4859">
    <p class='ocr_par' dir='ltr' id='par_1_96' title="bbox 422 4765 2004 4859">
     <span class='ocr_line' id='line_1_96' title="bbox 422 4765 2004 4859; baseline 0.015 -38"><span class='ocrx_word' id='word_1_741' title='bbox 422 4765 665 4825; x_wconf 80' lang='lat' dir='ltr'><strong>Ecclesia</strong></span> <span class='ocrx_word' id='word_1_742' title='bbox 699 4773 957 4845; x_wconf 85' lang='lat' dir='ltr'><strong>episcopo</strong></span> <span class='ocrx_word' id='word_1_743' title='bbox 991 4792 1094 4832; x_wconf 90' lang='lat' dir='ltr'><strong>suo</strong></span> <span class='ocrx_word' id='word_1_744' title='bbox 1128 4780 1183 4833; x_wconf 89' lang='lat' dir='ltr'><strong>in</strong></span> <span class='ocrx_word' id='word_1_745' title='bbox 1217 4782 1474 4839; x_wconf 91' lang='lat' dir='ltr'><strong>omnibus</strong></span> <span class='ocrx_word' id='word_1_746' title='bbox 1501 4785 1742 4853; x_wconf 89' lang='lat' dir='ltr'><strong>obedire,</strong></span> <span class='ocrx_word' id='word_1_747' title='bbox 1768 4765 2004 4859; x_wconf 89' lang='lat' dir='ltr'><strong>eumque</strong></span> 
     </span>
    </p>
   </div>
   <div class='ocr_carea' id='block_1_97' title="bbox 420 4859 2001 4949">
    <p class='ocr_par' dir='ltr' id='par_1_97' title="bbox 420 4859 2001 4949">
     <span class='ocr_line' id='line_1_97' title="bbox 420 4859 2001 4949; baseline 0.014 -35"><span class='ocrx_word' id='word_1_748' title='bbox 420 4859 645 4931; x_wconf 88' lang='lat' dir='ltr'><strong>diligere</strong></span> <span class='ocrx_word' id='word_1_749' title='bbox 671 4872 727 4918; x_wconf 90' lang='lat' dir='ltr'><strong>et</strong></span> <span class='ocrx_word' id='word_1_750' title='bbox 753 4881 939 4922; x_wconf 90' lang='lat' dir='ltr'><strong>amare</strong></span> <span class='ocrx_word' id='word_1_751' title='bbox 970 4879 1029 4923; x_wconf 87' lang='lat' dir='ltr'><strong>ut</strong></span> <span class='ocrx_word' id='word_1_752' title='bbox 1062 4872 1299 4928; x_wconf 89' lang='lat' dir='ltr'><strong>animam</strong></span> <span class='ocrx_word' id='word_1_753' title='bbox 1329 4890 1484 4929; x_wconf 88' lang='lat' dir='ltr'><strong>suam</strong></span> <span class='ocrx_word' id='word_1_754' title='bbox 1506 4876 1684 4942; x_wconf 87' lang='lat' dir='ltr'><strong>debet,</strong></span> <span class='ocrx_word' id='word_1_755' title='bbox 1709 4880 1836 4949; x_wconf 91' lang='lat' dir='ltr'><strong>quia</strong></span> <span class='ocrx_word' id='word_1_756' title='bbox 1870 4881 2001 4937; x_wconf 87' lang='lat' dir='ltr'><strong>illud</strong></span> 
     </span>
    </p>
   </div>
   <div class='ocr_carea' id='block_1_98' title="bbox 421 4950 2000 5032">
    <p class='ocr_par' dir='ltr' id='par_1_98' title="bbox 421 4950 2000 5032">
     <span class='ocr_line' id='line_1_98' title="bbox 421 4950 2000 5032; baseline 0.015 -27"><span class='ocrx_word' id='word_1_757' title='bbox 421 4950 482 5006; x_wconf 85' lang='lat' dir='ltr'><strong>fit</strong></span> <span class='ocrx_word' id='word_1_758' title='bbox 512 4956 822 5022; x_wconf 87' lang='lat' dir='ltr'><strong>carnaliter,</strong></span> <span class='ocrx_word' id='word_1_759' title='bbox 860 4960 1006 5016; x_wconf 90' lang='lat' dir='ltr'><strong>istud</strong></span> <span class='ocrx_word' id='word_1_760' title='bbox 1039 4964 1412 5032; x_wconf 87' lang='lat' dir='ltr'><strong>spiritualiter.</strong></span> <span class='ocrx_word' id='word_1_761' title='bbox 1441 4968 1485 5000; x_wconf 73' lang='grc'><strong>⁴⁰</strong></span> <span class='ocrx_word' id='word_1_762' title='bbox 1518 4967 1582 5024; x_wconf 91' lang='lat' dir='ltr'><strong>Et</strong></span> <span class='ocrx_word' id='word_1_763' title='bbox 1614 4973 1759 5026; x_wconf 91' lang='lat' dir='ltr'><strong>sicut</strong></span> <span class='ocrx_word' id='word_1_764' title='bbox 1786 4973 1869 5026; x_wconf 90' lang='lat' dir='ltr'><strong>vir</strong></span> <span class='ocrx_word' id='word_1_765' title='bbox 1893 4990 2000 5030; x_wconf 91' lang='lat' dir='ltr'><strong>non</strong></span> 
     </span>
    </p>
   </div>
   <div class='ocr_carea' id='block_1_99' title="bbox 419 5042 2000 5135">
    <p class='ocr_par' dir='ltr' id='par_1_99' title="bbox 419 5042 2000 5135">
     <span class='ocr_line' id='line_1_99' title="bbox 419 5042 2000 5135; baseline 0.015 -37"><span class='ocrx_word' id='word_1_766' title='bbox 419 5042 579 5101; x_wconf 87' lang='lat' dir='ltr'><strong>debet</strong></span> <span class='ocrx_word' id='word_1_767' title='bbox 615 5047 923 5106; x_wconf 88' lang='lat' dir='ltr'><strong>adulterare</strong></span> <span class='ocrx_word' id='word_1_768' title='bbox 958 5069 1182 5110; x_wconf 80' lang='lat' dir='ltr'><strong>uxorem</strong></span> <span class='ocrx_word' id='word_1_769' title='bbox 1216 5073 1371 5112; x_wconf 91' lang='lat' dir='ltr'><strong>suam</strong></span> <span class='ocrx_word' id='word_1_770' title='bbox 1393 5101 1408 5125; x_wconf 92' lang='lat'><strong>,</strong></span> <span class='ocrx_word' id='word_1_771' title='bbox 1452 5059 1523 5115; x_wconf 89' lang='lat' dir='ltr'><strong>ita</strong></span> <span class='ocrx_word' id='word_1_772' title='bbox 1576 5077 1677 5117; x_wconf 91' lang='lat' dir='ltr'><strong>nec</strong></span> <span class='ocrx_word' id='word_1_773' title='bbox 1708 5064 2000 5135; x_wconf 90' lang='lat' dir='ltr'><strong>episcopus</strong></span> 
     </span>
    </p>
   </div>
   <div class='ocr_carea' id='block_1_100' title="bbox 420 5134 1997 5229">
    <p class='ocr_par' dir='ltr' id='par_1_100' title="bbox 420 5134 1997 5229">
     <span class='ocr_line' id='line_1_100' title="bbox 420 5134 1997 5229; baseline 0.016 -40"><span class='ocrx_word' id='word_1_774' title='bbox 420 5134 722 5194; x_wconf 84' lang='lat' dir='ltr'><strong>Ecclesiam</strong></span> <span class='ocrx_word' id='word_1_775' title='bbox 755 5157 947 5211; x_wconf 91' lang='lat' dir='ltr'><strong>suam;</strong></span> <span class='ocrx_word' id='word_1_776' title='bbox 978 5147 1032 5201; x_wconf 93' lang='lat' dir='ltr'><strong>id</strong></span> <span class='ocrx_word' id='word_1_777' title='bbox 1061 5158 1144 5203; x_wconf 86' lang='lat' dir='ltr'><strong>est</strong></span> <span class='ocrx_word' id='word_1_778' title='bbox 1173 5161 1231 5204; x_wconf 92' lang='lat' dir='ltr'><strong>ut</strong></span> <span class='ocrx_word' id='word_1_779' title='bbox 1262 5151 1410 5206; x_wconf 91' lang='lat' dir='ltr'><strong>illam</strong></span> <span class='ocrx_word' id='word_1_780' title='bbox 1443 5151 1700 5221; x_wconf 87' lang='lat' dir='ltr'><strong>dimittat,</strong></span> <span class='ocrx_word' id='word_1_781' title='bbox 1736 5157 1803 5211; x_wconf 91' lang='lat' dir='ltr'><strong>ad</strong></span> <span class='ocrx_word' id='word_1_782' title='bbox 1834 5134 1997 5229; x_wconf 84' lang='lat' dir='ltr'><strong>quam</strong></span> 
     </span>
    </p>
   </div>
   <div class='ocr_carea' id='block_1_101' title="bbox 419 5236 1999 5322">
    <p class='ocr_par' dir='ltr' id='par_1_101' title="bbox 419 5236 1999 5322">
     <span class='ocr_line' id='line_1_101' title="bbox 419 5236 1999 5322; baseline 0.014 -37"><span class='ocrx_word' id='word_1_783' title='bbox 419 5240 668 5288; x_wconf 87' lang='lat' dir='ltr'><strong>sacratus</strong></span> <span class='ocrx_word' id='word_1_784' title='bbox 690 5243 775 5289; x_wconf 91' lang='lat' dir='ltr'><strong>est</strong></span> <span class='ocrx_word' id='word_1_785' title='bbox 801 5236 1010 5308; x_wconf 90' lang='lat' dir='ltr'><strong>absque</strong></span> <span class='ocrx_word' id='word_1_786' title='bbox 1043 5240 1342 5297; x_wconf 89' lang='lat' dir='ltr'><strong>inevitabili</strong></span> <span class='ocrx_word' id='word_1_787' title='bbox 1368 5246 1709 5311; x_wconf 89' lang='lat' dir='ltr'><strong>necessitate,</strong></span> <span class='ocrx_word' id='word_1_788' title='bbox 1737 5259 1831 5305; x_wconf 91' lang='lat' dir='ltr'><strong>aut</strong></span> <span class='ocrx_word' id='word_1_789' title='bbox 1869 5267 1999 5322; x_wconf 90' lang='lat' dir='ltr'><strong>apo-</strong></span> 
     </span>
    </p>
   </div>
   <div class='ocr_carea' id='block_1_102' title="bbox 418 5323 1996 5401">
    <p class='ocr_par' dir='ltr' id='par_1_102' title="bbox 418 5323 1996 5401">
     <span class='ocr_line' id='line_1_102' title="bbox 418 5323 1996 5401; baseline 0.015 -24"><span class='ocrx_word' id='word_1_790' title='bbox 418 5323 610 5380; x_wconf 88' lang='lat' dir='ltr'><strong>stolica</strong></span> <span class='ocrx_word' id='word_1_791' title='bbox 639 5325 725 5379; x_wconf 90' lang='lat' dir='ltr'><strong>vel</strong></span> <span class='ocrx_word' id='word_1_792' title='bbox 752 5328 985 5398; x_wconf 88' lang='lat' dir='ltr'><strong>regulari</strong></span> <span class='ocrx_word' id='word_1_793' title='bbox 1022 5334 1345 5401; x_wconf 87' lang='lat' dir='ltr'><strong>mutatione,</strong></span> <span class='ocrx_word' id='word_1_794' title='bbox 1381 5345 1434 5390; x_wconf 91' lang='lat' dir='ltr'><strong>et</strong></span> <span class='ocrx_word' id='word_1_795' title='bbox 1473 5337 1628 5393; x_wconf 88' lang='lat' dir='ltr'><strong>alteri</strong></span> <span class='ocrx_word' id='word_1_796' title='bbox 1671 5356 1731 5395; x_wconf 91' lang='lat' dir='ltr'><strong>se</strong></span> <span class='ocrx_word' id='word_1_797' title='bbox 1757 5343 1996 5400; x_wconf 90' lang='lat' dir='ltr'><strong>ambitus</strong></span> 
     </span>
    </p>
   </div>
   <div class='ocr_carea' id='block_1_103' title="bbox 523 5476 2584 5563">
    <p class='ocr_par' dir='ltr' id='par_1_103' title="bbox 523 5476 2584 5563">
     <span class='ocr_line' id='line_1_103' title="bbox 523 5476 2584 5563; baseline 0.016 -32"><span class='ocrx_word' id='word_1_798' title='bbox 523 5476 568 5563; x_wconf 45' lang='lat'><strong>3&quot;</strong></span> <span class='ocrx_word' id='word_1_799' title='bbox 595 5479 764 5563; x_wconf 58' lang='lat' dir='ltr'><strong>Cass.</strong></span> <span class='ocrx_word' id='word_1_800' title='bbox 795 5479 1017 5563; x_wconf 75' lang='lat' dir='ltr'><strong>fueru_n_t</strong></span> <span class='ocrx_word' id='word_1_801' title='bbox 1041 5486 1420 5563; x_wconf 70' lang='lat' dir='ltr'><strong>an_no_Cb_ris_ti</strong></span> <span class='ocrx_word' id='word_1_802' title='bbox 1450 5490 1539 5563; x_wconf 60' lang='lat'><strong>96,</strong></span> <span class='ocrx_word' id='word_1_803' title='bbox 1565 5507 1675 5561; x_wconf 89' lang='lat' dir='ltr'><strong>quo</strong></span> <span class='ocrx_word' id='word_1_804' title='bbox 1710 5496 1950 5550; x_wconf 90' lang='lat' dir='ltr'><strong>nondum</strong></span> <span class='ocrx_word' id='word_1_805' title='bbox 1980 5499 2189 5557; x_wconf 86' lang='lat' dir='ltr'><strong>obicrat</strong></span> <span class='ocrx_word' id='word_1_806' title='bbox 2219 5503 2277 5558; x_wconf 91' lang='lat' dir='ltr'><strong>S.</strong></span> <span class='ocrx_word' id='word_1_807' title='bbox 2312 5505 2584 5563; x_wconf 86' lang='lat' dir='ltr'><strong>Clemens.</strong></span> 
     </span>
    </p>
   </div>
   <div class='ocr_carea' id='block_1_104' title="bbox 419 5544 2054 5648">
    <p class='ocr_par' dir='ltr' id='par_1_104' title="bbox 419 5544 2054 5648">
     <span class='ocr_line' id='line_1_104' title="bbox 419 5544 2054 5648; baseline 0.004 -4"><span class='ocrx_word' id='word_1_808' title='bbox 419 5544 465 5644; x_wconf 74' lang='lat'><strong>:2</strong></span> <span class='ocrx_word' id='word_1_809' title='bbox 494 5545 756 5648; x_wconf 52' lang='lat' dir='ltr'><strong>sese;</strong></span> <span class='ocrx_word' id='word_1_810' title='bbox 788 5566 887 5648; x_wconf 60' lang='grc' dir='ltr'><strong>ξεν</strong></span> <span class='ocrx_word' id='word_1_811' title='bbox 936 5552 1061 5648; x_wconf 62' lang='grc' dir='ltr'><strong>δεκ,</strong></span> <span class='ocrx_word' id='word_1_812' title='bbox 1103 5557 1148 5648; x_wconf 75' lang='lat'><strong>&#39;1&#39;</strong></span> <span class='ocrx_word' id='word_1_813' title='bbox 1185 5556 1243 5648; x_wconf 65' lang='grc' dir='ltr'><strong>ξι</strong></span> <span class='ocrx_word' id='word_1_814' title='bbox 1274 5559 1463 5648; x_wconf 57' lang='lat' dir='ltr'><strong>smu-</strong></span> <span class='ocrx_word' id='word_1_815' title='bbox 1502 5544 2054 5648; x_wconf 56' lang='grc' dir='ltr'><strong>ρεῦίείίάὲίῖέάὲιείάῖ</strong></span> 
     </span>
    </p>
   </div>
   <div class='ocr_carea' id='block_1_105' title="bbox 421 5613 3321 5717">
    <p class='ocr_par' dir='ltr' id='par_1_105' title="bbox 421 5613 3321 5717">
     <span class='ocr_line' id='line_1_105' title="bbox 421 5613 3321 5717; baseline 0.014 -50"><span class='ocrx_word' id='word_1_816' title='bbox 421 5613 682 5717; x_wconf 44' lang='grc' dir='ltr'><strong>’ζ’νξίειιὲὴ.</strong></span> <span class='ocrx_word' id='word_1_817' title='bbox 705 5613 773 5717; x_wconf 40' lang='grc' dir='ltr'><strong>ξι</strong></span> <span class='ocrx_word' id='word_1_818' title='bbox 961 5622 1006 5717; x_wconf 46' lang='grc' dir='ltr'><strong>ξ’</strong></span> <span class='ocrx_word' id='word_1_819' title='bbox 1031 5624 1165 5717; x_wconf 53' lang='lat' dir='ltr'><strong>7‘,“q.</strong></span> <span class='ocrx_word' id='word_1_820' title='bbox 1201 5629 1268 5717; x_wconf 33' lang='lat' dir='ltr'><strong>lki</strong></span> <span class='ocrx_word' id='word_1_821' title='bbox 1289 5627 1437 5717; x_wconf 53' lang='grc' dir='ltr'><strong>ἔξειμι</strong></span> <span class='ocrx_word' id='word_1_822' title='bbox 1455 5632 1564 5717; x_wconf 52' lang='grc' dir='ltr'><strong>ξεν,</strong></span> <span class='ocrx_word' id='word_1_823' title='bbox 1583 5632 1623 5717; x_wconf 34' lang='grc' dir='ltr'><strong>λς</strong></span> <span class='ocrx_word' id='word_1_824' title='bbox 1658 5613 2245 5717; x_wconf 52' lang='grc' dir='ltr'><strong>ἷξτδ.”Ει</strong></span> <span class='ocrx_word' id='word_1_825' title='bbox 2268 5646 2320 5700; x_wconf 93' lang='lat' dir='ltr'><strong>in</strong></span> <span class='ocrx_word' id='word_1_826' title='bbox 2353 5613 2593 5717; x_wconf 29' lang='lat' dir='ltr'><strong>&#39;e’pi‘stfl.</strong></span> <span class='ocrx_word' id='word_1_827' title='bbox 2613 5613 2909 5707; x_wconf 49' lang='lat' dir='ltr'><strong>(ﬁgmentis</strong></span> <span class='ocrx_word' id='word_1_828' title='bbox 2935 5613 3321 5708; x_wconf 45' lang='lat' dir='ltr'><strong>dilutiacobunlt.</strong></span> 
     </span>
    </p>
   </div>
   <div class='ocr_carea' id='block_1_106' title="bbox 1455 5701 3672 5787">
    <p class='ocr_par' dir='ltr' id='par_1_106' title="bbox 1455 5701 3672 5787">
     <span class='ocr_line' id='line_1_106' title="bbox 1455 5701 3672 5787; baseline 0.01 -33"><span class='ocrx_word' id='word_1_829' title='bbox 1455 5701 1525 5756; x_wconf 73' lang='lat'><strong>‘2:</strong></span> <span class='ocrx_word' id='word_1_830' title='bbox 1564 5701 1875 5787; x_wconf 69' lang='lat' dir='ltr'><strong>Audiuimus</strong></span> <span class='ocrx_word' id='word_1_831' title='bbox 1902 5710 2197 5776; x_wconf 86' lang='lat' dir='ltr'><strong>quosdam;</strong></span> <span class='ocrx_word' id='word_1_832' title='bbox 2230 5726 2283 5770; x_wconf 89' lang='lat' dir='ltr'><strong>et</strong></span> <span class='ocrx_word' id='word_1_833' title='bbox 2318 5719 2370 5770; x_wconf 91' lang='lat' dir='ltr'><strong>in</strong></span> <span class='ocrx_word' id='word_1_834' title='bbox 2389 5701 2539 5787; x_wconf 49' lang='lat' dir='ltr'><strong>&#39;ep.l</strong></span> <span class='ocrx_word' id='word_1_835' title='bbox 2558 5701 3321 5777; x_wconf 49' lang='lat' dir='ltr'><strong>&quot;Jééébéﬁl&quot;</strong></span> <span class='ocrx_word' id='word_1_836' title='bbox 3356 5726 3403 5757; x_wconf 66' lang='lat'><strong>‘7</strong></span> 
     </span>
    </p>
   </div>
   <div class='ocr_carea' id='block_1_107' title="bbox 424 5687 1420 5768">
    <p class='ocr_par' dir='ltr' id='par_1_107' title="bbox 424 5687 1420 5768">
     <span class='ocr_line' id='line_1_107' title="bbox 424 5687 1420 5768; baseline 0.017 -35"><span class='ocrx_word' id='word_1_837' title='bbox 424 5687 648 5768; x_wconf 37' lang='lat' dir='ltr'><strong>avelli:</strong></span> <span class='ocrx_word' id='word_1_838' title='bbox 728 5689 773 5721; x_wconf 79' lang='grc'><strong>’⁵⁵</strong></span> <span class='ocrx_word' id='word_1_839' title='bbox 800 5690 943 5768; x_wconf 41' lang='lat' dir='ltr'><strong>line;</strong></span> <span class='ocrx_word' id='word_1_840' title='bbox 962 5711 1014 5768; x_wconf 79' lang='lat' dir='ltr'><strong>x_,</strong></span> <span class='ocrx_word' id='word_1_841' title='bbox 1046 5687 1143 5768; x_wconf 57' lang='lat' dir='ltr'><strong>_lli:</strong></span> <span class='ocrx_word' id='word_1_842' title='bbox 1222 5698 1268 5729; x_wconf 75' lang='lat'>“</span> <span class='ocrx_word' id='word_1_843' title='bbox 1295 5699 1348 5763; x_wconf 76' lang='grc'><strong>5,</strong></span> <span class='ocrx_word' id='word_1_844' title='bbox 1368 5716 1420 5768; x_wconf 91' lang='lat' dir='ltr'><strong>q.</strong></span> 
     </span>
    </p>
   </div>
   <div class='ocr_carea' id='block_1_108' title="bbox 2106 4709 3699 4781">
    <p class='ocr_par' dir='ltr' id='par_1_108' title="bbox 2106 4709 3699 4781">
     <span class='ocr_line' id='line_1_108' title="bbox 2106 4709 3699 4781; baseline 0.007 -22"><span class='ocrx_word' id='word_1_845' title='bbox 2106 4715 2313 4773; x_wconf 87' lang='lat' dir='ltr'><strong>tenore,</strong></span> <span class='ocrx_word' id='word_1_846' title='bbox 2338 4723 2458 4764; x_wconf 89' lang='lat' dir='ltr'><strong>esse</strong></span> <span class='ocrx_word' id='word_1_847' title='bbox 2483 4709 2856 4780; x_wconf 88' lang='lat' dir='ltr'><strong>intelligimus,</strong></span> <span class='ocrx_word' id='word_1_848' title='bbox 2895 4720 3111 4777; x_wconf 90' lang='lat' dir='ltr'><strong>tenent;</strong></span> <span class='ocrx_word' id='word_1_849' title='bbox 3150 4711 3275 4781; x_wconf 87' lang='lat' dir='ltr'><strong>ejici</strong></span> <span class='ocrx_word' id='word_1_850' title='bbox 3321 4723 3383 4767; x_wconf 87' lang='lat' dir='ltr'><strong>ut</strong></span> <span class='ocrx_word' id='word_1_851' title='bbox 3424 4715 3699 4771; x_wconf 85' lang='lat' dir='ltr'><strong>adulteros</strong></span> 
     </span>
    </p>
   </div>
   <div class='ocr_carea' id='block_1_109' title="bbox 2105 4798 3696 4874">
    <p class='ocr_par' dir='ltr' id='par_1_109' title="bbox 2105 4798 3696 4874">
     <span class='ocr_line' id='line_1_109' title="bbox 2105 4798 3696 4874; baseline 0.008 -24"><span class='ocrx_word' id='word_1_852' title='bbox 2105 4806 2271 4868; x_wconf 87' lang='lat' dir='ltr'><strong>atque</strong></span> <span class='ocrx_word' id='word_1_853' title='bbox 2303 4798 2534 4855; x_wconf 90' lang='lat' dir='ltr'><strong>infames</strong></span> <span class='ocrx_word' id='word_1_854' title='bbox 2570 4801 2719 4869; x_wconf 82' lang='lat' dir='ltr'><strong>ﬁeri,</strong></span> <span class='ocrx_word' id='word_1_855' title='bbox 2754 4818 2960 4874; x_wconf 89' lang='lat' dir='ltr'><strong>eosque</strong></span> <span class='ocrx_word' id='word_1_856' title='bbox 2993 4804 3063 4858; x_wconf 85' lang='lat' dir='ltr'><strong>ab</strong></span> <span class='ocrx_word' id='word_1_857' title='bbox 3094 4804 3500 4862; x_wconf 88' lang='lat' dir='ltr'><strong>ecclesiasticis</strong></span> <span class='ocrx_word' id='word_1_858' title='bbox 3534 4808 3696 4862; x_wconf 86' lang='lat' dir='ltr'><strong>hono-</strong></span> 
     </span>
    </p>
   </div>
   <div class='ocr_carea' id='block_1_110' title="bbox 2104 4889 3695 4963">
    <p class='ocr_par' dir='ltr' id='par_1_110' title="bbox 2104 4889 3695 4963">
     <span class='ocr_line' id='line_1_110' title="bbox 2104 4889 3695 4963; baseline 0.006 -21"><span class='ocrx_word' id='word_1_859' title='bbox 2104 4889 2256 4945; x_wconf 89' lang='lat' dir='ltr'><strong>ribus</strong></span> <span class='ocrx_word' id='word_1_860' title='bbox 2290 4893 2463 4947; x_wconf 83' lang='lat' dir='ltr'><strong>arceri</strong></span> <span class='ocrx_word' id='word_1_861' title='bbox 2491 4893 2770 4963; x_wconf 90' lang='lat' dir='ltr'><strong>jubemus.</strong></span> <span class='ocrx_word' id='word_1_862' title='bbox 2820 4894 2877 4950; x_wconf 91' lang='lat' dir='ltr'><strong>Si</strong></span> <span class='ocrx_word' id='word_1_863' title='bbox 2916 4905 3096 4951; x_wconf 90' lang='lat' dir='ltr'><strong>autem</strong></span> <span class='ocrx_word' id='word_1_864' title='bbox 3133 4896 3403 4953; x_wconf 89' lang='lat' dir='ltr'><strong>adversus</strong></span> <span class='ocrx_word' id='word_1_865' title='bbox 3455 4914 3555 4955; x_wconf 87' lang='lat' dir='ltr'><strong>eos</strong></span> <span class='ocrx_word' id='word_1_866' title='bbox 3604 4900 3695 4954; x_wconf 81' lang='lat' dir='ltr'><strong>ali-</strong></span> 
     </span>
    </p>
   </div>
   <div class='ocr_carea' id='block_1_111' title="bbox 2104 4985 3692 5062">
    <p class='ocr_par' dir='ltr' id='par_1_111' title="bbox 2104 4985 3692 5062">
     <span class='ocr_line' id='line_1_111' title="bbox 2104 4985 3692 5062; baseline 0.009 -28"><span class='ocrx_word' id='word_1_867' title='bbox 2104 4996 2268 5050; x_wconf 92' lang='lat' dir='ltr'><strong>quam</strong></span> <span class='ocrx_word' id='word_1_868' title='bbox 2302 4985 2578 5052; x_wconf 89' lang='lat' dir='ltr'><strong>querelam</strong></span> <span class='ocrx_word' id='word_1_869' title='bbox 2614 4986 2917 5043; x_wconf 84' lang='lat' dir='ltr'><strong>habueritis</strong></span> <span class='ocrx_word' id='word_1_870' title='bbox 2939 5031 2955 5054; x_wconf 93' lang='lat'><strong>,</strong></span> <span class='ocrx_word' id='word_1_871' title='bbox 2991 4988 3079 5043; x_wconf 88' lang='lat' dir='ltr'><strong>his</strong></span> <span class='ocrx_word' id='word_1_872' title='bbox 3113 4989 3377 5058; x_wconf 88' lang='lat' dir='ltr'><strong>peractis,</strong></span> <span class='ocrx_word' id='word_1_873' title='bbox 3416 4990 3692 5062; x_wconf 86' lang='lat' dir='ltr'><strong>inquiren-</strong></span> 
     </span>
    </p>
   </div>
   <div class='ocr_carea' id='block_1_112' title="bbox 2102 5072 3688 5147">
    <p class='ocr_par' dir='ltr' id='par_1_112' title="bbox 2102 5072 3688 5147">
     <span class='ocr_line' id='line_1_112' title="bbox 2102 5072 3688 5147; baseline 0.006 -22"><span class='ocrx_word' id='word_1_874' title='bbox 2102 5072 2232 5126; x_wconf 90' lang='lat' dir='ltr'><strong>dum</strong></span> <span class='ocrx_word' id='word_1_875' title='bbox 2266 5074 2392 5137; x_wconf 87' lang='lat' dir='ltr'><strong>erit,</strong></span> <span class='ocrx_word' id='word_1_876' title='bbox 2427 5085 2481 5130; x_wconf 85' lang='lat' dir='ltr'><strong>et</strong></span> <span class='ocrx_word' id='word_1_877' title='bbox 2512 5076 2836 5133; x_wconf 87' lang='lat' dir='ltr'><strong>auctoritate</strong></span> <span class='ocrx_word' id='word_1_878' title='bbox 2871 5078 3035 5147; x_wconf 90' lang='lat' dir='ltr'><strong>hujus</strong></span> <span class='ocrx_word' id='word_1_879' title='bbox 3068 5088 3273 5133; x_wconf 74' lang='lat' dir='ltr'><strong>sauctze</strong></span> <span class='ocrx_word' id='word_1_880' title='bbox 3323 5080 3477 5137; x_wconf 81' lang='lat' dir='ltr'><strong>sedis</strong></span> <span class='ocrx_word' id='word_1_881' title='bbox 3513 5083 3688 5137; x_wconf 87' lang='lat' dir='ltr'><strong>termi-</strong></span> 
     </span>
    </p>
   </div>
   <div class='ocr_carea' id='block_1_113' title="bbox 2102 5167 3684 5244">
    <p class='ocr_par' dir='ltr' id='par_1_113' title="bbox 2102 5167 3684 5244">
     <span class='ocr_line' id='line_1_113' title="bbox 2102 5167 3684 5244; baseline 0.006 -25"><span class='ocrx_word' id='word_1_882' title='bbox 2102 5167 2343 5220; x_wconf 90' lang='lat' dir='ltr'><strong>nandum</strong></span> <span class='ocrx_word' id='word_1_883' title='bbox 2378 5169 2440 5220; x_wconf 80' lang='lat'><strong>&quot;.</strong></span> <span class='ocrx_word' id='word_1_884' title='bbox 2480 5167 2547 5223; x_wconf 89' lang='lat' dir='ltr'><strong>Et</strong></span> <span class='ocrx_word' id='word_1_885' title='bbox 2580 5186 2646 5224; x_wconf 90' lang='lat' dir='ltr'><strong>ne</strong></span> <span class='ocrx_word' id='word_1_886' title='bbox 2678 5172 2863 5225; x_wconf 88' lang='lat' dir='ltr'><strong>omnia</strong></span> <span class='ocrx_word' id='word_1_887' title='bbox 2898 5187 3044 5226; x_wconf 89' lang='lat' dir='ltr'><strong>nunc</strong></span> <span class='ocrx_word' id='word_1_888' title='bbox 3071 5172 3393 5244; x_wconf 88' lang='lat' dir='ltr'><strong>singulatim</strong></span> <span class='ocrx_word' id='word_1_889' title='bbox 3426 5174 3684 5237; x_wconf 87' lang='lat' dir='ltr'><strong>dicamus,</strong></span> 
     </span>
    </p>
   </div>
   <div class='ocr_carea' id='block_1_114' title="bbox 2101 5260 3683 5333">
    <p class='ocr_par' dir='ltr' id='par_1_114' title="bbox 2101 5260 3683 5333">
     <span class='ocr_line' id='line_1_114' title="bbox 2101 5260 3683 5333; baseline 0.005 -21"><span class='ocrx_word' id='word_1_890' title='bbox 2101 5272 2264 5313; x_wconf 89' lang='lat' dir='ltr'><strong>omne</strong></span> <span class='ocrx_word' id='word_1_891' title='bbox 2292 5260 2520 5326; x_wconf 92' lang='lat' dir='ltr'><strong>bonum,</strong></span> <span class='ocrx_word' id='word_1_892' title='bbox 2556 5262 2603 5316; x_wconf 91' lang='lat' dir='ltr'><strong>si</strong></span> <span class='ocrx_word' id='word_1_893' title='bbox 2637 5263 2755 5332; x_wconf 90' lang='lat' dir='ltr'><strong>ipsa</strong></span> <span class='ocrx_word' id='word_1_894' title='bbox 2788 5278 2886 5333; x_wconf 91' lang='lat' dir='ltr'><strong>per</strong></span> <span class='ocrx_word' id='word_1_895' title='bbox 2919 5280 2978 5320; x_wconf 90' lang='lat' dir='ltr'><strong>se</strong></span> <span class='ocrx_word' id='word_1_896' title='bbox 3012 5264 3067 5318; x_wconf 91' lang='lat' dir='ltr'><strong>in</strong></span> <span class='ocrx_word' id='word_1_897' title='bbox 3102 5266 3257 5322; x_wconf 87' lang='lat' dir='ltr'><strong>vobis</strong></span> <span class='ocrx_word' id='word_1_898' title='bbox 3292 5264 3487 5331; x_wconf 88' lang='lat' dir='ltr'><strong>fuerit,</strong></span> <span class='ocrx_word' id='word_1_899' title='bbox 3515 5266 3683 5322; x_wconf 86' lang='lat' dir='ltr'><strong>chari-</strong></span> 
     </span>
    </p>
   </div>
   <div class='ocr_carea' id='block_1_115' title="bbox 2104 5348 3681 5428">
    <p class='ocr_par' dir='ltr' id='par_1_115' title="bbox 2104 5348 3681 5428">
     <span class='ocr_line' id='line_1_115' title="bbox 2104 5348 3681 5428; baseline 0.005 -27"><span class='ocrx_word' id='word_1_900' title='bbox 2104 5357 2187 5424; x_wconf 69' lang='lat' dir='ltr'><strong>tas</strong></span> <span class='ocrx_word' id='word_1_901' title='bbox 2221 5348 2401 5407; x_wconf 87' lang='lat' dir='ltr'><strong>facere</strong></span> <span class='ocrx_word' id='word_1_902' title='bbox 2432 5352 2677 5420; x_wconf 90' lang='lat' dir='ltr'><strong>docebit,</strong></span> <span class='ocrx_word' id='word_1_903' title='bbox 2713 5355 2858 5409; x_wconf 91' lang='lat' dir='ltr'><strong>sicut</strong></span> <span class='ocrx_word' id='word_1_904' title='bbox 2902 5364 2959 5411; x_wconf 90' lang='lat' dir='ltr'><strong>et</strong></span> <span class='ocrx_word' id='word_1_905' title='bbox 3001 5371 3033 5410; x_wconf 90' lang='lat' dir='ltr'><strong>e</strong></span> <span class='ocrx_word' id='word_1_906' title='bbox 3075 5356 3361 5411; x_wconf 88' lang='lat' dir='ltr'><strong>contrario</strong></span> <span class='ocrx_word' id='word_1_907' title='bbox 3390 5372 3496 5414; x_wconf 87' lang='lat' dir='ltr'><strong>eos</strong></span> <span class='ocrx_word' id='word_1_908' title='bbox 3528 5359 3615 5428; x_wconf 88' lang='lat' dir='ltr'><strong>qui</strong></span> <span class='ocrx_word' id='word_1_909' title='bbox 3655 5372 3681 5409; x_wconf 83' lang='lat' dir='ltr'><strong>a</strong></span> 
     </span>
    </p>
   </div>
   <div class='ocr_carea' id='block_1_116' title="bbox 2664 5508 3677 5583">
    <p class='ocr_par' dir='ltr' id='par_1_116' title="bbox 2664 5508 3677 5583">
     <span class='ocr_line' id='line_1_116' title="bbox 2664 5508 3677 5583; baseline -0.015 0"><span class='ocrx_word' id='word_1_910' title='bbox 2664 5509 2709 5583; x_wconf 63' lang='grc' dir='ltr'><strong>Ῐ⁶</strong></span> <span class='ocrx_word' id='word_1_911' title='bbox 2739 5508 2797 5564; x_wconf 82' lang='lat'><strong>5-</strong></span> <span class='ocrx_word' id='word_1_912' title='bbox 2824 5508 2955 5566; x_wconf 67' lang='lat' dir='ltr'><strong>L90-</strong></span> <span class='ocrx_word' id='word_1_913' title='bbox 2986 5527 3075 5583; x_wconf 88' lang='lat' dir='ltr'><strong>ep.</strong></span> <span class='ocrx_word' id='word_1_914' title='bbox 3113 5512 3199 5567; x_wconf 85' lang='lat' dir='ltr'><strong>l8.</strong></span> <span class='ocrx_word' id='word_1_915' title='bbox 3280 5514 3325 5545; x_wconf 75' lang='grc'>³⁷</span> <span class='ocrx_word' id='word_1_916' title='bbox 3347 5518 3474 5570; x_wconf 83' lang='lat' dir='ltr'><strong>Act.</strong></span> <span class='ocrx_word' id='word_1_917' title='bbox 3500 5532 3574 5579; x_wconf 73' lang='lat' dir='ltr'><strong>iv,</strong></span> <span class='ocrx_word' id='word_1_918' title='bbox 3601 5514 3677 5569; x_wconf 56' lang='grc' dir='ltr'>εἰ</span> 
     </span>
    </p>
   </div>
   <div class='ocr_carea' id='block_1_117' title="bbox 2110 5575 3673 5651">
    <p class='ocr_par' dir='ltr' id='par_1_117' title="bbox 2110 5575 3673 5651">
     <span class='ocr_line' id='line_1_117' title="bbox 2110 5575 3673 5651; baseline 0.009 -27"><span class='ocrx_word' id='word_1_919' title='bbox 2110 5587 2220 5651; x_wconf 77' lang='lat' dir='ltr'><strong>1v._</strong></span> <span class='ocrx_word' id='word_1_920' title='bbox 2264 5575 2309 5651; x_wconf 60' lang='grc' dir='ltr'><strong>ξθ</strong></span> <span class='ocrx_word' id='word_1_921' title='bbox 2344 5575 2394 5642; x_wconf 87' lang='lat'><strong>7,</strong></span> <span class='ocrx_word' id='word_1_922' title='bbox 2431 5594 2490 5651; x_wconf 91' lang='lat' dir='ltr'><strong>_q.</strong></span> <span class='ocrx_word' id='word_1_923' title='bbox 2526 5582 2594 5651; x_wconf 15' lang='lat' dir='ltr'><strong>li:</strong></span> <span class='ocrx_word' id='word_1_924' title='bbox 2632 5578 2784 5633; x_wconf 84' lang='lat' dir='ltr'><strong>Sicut</strong></span> <span class='ocrx_word' id='word_1_925' title='bbox 2836 5583 2918 5634; x_wconf 85' lang='lat' dir='ltr'><strong>vir</strong></span> <span class='ocrx_word' id='word_1_926' title='bbox 2959 5575 3083 5636; x_wconf 61' lang='lat' dir='ltr'><strong>no&#39;n.</strong></span> <span class='ocrx_word' id='word_1_927' title='bbox 3190 5584 3230 5618; x_wconf 73' lang='lat'>&quot;</span> <span class='ocrx_word' id='word_1_928' title='bbox 3270 5583 3454 5641; x_wconf 87' lang='lat' dir='ltr'><strong>lCor.</strong></span> <span class='ocrx_word' id='word_1_929' title='bbox 3482 5575 3673 5651; x_wconf 64' lang='lat'><strong>“1,”.</strong></span> 
     </span>
    </p>
   </div>
   <div class='ocr_carea' id='block_1_118' title="bbox 3429 5656 3671 5710">
    <p class='ocr_par' dir='ltr' id='par_1_118' title="bbox 3429 5656 3671 5710">
     <span class='ocr_line' id='line_1_118' title="bbox 3429 5656 3671 5710; baseline -0.012 -1"><span class='ocrx_word' id='word_1_930' title='bbox 3429 5658 3482 5687; x_wconf 69' lang='lat'><strong><em>“</em></strong></span> <span class='ocrx_word' id='word_1_931' title='bbox 3502 5656 3671 5710; x_wconf 73' lang='lat' dir='ltr'><strong>Matth.</strong></span> 
     </span>
    </p>
   </div>
   <div class='ocr_carea' id='block_1_119' title="bbox 424 5755 3669 5852">
    <p class='ocr_par' dir='ltr' id='par_1_119' title="bbox 424 5755 3669 5852">
     <span class='ocr_line' id='line_1_119' title="bbox 424 5755 3669 5852; baseline 0.015 -51"><span class='ocrx_word' id='word_1_932' title='bbox 424 5755 776 5852; x_wconf 45' lang='lat' dir='ltr'><strong>ejiift.nt,_nex</strong></span> <span class='ocrx_word' id='word_1_933' title='bbox 808 5759 1004 5817; x_wconf 73' lang='lat' dir='ltr'><strong>Bullini</strong></span> <span class='ocrx_word' id='word_1_934' title='bbox 1044 5755 1521 5839; x_wconf 66' lang='lat' dir='ltr'><strong>interpretatiunc,</strong></span> <span class='ocrx_word' id='word_1_935' title='bbox 1545 5774 1638 5842; x_wconf 81' lang='lat' dir='ltr'><strong>qui</strong></span> <span class='ocrx_word' id='word_1_936' title='bbox 1672 5755 3358 5852; x_wconf 37' lang='lat' dir='ltr'><strong>posi&#39;&quot;ii-Jeeiiib?{uiliogulis?5333313353;3337mm</strong></span> 
     </span>
    </p>
   </div>
   <div class='ocr_carea' id='block_1_120' title="bbox 428 5818 735 5879">
    <p class='ocr_par' dir='ltr' id='par_1_120' title="bbox 428 5818 735 5879">
     <span class='ocr_line' id='line_1_120' title="bbox 428 5818 735 5879; baseline 0.023 -7"><span class='ocrx_word' id='word_1_937' title='bbox 428 5825 473 5873; x_wconf 83' lang='lat' dir='ltr'><strong>t.</strong></span> <span class='ocrx_word' id='word_1_938' title='bbox 504 5818 545 5875; x_wconf 87' lang='grc' dir='ltr'><strong>ι.</strong></span> <span class='ocrx_word' id='word_1_939' title='bbox 580 5821 735 5879; x_wconf 72' lang='grc' dir='ltr'><strong>Ευιτ.</strong></span> 
     </span>
    </p>
   </div>
  </div>
