3806 6208
87 332 249 388 1055

1546 337 1925 399 ΕΡῙΞΤΟῘΛΕ.
1995 397 2005 409 ,

3238 350 3377 408 1054

83 450 285 506 salute
313 448 479 504 alieni
512 458 661 517 sunt,
684 422 859 507 bmne
890 452 1095 508 malum
1132 454 1332 525 facere,
1367 459 1552 516 odium
1586 464 1688 516 do-
1719 466 1765 521 Α
1793 459 2073 515 cebantur.
2120 460 2251 515 Inde
2292 460 2407 531 ipse
2456 462 2573 528 ait;
2608 480 2628 513 ι
2661 460 3015 529 Descendam,
3062 472 3117 519 et
3158 466 3372 535 videbo,

82 550 213 598 cet.
247 540 404 598 Unde
434 550 491 597 et
522 559 641 610 vos,
673 547 772 613 qui
801 546 915 601 veri
948 546 1044 601 Dei
1077 549 1212 605 estis
1244 550 1519 622 discipuli,
1554 553 1693 625 abji-

82 635 213 690 cite
258 650 291 690 a
337 634 595 690 cordibus
632 637 831 692 vestris
884 650 1011 693 ante
1060 641 1244 695 omnia
1296 642 1599 700 discordias
1640 654 1695 700 et

82 725 417 780 animorum
451 725 845 792 dissensiones,
900 745 969 785 ex
1014 732 1218 801 quibus
1272 749 1436 790 onme
1486 736 1692 792 malum

82 832 247 887 opus
300 818 563 888 procedit,
618 829 672 876 et
724 822 1113 903 benignitatem
1169 841 1236 880 ac
1286 825 1691 897 simplicitatem

84 922 221 966 tota
254 923 437 969 mente
468 922 705 979 servate.
740 914 789 946 ’⁵⁸
823 906 1210 974 Verumtamen
1260 920 1455 976 scitote
1489 924 1691 988 cuncti,

81 1004 254 1074 quod
310 1019 471 1074 supra
525 1020 717 1061 omnes
771 1021 871 1063 vos
923 1008 1135 1064 laboret
1184 1011 1514 1081 episcopus;
1563 1015 1694 1084 quia

82 1096 493 1166 unusquisque
518 1107 762 1153 vestrum
789 1112 949 1154 suum
985 1104 1264 1171 proprium
1294 1102 1401 1159 fert
1424 1105 1691 1172 laborem,

79 1186 190 1241 ille
225 1202 359 1242 vero
388 1195 442 1242 et
474 1202 659 1254 suum,
691 1198 747 1244 et
778 1191 1145 1262 singulorum.
1172 1191 1240 1247 Et
1272 1194 1395 1248 ideo
1429 1195 1573 1250 sicut
1605 1197 1693 1252 ille

77 1295 200 1348 pro
232 1280 392 1336 vobis
424 1282 718 1346 omnibus,
771 1283 846 1337 ita
886 1293 941 1338 et
972 1299 1072 1340 vos
1119 1300 1311 1340 omnes
1344 1272 1695 1357 summopere

78 1370 357 1426 laborare
386 1387 488 1442 pro
515 1388 583 1428 eo
611 1373 845 1439 debetis,
880 1374 935 1429 in
960 1384 1192 1443 tantum,
1223 1386 1300 1445 ut,
1328 1379 1373 1433 si
1405 1380 1570 1433 etiam
1599 1395 1694 1435 ne-

78 1478 256 1518 cesse
291 1463 494 1531 fuerit,
531 1465 746 1520 animas
780 1475 996 1521 vestras
1026 1482 1128 1537 pro
1160 1483 1227 1522 eo
1260 1470 1509 1538 ponatis,
1551 1470 1694 1525 sicut

77 1563 142 1608 et
183 1553 308 1623 ipse
335 1556 575 1610 animam
611 1572 767 1611 suam
793 1573 893 1626 pro
926 1559 1107 1625 vobis,
1141 1559 1188 1613 si
1239 1575 1463 1616 necesse
1503 1560 1689 1629 fuerit,

77 1660 309 1715 ponere
339 1647 519 1715 debet,
546 1647 671 1718 ipso
704 1648 921 1704 dicente
957 1648 1244 1707 Salvatore
1278 1671 1293 1707 :
1322 1671 1341 1703 ‹
1380 1651 1566 1708 Bonus
1596 1668 1693 1723 pa-

1794 558 1989 619 utrum
2007 549 2303 605 clamorem
2345 551 2439 620 qui
2493 551 2639 606 venit
2665 553 2732 606 ad
2763 568 3047 622 me,opere
3071 557 3377 625 compleve-

1793 639 1904 694 rint
1928 657 1942 705 ;
1971 654 2154 693 annon
2177 648 2262 694 est
2284 640 2380 701 ita,
2402 649 2461 694 ut
2492 640 2660 694 sciam
2689 641 2755 694 δ’.
2790 659 2808 690 ›
2836 639 2982 696 Deus
3003 644 3369 712 omnipotens,

1794 731 1884 785 cui
1917 731 2053 785 nihil
2096 730 2479 786 absconditum
2529 741 2633 799 est,
2657 733 2750 786 sed
2788 733 2973 786 omnia
3011 734 3061 787 ei
3088 733 3375 790 manifesta

1794 832 1942 890 sunt,
1973 823 2137 879 etiam
2178 832 2468 893 antequam
2520 823 2673 889 fiant,
2703 838 2810 877 non
2864 824 2934 877 ob
2969 824 3116 879 aliud
3161 825 3275 879 haec
3320 831 3378 879 et
3422 853 3430 862 -

1794 916 1901 970 alia
1921 915 2090 970 multa
2121 914 2264 985 (qua:
2293 915 2401 981 hic,
2424 916 2789 985 prolixitatem
2810 915 3070 981 vitantes,
3096 930 3205 969 non
3228 917 3376 971 inse-

1795 1000 2152 1076 ruimus):per
2174 1016 2235 1056 se
2267 1000 2545 1071 inquirere
2574 1002 2828 1072 dignatus
2855 1011 2938 1057 est
2958 1044 2973 1068 ,
3000 1004 3103 1057 nisi
3129 1013 3189 1058 ut
3215 1005 3376 1060 nobis

1793 1093 2098 1163 exemplum
2140 1092 2314 1159 daret,
2369 1108 2438 1147 ne
2485 1093 2789 1163 praecipites
2839 1094 2893 1148 in
2940 1096 3294 1152 discutiendis
3321 1107 3378 1153 et

1788 1184 2099 1256 judicandis
2128 1184 2361 1255 negotiis
2382 1199 2651 1250 essemus,
2670 1193 2724 1239 et
2751 1201 2820 1239 ne
2850 1186 2991 1240 mala
3012 1187 3377 1257 quordmdam

1792 1278 1948 1348 prius
1988 1291 2385 1347 praesumamus
2434 1277 2676 1342 credere,
2723 1293 2888 1347 quam
2924 1279 3175 1348 probare.
3206 1279 3377 1350 Cujus

1792 1368 2041 1437 exemplo
2075 1382 2364 1422 monemur
2389 1367 2432 1399 ⁶⁰
2455 1408 2469 1432 ,
2504 1383 2572 1421 ne
2619 1368 2687 1422 ad
2728 1367 3105 1439 proferendam
3152 1379 3374 1425 senten-

1792 1458 1923 1512 tiam
1958 1472 2199 1527 unquam
2229 1458 2531 1527 praecipites
2569 1459 2763 1525 simus,
2808 1468 2902 1513 aut
2947 1470 3149 1514 temere
3190 1459 3376 1515 indili-

1792 1559 2090 1621 genterque
2111 1550 2421 1606 indiscussa
2454 1566 2682 1621 quaeque
2725 1566 2947 1620 quoquo
2978 1550 3142 1606 modo
3163 1552 3376 1621 judice-

1793 1656 1938 1707 mus,
1953 1641 2164 1696 dicente
2181 1639 2439 1696 Veritatis
2463 1656 2627 1696 voce:
2658 1640 2862 1697 «Nolite
2883 1642 3150 1712 judicare,
3176 1651 3236 1697 ut
3263 1659 3374 1697 non

77 1745 218 1793 stor
250 1740 494 1794 animam
525 1755 681 1795 suam
713 1741 810 1795 dat
835 1757 935 1812 pro
963 1742 1158 1800 ovibus
1188 1745 1306 1800 suis
1327 1744 1395 1798 ‘9.
1421 1744 1532 1800 Vos
1562 1760 1692 1800 vero
1787 1733 2004 1804 Ῑυάίοθη

1803 1732 2128 1813 iudicemini.
2190 1733 2250 1787 ln
2307 1749 2417 1804 quo
2488 1734 2635 1788 enim
2707 1733 2914 1804 judicio
2975 1734 3377 1804 judicaveritis,

77 1830 319 1889 obedire
351 1833 455 1898 eis,
488 1841 543 1888 et
568 1833 788 1904 vigilate
838 1849 940 1904 pro
991 1836 1101 1901 eis,
1148 1838 1278 1906 quia
1312 1834 1415 1907 ipsi
1448 1836 1684 1907 pervigi-
1718 1824 1760 1879 Β
1783 1825 2164 1896 judicabimini
2213 1825 2258 1857 ⁶¹
2284 1843 2303 1876 ι
2338 1864 2353 1890 ,
2385 1833 2440 1879 et
2493 1825 2721 1895 reliqua.
2757 1825 2800 1857 “
2822 1824 2958 1878 Nam
3010 1825 3159 1879 mala
3193 1825 3378 1881 audita

76 1919 253 1988 lant,
303 1922 459 1992 quasi
505 1923 771 1978 rationem
807 1938 907 1993 pro
947 1923 1238 1994 animabus
1271 1925 1467 1980 vestris
1505 1922 1687 1979 reddi-
1787 1920 1996 1974 nullum
2057 1926 2344 1983 moveant,
2392 1932 2493 1972 nec
2553 1918 2759 1987 passim
2809 1917 2955 1971 dicta
3004 1916 3211 1986 absque
3253 1931 3374 1971 cer-

78 2013 230 2075 turi,
275 2020 336 2066 ut
377 2028 504 2069 cum
550 2013 751 2085 gaudio
792 2015 898 2070 hoc
944 2014 1169 2084 faciant,
1208 2025 1265 2071 et
1309 2033 1417 2072 non
1464 2032 1686 2089 gemen-

83 2115 177 2161 tes
194 2101 244 2135 ⁵⁹
281 2103 379 2157 ›.⁸ί
419 2104 535 2162 Νοη
558 2117 643 2163 est
664 2108 848 2175 itaque
870 2124 902 2162 a
929 2109 1085 2179 plebe
1108 2118 1204 2163 aut
1232 2110 1548 2182 vulgaribus
1580 2111 1684 2164 ho-

80 2196 345 2252 minibus
371 2198 685 2266 arguendus
716 2199 798 2254 vcl
832 2200 1179 2255 accusandus
1210 2201 1525 2272 episcopus,
1562 2202 1688 2257 licet

79 2287 163 2342 sit
197 2288 582 2361 inordinatus;
625 2293 672 2324 "
714 2288 844 2359 quia
897 2303 998 2359 pro
1053 2290 1264 2345 meritis
1315 2291 1681 2358 subditorum,

73 2377 410 2449 disponitur
453 2394 485 2434 a
519 2379 631 2434 Deo
682 2380 792 2435 vita
843 2388 1156 2448 rectorum,
1207 2382 1459 2452 exemplo
1512 2381 1685 2439 David

71 2469 397 2538 peccantis,
424 2484 489 2525 ac
519 2470 927 2544 comparatione
959 2470 1302 2541 principum,
1335 2472 1430 2543 qui
1464 2487 1532 2527 ex
1568 2488 1684 2528 me-

72 2559 201 2614 rito
236 2559 412 2628 plebis
445 2560 894 2630 praevaricantur.
931 2559 1257 2619 Sacerdotes
1306 2564 1459 2618 enim.
1486 2564 1684 2634 exqui-

73 2668 218 2708 rere
244 2653 447 2708 debent
477 2662 700 2723 peccata
735 2654 1079 2724 populorum,
1116 2664 1172 2711 et
1202 2656 1385 2729 sagaci
1419 2657 1686 2712 sollicitu-

74 2747 223 2802 dine
268 2763 720 2818 unumquemque
772 2748 1047 2818 probare,
1091 2750 1249 2821 juxta
1304 2752 1682 2807 testimonium

76 2841 314 2897 Domini
358 2843 426 2898 ad
473 2842 764 2900 Jeremiam
827 2845 1143 2916 loquentis:
1179 2863 1197 2897 ι
1231 2844 1614 2912 Probatorem,
1658 2865 1678 2899 ι

74 2935 295 3004 inquit,
336 2955 356 2987 ι
396 2936 519 2991 dedi
554 2946 606 2992 te
634 2940 835 3009 populo
886 2954 1010 2995 meo
1062 2939 1373 3004 robustum,
1422 2948 1478 2994 et
1520 2940 1681 3007 scies,

76 3034 140 3083 et
194 3026 457 3095 probabis
491 3027 633 3082 viam
684 3045 874 3084 eorum
907 3030 974 3083 ⁸³.
1009 3049 1028 3083 ι
1085 3028 1211 3085 ldeo
1243 3029 1347 3084 ista
1376 3029 1520 3097 dico,
1554 3031 1683 3101 quia

77 3122 383 3178 insidiator
415 3123 557 3178 bona
588 3123 894 3193 saepissime
937 3124 1079 3179 solet
1120 3133 1440 3181 convertere
1472 3127 1528 3179 in
1559 3141 1683 3179 ma-

1786 2017 1843 2065 ta
1898 2010 2238 2080 probatione,
2284 2008 2577 2079 quisquam
2627 2024 2869 2079 unquam
2915 2008 3233 2073 credat,sed
3281 2024 3379 2063 an-

1788 2110 1840 2157 te
1865 2101 2050 2156 audita
2078 2100 2365 2169 diligenter
2397 2101 2663 2170 inquirat,
2710 2116 2778 2154 ne
2806 2098 3194 2169 praecipitando
3223 2099 3381 2169 quid-

1787 2208 1953 2263 quam
2020 2191 2219 2267 aliquis
2253 2198 2399 2262 agat.
2452 2188 2511 2244 Si
2550 2190 2695 2245 enim
2746 2187 3011 2243 Dominus
3062 2187 3310 2242 omnium
3332 2186 3379 2219 "

1791 2282 2157 2339 Sodomorum
2191 2284 2355 2350 mala,
2377 2297 2611 2354 quorum
2654 2280 2861 2336 clamor
2886 2281 2954 2334 ad
2976 2280 3174 2335 caelum
3205 2293 3380 2350 usque

1787 2385 2132 2446 pervenerat,
2173 2375 2358 2429 omnia
2412 2373 2624 2438 sciens,
2653 2371 2808 2442 prius
2854 2386 2956 2426 nec
3006 2369 3227 2424 credere
3278 2384 3382 2424 nec

1781 2468 2031 2538 judicare
2058 2468 2252 2535 voluit,
2272 2482 2435 2537 quam
2466 2465 2584 2536 ipse
2610 2480 2677 2520 ea
2702 2479 2829 2519 cum
2854 2462 3110 2519 ﬁdelibus
3144 2462 3378 2518 testibus

1786 2560 2073 2631 diligenter
2099 2560 2436 2630 investigans
2463 2557 2531 2622 “,
2563 2572 2687 2628 quae
2716 2556 2985 2621 audierat,
3019 2569 3187 2625 opere.
3215 2555 3260 2587 ⁸⁸
3288 2569 3382 2608 ve-

1787 2653 1987 2707 raciter
2015 2660 2368 2724 cognosceret
2422 2650 2643 2706 :multo
2666 2648 2843 2720 magis
2900 2662 3003 2703 nos
3051 2647 3277 2702 humani
3324 2652 3380 2701 et

1787 2753 2102 2814 peccatores
2132 2744 2385 2798 homines
2429 2742 2631 2813 quibus
2677 2739 2955 2810 incognita
3007 2747 3137 2794 sunt
3163 2738 3378 2794 occulta

1784 2835 1993 2905 judicia
2024 2833 2141 2902 Dei,
2181 2835 2298 2890 haec
2328 2848 2652 2904 praecavere,
2704 2840 2759 2887 et
2797 2831 3008 2886 nullum
3038 2838 3165 2885 ante
3190 2845 3375 2887 veram

1783 2918 2102 2999 iustamque
2128 2929 2503 2998 probationem
2527 2927 2778 2996 judicare
2805 2933 2903 2980 aut
2931 2925 3195 2980 damnare
3213 2923 3377 2978 debe-

1788 3036 1912 3075 mus
1937 3020 2004 3088 ⁸⁸,
2055 3018 2342 3075 manifeste
2371 3019 2618 3089 apostolo
2646 3009 2872 3074 dicente
2890 3014 3082 3081 Paulo,
3105 3015 3201 3085 qui
3228 3015 3327 3069 -ait
3357 3031 3374 3067 :

1794 3132 1814 3165 ι
1840 3110 1921 3167 Tu
1934 3113 2058 3182 quis
2071 3126 2151 3179 es,
2171 3112 2263 3182 qui
2290 3110 2506 3181 judicas
2534 3124 2751 3165 servum
2781 3107 3061 3163 alienum?
3087 3105 3200 3161 Suo
3231 3106 3378 3161 enim

76 3214 230 3279 lum,
265 3222 322 3268 et
360 3215 415 3268 in
448 3216 637 3270 electis
666 3178 842 3285 .ponit
892 3215 1166 3270 maculam
1196 3216 1264 3270 δι.
1298 3214 1451 3271 Unde
1496 3218 1545 3271 si
1586 3217 1678 3287 qui
1709 3178 1752 3235 Ο
1784 3206 2004 3262 ἀι)ῐηὶηο

1803 3178 2005 3261 lomino
2029 3178 2155 3270 stat,
2188 3178 2306 3259 'aut
2356 3203 2501 3258 cadit
2527 3203 2592 3256 ⁶⁷.
2612 3199 2799 3257 »υηίίθ
2827 3209 2882 3256 et
2924 3215 3017 3270 per
3051 3199 3375 3270 prophetam

77 3316 222 3363 sunt
267 3307 670 3378 vituperatores
700 3302 818 3363 ‘aut
867 3319 1219 3364 accusatores
1271 3309 1679 3378 episcoporum,

74 3397 177 3452 vel
209 3396 548 3467 reliquorum
585 3399 952 3464 sacerdotum,
980 3412 1091 3452 non
1120 3407 1332 3467 oportet
1355 3414 1451 3454 eos
1484 3414 1514 3454 a
1533 3398 1681 3469 judi-

77 3490 250 3544 cibus
279 3487 538 3544 Ecclesia:
576 3490 777 3557 audiri,
810 3501 1104 3562 antequam
1134 3506 1327 3546 eorum
1353 3492 1681 3547 discutiatur

77 3581 476 3639 aestimationis
522 3582 765 3651 suspicio
801 3584 887 3638 vel
936 3583 1145 3653 opinio,
1195 3599 1302 3654 qua
1352 3583 1676 3650 intentione,

80 3689 202 3746 qua
221 3672 349 3739 fide,
371 3687 479 3742 qua
500 3673 824 3739 temeritate,
859 3689 970 3743 qua
1004 3673 1134 3737 vita,
1167 3688 1275 3744 qua
1320 3675 1677 3742 conscientia,

79 3781 275 3838 quove
301 3763 516 3829 merito,
549 3765 597 3820 si
632 3780 731 3834 pro
774 3764 907 3831 Deo,
936 3773 1032 3820 aut
1059 3779 1158 3834 pro
1184 3780 1324 3819 vana
1357 3764 1551 3834 gloria,
1585 3776 1681 3820 aut

82 3858 419 3924 inimicitia,
458 3859 544 3913 vel
596 3858 744 3925 odio,
779 3867 874 3913 aut
919 3857 1237 3927 cupiditate,
1277 3857 1382 3912 ista
1416 3872 1683 3927 praesum-

80 3952 326 4023 pserint,
357 3966 551 4007 necne.
1524 4014 1529 4017 Α

161 4044 295 4101 Haec
319 4045 503 4099 omnia
525 4043 755 4099 ﬁdeliter
782 4051 906 4098 sunt
939 4042 1352 4113 perscrutanda,
1381 4050 1435 4097 et
1453 4042 1683 4113 diligen-

82 4146 177 4191 ter
202 4135 585 4206 pertractanda
621 4135 689 4188 ⁸⁵.
721 4132 859 4188 Nam
890 4142 1019 4188 sunt
1055 4134 1305 4189 nonnulli
1342 4134 1436 4204 qui
1469 4149 1683 4205 praepo-

85 4237 236 4285 srtos
292 4243 423 4283 suos
476 4242 731 4297 perverse
794 4225 1219 4295 reprehendunt,
1268 4225 1315 4281 si
1361 4225 1447 4280 vel
1486 4241 1681 4295 parum

83 4315 229 4387 ipsis
251 4315 466 4390 molesti
494 4315 823 4370 exstiterint.
857 4314 1062 4368 idcirco
1090 4326 1239 4370 recto
1286 4317 1447 4371 oculo
1476 4316 1682 4386 prima-

83 4418 176 4464 tes
225 4406 596 4463 Ecclesiarum
645 4407 848 4462 utiliter
893 4407 1241 4477 praevideant,
1293 4424 1363 4464 ne
1387 4409 1680 4479 quisquam

1789 3297 1955 3353 David
1982 3296 2247 3351 Dominus
2270 3296 2540 3366 loquitur,
2564 3294 2753 3349 dicens
2784 3313 2798 3347 :
2831 3312 2850 3345 ί
2887 3290 3064 3347 Nolite
3109 3291 3374 3346 extollere

1787 3392 1843 3444 in
1872 3389 2152 3445 excelsum
2199 3402 2368 3443 cornu
2420 3393 2665 3442 vestrum
2695 3428 2710 3453 ,
2743 3387 3029 3456 loquentes
3074 3385 3134 3440 in
3166 3385 3380 3440 cervice

1782 3481 1983 3548 veteri;
2037 3480 2167 3550 quia
2224 3493 2402 3549 neque
2454 3478 2524 3533 ab
2575 3478 2805 3545 oriente,
2840 3492 3017 3547 neque
3063 3475 3374 3539 occidente,

1784 3588 1959 3642 neque
1984 3587 2016 3626 a
2045 3571 2341 3627 solitudine
2363 3568 2655 3637 montium,
2687 3569 2782 3625 sed
2831 3567 2976 3622 Deus
3015 3568 3185 3638 judex
3230 3566 3378 3621 hunc

1783 3662 2114 3728 humiliabit,
2133 3669 2187 3716 et
2207 3661 2354 3716 hunc
2381 3660 2663 3727 exaltabit,
2692 3660 2823 3730 quia
2844 3659 2988 3715 calix
3013 3660 3064 3712 in
3086 3674 3252 3712 manu
3274 3656 3379 3712 Do-

1785 3754 1919 3809 mini
1943 3755 2190 3821 est,vino
2208 3768 2424 3808 meraco
2453 3752 2521 3807 ad
2545 3752 2767 3822 plenum
2786 3752 3012 3816 mixtus,
3038 3760 3093 3806 et
3116 3749 3375 3820 propina-

1781 3849 1862 3904 bit
1881 3864 1949 3904 ex
1979 3862 2065 3904 eo.
2100 3845 2487 3902 Verumtamen
2535 3844 2697 3901 faeces
2725 3846 2847 3916 ejus
2880 3845 3147 3915 potabunt
3183 3843 3378 3898 biben-

1785 3950 1866 3997 tes
1890 3956 2083 3997 omnes
2120 3940 2271 4010 impii
2318 3948 2499 3995 terrae.
2558 3937 2672 4009 Ego
2715 3950 2896 3993 autem
2934 3935 3278 4013 annuntiabo
3322 3933 3379 3988 in

1783 4032 2177 4101 sempiternum
2199 4071 2215 4098 ,
2252 4028 2482 4101 psallam
2516 4028 2628 4084 Deo
2654 4027 2822 4083 Jacob
2850 4028 2916 4082 ⁸⁸.
2948 4046 2967 4078 ι
2990 4027 3056 4081 Ει
3077 4025 3206 4080 alibi
3235 4023 3378 4078 idem

1784 4126 1863 4181 ait
1890 4126 2155 4196 propheta
2186 4142 2200 4177 :
2250 4144 2270 4178 ι
2325 4126 2409 4182 Ab
2458 4124 2832 4195 increpatione
2863 4131 2974 4187 tua,
3003 4120 3148 4176 Deus
3183 4118 3373 4181 Jacob,

1784 4220 2110 4289 consopitus
2141 4227 2227 4275 est
2248 4228 2302 4274 et
2323 4234 2520 4274 currus
2544 4226 2600 4273 et
2637 4232 2832 4287 equus.
2861 4214 2940 4269 Tu
2988 4213 3249 4269 terribilis
3289 4228 3374 4275 es,

1781 4312 1973 4382 etquis
1992 4313 2158 4367 stabit
2194 4312 2483 4367 adversum
2506 4311 2604 4366 te?
2634 4309 2713 4363 Ex
2736 4316 2867 4364 tunc
2908 4307 2992 4361 ira
3018 4316 3132 4361 tua.
3165 4305 3242 4360 De
3262 4321 3380 4360 cae-

1784 4403 1838 4459 lo
1875 4403 2228 4458 annuntiabis
2249 4403 2541 4473 judicium,
2570 4410 2719 4456 terra
2753 4401 2955 4455 timens
2995 4397 3219 4463 tacebit,
3250 4411 3380 4450 cum

84 4515 290 4557 eorum
339 4499 603 4555 innocens
629 4509 854 4555 vexetur
899 4509 995 4555 aut
1043 4499 1466 4564 scandalizetur,
1501 4500 1679 4555 inten-
1710 4518 1756 4573 ι)
1786 4495 2088 4550 surrexerit
2106 4495 2173 4550 ad
2185 4493 2546 4564 iudicandum
2562 4490 2705 4546 Deus
2723 4501 2781 4544 ut
2805 4487 3161 4544 salvosl‘aciat
3185 4502 3379 4542 omnes

85 4594 286 4649 dentes
316 4593 603 4648 sententiae
631 4590 870 4658 Domini,
925 4607 1034 4662 qua
1062 4591 1174 4645 ait:
1214 4610 1231 4643 ι
1264 4592 1322 4647 Si
1370 4593 1496 4663 quis
1526 4608 1688 4648 scan-

86 4684 413 4743 dalizaverit
448 4699 616 4738 unum
639 4683 707 4739 de
737 4683 950 4753 pusillis
974 4684 1094 4739 istis
1124 4724 1138 4749 ,
1176 4684 1372 4739 melius
1401 4694 1486 4740 est
1521 4684 1598 4739 illi
1631 4696 1689 4740 ut

87 4777 466 4848 suspendatur
494 4777 639 4832 mola
670 4776 908 4831 asinaria
947 4776 1001 4829 in
1041 4777 1180 4832 collo
1210 4776 1351 4845 ejus,
1371 4786 1427 4831 et
1471 4777 1687 4832 demer~

88 4881 255 4944 gatur
278 4872 331 4926 in
383 4870 716 4941 profundum
764 4870 1003 4935 maris",
1038 4889 1057 4921 ›
1092 4877 1198 4924 etc.
1229 4870 1274 4901 ⁸⁷
1315 4869 1461 4925 Deus
1506 4880 1689 4925 autem

88 4964 474 5033 omnipotens,
523 4972 584 5017 ut
606 4978 705 5018 nos
733 4978 763 5016 a
794 4962 1144 5031 przecipitata:
1187 4962 1468 5017 sententiae
1507 4963 1686 5032 prola-

90 5059 246 5113 tione
287 5064 655 5126 compesceret
692 5056 838 5125 (cum
872 5055 1058 5110 omnia
1097 5055 1241 5108 nuda
1283 5064 1337 5109 et
1362 5064 1546 5124 aperta
1577 5056 1688 5111 sint

88 5148 275 5205 oculis
308 5147 491 5219 ejus),
551 5148 691 5202 mala
739 5156 922 5203 tamen
950 5144 1203 5201 Sodoma:
1234 5146 1407 5199 noluit
1433 5146 1618 5201 audita
1641 5147 1685 5178 ³³

87 5242 368 5313 judicare,
420 5241 743 5311 priusquam
767 5239 1057 5294 manifeste
1085 5245 1406 5308 agnosceret
1452 5254 1574 5308 quae
1599 5239 1687 5294 di-

228 5350 276 5382 δθ
303 5349 471 5404 Idem.
503 5348 639 5405 Vide
670 5350 802 5405 ibid.
893 5351 937 5382 ⁸³
963 5348 1122 5405 Joan.
1167 5365 1235 5414 x,
1284 5352 1371 5405 ll.

1791 4586 1951 4640 mites
1983 4592 2142 4640 terrae
2167 4585 2234 4638 ‘9.
2270 4603 2289 4635 ι
2327 4581 2391 4637 Ει
2412 4580 2709 4652 Apostolus
2748 4579 2861 4633 ait:
2893 4595 2911 4629 ι
2934 4575 3065 4630 Mihi
3118 4576 3378 4641 vindicta,

1792 4694 1893 4749 ego
1923 4677 2222 4732 retribuam
2254 4676 2320 4729 7°.
2362 4694 2381 4727 ι
2414 4672 2483 4727 Et
2513 4672 2642 4727 alibi
2667 4672 2855 4741 inquit
2884 4668 3024 4724 idem
3055 4668 3333 4738 apostolus
3359 4682 3374 4717 :

1801 4792 1818 4823 ι
1857 4771 2066 4827 Sufﬁcit
2104 4769 2404 4839 unicuique
2446 4764 2777 4836 obiurgatio,
2807 4778 2930 4833 quae
2964 4761 3078 4815 ﬁta
3107 4759 3376 4829 pluribus,

1752 4926 1765 4931 ,
1794 4866 1871 4920 ita
1902 4874 1964 4918 ut
1990 4861 2165 4932 magis
2196 4861 2429 4924 donetis,
2455 4866 2511 4913 et
2558 4854 2939 4921 consolemini,
2974 4870 3042 4908 ne
3090 4850 3228 4906 forte
3278 4850 3378 4903 ab-

1796 4957 2115 5014 undantiori
2145 4955 2365 5011 tristitia
2407 4953 2765 5008 absorbeatur
2802 4950 2849 5005 is
2879 4949 2973 5019 qui
3017 4947 3072 5001 in
3126 4942 3379 5013 angustia

1790 5060 1896 5108 est.
1922 5050 2149 5120 Propter
2180 5048 2327 5119 quod
2361 5047 2591 5102 obsecro
2611 5059 2732 5112 vos,
2759 5051 2818 5097 ut
2846 5038 3180 5109 confirmetis
3210 5038 3265 5091 in
3284 5036 3381 5090 illo

1793 5147 2115 5202 charitatem
2151 5146 2218 5198 τί.
2252 5164 2271 5196 ι
2307 5143 2374 5198 Ει
2396 5143 2663 5198 Dominus
2688 5141 2742 5196 in
2766 5138 3059 5209 Evangelio
3091 5136 3166 5190 ait
3196 5154 3210 5189 :
3241 5151 3260 5185 ι
3288 5130 3380 5185 Di-

1792 5240 1928 5311 liges
1956 5238 2246 5294 Dominum
2279 5235 2450 5291 Deum
2479 5246 2635 5291 tuum
2664 5250 2730 5288 ex
2757 5242 2872 5288 toto
2903 5230 3067 5287 corde
3095 5237 3209 5299 tuo,
3232 5236 3283 5280 et
3306 5240 3375 5281 ex

1473 5351 1521 5382 ⁸ο
1551 5349 1687 5407 Heb.
1738 5370 1862 5419 xm,
1910 5354 1996 5410 l7.
2072 5353 2196 5417 ΜΞ,
2224 5368 2279 5419 q.
2309 5353 2372 5406 7:
2410 5350 2532 5406 Non
2577 5360 2656 5406 est
2679 5368 2733 5405 a.
2788 5348 2852 5403 Et
2893 5349 2945 5402 in
2998 5347 3167 5419 Decr.
3204 5346 3359 5405 Ivou.

92 5422 190 5493 lib.
224 5437 298 5474 tv.
378 5420 424 5451 ⁵¹
456 5419 584 5493 Isid.
607 5431 878 5493 _sentent.
908 5421 1179 5493 59pet116.
1258 5422 1305 5453 ⁸³
1327 5421 1438 5493 Jer.
1476 5437 1550 5487 v1,
1575 5421 1667 5477 ‘27.
1746 5424 1790 5455 “
1825 5417 1880 5488 2,
1915 5432 2109 5493 quaest.
2146 5423 2210 5475 7:
2242 5417 2303 5476 Si
2335 5424 2425 5493 qui
2453 5432 2598 5477 sunt.
2652 5420 2717 5474 Et
2748 5421 2800 5474 in
2837 5419 2990 5473 Derr.
3032 5417 3258 5493 Ινο-ΙῘΙ)ἐ
3301 5435 3372 5474 tv.

91 5492 138 5524 ⁸⁸
168 5492 225 5557 2,
258 5498 454 5560 quaest.
483 5489 544 5544 7:
596 5490 729 5561 Sunt
779 5491 1022 5546 nonnulli
1057 5493 1168 5561 qui.

96 5634 139 5663 ⁸⁸
177 5631 369 5686 Matth.
399 5647 499 5690 vn.
534 5632 586 5694 1,
633 5632 692 5688 ‘2.

93 5712 292 5770 quasst.
345 5702 409 5756 5:
469 5700 694 5755 Nullum
734 5712 875 5757 ante.
972 5703 1015 5734 “7
1054 5701 1213 5757 Rom.
1258 5720 1367 5769 xw,
1403 5704 1457 5757 4.

97 5773 356 5826 trecentis
402 5781 526 5840 post
558 5772 866 5832 Evaristutu
904 5774 1062 5830 anuis
1094 5773 1248 5829 vixit.

98 5842 139 5873 "
171 5842 212 5894 ll
246 5843 373 5897 Cor.
401 5856 463 5909 tl,
493 5843 524 5897 6
554 5843 607 5897 8.

1281 5492 1734 5564 “illlatth.xvut,
1765 5495 1817 5549 6.
1894 5488 1999 5549 “"2

1805 5537 1817 5548 .
1894 5488 2020 5559 ΗΞ,
2047 5501 2243 5564 (μιειξειΣ
2282 5497 2305 5546 1
2330 5488 2357 5546 ε’
2388 5493 2526 5547 Deus
2555 5492 3021 5564 omn_ipoten§,_ut,
3048 5499 3102 5542 et
3134 5488 3196 5564 in
3220 5488 3373 5564 ραν.

93 5561 221 5633 lvo.
248 5562 344 5616 hb.
376 5575 452 5615 IV.
518 5561 566 5633 ’ἒ
600 5561 658 5633 S.
689 5560 853 5632 Greg.
894 5578 995 5633 xix
1034 5560 1232 5616 Horat.
1285 5563 1374 5633 l4,
1409 5562 1609 5633 conci].
1657 5564 1919 5633 Aquisgr.
1966 5560 2080 5618 57f
2133 5565 2178 5596 ⁵⁹
2206 5561 2404 5618 Geues.
2458 5579 2613 5627 xvm,
2660 5562 2752 5618 21.

772 5631 821 5665 οἱ
846 5632 935 5696 30,
972 5642 1166 5699 qumst.
1201 5634 1268 5688 5:
1314 5631 1541 5686 Nullum
1572 5645 1714 5689 ante.

2827 5560 2871 5592 ⁶⁰
2894 5558 3120 5627 Gregor.
3156 5557 3374 5613 ibidem.

1817 5629 1862 5667 ⁸⁵
1880 5636 2175 5690 hominum.
2270 5633 2315 5665 ⁵⁸
2350 5643 2547 5686 utrum.
2626 5633 2669 5663 ⁸³
2696 5629 3109 5699 complevissent.
3211 5629 3256 5660 “
3286 5629 3375 5691 50,

1539 5703 1583 5734 ⁸⁸
1620 5699 1765 5757 Psal.
1797 5722 1981 5769 Lxxw,
2051 5704 2207 5765 6-10,
2242 5720 2307 5759 ex
2338 5703 2786 5772 interpretatione
2813 5698 2886 5755 ’S.
2919 5698 3232 5772 Hieronymi
3281 5700 3378 5772 qui

1357 5775 1400 5807 ⁵³
1443 5772 1590 5829 Psal.
1639 5791 1799 5839 Lxxv,
1856 5778 2025 5843 7-10,
2083 5776 2273 5832 eodem
2324 5776 2618 5844 interprete
2654 5772 2801 5828 llier.

2881 5773 2926 5803 ⁷⁰
2958 5769 3116 5825 Rom.
3146 5785 3248 5838 xu,
3286 5770 3377 5824 ω.
