3806 6208
441 343 580 396 1035

1565 341 1892 396 EV'ARISTI
1926 341 2126 396 PAij
2167 339 2547 395 EPISTOLxE.

3579 344 3711 397 lOZAi

439 463 548 508 tota
579 454 761 508 anima
792 461 905 518 tua,
935 461 988 507 et
1011 468 1077 508 ex
1112 455 1366 509 omnibus
1396 456 1602 510 viribus
1645 459 1772 523 tuis,
1799 465 1852 511 et
1898 472 2021 526 pro-
2048 465 2092 519 Α
2123 469 2343 528 propter
2375 458 2751 513 remissionem
2799 458 3208 527 praecedentium
3259 458 3622 518 detictorum.
3661 463 3708 514 in

441 546 647 599 ximum
678 555 832 600 tuum
859 545 1001 600 sicut
1033 545 1265 614 teipsum
1318 548 1382 598 τ’.
1404 547 1670 602 ιῡίιεειίο
1703 552 1847 603 enim
1895 565 2023 619 pro-

440 635 572 687 ximi
603 635 805 688 malum
855 651 960 690 non
995 635 1336 704 operatur".
1359 651 1378 685 ι
1404 635 1628 707 Propter
1645 634 1814 707 quod,
1863 640 2018 708 juxta

435 723 779 792 Apostolum,
817 726 1207 782 inexcusabilis
1237 744 1317 795 es,
1341 743 1376 782 o
1405 729 1567 782 homo
1593 732 1795 796 omnis,
1817 731 1910 801 qui
1931 731 2020 800 ju-

434 815 604 869 dicas.
645 817 701 868 In
746 832 858 886 quo
904 819 1050 872 enim
1076 819 1291 889 judicas
1321 821 1574 887 alterum,
1626 824 1857 892 teipsum
1889 838 2020 877 con-

433 901 683 967 demnas,
713 905 902 958 eadem
936 922 1102 977 agens
1145 926 1268 980 quae
1309 913 1546 981 judicas.
1603 912 1820 968 Scimus
1871 913 2016 967 enim

432 994 988 1064 quoniamjudicium
1045 999 1135 1056 Dei
1187 1012 1270 1058 est
1298 1007 1596 1062 secundum
1632 1011 1912 1067 veritatem
1962 1013 2017 1068 in

430 1099 527 1140 eos
559 1087 650 1156 qui
681 1089 807 1143 talia
841 1099 1026 1160 agunt.
1063 1092 1362 1152 Existimas
1413 1108 1596 1155 autem
1638 1103 1759 1168 hoc,
1792 1120 1825 1156 ο
1855 1106 2018 1162 Ιιοπιο

430 1179 632 1243 omnis,
659 1182 750 1248 qui
775 1181 990 1249 judicas
1015 1200 1110 1239 eos
1143 1187 1236 1256 qui
1284 1189 1409 1242 talia
1448 1202 1636 1261 agunt,
1663 1205 1717 1248 et
1743 1193 1878 1252 facis
1930 1215 2017 1263 ea,

427 1269 558 1338 quia
588 1278 645 1324 tu
678 1272 902 1342 effugies
927 1274 1193 1344 judiciqu
1227 1280 1356 1334 Dei?
1381 1283 1463 1336 An
1507 1284 1728 1341 divitias
1754 1287 2018 1346 bonitatis
2083 1276 2086 1278 Ὺ

425 1364 546 1431 ejus
569 1375 620 1418 et
649 1367 944 1434 patientiaa,
970 1381 1022 1424 et
1047 1371 1474 1441 longanimitatis
1498 1381 1840 1436 contemnis?
1859 1384 2016 1452 igno-

427 1471 539 1519 ras,
567 1459 825 1524 quoniam
857 1462 1162 1532 benignitas
1211 1464 1303 1519 Dei
1332 1468 1398 1521 ad
1433 1471 1803 1538 pcenitentiam
1836 1482 1886 1527 te
1916 1476 2014 1528 ad-

424 1549 608 1602 ducit?
641 1549 950 1606 Secundum
977 1566 1154 1610 autem
1180 1557 1436 1614 duritiam
1486 1571 1632 1616 tuam
1677 1573 1729 1618 et
1761 1565 2014 1636 impaeni-

425 1649 545 1694 tens
579 1658 692 1707 cor,
728 1644 1181 1703 thesaurizastibi
1215 1650 1350 1704 iram
1380 1652 1432 1705 in
1465 1653 1554 1707 die
1593 1655 1686 1708 ira:
1715 1664 1770 1710 et
1807 1659 2014 1712 revela-

424 1734 590 1788 tionis
609 1736 740 1803 justi
767 1737 959 1806 judicii
995 1740 1107 1807 Dei,
1135 1742 1227 1811 qui
1268 1744 1454 1798 reddet
1482 1746 1779 1817 unicuique
1810 1765 2010 1804 secun-

423 1825 553 1879 dum
588 1842 753 1896 opera
785 1830 933 1899 ejus;
966 1831 1052 1886 his
1075 1834 1316 1901 quidem,
1345 1837 1435 1905 qui
1470 1840 1766 1893 secundum
1798 1842 2010 1910 patien-
2043 1817 2084 1871 Β

422 1919 554 1972 tiam
584 1920 709 1975 boni
746 1925 949 1991 operis,
979 1926 1206 1995 gloriam
1238 1938 1292 1983 et
1327 1929 1584 1985 honorem
1639 1941 1693 1986 et
1722 1933 2009 2004 incorrup-

421 2008 648 2074 tionem,
677 2015 1047 2079 quzerentibus
1079 2018 1244 2072 vitam
1272 2029 1562 2088 aeternam;
1598 2022 1683 2077 his
1705 2034 1885 2078 autem
1916 2025 2010 2094 qui

421 2114 486 2150 ex
519 2102 889 2169 contentione,
909 2115 962 2158 et
996 2108 1089 2176 qui
1121 2125 1228 2163 non
1264 2112 1622 2180 acquiescunt
1643 2115 1876 2178 veritati,
1900 2132 2012 2172 cre-

420 2189 554 2242 dunt
586 2201 763 2246 autem
817 2196 1114 2266 iniquitati,
1149 2201 1228 2255 ira
1257 2211 1311 2256 et
1348 2203 1686 2274 indignatio;
1735 2206 2012 2261 tribulatio

417 2292 474 2337 et
509 2287 760 2355 angustia
813 2289 865 2342 in
920 2306 1137 2347 omnem
1193 2296 1430 2350 animam
1468 2297 1706 2356 hominis
1736 2301 2013 2369 operantis

423 2377 652 2443 malum,
685 2377 860 2434 Judzei
909 2384 1145 2452 primum
1178 2396 1232 2440 et
1265 2387 1472 2456 Graeci;
1503 2391 1674 2460 gloria
1730 2402 1911 2446 autem
1960 2403 2014 2447 et

422 2469 600 2523 honor
652 2479 704 2525 et
758 2488 862 2541 pax
917 2477 1063 2530 omni
1090 2481 1337 2547 operanti
1392 2481 1595 2536 bonum
1620 2485 1684 2537 ⁷⁸.
1720 2504 1738 2536 ι
1774 2484 1836 2538 Et
1883 2486 2012 2540 alibi

421 2563 560 2615 idem
581 2564 652 2617 ait
678 2565 1004 2634 Apostolus:
1035 2571 1284 2626 «Causati
1306 2574 1449 2629 enim
1469 2591 1682 2642 sumus,
1703 2592 1892 2633 omnes
1910 2579 2012 2633 sub

419 2666 643 2724 peccato
666 2674 806 2726 esse,
831 2662 971 2716 sicut
994 2665 1256 2735 scriptum
1278 2676 1394 2724 est:
1418 2667 1555 2734 Quia
1583 2685 1692 2723 non
1715 2678 1798 2724 est
1826 2672 2011 2738 justus

419 2747 846 2818 quisquam,uon
865 2765 947 2808 est
964 2755 1407 2827 intelligens,non
1423 2768 1507 2814 est
1522 2761 1804 2830 requirens
1818 2761 2008 2816 Deum.

419 2839 624 2896 Omnes
643 2843 1242 2916 declinaverunt,simul
1262 2852 1478 2907 inutiles
1497 2851 1623 2907 facti
1643 2863 1791 2920 sunt,
1808 2871 1912 2909 non
1929 2865 2013 2910 est

418 2933 513 3000 qui
539 2931 697 2990 faciat
723 2935 946 3003 bonum,
989 2956 1096 2994 non
1143 2953 1226 2998 est
1269 2959 1445 3014 usque
1494 2945 1560 2999 ad
1600 2961 1790 3000 unum.
1828 2944 2014 3016 Sepul-

419 3040 576 3081 crum
646 3037 837 3096 patens
863 3041 947 3086 est
985 3042 1170 3103 guttur
1207 3051 1422 3102 eorum,
1452 3036 1654 3108 linguis
1683 3038 1800 3093 suis
1822 3039 2011 3095 dolose

423 3119 948 3186 agebant,vcnenum
978 3127 1226 3195 aspidum
1246 3129 1524 3185 sublabiis
1539 3130 2007 3198 eorum.Quorum
2038 3164 2080 3220 ϐ

421 3224 484 3263 os
517 3213 896 3268 maledictione
929 3223 982 3271 et
1013 3219 1379 3275 amaritudine
1408 3221 1627 3290 plenum
1651 3231 1733 3277 est
1752 3263 1768 3288 ,
1795 3224 2006 3279 veloces

418 3302 580 3369 pedes
610 3319 799 3358 eorum
833 3307 900 3360 ad
924 3307 1308 3364 effundendum
1359 3314 1702 3382 sanguinem.
1738 3313 2006 3369 Contritio

419 3402 472 3446 et
494 3393 783 3453 infelicitas
830 3399 886 3453 in
914 3400 1015 3456 viis
1053 3416 1266 3468 eorum,
1295 3411 1349 3456 et
1377 3403 1520 3457 viam
1568 3405 1719 3474 pacis
1751 3421 1860 3460 non
1909 3422 2006 3460 eo-

420 3497 743 3553 gnoverunt,
785 3500 838 3546 et
863 3507 969 3546 non
1003 3503 1084 3547 est
1111 3495 1274 3548 timor
1309 3493 1397 3549 Dei
1423 3505 1548 3549 ante
1576 3499 1766 3552 oculos
1790 3513 2002 3552 eorum.

422 3577 642 3635 Scimus
672 3590 853 3636 autem
911 3586 1171 3654 quoniam
1230 3602 1568 3657 quaecunque
1603 3589 1686 3642 lex
1743 3590 2003 3659 loquitur,

421 3669 505 3725 his
534 3672 626 3740 qui
653 3673 707 3726 in
740 3674 854 3743 lege
889 3685 1016 3728 sunt
1047 3677 1308 3746 loquitur,
1338 3687 1398 3732 ut
1419 3693 1580 3733 omne
1621 3695 1683 3735 os
1748 3681 2003 3736 obstrua-

420 3770 531 3824 tur,
558 3774 610 3816 et
641 3765 891 3820 subditus
918 3769 1009 3820 fiat
1037 3769 1216 3823 omnis
1262 3771 1501 3826 mundus
1536 3771 1686 3839 Deo;
1741 3774 2002 3842 quoniam

419 3868 485 3908 ex
518 3855 773 3923 operibus
805 3857 936 3927 legis
963 3873 1067 3913 non
1095 3861 1489 3928 justilicabitur
1549 3864 1730 3919 omnis
1754 3880 1882 3918 caro
1915 3880 2006 3920 co-

421 3961 538 3998 ram
572 3945 683 3999 illo.
718 3945 820 4001 Per
869 3950 1039 4019 legem
1088 3953 1232 4006 enim
1281 3955 1519 4025 cognitio
1570 3956 1798 4024 peccati.
1849 3954 2006 4011 Nunc

419 4044 599 4088 autem
631 4037 747 4092 sine
778 4038 892 4110 lege
913 4041 1122 4110 justitia
1153 4043 1244 4098 Dei
1297 4044 1643 4100 manifestata
1675 4055 1779 4114 est,
1808 4048 2004 4101 testifi-

421 4137 542 4181 cata
603 4145 632 4182 a
691 4130 807 4200 lege
852 4142 906 4187 et
963 4137 1259 4204 prophetis.
1290 4136 1510 4193 Justitia
1553 4146 1732 4193 autem
1786 4138 1879 4195 Dei
1910 4155 2008 4209 per

421 4216 580 4271 fidem
603 4217 728 4274 Jesu
753 4222 954 4278 Christi
985 4224 1036 4276 in
1061 4241 1254 4282 omnes
1284 4237 1338 4282 et
1363 4245 1526 4298 super
1551 4245 1742 4284 omnes
1769 4230 1861 4299 qui
1889 4247 2007 4286 ere—

420 4310 574 4363 dunt.
606 4307 723 4364 Non
768 4313 912 4366 enim
941 4325 1022 4369 est
1050 4317 1348 4372 distinctio.
1393 4319 1596 4375 Omnes
1632 4321 1777 4375 eiiim
1808 4337 2002 4390 pecca-

420 4409 634 4465 verunt,
671 4408 723 4455 et
753 4413 910 4472 egent
956 4407 1127 4475 gloria
1188 4408 1605 4478 Dei,justificati
1681 4413 1850 4481 gratis
1909 4428 2006 4482 per

2121 554 2569 608 sustentationem
2600 551 2712 619 Dei,
2747 554 2811 607 ad
2837 553 3202 618 ostensionem
3233 553 3462 622 justitia:
3495 553 3622 622 ejus
3661 556 3708 607 in

2121 645 2227 699 hoc
2251 654 2514 715 tempore,
2547 654 2606 699 ut
2633 644 2703 700 sit
2734 645 3070 714 ipsejustus,
3103 653 3156 698 et
3199 645 3523 714 justifieans
3555 662 3708 715 eum,

2121 737 2212 806 qui
2235 752 2301 792 ex
2330 737 2433 790 fide
2465 746 2548 791 est
2572 735 2698 791 Jesu
2723 737 2927 790 Christi
2955 738 3021 790 ".
3059 755 3077 787 ι
3109 737 3243 790 item
3274 737 3416 791 idem
3449 754 3464 787 :
3507 757 3527 787 ι
3569 737 3710 803 Quis

2121 830 2397 884 accusabit
2425 830 2686 884 adversus
2721 829 2922 884 electos
2959 829 3096 884 Dei?
3125 828 3267 884 Deus
3289 830 3382 899 qui
3407 830 3712 899 iustificati

2121 922 2256 989 Quis
2286 931 2370 979 est
2412 923 2505 993 qui
2543 923 2913 977 condemnet?
2943 921 3193 976 Christus
3240 921 3402 977 Jesus
3432 925 3537 992 qui
3567 937 3712 976 mor-

2123 1026 2249 1070 tuus
2277 1026 2379 1081 est,
2410 1017 2521 1069 imo
2546 1017 2640 1085 qui
2668 1024 2721 1070 et
2751 1015 3067 1080 resurrexit,
3092 1015 3182 1084 qui
3212 1028 3295 1069 est
3319 1015 3386 1069 ad
3417 1016 3710 1069 dexteram

2124 1105 2238 1169 Dei,
2269 1107 2360 1177 qui
2389 1107 2554 1161 etiam
2593 1107 2901 1176 interpellat
2942 1121 3042 1175 pro
3083 1105 3416 1172 nobis.Quis
3439 1122 3581 1176 ergo
3613 1123 3714 1162 nos

2120 1197 2396 1265 separabit
2450 1213 2479 1251 a
2527 1197 2792 1252 charitate
2832 1195 3091 1250 Christi?
3128 1195 3473 1251 Tribulatio?
3533 1214 3712 1266 angu-

2119 1289 2266 1343 stia?
2297 1305 2365 1343 an
2398 1289 2747 1358 persecutio?
2772 1303 2842 1341 an
2878 1287 3086 1343 fames?
3114 1305 3180 1343 an
3214 1291 3474 1344 nuditas?
3506 1308 3580 1343 an
3615 1309 3709 1357 pe-

2119 1383 2394 1438 riculum?
2422 1400 2489 1438 an
2515 1385 2724 1454 gladius
2747 1386 2769 1438 ?
2794 1385 2936 1440 sicut
2965 1386 3226 1454 scriptum
3252 1393 3334 1438 est
3367 1401 3380 1434 :
3407 1384 3558 1449 Quia
3585 1400 3716 1452 pro—

2118 1485 2235 1545 pter
2267 1485 2318 1529 te
2346 1477 2740 1531 mortificamur
2769 1486 2876 1530 tota
2904 1477 3022 1540 die,
3047 1476 3296 1530 :cstimati
3324 1491 3530 1530 sumus
3571 1477 3714 1529 sicut

2117 1580 2247 1620 oves
2301 1567 2614 1622 occisionis.
2675 1566 2780 1622 Sed
2831 1568 2884 1621 in
2941 1567 3024 1621 his
3072 1566 3324 1620 omnibus
3374 1581 3714 1636 superamus

2116 1667 2336 1726 propter
2386 1673 2510 1712 eum
2562 1657 2654 1727 qui
2688 1657 2878 1711 dilexit
2933 1671 3053 1711 nos.
3111 1655 3303 1709 Certus
3346 1671 3473 1710 sum
3537 1656 3711 1717 enim,

2115 1750 2244 1819 quia
2279 1765 2454 1818 neque
2487 1764 2654 1815 mors,
2712 1764 2888 1817 neque
2918 1748 3050 1810 vita,
3085 1763 3258 1816 neque
3303 1748 3713 1816 angeli,neque

2114 1843 2469 1912 principatus,
2502 1857 2679 1910 neque
2704 1841 2954 1905 virtutes,
2997 1856 3174 1910 neque
3201 1841 3492 1901 instantia,
3531 1858 3712 1910 neque

2114 1933 2322 1997 futura,
2354 1948 2533 2004 neque
2556 1932 2840 1999 fortitudo,
2875 1948 3051 2002 neque
3077 1931 3324 1997 altitudo,
3363 1948 3551 2001 neque
3575 1950 3704 2001 pro-

2114 2024 2366 2089 fundum,
2399 2041 2576 2096 neque
2621 2034 2869 2080 creatura
2911 2025 3015 2078 alia
3060 2029 3256 2094 poterit
3301 2040 3404 2079 nos
3444 2041 3708 2094 separare

2113 2133 2143 2171 a
2188 2118 2455 2172 charitate
2495 2117 2611 2183 Dei,
2637 2134 2759 2188 qua:
2800 2130 2884 2172 est
2927 2118 2982 2171 in
3037 2117 3254 2175 Christo
3279 2117 3408 2172 Jesu
3465 2118 3707 2172 Domino

2114 2207 2699 2263 nostro'°.chbemus
2721 2219 2902 2262 autem
2939 2223 3060 2272 nos,
3095 2217 3154 2260 ut
3181 2209 3255 2260 ait
3285 2207 3427 2260 idem
3479 2220 3706 2277 aposto-

2114 2299 2231 2363 lus,
2273 2299 2538 2353 firmiores
2571 2298 2973 2354 imbecillitates
3007 2299 3345 2353 infirmorum
3403 2302 3704 2363 sustinere,

2113 2397 2167 2442 et
2194 2389 2236 2418 ⁷⁷
2270 2388 2428 2443 nobis
2473 2389 2706 2458 placere.
2759 2387 3150 2458 Unusquisque
3169 2399 3411 2443 vestrum
3443 2391 3490 2418 ⁷⁸
3523 2394 3708 2459 proxi—

2115 2497 2204 2536 mo
2227 2496 2328 2536 suo
2359 2476 2568 2550 placeat
2600 2482 2653 2535 in
2679 2481 2880 2536 bonum
2908 2482 2976 2536 ad
3016 2481 3451 2536 mdilicationem.
3484 2483 3705 2538 Etenim

2113 2572 2366 2628 Christus
2414 2588 2522 2628 non
2547 2573 2648 2628 sibi
2679 2573 2902 2642 placuit,
2937 2574 3052 2637 sed,
3093 2575 3236 2628 sicut
3281 2575 3555 2643 scriptum
3602 2589 3702 2634 cst.

2115 2667 2442 2736 improperia
2482 2666 2964 2736 improperantium
3015 2667 3144 2730 tibi,
3169 2667 3490 2721 ceciderunt
3541 2686 3708 2738 διημι-

2115 2773 2202 2811 me
2233 2759 2298 2811 ⁷³.
2327 2756 2650 2812 Benedictus
2679 2756 2821 2811 Deus
2846 2765 2899 2811 et
2920 2755 3079 2811 Pater
3108 2757 3323 2811 Domini
3359 2760 3542 2812 nostri
3578 2759 3709 2814 Jcsn

2113 2847 2338 2911 Christi,
2369 2846 2530 2901 Pater
2558 2847 3080 2909 misericordiarum,
3112 2857 3167 2901 et
3197 2847 3340 2902 Deus
3365 2851 3545 2905 totius
3574 2867 3706 2906 con-

2115 2939 2422 3005 solationis,
2453 2939 2546 3010 qui
2579 2940 2895 2994 consolatur
2928 2953 3029 2994 nos
3078 2939 3130 2992 in
3161 2942 3306 2994 omni
3344 2943 3708 2996 tribulatione

2113 3039 2320 3097 nostra,
2354 3040 2412 3085 ut
2471 3034 2747 3101 possimus
2800 3040 2852 3084 et
2882 3031 2983 3100 ipsi
3049 3032 3319 3087 consolari
3369 3048 3467 3087 eos
3500 3037 3602 3103 qui
3654 3037 3704 3087 in

2115 3124 2264 3177 omni
2288 3139 2545 3193 pressura
2574 3132 2722 3189 sunt,
2752 3137 2849 3192 per
2896 3124 3327 3179 exhortationem
3352 3139 3464 3193 qua
3500 3127 3708 3180 exhor-

2113 3226 2296 3270 tamur
2322 3216 2493 3285 ctipsi
2523 3231 2553 3269 a
2575 3214 2991 3284 Deo;quoniam
3011 3217 3157 3270 sicut
3186 3217 3468 3271 abundant
3499 3221 3708 3286 passio-

2111 3322 2210 3362 nes
2237 3305 2440 3361 Christi
2496 3307 2550 3360 in
2588 3307 2862 3372 nobis,ita
2901 3318 2955 3361 et
2979 3323 3073 3376 per
3124 3307 3406 3362 Christum
3454 3310 3707 3364 abundat

2109 3400 2411 3454 consolatio
2439 3409 2648 3455 nostra.
2683 3397 2808 3455 Sive
2833 3407 3014 3454 autem
3039 3399 3368 3455 tribulamur
3389 3416 3492 3470 pro
3518 3413 3703 3457 vestra

2107 3492 2490 3546 exhortatione
2526 3501 2578 3546 et
2611 3492 2808 3557 salute,
2841 3493 2955 3546 sive
2984 3492 3338 3546 exhortamur
3367 3508 3469 3562 pro
3522 3504 3702 3549 vestra

2107 3583 2508 3649 exhortatione,
2533 3599 2656 3653 quae
2687 3593 2946 3653 operatur
2993 3583 3332 3637 tolerantiam
3372 3586 3701 3640 earumdem

2107 3675 2446 3743 passionum,
2485 3690 2624 3744 quas
2646 3684 2700 3729 et
2722 3690 2823 3730 nos
2856 3675 3115 3744 patimur,
3139 3681 3194 3728 et
3225 3690 3351 3743 spes
3393 3686 3597 3730 nostra
3618 3678 3704 3730 lir-

2109 3783 2196 3820 ma
2227 3777 2310 3821 est
2338 3782 2434 3836 pro
2467 3767 2641 3832 vobis,
2668 3768 2902 3821 scientes
2929 3767 3188 3834 quoniam
3227 3767 3368 3820 sicut
3396 3769 3538 3821 socii
3587 3784 3706 3837 pas-

2108 3859 2322 3912 sionum
2355 3858 2509 3922 estis,
2566 3858 2646 3912 sic
2671 3857 2844 3922 eritis,
2882 3865 2935 3910 et
2969 3855 3358 3911 consolationis
3398 3858 3464 3912 ³⁸.
3493 3857 3704 3912 Fidelis

2106 3958 2284 4003 autem
2318 3947 2482 4013 Deus,
2521 3949 2614 4019 qui
2653 3964 2761 4002 non
2821 3947 3054 4017 patietur
3091 3963 3186 4002 vos
3212 3951 3407 4004 tentari
3440 3967 3618 4021 super
3651 3955 3698 4005 id

2107 4039 2250 4108 quod
2278 4039 2521 4108 potestis,
2555 4039 2648 4093 sed
2672 4038 2830 4094 faciet
2865 4054 2991 4094 cum
3030 4041 3326 4096 tentatione
3364 4045 3541 4096 etiam
3577 4061 3699 4114 pro-

2106 4139 2350 4193 ventum,
2375 4139 2434 4183 ut
2467 4131 2689 4199 possitis
2732 4136 3004 4191 sustinere
3034 4137 3101 4189 ⁸¹.
3129 4154 3147 4186 ι
3192 4135 3237 4165 ⁸³
3268 4132 3502 4202 Propter
3526 4138 3692 4206 quod,

2105 4220 2416 4276 charissiini
2444 4261 2459 4286 ,
2501 4223 2786 4277 sectamini
2836 4226 3156 4280 charitatem
3187 4268 3202 4292 ,
3253 4235 3309 4279 et
3356 4227 3694 4281 annulamini

2107 4319 2332 4374 meliora
2365 4330 2420 4375 et
2445 4322 2748 4390 spiritualia
2782 4324 2847 4388 ³³,
2891 4332 2944 4379 et
2975 4324 3230 4393 adjuvate
3293 4339 3396 4378 vos
3434 4324 3689 4388 invicem.

2105 4420 2165 4464 ut
2198 4409 2309 4465 Deo
2340 4427 2552 4481 semper
2595 4413 2648 4466 in
2697 4415 2954 4469 omnibus
2987 4416 3199 4485 placere
3246 4415 3500 4471 valeatis.
3555 4416 3691 4469 Deus

420 4492 648 4558 gratiam
670 4493 858 4562 ipsius,
881 4511 973 4564 per
997 4499 1425 4568 redemptionem
1448 4517 1569 4572 qua:
1587 4511 1671 4556 est
1703 4503 1757 4556 in
1777 4502 1997 4558 Christo
2031 4509 2076 4564 Ι)
2106 4514 2286 4558 autem
2319 4505 2470 4574 pacis
2490 4507 2561 4560 sit
2589 4521 2714 4560 cum
2761 4509 3015 4562 omnibus
3046 4509 3220 4562 vobis.
3254 4508 3454 4562 Amen.

419 4580 544 4637 Iesu
571 4601 731 4653 quem
763 4590 1048 4657 proposuit
1092 4589 1234 4645 Deus
1269 4594 1677 4663 propitiatorem
1717 4609 1812 4662 per
1841 4594 2000 4650 tidem

420 4676 474 4736 in
525 4679 790 4749 sanguine
847 4681 1052 4750 ipsius,
1092 4683 1158 4737 ad
1207 4686 1578 4740 ostensionem
1634 4685 1862 4754 justitiaz
1892 4701 2003 4742 suae

2181 4595 2315 4650 Data
2342 4595 2567 4651 Kalend.
2605 4597 2868 4655 Novemb.
2919 4602 2985 4668 ⁸⁵,
3016 4600 3172 4655 Callo
3197 4609 3250 4653 et
3296 4597 3520 4653 Bradua
3567 4598 3690 4650 viris

2110 4687 2433 4743 clarissimis
2463 4705 2610 4744 coss.

1373 4990 1486 5052 ΕΧ
1517 4990 1907 5054 DECRETIS
1941 4994 2319 5054 EVARISTI
2352 4993 2576 5052 ΡΑΡᾸΞ
2621 4991 2727 5072 (lt).

559 5151 870 5206 Secundum
904 5153 1148 5209 codicem
1169 5155 1432 5210 librorum
1467 5157 1711 5226 quinque
1741 5158 1818 5229 (5)
1849 5159 1962 5231 lib.
1996 5176 2128 5231 v,7c.
2156 5160 2208 5215 8.
2245 5160 2448 5216 Tamen
2479 5163 2777 5217 secundum
2823 5162 3107 5219 Decretum
3136 5164 3410 5231 Gratiani,
3460 5179 3541 5222 est

1683 5230 2002 5284 constitutio
2034 5230 2228 5302 Hygini
2262 5247 2429 5300 papae.

522 5383 568 5414 "’
597 5384 786 5440 Matth.
846 5404 980 5452 xx",
1038 5388 1128 5443 57.

418 5467 595 5520 usque
623 5457 686 5508 ad
717 5459 896 5512 tinem.

425 5524 578 5589 ep.4,
608 5524 760 5579 Patr.
799 5539 839 5580 t.
876 5527 915 5582 ι.
950 5527 1106 5582 Ευιτ.

977 5459 1020 5488 ⁷⁷
1067 5475 1189 5512 ηοη.
1265 5460 1310 5491 ⁷⁸
1352 5471 1608 5514 nostrum.

1185 5530 1231 5560 ⁸³
1261 5529 1427 5584 lCor.
1461 5547 1572 5596 xiv,
1601 5531 1651 5587 l.

493 5663 585 5742 ιιι).
613 5661 778 5719 Vetus
801 5668 1049 5742 collectio
1085 5685 1199 5742 nis.
1229 5669 1492 5742 librorum
1532 5672 1774 5740 quinque
1799 5689 1917 5742 cap.
1941 5674 1996 5739 8,

423 5733 615 5787 tribuit
648 5745 902 5802 praetcrea
940 5737 1186 5794 Evalisto
1218 5740 1495 5795 decretura
1539 5733 1702 5811 quod'
1722 5733 1999 5799 consarcil

1808 5824 1994 5868 uatum

1238 5390 1283 5420 ⁷³
1317 5389 1471 5443 Rom.
1505 5407 1621 5456 xm,
1660 5391 1744 5444 l0.
1820 5393 1864 5422 7"
1897 5392 2058 5448 Rom.
2116 5411 2175 5458 ιι,
2233 5394 2386 5449 1-10.

1265 5460 1310 5491 ⁷⁸
1352 5471 1608 5514 nostrum.
1687 5463 1730 5492 ⁷⁹
1756 5461 1916 5516 Rom.
1970 5481 2059 5517 xv.
2094 5466 2212 5517 1-5.
2311 5466 2386 5517 ⁸⁰Ϊ

1756 5477 1916 5516 nom.
1970 5481 2059 5526 xv,
2094 5477 2212 5518 1-5.
2311 5477 2357 5497 δν
2382 5477 2423 5519 ll
2447 5477 2574 5522 (λον,
2609 5485 2646 5533 ι,
2683 5477 2801 5524 ὄαἸ.
2905 5477 2948 5502 δι
2983 5477 3063 5525 lC

1730 5533 1776 5563 9"
1800 5549 1892 5586 an.
1925 5534 2127 5590 Christi
2164 5535 2285 5599 108,
2318 5535 2499 5592 adhuc
2532 5538 2745 5594 vivente
2777 5540 3063 5597 Anacleto.

2466 5399 2512 5430 ⁷⁸
2546 5397 2701 5452 Rom.
2744 5415 2827 5466 ιιι,
2877 5401 3031 5455 9-26.
3133 5403 3179 5431 ⁷⁸
3212 5399 3375 5454 Rom.
3419 5419 3548 5464 vni,
3593 5399 3672 5460 53,

2311 5466 2423 5538 “ll
2447 5468 2574 5522 Cor.
2609 5485 2646 5533 ι,
2683 5470 2801 5524 3α7.
2905 5471 2948 5502 ⁸¹
2983 5471 3156 5526 lCor.
3190 5488 3242 5538 ι,
3284 5474 3370 5526 15.
3450 5475 3495 5504 ⁸⁸
3518 5472 3672 5526 Clem.

2178 5675 2254 5743 (5)
2300 5674 2426 5728 Dine
2467 5689 2594 5731 sunt
2627 5681 2806 5734 adhuc
2857 5681 3078 5736 inedita:
3124 5683 3480 5737 collectiones
3531 5693 3673 5735 cano-

2107 5761 2258 5812 ῐὶυιῐιι
2284 5762 2516 5814 tutorum
2549 5751 2716 5805 altera
2747 5753 2801 5805 in
2833 5753 3077 5823 quinque
3111 5753 3298 5818 libros,
3334 5765 3387 5807 et
3429 5755 3588 5874 altelra
3609 5750 3670 5827 uin

3413 5840 3505 5874 se:
3547 5833 3670 5874 conn

3413 5833 3671 5877 SCXUCCHR
