  <div class='ocr_page' id='page_1' title='image "/cluster/home/n/w/nwhite01/storage/ocr_20150623/5/nnc1.0046978607/537.png"; bbox 0 0 3806 6208; ppageno 0'>
   <div class='ocr_carea' id='block_1_1' title="bbox 421 321 561 376">
    <p class='ocr_par' dir='ltr' id='par_1_1' title="bbox 421 321 561 376">
     <span class='ocr_line' id='line_1_1' title="bbox 421 321 561 376; baseline 0.007 -1"><span class='ocrx_word' id='word_1_1' title='bbox 421 321 561 376; x_wconf 75' lang='lat'><strong>1059</strong></span> 
     </span>
    </p>
   </div>
   <div class='ocr_carea' id='block_1_2' title="bbox 1737 305 2461 363">
    <p class='ocr_par' dir='ltr' id='par_1_2' title="bbox 1737 305 2461 363">
     <span class='ocr_line' id='line_1_2' title="bbox 1737 305 2461 363; baseline -0.001 -1"><span class='ocrx_word' id='word_1_2' title='bbox 1737 305 2131 363; x_wconf 72' lang='lat' dir='ltr'><strong>ALEXANDRI</strong></span> <span class='ocrx_word' id='word_1_3' title='bbox 2184 308 2203 362; x_wconf 88' lang='grc'><strong>1</strong></span> <span class='ocrx_word' id='word_1_4' title='bbox 2259 305 2461 361; x_wconf 69' lang='grc' dir='ltr'><strong>ΡΑΡᾸΞ</strong></span> 
     </span>
    </p>
   </div>
   <div class='ocr_carea' id='block_1_3' title="bbox 3519 267 3710 359">
    <p class='ocr_par' dir='ltr' id='par_1_3' title="bbox 3519 267 3710 359">
     <span class='ocr_line' id='line_1_3' title="bbox 3519 267 3710 359; baseline 0.01 -2"><span class='ocrx_word' id='word_1_5' title='bbox 3519 267 3710 359; x_wconf 64' lang='grc' dir='ltr'><strong>ἰθθο</strong></span> 
     </span>
    </p>
   </div>
   <div class='ocr_carea' id='block_1_4' title="bbox 420 406 3709 501">
    <p class='ocr_par' dir='ltr' id='par_1_4' title="bbox 420 406 3709 501">
     <span class='ocr_line' id='line_1_4' title="bbox 420 406 3709 501; baseline -0.005 -9"><span class='ocrx_word' id='word_1_6' title='bbox 420 445 506 492; x_wconf 91' lang='lat' dir='ltr'><strong>est</strong></span> <span class='ocrx_word' id='word_1_7' title='bbox 540 451 706 501; x_wconf 85' lang='lat' dir='ltr'><strong>cura,</strong></span> <span class='ocrx_word' id='word_1_8' title='bbox 738 435 783 490; x_wconf 89' lang='lat' dir='ltr'><strong>si</strong></span> <span class='ocrx_word' id='word_1_9' title='bbox 825 433 1192 496; x_wconf 89' lang='lat' dir='ltr'><strong>dissimulem,</strong></span> <span class='ocrx_word' id='word_1_10' title='bbox 1226 432 1446 486; x_wconf 82' lang='lat' dir='ltr'><strong>audiam</strong></span> <span class='ocrx_word' id='word_1_11' title='bbox 1487 429 1722 484; x_wconf 91' lang='lat' dir='ltr'><strong>Domino</strong></span> <span class='ocrx_word' id='word_1_12' title='bbox 1754 429 2006 483; x_wconf 87' lang='lat' dir='ltr'><strong>dicente:</strong></span> <span class='ocrx_word' id='word_1_13' title='bbox 2040 406 2525 491; x_wconf 41' lang='lat' dir='ltr'><strong>A-Vastahuntur,</strong></span> <span class='ocrx_word' id='word_1_14' title='bbox 2556 424 2684 495; x_wconf 82' lang='lat' dir='ltr'><strong>quia</strong></span> <span class='ocrx_word' id='word_1_15' title='bbox 2718 423 3058 495; x_wconf 76' lang='lat' dir='ltr'><strong>przevaricati</strong></span> <span class='ocrx_word' id='word_1_16' title='bbox 3109 433 3238 478; x_wconf 92' lang='lat' dir='ltr'><strong>sunt</strong></span> <span class='ocrx_word' id='word_1_17' title='bbox 3282 423 3335 477; x_wconf 91' lang='lat' dir='ltr'><strong>in</strong></span> <span class='ocrx_word' id='word_1_18' title='bbox 3371 437 3492 488; x_wconf 86' lang='lat' dir='ltr'><strong>me;</strong></span> <span class='ocrx_word' id='word_1_19' title='bbox 3524 431 3583 476; x_wconf 89' lang='lat' dir='ltr'><strong>et</strong></span> <span class='ocrx_word' id='word_1_20' title='bbox 3611 437 3709 492; x_wconf 83' lang='lat' dir='ltr'><strong>ego</strong></span> 
     </span>
    </p>
   </div>
   <div class='ocr_carea' id='block_1_5' title="bbox 429 522 2019 600">
    <p class='ocr_par' dir='ltr' id='par_1_5' title="bbox 429 522 2019 600">
     <span class='ocr_line' id='line_1_5' title="bbox 429 522 2019 600; baseline -0.005 -19"><span class='ocrx_word' id='word_1_21' title='bbox 429 547 449 581; x_wconf 75' lang='grc' dir='ltr'><strong>ι</strong></span> <span class='ocrx_word' id='word_1_22' title='bbox 483 529 773 600; x_wconf 81' lang='lat' dir='ltr'><strong>Rejecistis</strong></span> <span class='ocrx_word' id='word_1_23' title='bbox 799 529 1117 583; x_wconf 89' lang='lat' dir='ltr'><strong>mandatum</strong></span> <span class='ocrx_word' id='word_1_24' title='bbox 1163 526 1289 589; x_wconf 87' lang='lat' dir='ltr'><strong>Dei,</strong></span> <span class='ocrx_word' id='word_1_25' title='bbox 1323 535 1383 578; x_wconf 92' lang='lat' dir='ltr'><strong>ut</strong></span> <span class='ocrx_word' id='word_1_26' title='bbox 1412 524 1666 578; x_wconf 89' lang='lat' dir='ltr'><strong>statuatis</strong></span> <span class='ocrx_word' id='word_1_27' title='bbox 1697 522 2019 576; x_wconf 88' lang='lat' dir='ltr'><strong>traditiones</strong></span> 
     </span>
    </p>
   </div>
   <div class='ocr_carea' id='block_1_6' title="bbox 423 613 2016 684">
    <p class='ocr_par' dir='ltr' id='par_1_6' title="bbox 423 613 2016 684">
     <span class='ocr_line' id='line_1_6' title="bbox 423 613 2016 684; baseline -0.007 -9"><span class='ocrx_word' id='word_1_28' title='bbox 423 630 636 675; x_wconf 85' lang='lat' dir='ltr'><strong>vestras</strong></span> <span class='ocrx_word' id='word_1_29' title='bbox 657 621 731 672; x_wconf 81' lang='lat'><strong>’°.</strong></span> <span class='ocrx_word' id='word_1_30' title='bbox 768 638 784 668; x_wconf 79' lang='grc' dir='ltr'><strong>ι</strong></span> <span class='ocrx_word' id='word_1_31' title='bbox 815 619 955 684; x_wconf 86' lang='lat' dir='ltr'><strong>Quid</strong></span> <span class='ocrx_word' id='word_1_32' title='bbox 983 620 1128 672; x_wconf 90' lang='lat' dir='ltr'><strong>enim</strong></span> <span class='ocrx_word' id='word_1_33' title='bbox 1161 616 1308 670; x_wconf 89' lang='lat' dir='ltr'><strong>aliud</strong></span> <span class='ocrx_word' id='word_1_34' title='bbox 1340 625 1422 669; x_wconf 92' lang='lat' dir='ltr'><strong>est</strong></span> <span class='ocrx_word' id='word_1_35' title='bbox 1447 615 1674 684; x_wconf 87' lang='lat' dir='ltr'><strong>rejicere</strong></span> <span class='ocrx_word' id='word_1_36' title='bbox 1703 613 2016 666; x_wconf 89' lang='lat' dir='ltr'><strong>mandatum</strong></span> 
     </span>
    </p>
   </div>
   <div class='ocr_carea' id='block_1_7' title="bbox 425 706 2017 782">
    <p class='ocr_par' dir='ltr' id='par_1_7' title="bbox 425 706 2017 782">
     <span class='ocr_line' id='line_1_7' title="bbox 425 706 2017 782; baseline -0.005 -15"><span class='ocrx_word' id='word_1_37' title='bbox 425 713 546 777; x_wconf 90' lang='lat' dir='ltr'><strong>Dei,</strong></span> <span class='ocrx_word' id='word_1_38' title='bbox 574 728 738 782; x_wconf 92' lang='lat' dir='ltr'><strong>quam</strong></span> <span class='ocrx_word' id='word_1_39' title='bbox 782 713 992 780; x_wconf 89' lang='lat' dir='ltr'><strong>privato</strong></span> <span class='ocrx_word' id='word_1_40' title='bbox 1027 709 1261 765; x_wconf 76' lang='lat' dir='ltr'><strong>Consilio</strong></span> <span class='ocrx_word' id='word_1_41' title='bbox 1301 707 1512 779; x_wconf 89' lang='lat' dir='ltr'><strong>judicio</strong></span> <span class='ocrx_word' id='word_1_42' title='bbox 1547 708 1822 771; x_wconf 91' lang='lat' dir='ltr'><strong>humano,</strong></span> <span class='ocrx_word' id='word_1_43' title='bbox 1859 706 2017 759; x_wconf 91' lang='lat' dir='ltr'><strong>novis</strong></span> 
     </span>
    </p>
   </div>
   <div class='ocr_carea' id='block_1_8' title="bbox 424 799 2016 860">
    <p class='ocr_par' dir='ltr' id='par_1_8' title="bbox 424 799 2016 860">
     <span class='ocr_line' id='line_1_8' title="bbox 424 799 2016 860; baseline -0.004 0"><span class='ocrx_word' id='word_1_44' title='bbox 424 806 591 860; x_wconf 86' lang='lat' dir='ltr'><strong>rebus</strong></span> <span class='ocrx_word' id='word_1_45' title='bbox 615 804 1016 860; x_wconf 81' lang='lat' dir='ltr'><strong>constituendis</strong></span> <span class='ocrx_word' id='word_1_46' title='bbox 1046 803 1274 856; x_wconf 91' lang='lat' dir='ltr'><strong>liberius</strong></span> <span class='ocrx_word' id='word_1_47' title='bbox 1311 800 1607 854; x_wconf 88' lang='lat' dir='ltr'><strong>delectari?</strong></span> <span class='ocrx_word' id='word_1_48' title='bbox 1636 799 1789 853; x_wconf 88' lang='lat' dir='ltr'><strong>Unde</strong></span> <span class='ocrx_word' id='word_1_49' title='bbox 1811 809 1865 853; x_wconf 93' lang='lat' dir='ltr'><strong>et</strong></span> <span class='ocrx_word' id='word_1_50' title='bbox 1888 800 2016 854; x_wconf 87' lang='lat' dir='ltr'><strong>alibi</strong></span> 
     </span>
    </p>
   </div>
   <div class='ocr_carea' id='block_1_9' title="bbox 425 893 2014 968">
    <p class='ocr_par' dir='ltr' id='par_1_9' title="bbox 425 893 2014 968">
     <span class='ocr_line' id='line_1_9' title="bbox 425 893 2014 968; baseline -0.004 -14"><span class='ocrx_word' id='word_1_51' title='bbox 425 900 691 968; x_wconf 82' lang='lat' dir='ltr'><strong>scriptum</strong></span> <span class='ocrx_word' id='word_1_52' title='bbox 715 908 798 952; x_wconf 89' lang='lat' dir='ltr'><strong>est</strong></span> <span class='ocrx_word' id='word_1_53' title='bbox 823 918 834 950; x_wconf 88' lang='lat'><strong>:</strong></span> <span class='ocrx_word' id='word_1_54' title='bbox 867 917 883 947; x_wconf 76' lang='grc' dir='ltr'><strong>ι</strong></span> <span class='ocrx_word' id='word_1_55' title='bbox 905 895 982 950; x_wconf 86' lang='lat' dir='ltr'><strong>Ne</strong></span> <span class='ocrx_word' id='word_1_56' title='bbox 1003 893 1424 965; x_wconf 84' lang='lat' dir='ltr'><strong>transgrediaris</strong></span> <span class='ocrx_word' id='word_1_57' title='bbox 1444 893 1709 947; x_wconf 88' lang='lat' dir='ltr'><strong>terminos</strong></span> <span class='ocrx_word' id='word_1_58' title='bbox 1738 893 2014 961; x_wconf 86' lang='lat' dir='ltr'><strong>antiquos,</strong></span> 
     </span>
    </p>
   </div>
   <div class='ocr_carea' id='block_1_10' title="bbox 425 985 2014 1062">
    <p class='ocr_par' dir='ltr' id='par_1_10' title="bbox 425 985 2014 1062">
     <span class='ocr_line' id='line_1_10' title="bbox 425 985 2014 1062; baseline -0.007 -15"><span class='ocrx_word' id='word_1_59' title='bbox 425 1007 566 1062; x_wconf 90' lang='lat' dir='ltr'><strong>quos</strong></span> <span class='ocrx_word' id='word_1_60' title='bbox 606 999 909 1061; x_wconf 89' lang='lat' dir='ltr'><strong>posuerunt</strong></span> <span class='ocrx_word' id='word_1_61' title='bbox 969 999 1150 1058; x_wconf 85' lang='lat' dir='ltr'><strong>patres</strong></span> <span class='ocrx_word' id='word_1_62' title='bbox 1198 989 1365 1042; x_wconf 78' lang='lat' dir='ltr'><strong>tui&quot;.</strong></span> <span class='ocrx_word' id='word_1_63' title='bbox 1402 1009 1420 1039; x_wconf 74' lang='grc' dir='ltr'><strong>ι</strong></span> <span class='ocrx_word' id='word_1_64' title='bbox 1463 986 1754 1040; x_wconf 80' lang='lat' dir='ltr'><strong>Terminus</strong></span> <span class='ocrx_word' id='word_1_65' title='bbox 1797 985 2014 1040; x_wconf 88' lang='lat' dir='ltr'><strong>indubi-</strong></span> 
     </span>
    </p>
   </div>
   <div class='ocr_carea' id='block_1_11' title="bbox 426 1078 2016 1152">
    <p class='ocr_par' dir='ltr' id='par_1_11' title="bbox 426 1078 2016 1152">
     <span class='ocr_line' id='line_1_11' title="bbox 426 1078 2016 1152; baseline -0.006 -14"><span class='ocrx_word' id='word_1_66' title='bbox 426 1093 603 1138; x_wconf 92' lang='lat' dir='ltr'><strong>tanter</strong></span> <span class='ocrx_word' id='word_1_67' title='bbox 629 1082 1062 1152; x_wconf 78' lang='lat' dir='ltr'><strong>transgreditur,</strong></span> <span class='ocrx_word' id='word_1_68' title='bbox 1094 1080 1187 1149; x_wconf 90' lang='lat' dir='ltr'><strong>qui</strong></span> <span class='ocrx_word' id='word_1_69' title='bbox 1223 1088 1429 1133; x_wconf 89' lang='lat' dir='ltr'><strong>statuta</strong></span> <span class='ocrx_word' id='word_1_70' title='bbox 1475 1087 1694 1148; x_wconf 89' lang='lat' dir='ltr'><strong>patrum</strong></span> <span class='ocrx_word' id='word_1_71' title='bbox 1733 1078 2016 1147; x_wconf 87' lang='lat' dir='ltr'><strong>postponit</strong></span> 
     </span>
    </p>
   </div>
   <div class='ocr_carea' id='block_1_12' title="bbox 424 1162 2019 1245">
    <p class='ocr_par' dir='ltr' id='par_1_12' title="bbox 424 1162 2019 1245">
     <span class='ocr_line' id='line_1_12' title="bbox 424 1162 2019 1245; baseline -0.006 -14"><span class='ocrx_word' id='word_1_72' title='bbox 424 1187 588 1245; x_wconf 88' lang='lat' dir='ltr'><strong>atque</strong></span> <span class='ocrx_word' id='word_1_73' title='bbox 637 1175 952 1229; x_wconf 90' lang='lat' dir='ltr'><strong>confundit.</strong></span> <span class='ocrx_word' id='word_1_74' title='bbox 989 1162 1308 1226; x_wconf 78' lang='lat' dir='ltr'><strong>Pervenit”</strong></span> <span class='ocrx_word' id='word_1_75' title='bbox 1351 1187 1588 1239; x_wconf 80' lang='lat' dir='ltr'><strong>namque</strong></span> <span class='ocrx_word' id='word_1_76' title='bbox 1625 1169 1693 1224; x_wconf 88' lang='lat' dir='ltr'><strong>ad</strong></span> <span class='ocrx_word' id='word_1_77' title='bbox 1733 1171 2019 1224; x_wconf 42' lang='lat' dir='ltr'><strong>conscicn‘</strong></span> 
     </span>
    </p>
   </div>
   <div class='ocr_carea' id='block_1_13' title="bbox 425 1261 2013 1337">
    <p class='ocr_par' dir='ltr' id='par_1_13' title="bbox 425 1261 2013 1337">
     <span class='ocr_line' id='line_1_13' title="bbox 425 1261 2013 1337; baseline -0.006 -15"><span class='ocrx_word' id='word_1_78' title='bbox 425 1269 558 1323; x_wconf 92' lang='lat' dir='ltr'><strong>tiam</strong></span> <span class='ocrx_word' id='word_1_79' title='bbox 612 1265 930 1337; x_wconf 70' lang='lat' dir='ltr'><strong>apostolicae</strong></span> <span class='ocrx_word' id='word_1_80' title='bbox 982 1263 1164 1325; x_wconf 88' lang='lat' dir='ltr'><strong>sedis,</strong></span> <span class='ocrx_word' id='word_1_81' title='bbox 1227 1263 1376 1332; x_wconf 93' lang='lat' dir='ltr'><strong>quod</strong></span> <span class='ocrx_word' id='word_1_82' title='bbox 1427 1261 1676 1316; x_wconf 90' lang='lat' dir='ltr'><strong>nonnulli</strong></span> <span class='ocrx_word' id='word_1_83' title='bbox 1729 1269 1858 1316; x_wconf 90' lang='lat' dir='ltr'><strong>sunt</strong></span> <span class='ocrx_word' id='word_1_84' title='bbox 1902 1269 2013 1314; x_wconf 90' lang='lat' dir='ltr'><strong>tam</strong></span> 
     </span>
    </p>
   </div>
   <div class='ocr_carea' id='block_1_14' title="bbox 425 1355 2009 1431">
    <p class='ocr_par' dir='ltr' id='par_1_14' title="bbox 425 1355 2009 1431">
     <span class='ocr_line' id='line_1_14' title="bbox 425 1355 2009 1431; baseline -0.005 -15"><span class='ocrx_word' id='word_1_85' title='bbox 425 1361 649 1425; x_wconf 86' lang='lat' dir='ltr'><strong>stolidi,</strong></span> <span class='ocrx_word' id='word_1_86' title='bbox 681 1360 774 1431; x_wconf 93' lang='lat' dir='ltr'><strong>qui</strong></span> <span class='ocrx_word' id='word_1_87' title='bbox 817 1358 1101 1413; x_wconf 91' lang='lat' dir='ltr'><strong>Dominica</strong></span> <span class='ocrx_word' id='word_1_88' title='bbox 1153 1365 1460 1426; x_wconf 66' lang='lat' dir='ltr'><strong>praecepta,</strong></span> <span class='ocrx_word' id='word_1_89' title='bbox 1509 1365 1563 1410; x_wconf 92' lang='lat' dir='ltr'><strong>et</strong></span> <span class='ocrx_word' id='word_1_90' title='bbox 1596 1355 2009 1425; x_wconf 90' lang='lat' dir='ltr'><strong>apostolorum,</strong></span> 
     </span>
    </p>
   </div>
   <div class='ocr_carea' id='block_1_15' title="bbox 425 1448 2011 1522">
    <p class='ocr_par' dir='ltr' id='par_1_15' title="bbox 425 1448 2011 1522">
     <span class='ocr_line' id='line_1_15' title="bbox 425 1448 2011 1522; baseline -0.004 -16"><span class='ocrx_word' id='word_1_91' title='bbox 425 1468 727 1522; x_wconf 88' lang='lat' dir='ltr'><strong>eorumque</strong></span> <span class='ocrx_word' id='word_1_92' title='bbox 761 1467 1144 1506; x_wconf 88' lang='lat' dir='ltr'><strong>successorum</strong></span> <span class='ocrx_word' id='word_1_93' title='bbox 1191 1460 1398 1505; x_wconf 86' lang='lat' dir='ltr'><strong>statuta</strong></span> <span class='ocrx_word' id='word_1_94' title='bbox 1433 1448 1660 1502; x_wconf 92' lang='lat' dir='ltr'><strong>minime</strong></span> <span class='ocrx_word' id='word_1_95' title='bbox 1691 1448 2011 1512; x_wconf 74' lang='lat' dir='ltr'><strong>observant,</strong></span> 
     </span>
    </p>
   </div>
   <div class='ocr_carea' id='block_1_16' title="bbox 425 1539 2012 1613">
    <p class='ocr_par' dir='ltr' id='par_1_16' title="bbox 425 1539 2012 1613">
     <span class='ocr_line' id='line_1_16' title="bbox 425 1539 2012 1613; baseline -0.005 -14"><span class='ocrx_word' id='word_1_96' title='bbox 425 1556 480 1599; x_wconf 92' lang='lat' dir='ltr'><strong>et</strong></span> <span class='ocrx_word' id='word_1_97' title='bbox 507 1561 603 1599; x_wconf 91' lang='lat' dir='ltr'><strong>eos</strong></span> <span class='ocrx_word' id='word_1_98' title='bbox 642 1546 708 1598; x_wconf 90' lang='lat' dir='ltr'><strong>de</strong></span> <span class='ocrx_word' id='word_1_99' title='bbox 756 1544 958 1613; x_wconf 83' lang='lat' dir='ltr'><strong>quibus</strong></span> <span class='ocrx_word' id='word_1_100' title='bbox 990 1543 1257 1597; x_wconf 88' lang='lat' dir='ltr'><strong>Dominus</strong></span> <span class='ocrx_word' id='word_1_101' title='bbox 1287 1543 1400 1596; x_wconf 87' lang='lat' dir='ltr'><strong>ait:</strong></span> <span class='ocrx_word' id='word_1_102' title='bbox 1455 1560 1472 1590; x_wconf 76' lang='grc' dir='ltr'><strong>ι</strong></span> <span class='ocrx_word' id='word_1_103' title='bbox 1519 1539 1622 1606; x_wconf 86' lang='lat' dir='ltr'><strong>Qui</strong></span> <span class='ocrx_word' id='word_1_104' title='bbox 1656 1555 1754 1594; x_wconf 87' lang='lat' dir='ltr'><strong>vos</strong></span> <span class='ocrx_word' id='word_1_105' title='bbox 1801 1539 2012 1607; x_wconf 77' lang='lat' dir='ltr'><strong>tangit,</strong></span> 
     </span>
    </p>
   </div>
   <div class='ocr_carea' id='block_1_17' title="bbox 423 1631 2015 1704">
    <p class='ocr_par' dir='ltr' id='par_1_17' title="bbox 423 1631 2015 1704">
     <span class='ocr_line' id='line_1_17' title="bbox 423 1631 2015 1704; baseline -0.004 -12"><span class='ocrx_word' id='word_1_106' title='bbox 423 1637 599 1704; x_wconf 84' lang='lat' dir='ltr'><strong>tangit</strong></span> <span class='ocrx_word' id='word_1_107' title='bbox 639 1634 898 1704; x_wconf 91' lang='lat' dir='ltr'><strong>pupillam</strong></span> <span class='ocrx_word' id='word_1_108' title='bbox 931 1634 1078 1687; x_wconf 93' lang='lat' dir='ltr'><strong>oculi</strong></span> <span class='ocrx_word' id='word_1_109' title='bbox 1112 1633 1320 1697; x_wconf 78' lang='lat' dir='ltr'><strong>mei”;</strong></span> <span class='ocrx_word' id='word_1_110' title='bbox 1360 1651 1377 1683; x_wconf 76' lang='grc' dir='ltr'><strong>ι</strong></span> <span class='ocrx_word' id='word_1_111' title='bbox 1424 1647 1534 1685; x_wconf 92' lang='lat' dir='ltr'><strong>non</strong></span> <span class='ocrx_word' id='word_1_112' title='bbox 1573 1631 1752 1686; x_wconf 91' lang='lat' dir='ltr'><strong>solum</strong></span> <span class='ocrx_word' id='word_1_113' title='bbox 1791 1640 2015 1699; x_wconf 83' lang='lat' dir='ltr'><strong>tangere</strong></span> 
     </span>
    </p>
   </div>
   <div class='ocr_carea' id='block_1_18' title="bbox 424 1726 2010 1797">
    <p class='ocr_par' dir='ltr' id='par_1_18' title="bbox 424 1726 2010 1797">
     <span class='ocr_line' id='line_1_18' title="bbox 424 1726 2010 1797; baseline -0.008 -7"><span class='ocrx_word' id='word_1_114' title='bbox 424 1733 650 1790; x_wconf 88' lang='lat' dir='ltr'><strong>minime</strong></span> <span class='ocrx_word' id='word_1_115' title='bbox 672 1731 945 1794; x_wconf 89' lang='lat' dir='ltr'><strong>dubitant,</strong></span> <span class='ocrx_word' id='word_1_116' title='bbox 967 1730 1060 1785; x_wconf 93' lang='lat' dir='ltr'><strong>sed</strong></span> <span class='ocrx_word' id='word_1_117' title='bbox 1092 1729 1256 1782; x_wconf 90' lang='lat' dir='ltr'><strong>etiam</strong></span> <span class='ocrx_word' id='word_1_118' title='bbox 1282 1726 1537 1797; x_wconf 89' lang='lat' dir='ltr'><strong>persequi</strong></span> <span class='ocrx_word' id='word_1_119' title='bbox 1561 1743 1666 1780; x_wconf 83' lang='lat' dir='ltr'><strong>non</strong></span> <span class='ocrx_word' id='word_1_120' title='bbox 1695 1726 2010 1780; x_wconf 81' lang='lat' dir='ltr'><strong>formidant.</strong></span> 
     </span>
    </p>
   </div>
   <div class='ocr_carea' id='block_1_19' title="bbox 424 1818 2013 1894">
    <p class='ocr_par' dir='ltr' id='par_1_19' title="bbox 424 1818 2013 1894">
     <span class='ocr_line' id='line_1_19' title="bbox 424 1818 2013 1894; baseline -0.006 -13"><span class='ocrx_word' id='word_1_121' title='bbox 424 1827 491 1882; x_wconf 87' lang='lat' dir='ltr'><strong>Et</strong></span> <span class='ocrx_word' id='word_1_122' title='bbox 521 1827 648 1882; x_wconf 88' lang='lat' dir='ltr'><strong>licet</strong></span> <span class='ocrx_word' id='word_1_123' title='bbox 697 1841 800 1880; x_wconf 93' lang='lat' dir='ltr'><strong>nos</strong></span> <span class='ocrx_word' id='word_1_124' title='bbox 829 1832 1263 1894; x_wconf 90' lang='lat' dir='ltr'><strong>persequantur,</strong></span> <span class='ocrx_word' id='word_1_125' title='bbox 1290 1821 1417 1889; x_wconf 89' lang='lat' dir='ltr'><strong>quia</strong></span> <span class='ocrx_word' id='word_1_126' title='bbox 1453 1836 1555 1874; x_wconf 90' lang='lat' dir='ltr'><strong>nec</strong></span> <span class='ocrx_word' id='word_1_127' title='bbox 1595 1834 1697 1873; x_wconf 93' lang='lat' dir='ltr'><strong>nos</strong></span> <span class='ocrx_word' id='word_1_128' title='bbox 1730 1819 1848 1873; x_wconf 89' lang='lat' dir='ltr'><strong>sine</strong></span> <span class='ocrx_word' id='word_1_129' title='bbox 1886 1818 2013 1883; x_wconf 92' lang='lat' dir='ltr'><strong>illis,</strong></span> 
     </span>
    </p>
   </div>
   <div class='ocr_carea' id='block_1_20' title="bbox 424 1913 2012 1984">
    <p class='ocr_par' dir='ltr' id='par_1_20' title="bbox 424 1913 2012 1984">
     <span class='ocr_line' id='line_1_20' title="bbox 424 1913 2012 1984; baseline -0.007 -8"><span class='ocrx_word' id='word_1_130' title='bbox 424 1937 525 1976; x_wconf 90' lang='lat' dir='ltr'><strong>nec</strong></span> <span class='ocrx_word' id='word_1_131' title='bbox 575 1921 695 1974; x_wconf 87' lang='lat' dir='ltr'><strong>illos</strong></span> <span class='ocrx_word' id='word_1_132' title='bbox 745 1919 864 1974; x_wconf 90' lang='lat' dir='ltr'><strong>sine</strong></span> <span class='ocrx_word' id='word_1_133' title='bbox 916 1917 1080 1971; x_wconf 89' lang='lat' dir='ltr'><strong>nobis</strong></span> <span class='ocrx_word' id='word_1_134' title='bbox 1132 1913 1391 1984; x_wconf 90' lang='lat' dir='ltr'><strong>persequi</strong></span> <span class='ocrx_word' id='word_1_135' title='bbox 1442 1924 1708 1984; x_wconf 89' lang='lat' dir='ltr'><strong>possunt,</strong></span> <span class='ocrx_word' id='word_1_136' title='bbox 1752 1913 2012 1983; x_wconf 90' lang='lat' dir='ltr'><strong>quoniam</strong></span> 
     </span>
    </p>
   </div>
   <div class='ocr_carea' id='block_1_21' title="bbox 424 2005 2014 2079">
    <p class='ocr_par' dir='ltr' id='par_1_21' title="bbox 424 2005 2014 2079">
     <span class='ocr_line' id='line_1_21' title="bbox 424 2005 2014 2079; baseline -0.008 -10"><span class='ocrx_word' id='word_1_137' title='bbox 424 2015 571 2069; x_wconf 75' lang='lat' dir='ltr'><strong>illius</strong></span> <span class='ocrx_word' id='word_1_138' title='bbox 621 2028 811 2067; x_wconf 90' lang='lat' dir='ltr'><strong>sumus</strong></span> <span class='ocrx_word' id='word_1_139' title='bbox 859 2007 1148 2079; x_wconf 87' lang='lat' dir='ltr'><strong>discipuli,</strong></span> <span class='ocrx_word' id='word_1_140' title='bbox 1192 2008 1286 2076; x_wconf 91' lang='lat' dir='ltr'><strong>qui</strong></span> <span class='ocrx_word' id='word_1_141' title='bbox 1337 2007 1552 2061; x_wconf 88' lang='lat' dir='ltr'><strong>animas</strong></span> <span class='ocrx_word' id='word_1_142' title='bbox 1606 2021 1708 2077; x_wconf 92' lang='lat' dir='ltr'><strong>pro</strong></span> <span class='ocrx_word' id='word_1_143' title='bbox 1753 2005 2014 2060; x_wconf 80' lang='lat' dir='ltr'><strong>fratribus</strong></span> 
     </span>
    </p>
   </div>
   <div class='ocr_carea' id='block_1_22' title="bbox 421 2097 2014 2176">
    <p class='ocr_par' dir='ltr' id='par_1_22' title="bbox 421 2097 2014 2176">
     <span class='ocr_line' id='line_1_22' title="bbox 421 2097 2014 2176; baseline -0.005 -17"><span class='ocrx_word' id='word_1_144' title='bbox 421 2106 680 2176; x_wconf 67' lang='lat' dir='ltr'><strong>praecepit</strong></span> <span class='ocrx_word' id='word_1_145' title='bbox 701 2103 994 2176; x_wconf 72' lang='lat' dir='ltr'><strong>ponere”;</strong></span> <span class='ocrx_word' id='word_1_146' title='bbox 1019 2111 1198 2156; x_wconf 89' lang='lat' dir='ltr'><strong>tamen</strong></span> <span class='ocrx_word' id='word_1_147' title='bbox 1229 2099 1309 2153; x_wconf 90' lang='lat' dir='ltr'><strong>eis</strong></span> <span class='ocrx_word' id='word_1_148' title='bbox 1330 2099 1569 2168; x_wconf 90' lang='lat' dir='ltr'><strong>pericula</strong></span> <span class='ocrx_word' id='word_1_149' title='bbox 1598 2108 1651 2152; x_wconf 90' lang='lat' dir='ltr'><strong>et</strong></span> <span class='ocrx_word' id='word_1_150' title='bbox 1681 2097 2014 2166; x_wconf 87' lang='lat' dir='ltr'><strong>perditiones</strong></span> 
     </span>
    </p>
   </div>
   <div class='ocr_carea' id='block_1_23' title="bbox 423 2191 2014 2262">
    <p class='ocr_par' dir='ltr' id='par_1_23' title="bbox 423 2191 2014 2262">
     <span class='ocr_line' id='line_1_23' title="bbox 423 2191 2014 2262; baseline -0.006 -6"><span class='ocrx_word' id='word_1_151' title='bbox 423 2217 616 2257; x_wconf 90' lang='lat' dir='ltr'><strong>eorum</strong></span> <span class='ocrx_word' id='word_1_152' title='bbox 648 2215 756 2252; x_wconf 92' lang='lat' dir='ltr'><strong>non</strong></span> <span class='ocrx_word' id='word_1_153' title='bbox 783 2212 970 2252; x_wconf 90' lang='lat' dir='ltr'><strong>sumus</strong></span> <span class='ocrx_word' id='word_1_154' title='bbox 1003 2195 1126 2250; x_wconf 90' lang='lat' dir='ltr'><strong>ausi</strong></span> <span class='ocrx_word' id='word_1_155' title='bbox 1152 2194 1352 2255; x_wconf 90' lang='lat' dir='ltr'><strong>celare,</strong></span> <span class='ocrx_word' id='word_1_156' title='bbox 1397 2208 1464 2247; x_wconf 91' lang='lat' dir='ltr'><strong>ne</strong></span> <span class='ocrx_word' id='word_1_157' title='bbox 1488 2192 1806 2262; x_wconf 90' lang='lat' dir='ltr'><strong>prophetica</strong></span> <span class='ocrx_word' id='word_1_158' title='bbox 1831 2191 2014 2261; x_wconf 91' lang='lat' dir='ltr'><strong>(quod</strong></span> 
     </span>
    </p>
   </div>
   <div class='ocr_carea' id='block_1_24' title="bbox 424 2283 2014 2361">
    <p class='ocr_par' dir='ltr' id='par_1_24' title="bbox 424 2283 2014 2361">
     <span class='ocr_line' id='line_1_24' title="bbox 424 2283 2014 2361; baseline -0.006 -13"><span class='ocrx_word' id='word_1_159' title='bbox 424 2294 600 2361; x_wconf 90' lang='lat' dir='ltr'><strong>absit)</strong></span> <span class='ocrx_word' id='word_1_160' title='bbox 629 2293 958 2347; x_wconf 90' lang='lat' dir='ltr'><strong>damnemur</strong></span> <span class='ocrx_word' id='word_1_161' title='bbox 1009 2289 1314 2353; x_wconf 88' lang='lat' dir='ltr'><strong>sententia,</strong></span> <span class='ocrx_word' id='word_1_162' title='bbox 1352 2302 1474 2356; x_wconf 73' lang='lat' dir='ltr'><strong>quae</strong></span> <span class='ocrx_word' id='word_1_163' title='bbox 1508 2285 1627 2340; x_wconf 89' lang='lat' dir='ltr'><strong>ait:</strong></span> <span class='ocrx_word' id='word_1_164' title='bbox 1663 2304 1680 2336; x_wconf 77' lang='grc' dir='ltr'><strong>ι</strong></span> <span class='ocrx_word' id='word_1_165' title='bbox 1715 2283 1770 2338; x_wconf 92' lang='lat' dir='ltr'><strong>Si</strong></span> <span class='ocrx_word' id='word_1_166' title='bbox 1801 2300 2014 2339; x_wconf 90' lang='lat' dir='ltr'><strong>annun-</strong></span> 
     </span>
    </p>
   </div>
   <div class='ocr_carea' id='block_1_25' title="bbox 425 2376 2013 2449">
    <p class='ocr_par' dir='ltr' id='par_1_25' title="bbox 425 2376 2013 2449">
     <span class='ocr_line' id='line_1_25' title="bbox 425 2376 2013 2449; baseline -0.005 -10"><span class='ocrx_word' id='word_1_167' title='bbox 425 2383 648 2439; x_wconf 81' lang='lat' dir='ltr'><strong>tiaveris</strong></span> <span class='ocrx_word' id='word_1_168' title='bbox 698 2383 888 2449; x_wconf 90' lang='lat' dir='ltr'><strong>iniquo</strong></span> <span class='ocrx_word' id='word_1_169' title='bbox 938 2379 1284 2449; x_wconf 89' lang='lat' dir='ltr'><strong>iniquitatem</strong></span> <span class='ocrx_word' id='word_1_170' title='bbox 1334 2393 1524 2442; x_wconf 90' lang='lat' dir='ltr'><strong>suam,</strong></span> <span class='ocrx_word' id='word_1_171' title='bbox 1575 2376 1815 2430; x_wconf 92' lang='lat' dir='ltr'><strong>animam</strong></span> <span class='ocrx_word' id='word_1_172' title='bbox 1864 2387 2013 2431; x_wconf 88' lang='lat' dir='ltr'><strong>tuam</strong></span> 
     </span>
    </p>
   </div>
   <div class='ocr_carea' id='block_1_26' title="bbox 423 2470 2011 2540">
    <p class='ocr_par' dir='ltr' id='par_1_26' title="bbox 423 2470 2011 2540">
     <span class='ocr_line' id='line_1_26' title="bbox 423 2470 2011 2540; baseline -0.005 -8"><span class='ocrx_word' id='word_1_173' title='bbox 423 2476 702 2532; x_wconf 87' lang='lat' dir='ltr'><strong>liberasti:</strong></span> <span class='ocrx_word' id='word_1_174' title='bbox 728 2476 770 2529; x_wconf 92' lang='lat' dir='ltr'><strong>si</strong></span> <span class='ocrx_word' id='word_1_175' title='bbox 799 2484 980 2528; x_wconf 89' lang='lat' dir='ltr'><strong>autem</strong></span> <span class='ocrx_word' id='word_1_176' title='bbox 1013 2489 1120 2526; x_wconf 93' lang='lat' dir='ltr'><strong>non</strong></span> <span class='ocrx_word' id='word_1_177' title='bbox 1149 2471 1566 2526; x_wconf 90' lang='lat' dir='ltr'><strong>annuntiaveris</strong></span> <span class='ocrx_word' id='word_1_178' title='bbox 1587 2471 1660 2536; x_wconf 88' lang='lat' dir='ltr'><strong>ei,</strong></span> <span class='ocrx_word' id='word_1_179' title='bbox 1690 2470 2011 2540; x_wconf 83' lang='lat' dir='ltr'><strong>sanguinem</strong></span> 
     </span>
    </p>
   </div>
   <div class='ocr_carea' id='block_1_27' title="bbox 421 2563 2014 2638">
    <p class='ocr_par' dir='ltr' id='par_1_27' title="bbox 421 2563 2014 2638">
     <span class='ocr_line' id='line_1_27' title="bbox 421 2563 2014 2638; baseline -0.005 -14"><span class='ocrx_word' id='word_1_180' title='bbox 421 2569 542 2638; x_wconf 87' lang='lat' dir='ltr'><strong>ejus</strong></span> <span class='ocrx_word' id='word_1_181' title='bbox 571 2569 636 2622; x_wconf 74' lang='lat' dir='ltr'><strong>tle</strong></span> <span class='ocrx_word' id='word_1_182' title='bbox 665 2583 829 2621; x_wconf 92' lang='lat' dir='ltr'><strong>mauu</strong></span> <span class='ocrx_word' id='word_1_183' title='bbox 861 2574 954 2619; x_wconf 90' lang='lat' dir='ltr'><strong>tua</strong></span> <span class='ocrx_word' id='word_1_184' title='bbox 985 2565 1263 2635; x_wconf 89' lang='lat' dir='ltr'><strong>requiram</strong></span> <span class='ocrx_word' id='word_1_185' title='bbox 1286 2565 1388 2618; x_wconf 73' lang='grc'><strong>⁸⁸.»</strong></span> <span class='ocrx_word' id='word_1_186' title='bbox 1424 2565 1470 2595; x_wconf 72' lang='lat'><strong>9“</strong></span> <span class='ocrx_word' id='word_1_187' title='bbox 1492 2563 1588 2618; x_wconf 85' lang='lat' dir='ltr'><strong>Est</strong></span> <span class='ocrx_word' id='word_1_188' title='bbox 1619 2563 1784 2616; x_wconf 89' lang='lat' dir='ltr'><strong>etiam</strong></span> <span class='ocrx_word' id='word_1_189' title='bbox 1818 2571 1870 2616; x_wconf 92' lang='lat' dir='ltr'><strong>et</strong></span> <span class='ocrx_word' id='word_1_190' title='bbox 1911 2563 2014 2616; x_wconf 93' lang='lat' dir='ltr'><strong>hoc</strong></span> 
     </span>
    </p>
   </div>
   <div class='ocr_carea' id='block_1_28' title="bbox 424 2655 2012 2726">
    <p class='ocr_par' dir='ltr' id='par_1_28' title="bbox 424 2655 2012 2726">
     <span class='ocr_line' id='line_1_28' title="bbox 424 2655 2012 2726; baseline -0.004 -11"><span class='ocrx_word' id='word_1_191' title='bbox 424 2662 491 2716; x_wconf 88' lang='lat' dir='ltr'><strong>ad</strong></span> <span class='ocrx_word' id='word_1_192' title='bbox 527 2661 671 2714; x_wconf 90' lang='lat' dir='ltr'><strong>hanc</strong></span> <span class='ocrx_word' id='word_1_193' title='bbox 702 2669 947 2714; x_wconf 88' lang='lat' dir='ltr'><strong>sanctam</strong></span> <span class='ocrx_word' id='word_1_194' title='bbox 990 2657 1173 2712; x_wconf 89' lang='lat' dir='ltr'><strong>sedem</strong></span> <span class='ocrx_word' id='word_1_195' title='bbox 1209 2657 1479 2726; x_wconf 92' lang='lat' dir='ltr'><strong>perlatum</strong></span> <span class='ocrx_word' id='word_1_196' title='bbox 1515 2655 1699 2726; x_wconf 90' lang='lat' dir='ltr'><strong>(quod</strong></span> <span class='ocrx_word' id='word_1_197' title='bbox 1735 2655 1900 2724; x_wconf 92' lang='lat' dir='ltr'><strong>pudet</strong></span> <span class='ocrx_word' id='word_1_198' title='bbox 1926 2655 2012 2708; x_wconf 85' lang='lat' dir='ltr'><strong>di-</strong></span> 
     </span>
    </p>
   </div>
   <div class='ocr_carea' id='block_1_29' title="bbox 424 2747 2012 2818">
    <p class='ocr_par' dir='ltr' id='par_1_29' title="bbox 424 2747 2012 2818">
     <span class='ocr_line' id='line_1_29' title="bbox 424 2747 2012 2818; baseline -0.006 -9"><span class='ocrx_word' id='word_1_199' title='bbox 424 2770 586 2818; x_wconf 88' lang='lat' dir='ltr'><strong>cere,</strong></span> <span class='ocrx_word' id='word_1_200' title='bbox 635 2761 689 2806; x_wconf 90' lang='lat' dir='ltr'><strong>et</strong></span> <span class='ocrx_word' id='word_1_201' title='bbox 743 2767 853 2806; x_wconf 92' lang='lat' dir='ltr'><strong>non</strong></span> <span class='ocrx_word' id='word_1_202' title='bbox 896 2752 1073 2806; x_wconf 94' lang='lat' dir='ltr'><strong>solum</strong></span> <span class='ocrx_word' id='word_1_203' title='bbox 1120 2750 1472 2811; x_wconf 88' lang='lat' dir='ltr'><strong>sacerdotali,</strong></span> <span class='ocrx_word' id='word_1_204' title='bbox 1504 2749 1598 2803; x_wconf 90' lang='lat' dir='ltr'><strong>sed</strong></span> <span class='ocrx_word' id='word_1_205' title='bbox 1647 2747 1811 2802; x_wconf 81' lang='lat' dir='ltr'><strong>etiam</strong></span> <span class='ocrx_word' id='word_1_206' title='bbox 1861 2748 2012 2801; x_wconf 92' lang='lat' dir='ltr'><strong>omni</strong></span> 
     </span>
    </p>
   </div>
   <div class='ocr_carea' id='block_1_30' title="bbox 423 2841 2015 2913">
    <p class='ocr_par' dir='ltr' id='par_1_30' title="bbox 423 2841 2015 2913">
     <span class='ocr_line' id='line_1_30' title="bbox 423 2841 2015 2913; baseline -0.004 -13"><span class='ocrx_word' id='word_1_207' title='bbox 423 2846 740 2901; x_wconf 86' lang='lat' dir='ltr'><strong>Christiano</strong></span> <span class='ocrx_word' id='word_1_208' title='bbox 765 2845 974 2898; x_wconf 89' lang='lat' dir='ltr'><strong>nomini</strong></span> <span class='ocrx_word' id='word_1_209' title='bbox 1007 2853 1091 2899; x_wconf 91' lang='lat' dir='ltr'><strong>est</strong></span> <span class='ocrx_word' id='word_1_210' title='bbox 1119 2844 1459 2913; x_wconf 92' lang='lat' dir='ltr'><strong>inimicum),</strong></span> <span class='ocrx_word' id='word_1_211' title='bbox 1493 2843 1545 2896; x_wconf 89' lang='lat' dir='ltr'><strong>id</strong></span> <span class='ocrx_word' id='word_1_212' title='bbox 1587 2852 1671 2897; x_wconf 90' lang='lat' dir='ltr'><strong>est</strong></span> <span class='ocrx_word' id='word_1_213' title='bbox 1700 2841 1847 2912; x_wconf 90' lang='lat' dir='ltr'><strong>quod</strong></span> <span class='ocrx_word' id='word_1_214' title='bbox 1877 2856 2015 2894; x_wconf 93' lang='lat' dir='ltr'><strong>non-</strong></span> 
     </span>
    </p>
   </div>
   <div class='ocr_carea' id='block_1_31' title="bbox 425 2935 2012 3006">
    <p class='ocr_par' dir='ltr' id='par_1_31' title="bbox 425 2935 2012 3006">
     <span class='ocr_line' id='line_1_31' title="bbox 425 2935 2012 3006; baseline -0.004 -14"><span class='ocrx_word' id='word_1_215' title='bbox 425 2939 607 2993; x_wconf 91' lang='lat' dir='ltr'><strong>nullos</strong></span> <span class='ocrx_word' id='word_1_216' title='bbox 631 2939 675 2969; x_wconf 86' lang='lat'><strong>&quot;’</strong></span> <span class='ocrx_word' id='word_1_217' title='bbox 708 2937 999 3006; x_wconf 86' lang='lat' dir='ltr'><strong>episcopos</strong></span> <span class='ocrx_word' id='word_1_218' title='bbox 1030 2936 1112 2989; x_wconf 87' lang='lat' dir='ltr'><strong>vel</strong></span> <span class='ocrx_word' id='word_1_219' title='bbox 1160 2935 1497 3000; x_wconf 87' lang='lat' dir='ltr'><strong>sacerdotes,</strong></span> <span class='ocrx_word' id='word_1_220' title='bbox 1531 2944 1626 2988; x_wconf 91' lang='lat' dir='ltr'><strong>aut</strong></span> <span class='ocrx_word' id='word_1_221' title='bbox 1671 2945 1817 2987; x_wconf 90' lang='lat' dir='ltr'><strong>metu</strong></span> <span class='ocrx_word' id='word_1_222' title='bbox 1858 2948 2012 2988; x_wconf 91' lang='lat' dir='ltr'><strong>com-</strong></span> 
     </span>
    </p>
   </div>
   <div class='ocr_carea' id='block_1_32' title="bbox 423 3026 2008 3104">
    <p class='ocr_par' dir='ltr' id='par_1_32' title="bbox 423 3026 2008 3104">
     <span class='ocr_line' id='line_1_32' title="bbox 423 3026 2008 3104; baseline -0.004 -18"><span class='ocrx_word' id='word_1_223' title='bbox 423 3033 663 3104; x_wconf 90' lang='lat' dir='ltr'><strong>pellunt,</strong></span> <span class='ocrx_word' id='word_1_224' title='bbox 696 3040 789 3085; x_wconf 91' lang='lat' dir='ltr'><strong>aut</strong></span> <span class='ocrx_word' id='word_1_225' title='bbox 814 3030 867 3083; x_wconf 90' lang='lat' dir='ltr'><strong>vi</strong></span> <span class='ocrx_word' id='word_1_226' title='bbox 909 3038 1274 3100; x_wconf 71' lang='lat' dir='ltr'><strong>extorquent,</strong></span> <span class='ocrx_word' id='word_1_227' title='bbox 1320 3037 1415 3082; x_wconf 90' lang='lat' dir='ltr'><strong>aut</strong></span> <span class='ocrx_word' id='word_1_228' title='bbox 1461 3027 1652 3081; x_wconf 81' lang='lat' dir='ltr'><strong>fraude</strong></span> <span class='ocrx_word' id='word_1_229' title='bbox 1694 3026 2008 3096; x_wconf 90' lang='lat' dir='ltr'><strong>decipiunt,</strong></span> 
     </span>
    </p>
   </div>
   <div class='ocr_carea' id='block_1_33' title="bbox 423 3120 2010 3189">
    <p class='ocr_par' dir='ltr' id='par_1_33' title="bbox 423 3120 2010 3189">
     <span class='ocr_line' id='line_1_33' title="bbox 423 3120 2010 3189; baseline -0.006 -11"><span class='ocrx_word' id='word_1_230' title='bbox 423 3125 641 3189; x_wconf 82' lang='lat' dir='ltr'><strong>aliquas</strong></span> <span class='ocrx_word' id='word_1_231' title='bbox 674 3121 1039 3177; x_wconf 88' lang='lat' dir='ltr'><strong>confessionis</strong></span> <span class='ocrx_word' id='word_1_232' title='bbox 1085 3136 1199 3176; x_wconf 65' lang='lat' dir='ltr'><strong>suae</strong></span> <span class='ocrx_word' id='word_1_233' title='bbox 1245 3121 1298 3174; x_wconf 92' lang='lat' dir='ltr'><strong>in</strong></span> <span class='ocrx_word' id='word_1_234' title='bbox 1339 3120 1566 3174; x_wconf 86' lang='lat' dir='ltr'><strong>alteram</strong></span> <span class='ocrx_word' id='word_1_235' title='bbox 1599 3127 1808 3188; x_wconf 91' lang='lat' dir='ltr'><strong>partem</strong></span> <span class='ocrx_word' id='word_1_236' title='bbox 1845 3133 2010 3186; x_wconf 90' lang='lat' dir='ltr'><strong>quam</strong></span> 
     </span>
    </p>
   </div>
   <div class='ocr_carea' id='block_1_34' title="bbox 423 3209 2010 3284">
    <p class='ocr_par' dir='ltr' id='par_1_34' title="bbox 423 3209 2010 3284">
     <span class='ocr_line' id='line_1_34' title="bbox 423 3209 2010 3284; baseline -0.007 -11"><span class='ocrx_word' id='word_1_237' title='bbox 423 3219 677 3280; x_wconf 88' lang='lat' dir='ltr'><strong>debeant,</strong></span> <span class='ocrx_word' id='word_1_238' title='bbox 710 3225 804 3270; x_wconf 91' lang='lat' dir='ltr'><strong>aut</strong></span> <span class='ocrx_word' id='word_1_239' title='bbox 831 3230 928 3284; x_wconf 91' lang='lat' dir='ltr'><strong>pro</strong></span> <span class='ocrx_word' id='word_1_240' title='bbox 959 3229 1185 3269; x_wconf 91' lang='lat' dir='ltr'><strong>suarum</strong></span> <span class='ocrx_word' id='word_1_241' title='bbox 1216 3229 1326 3267; x_wconf 94' lang='lat' dir='ltr'><strong>non</strong></span> <span class='ocrx_word' id='word_1_242' title='bbox 1351 3211 1710 3281; x_wconf 86' lang='lat' dir='ltr'><strong>requisitione</strong></span> <span class='ocrx_word' id='word_1_243' title='bbox 1739 3225 1924 3263; x_wconf 89' lang='lat' dir='ltr'><strong>rerum</strong></span> <span class='ocrx_word' id='word_1_244' title='bbox 1944 3209 2010 3275; x_wconf 75' lang='grc'><strong>⁸⁸,</strong></span> 
     </span>
    </p>
   </div>
   <div class='ocr_carea' id='block_1_35' title="bbox 423 3303 2012 3378">
    <p class='ocr_par' dir='ltr' id='par_1_35' title="bbox 423 3303 2012 3378">
     <span class='ocr_line' id='line_1_35' title="bbox 423 3303 2012 3378; baseline -0.006 -13"><span class='ocrx_word' id='word_1_245' title='bbox 423 3321 548 3374; x_wconf 88' lang='lat' dir='ltr'><strong>aut,</strong></span> <span class='ocrx_word' id='word_1_246' title='bbox 585 3309 731 3378; x_wconf 91' lang='lat' dir='ltr'><strong>quod</strong></span> <span class='ocrx_word' id='word_1_247' title='bbox 784 3307 1024 3361; x_wconf 86' lang='lat' dir='ltr'><strong>deterius</strong></span> <span class='ocrx_word' id='word_1_248' title='bbox 1065 3316 1178 3369; x_wconf 89' lang='lat' dir='ltr'><strong>est,</strong></span> <span class='ocrx_word' id='word_1_249' title='bbox 1232 3321 1334 3375; x_wconf 92' lang='lat' dir='ltr'><strong>pro</strong></span> <span class='ocrx_word' id='word_1_250' title='bbox 1386 3304 1550 3359; x_wconf 88' lang='lat' dir='ltr'><strong>alieni</strong></span> <span class='ocrx_word' id='word_1_251' title='bbox 1600 3303 1805 3357; x_wconf 89' lang='lat' dir='ltr'><strong>erroris</strong></span> <span class='ocrx_word' id='word_1_252' title='bbox 1863 3310 2012 3356; x_wconf 86' lang='lat' dir='ltr'><strong>secta</strong></span> 
     </span>
    </p>
   </div>
   <div class='ocr_carea' id='block_1_36' title="bbox 424 3392 2009 3466">
    <p class='ocr_par' dir='ltr' id='par_1_36' title="bbox 424 3392 2009 3466">
     <span class='ocr_line' id='line_1_36' title="bbox 424 3392 2009 3466; baseline -0.003 -15"><span class='ocrx_word' id='word_1_253' title='bbox 424 3398 728 3466; x_wconf 85' lang='lat' dir='ltr'><strong>scripturas</strong></span> <span class='ocrx_word' id='word_1_254' title='bbox 779 3394 995 3458; x_wconf 76' lang='lat' dir='ltr'><strong>facere,</strong></span> <span class='ocrx_word' id='word_1_255' title='bbox 1040 3404 1094 3448; x_wconf 92' lang='lat' dir='ltr'><strong>et</strong></span> <span class='ocrx_word' id='word_1_256' title='bbox 1129 3395 1367 3464; x_wconf 91' lang='lat' dir='ltr'><strong>propriis</strong></span> <span class='ocrx_word' id='word_1_257' title='bbox 1415 3393 1668 3447; x_wconf 91' lang='lat' dir='ltr'><strong>manibus</strong></span> <span class='ocrx_word' id='word_1_258' title='bbox 1715 3392 2009 3456; x_wconf 79' lang='lat' dir='ltr'><strong>roborarc,</strong></span> 
     </span>
    </p>
   </div>
   <div class='ocr_carea' id='block_1_37' title="bbox 425 3483 2012 3558">
    <p class='ocr_par' dir='ltr' id='par_1_37' title="bbox 425 3483 2012 3558">
     <span class='ocr_line' id='line_1_37' title="bbox 425 3483 2012 3558; baseline -0.003 -15"><span class='ocrx_word' id='word_1_259' title='bbox 425 3499 482 3543; x_wconf 92' lang='lat' dir='ltr'><strong>et</strong></span> <span class='ocrx_word' id='word_1_260' title='bbox 518 3505 706 3544; x_wconf 88' lang='lat' dir='ltr'><strong>coram</strong></span> <span class='ocrx_word' id='word_1_261' title='bbox 749 3489 966 3558; x_wconf 90' lang='lat' dir='ltr'><strong>populis</strong></span> <span class='ocrx_word' id='word_1_262' title='bbox 1006 3487 1240 3542; x_wconf 89' lang='lat' dir='ltr'><strong>recitare</strong></span> <span class='ocrx_word' id='word_1_263' title='bbox 1287 3496 1450 3556; x_wconf 90' lang='lat' dir='ltr'><strong>atque</strong></span> <span class='ocrx_word' id='word_1_264' title='bbox 1480 3484 1750 3540; x_wconf 81' lang='lat' dir='ltr'><strong>confiteri.</strong></span> <span class='ocrx_word' id='word_1_265' title='bbox 1785 3483 2012 3552; x_wconf 88' lang='lat' dir='ltr'><strong>Aliquos</strong></span> 
     </span>
    </p>
   </div>
   <div class='ocr_carea' id='block_1_38' title="bbox 423 3578 2010 3650">
    <p class='ocr_par' dir='ltr' id='par_1_38' title="bbox 423 3578 2010 3650">
     <span class='ocr_line' id='line_1_38' title="bbox 423 3578 2010 3650; baseline -0.003 -15"><span class='ocrx_word' id='word_1_266' title='bbox 423 3583 615 3635; x_wconf 92' lang='lat' dir='ltr'><strong>dicunt</strong></span> <span class='ocrx_word' id='word_1_267' title='bbox 656 3582 972 3636; x_wconf 90' lang='lat' dir='ltr'><strong>carceribus</strong></span> <span class='ocrx_word' id='word_1_268' title='bbox 1015 3589 1070 3635; x_wconf 92' lang='lat' dir='ltr'><strong>et</strong></span> <span class='ocrx_word' id='word_1_269' title='bbox 1107 3579 1402 3650; x_wconf 82' lang='lat' dir='ltr'><strong>ergastulis</strong></span> <span class='ocrx_word' id='word_1_270' title='bbox 1441 3579 1680 3640; x_wconf 90' lang='lat' dir='ltr'><strong>recludi,</strong></span> <span class='ocrx_word' id='word_1_271' title='bbox 1715 3586 1773 3631; x_wconf 92' lang='lat' dir='ltr'><strong>ut</strong></span> <span class='ocrx_word' id='word_1_272' title='bbox 1819 3578 2010 3631; x_wconf 89' lang='lat' dir='ltr'><strong>saltem</strong></span> 
     </span>
    </p>
   </div>
   <div class='ocr_carea' id='block_1_39' title="bbox 427 3669 2013 3738">
    <p class='ocr_par' dir='ltr' id='par_1_39' title="bbox 427 3669 2013 3738">
     <span class='ocr_line' id='line_1_39' title="bbox 427 3669 2013 3738; baseline -0.003 -11"><span class='ocrx_word' id='word_1_273' title='bbox 427 3674 512 3729; x_wconf 91' lang='lat' dir='ltr'><strong>his</strong></span> <span class='ocrx_word' id='word_1_274' title='bbox 548 3673 725 3726; x_wconf 91' lang='lat' dir='ltr'><strong>territi</strong></span> <span class='ocrx_word' id='word_1_275' title='bbox 769 3673 1018 3738; x_wconf 87' lang='lat' dir='ltr'><strong>insidiis,</strong></span> <span class='ocrx_word' id='word_1_276' title='bbox 1053 3673 1274 3726; x_wconf 83' lang='lat' dir='ltr'><strong>devient</strong></span> <span class='ocrx_word' id='word_1_277' title='bbox 1311 3671 1526 3724; x_wconf 90' lang='lat' dir='ltr'><strong>Domini</strong></span> <span class='ocrx_word' id='word_1_278' title='bbox 1577 3669 1924 3733; x_wconf 86' lang='lat' dir='ltr'><strong>sacerdotes,</strong></span> <span class='ocrx_word' id='word_1_279' title='bbox 1958 3677 2013 3722; x_wconf 91' lang='lat' dir='ltr'><strong>et</strong></span> 
     </span>
    </p>
   </div>
   <div class='ocr_carea' id='block_1_40' title="bbox 423 3763 2012 3832">
    <p class='ocr_par' dir='ltr' id='par_1_40' title="bbox 423 3763 2012 3832">
     <span class='ocr_line' id='line_1_40' title="bbox 423 3763 2012 3832; baseline -0.003 -11"><span class='ocrx_word' id='word_1_280' title='bbox 423 3767 542 3821; x_wconf 86' lang='lat' dir='ltr'><strong>suis</strong></span> <span class='ocrx_word' id='word_1_281' title='bbox 575 3765 795 3820; x_wconf 90' lang='lat' dir='ltr'><strong>faveant</strong></span> <span class='ocrx_word' id='word_1_282' title='bbox 821 3765 1280 3821; x_wconf 76' lang='lat' dir='ltr'><strong>voluntatibus”.</strong></span> <span class='ocrx_word' id='word_1_283' title='bbox 1350 3763 1634 3818; x_wconf 74' lang='lat' dir='ltr'><strong>‘Relatum</strong></span> <span class='ocrx_word' id='word_1_284' title='bbox 1671 3764 1894 3832; x_wconf 90' lang='lat' dir='ltr'><strong>insuper</strong></span> <span class='ocrx_word' id='word_1_285' title='bbox 1927 3771 2012 3817; x_wconf 90' lang='lat' dir='ltr'><strong>est</strong></span> 
     </span>
    </p>
   </div>
   <div class='ocr_carea' id='block_1_41' title="bbox 424 3855 2008 3926">
    <p class='ocr_par' dir='ltr' id='par_1_41' title="bbox 424 3855 2008 3926">
     <span class='ocr_line' id='line_1_41' title="bbox 424 3855 2008 3926; baseline -0.001 -15"><span class='ocrx_word' id='word_1_286' title='bbox 424 3858 493 3912; x_wconf 88' lang='lat' dir='ltr'><strong>ad</strong></span> <span class='ocrx_word' id='word_1_287' title='bbox 538 3857 703 3926; x_wconf 88' lang='lat' dir='ltr'><strong>hujus</strong></span> <span class='ocrx_word' id='word_1_288' title='bbox 754 3866 959 3911; x_wconf 72' lang='lat' dir='ltr'><strong>sanctae</strong></span> <span class='ocrx_word' id='word_1_289' title='bbox 1007 3865 1062 3911; x_wconf 86' lang='lat' dir='ltr'><strong>et</strong></span> <span class='ocrx_word' id='word_1_290' title='bbox 1103 3856 1418 3925; x_wconf 79' lang='lat' dir='ltr'><strong>apostolica:</strong></span> <span class='ocrx_word' id='word_1_291' title='bbox 1455 3856 1599 3910; x_wconf 89' lang='lat' dir='ltr'><strong>sedis</strong></span> <span class='ocrx_word' id='word_1_292' title='bbox 1638 3855 1886 3924; x_wconf 88' lang='lat' dir='ltr'><strong>apicem,</strong></span> <span class='ocrx_word' id='word_1_293' title='bbox 1921 3856 2008 3910; x_wconf 93' lang='lat' dir='ltr'><strong>cui</strong></span> 
     </span>
    </p>
   </div>
   <div class='ocr_carea' id='block_1_42' title="bbox 426 3949 2008 4018">
    <p class='ocr_par' dir='ltr' id='par_1_42' title="bbox 426 3949 2008 4018">
     <span class='ocr_line' id='line_1_42' title="bbox 426 3949 2008 4018; baseline -0.001 -13"><span class='ocrx_word' id='word_1_294' title='bbox 426 3965 768 4005; x_wconf 89' lang='lat' dir='ltr'><strong>summarum</strong></span> <span class='ocrx_word' id='word_1_295' title='bbox 831 3949 1219 4018; x_wconf 88' lang='lat' dir='ltr'><strong>dispositiones</strong></span> <span class='ocrx_word' id='word_1_296' title='bbox 1270 3965 1598 4014; x_wconf 87' lang='lat' dir='ltr'><strong>causarum,</strong></span> <span class='ocrx_word' id='word_1_297' title='bbox 1647 3958 1702 4002; x_wconf 89' lang='lat' dir='ltr'><strong>et</strong></span> <span class='ocrx_word' id='word_1_298' title='bbox 1764 3949 2008 4003; x_wconf 92' lang='lat' dir='ltr'><strong>omnium</strong></span> 
     </span>
    </p>
   </div>
   <div class='ocr_carea' id='block_1_43' title="bbox 425 4025 2006 4114">
    <p class='ocr_par' dir='ltr' id='par_1_43' title="bbox 425 4025 2006 4114">
     <span class='ocr_line' id='line_1_43' title="bbox 425 4025 2006 4114; baseline -0.001 -16"><span class='ocrx_word' id='word_1_299' title='bbox 425 4043 643 4114; x_wconf 80' lang='lat' dir='ltr'><strong>negotia</strong></span> <span class='ocrx_word' id='word_1_300' title='bbox 676 4041 1049 4096; x_wconf 87' lang='lat' dir='ltr'><strong>Ecclesiarum</strong></span> <span class='ocrx_word' id='word_1_301' title='bbox 1088 4043 1157 4096; x_wconf 87' lang='lat' dir='ltr'><strong>ab</strong></span> <span class='ocrx_word' id='word_1_302' title='bbox 1190 4043 1310 4113; x_wconf 85' lang='lat' dir='ltr'><strong>ipso</strong></span> <span class='ocrx_word' id='word_1_303' title='bbox 1352 4041 1585 4095; x_wconf 89' lang='lat' dir='ltr'><strong>Domino</strong></span> <span class='ocrx_word' id='word_1_304' title='bbox 1631 4025 1826 4095; x_wconf 79' lang='lat' dir='ltr'><strong>tradita</strong></span> <span class='ocrx_word' id='word_1_305' title='bbox 1860 4051 2006 4105; x_wconf 88' lang='lat' dir='ltr'><strong>sunt,</strong></span> 
     </span>
    </p>
   </div>
   <div class='ocr_carea' id='block_1_44' title="bbox 426 4133 2007 4205">
    <p class='ocr_par' dir='ltr' id='par_1_44' title="bbox 426 4133 2007 4205">
     <span class='ocr_line' id='line_1_44' title="bbox 426 4133 2007 4205; baseline -0.001 -17"><span class='ocrx_word' id='word_1_306' title='bbox 426 4135 585 4205; x_wconf 88' lang='lat' dir='ltr'><strong>quasi</strong></span> <span class='ocrx_word' id='word_1_307' title='bbox 623 4135 689 4189; x_wconf 88' lang='lat' dir='ltr'><strong>ad</strong></span> <span class='ocrx_word' id='word_1_308' title='bbox 720 4143 904 4202; x_wconf 91' lang='lat' dir='ltr'><strong>caput,</strong></span> <span class='ocrx_word' id='word_1_309' title='bbox 939 4135 1057 4203; x_wconf 92' lang='lat' dir='ltr'><strong>ipso</strong></span> <span class='ocrx_word' id='word_1_310' title='bbox 1103 4135 1318 4188; x_wconf 89' lang='lat' dir='ltr'><strong>dicente</strong></span> <span class='ocrx_word' id='word_1_311' title='bbox 1359 4133 1592 4203; x_wconf 90' lang='lat' dir='ltr'><strong>principi</strong></span> <span class='ocrx_word' id='word_1_312' title='bbox 1635 4134 2007 4202; x_wconf 90' lang='lat' dir='ltr'><strong>apostolorum</strong></span> 
     </span>
    </p>
   </div>
   <div class='ocr_carea' id='block_1_45' title="bbox 425 4222 2009 4292">
    <p class='ocr_par' dir='ltr' id='par_1_45' title="bbox 425 4222 2009 4292">
     <span class='ocr_line' id='line_1_45' title="bbox 425 4222 2009 4292; baseline -0.001 -14"><span class='ocrx_word' id='word_1_313' title='bbox 425 4224 622 4280; x_wconf 89' lang='lat' dir='ltr'><strong>Petro:</strong></span> <span class='ocrx_word' id='word_1_314' title='bbox 662 4243 679 4274; x_wconf 80' lang='grc' dir='ltr'><strong>ι</strong></span> <span class='ocrx_word' id='word_1_315' title='bbox 703 4222 784 4277; x_wconf 89' lang='lat' dir='ltr'><strong>Tu</strong></span> <span class='ocrx_word' id='word_1_316' title='bbox 813 4239 872 4277; x_wconf 86' lang='lat' dir='ltr'><strong>es</strong></span> <span class='ocrx_word' id='word_1_317' title='bbox 896 4222 1112 4288; x_wconf 89' lang='lat' dir='ltr'><strong>Petrus,</strong></span> <span class='ocrx_word' id='word_1_318' title='bbox 1136 4232 1190 4276; x_wconf 89' lang='lat' dir='ltr'><strong>et</strong></span> <span class='ocrx_word' id='word_1_319' title='bbox 1219 4239 1384 4292; x_wconf 89' lang='lat' dir='ltr'><strong>super</strong></span> <span class='ocrx_word' id='word_1_320' title='bbox 1414 4223 1556 4277; x_wconf 89' lang='lat' dir='ltr'><strong>hanc</strong></span> <span class='ocrx_word' id='word_1_321' title='bbox 1585 4232 1792 4291; x_wconf 89' lang='lat' dir='ltr'><strong>petram</strong></span> <span class='ocrx_word' id='word_1_322' title='bbox 1824 4222 2009 4277; x_wconf 88' lang='lat' dir='ltr'><strong>Eccle-</strong></span> 
     </span>
    </p>
   </div>
   <div class='ocr_carea' id='block_1_46' title="bbox 427 4315 2006 4385">
    <p class='ocr_par' dir='ltr' id='par_1_46' title="bbox 427 4315 2006 4385">
     <span class='ocr_line' id='line_1_46' title="bbox 427 4315 2006 4385; baseline -0.004 -11"><span class='ocrx_word' id='word_1_323' title='bbox 427 4319 562 4375; x_wconf 90' lang='lat' dir='ltr'><strong>siam</strong></span> <span class='ocrx_word' id='word_1_324' title='bbox 621 4333 799 4371; x_wconf 90' lang='lat' dir='ltr'><strong>meam</strong></span> <span class='ocrx_word' id='word_1_325' title='bbox 855 4316 1208 4374; x_wconf 69' lang='lat' dir='ltr'><strong>mdiﬁcabo’:</strong></span> <span class='ocrx_word' id='word_1_326' title='bbox 1256 4335 1274 4366; x_wconf 75' lang='grc' dir='ltr'><strong>ι</strong></span> <span class='ocrx_word' id='word_1_327' title='bbox 1334 4315 1479 4385; x_wconf 92' lang='lat' dir='ltr'><strong>quod</strong></span> <span class='ocrx_word' id='word_1_328' title='bbox 1547 4317 1768 4384; x_wconf 87' lang='lat' dir='ltr'><strong>quidam</strong></span> <span class='ocrx_word' id='word_1_329' title='bbox 1825 4316 2006 4370; x_wconf 74' lang='lat' dir='ltr'><strong>aemuli</strong></span> 
     </span>
    </p>
   </div>
   <div class='ocr_carea' id='block_1_47' title="bbox 425 4403 2008 4475">
    <p class='ocr_par' dir='ltr' id='par_1_47' title="bbox 425 4403 2008 4475">
     <span class='ocr_line' id='line_1_47' title="bbox 425 4403 2008 4475; baseline -0.003 -11"><span class='ocrx_word' id='word_1_330' title='bbox 425 4407 654 4472; x_wconf 88' lang='lat' dir='ltr'><strong>Christi,</strong></span> <span class='ocrx_word' id='word_1_331' title='bbox 696 4407 924 4475; x_wconf 89' lang='lat' dir='ltr'><strong>ejusque</strong></span> <span class='ocrx_word' id='word_1_332' title='bbox 970 4415 1174 4460; x_wconf 78' lang='lat' dir='ltr'><strong>sancta:</strong></span> <span class='ocrx_word' id='word_1_333' title='bbox 1204 4404 1460 4459; x_wconf 78' lang='lat' dir='ltr'><strong>Ecclesia:</strong></span> <span class='ocrx_word' id='word_1_334' title='bbox 1495 4403 1877 4468; x_wconf 89' lang='lat' dir='ltr'><strong>insidiatores,</strong></span> <span class='ocrx_word' id='word_1_335' title='bbox 1919 4421 2008 4459; x_wconf 84' lang='lat' dir='ltr'><strong>sa-</strong></span> 
     </span>
    </p>
   </div>
   <div class='ocr_carea' id='block_1_48' title="bbox 2123 515 3706 587">
    <p class='ocr_par' dir='ltr' id='par_1_48' title="bbox 2123 515 3706 587">
     <span class='ocr_line' id='line_1_48' title="bbox 2123 515 3706 587; baseline -0.004 -13"><span class='ocrx_word' id='word_1_336' title='bbox 2123 521 2328 576; x_wconf 87' lang='lat' dir='ltr'><strong>redemi</strong></span> <span class='ocrx_word' id='word_1_337' title='bbox 2359 536 2474 581; x_wconf 91' lang='lat' dir='ltr'><strong>eos,</strong></span> <span class='ocrx_word' id='word_1_338' title='bbox 2504 528 2559 572; x_wconf 93' lang='lat' dir='ltr'><strong>et</strong></span> <span class='ocrx_word' id='word_1_339' title='bbox 2588 518 2688 587; x_wconf 88' lang='lat' dir='ltr'><strong>ipsi</strong></span> <span class='ocrx_word' id='word_1_340' title='bbox 2721 517 2888 571; x_wconf 91' lang='lat' dir='ltr'><strong>locuti</strong></span> <span class='ocrx_word' id='word_1_341' title='bbox 2912 525 3040 570; x_wconf 90' lang='lat' dir='ltr'><strong>sunt</strong></span> <span class='ocrx_word' id='word_1_342' title='bbox 3063 525 3252 570; x_wconf 93' lang='lat' dir='ltr'><strong>contra</strong></span> <span class='ocrx_word' id='word_1_343' title='bbox 3277 531 3362 569; x_wconf 91' lang='lat' dir='ltr'><strong>me</strong></span> <span class='ocrx_word' id='word_1_344' title='bbox 3393 515 3706 568; x_wconf 81' lang='lat' dir='ltr'><strong>mendacia.</strong></span> 
     </span>
    </p>
   </div>
   <div class='ocr_carea' id='block_1_49' title="bbox 2120 604 3710 668">
    <p class='ocr_par' dir='ltr' id='par_1_49' title="bbox 2120 604 3710 668">
     <span class='ocr_line' id='line_1_49' title="bbox 2120 604 3710 668; baseline -0.002 -9"><span class='ocrx_word' id='word_1_345' title='bbox 2120 606 2187 660; x_wconf 79' lang='lat' dir='ltr'><strong>Et</strong></span> <span class='ocrx_word' id='word_1_346' title='bbox 2224 623 2331 661; x_wconf 90' lang='lat' dir='ltr'><strong>non</strong></span> <span class='ocrx_word' id='word_1_347' title='bbox 2370 607 2746 661; x_wconf 88' lang='lat' dir='ltr'><strong>clamaverunt</strong></span> <span class='ocrx_word' id='word_1_348' title='bbox 2773 605 2838 658; x_wconf 93' lang='lat' dir='ltr'><strong>ad</strong></span> <span class='ocrx_word' id='word_1_349' title='bbox 2871 621 2956 658; x_wconf 92' lang='lat' dir='ltr'><strong>me</strong></span> <span class='ocrx_word' id='word_1_350' title='bbox 2988 605 3040 657; x_wconf 91' lang='lat' dir='ltr'><strong>in</strong></span> <span class='ocrx_word' id='word_1_351' title='bbox 3071 604 3233 657; x_wconf 88' lang='lat' dir='ltr'><strong>corde</strong></span> <span class='ocrx_word' id='word_1_352' title='bbox 3260 619 3382 668; x_wconf 90' lang='lat' dir='ltr'><strong>suo,</strong></span> <span class='ocrx_word' id='word_1_353' title='bbox 3413 605 3510 657; x_wconf 85' lang='lat' dir='ltr'><strong>sed</strong></span> <span class='ocrx_word' id='word_1_354' title='bbox 3541 605 3710 656; x_wconf 81' lang='lat' dir='ltr'><strong>ulula-</strong></span> 
     </span>
    </p>
   </div>
   <div class='ocr_carea' id='block_1_50' title="bbox 2124 695 3706 765">
    <p class='ocr_par' dir='ltr' id='par_1_50' title="bbox 2124 695 3706 765">
     <span class='ocr_line' id='line_1_50' title="bbox 2124 695 3706 765; baseline -0.005 -13"><span class='ocrx_word' id='word_1_355' title='bbox 2124 701 2254 752; x_wconf 86' lang='lat' dir='ltr'><strong>bant</strong></span> <span class='ocrx_word' id='word_1_356' title='bbox 2285 699 2338 752; x_wconf 91' lang='lat' dir='ltr'><strong>in</strong></span> <span class='ocrx_word' id='word_1_357' title='bbox 2394 697 2668 752; x_wconf 89' lang='lat' dir='ltr'><strong>cubilibus</strong></span> <span class='ocrx_word' id='word_1_358' title='bbox 2717 697 2852 751; x_wconf 93' lang='lat' dir='ltr'><strong>suis.</strong></span> <span class='ocrx_word' id='word_1_359' title='bbox 2913 696 3089 765; x_wconf 89' lang='lat' dir='ltr'><strong>Super</strong></span> <span class='ocrx_word' id='word_1_360' title='bbox 3119 695 3355 748; x_wconf 89' lang='lat' dir='ltr'><strong>triticum</strong></span> <span class='ocrx_word' id='word_1_361' title='bbox 3410 705 3464 747; x_wconf 88' lang='lat' dir='ltr'><strong>et</strong></span> <span class='ocrx_word' id='word_1_362' title='bbox 3521 695 3706 746; x_wconf 89' lang='lat' dir='ltr'><strong>vinum</strong></span> 
     </span>
    </p>
   </div>
   <div class='ocr_carea' id='block_1_51' title="bbox 2119 782 3707 854">
    <p class='ocr_par' dir='ltr' id='par_1_51' title="bbox 2119 782 3707 854">
     <span class='ocr_line' id='line_1_51' title="bbox 2119 782 3707 854; baseline -0.005 -10"><span class='ocrx_word' id='word_1_363' title='bbox 2119 791 2510 854; x_wconf 89' lang='lat' dir='ltr'><strong>ruminabant,</strong></span> <span class='ocrx_word' id='word_1_364' title='bbox 2548 800 2601 842; x_wconf 91' lang='lat' dir='ltr'><strong>et</strong></span> <span class='ocrx_word' id='word_1_365' title='bbox 2650 796 2997 842; x_wconf 87' lang='lat' dir='ltr'><strong>recesserunt</strong></span> <span class='ocrx_word' id='word_1_366' title='bbox 3031 802 3060 839; x_wconf 91' lang='lat' dir='ltr'><strong>a</strong></span> <span class='ocrx_word' id='word_1_367' title='bbox 3093 801 3199 839; x_wconf 89' lang='lat' dir='ltr'><strong>me.</strong></span> <span class='ocrx_word' id='word_1_368' title='bbox 3231 782 3296 838; x_wconf 84' lang='lat' dir='ltr'><strong>Et</strong></span> <span class='ocrx_word' id='word_1_369' title='bbox 3321 802 3425 854; x_wconf 88' lang='lat' dir='ltr'><strong>ego</strong></span> <span class='ocrx_word' id='word_1_370' title='bbox 3456 785 3707 841; x_wconf 76' lang='lat' dir='ltr'><strong>erudivi.</strong></span> 
     </span>
    </p>
   </div>
   <div class='ocr_carea' id='block_1_52' title="bbox 2115 875 3708 945">
    <p class='ocr_par' dir='ltr' id='par_1_52' title="bbox 2115 875 3708 945">
     <span class='ocr_line' id='line_1_52' title="bbox 2115 875 3708 945; baseline -0.004 -11"><span class='ocrx_word' id='word_1_371' title='bbox 2115 890 2170 934; x_wconf 93' lang='lat' dir='ltr'><strong>et</strong></span> <span class='ocrx_word' id='word_1_372' title='bbox 2199 880 2503 934; x_wconf 88' lang='lat' dir='ltr'><strong>confortavi</strong></span> <span class='ocrx_word' id='word_1_373' title='bbox 2542 878 2763 932; x_wconf 88' lang='lat' dir='ltr'><strong>brachia</strong></span> <span class='ocrx_word' id='word_1_374' title='bbox 2799 893 3013 941; x_wconf 90' lang='lat' dir='ltr'><strong>eorum,</strong></span> <span class='ocrx_word' id='word_1_375' title='bbox 3043 885 3096 929; x_wconf 92' lang='lat' dir='ltr'><strong>et</strong></span> <span class='ocrx_word' id='word_1_376' title='bbox 3121 876 3175 928; x_wconf 93' lang='lat' dir='ltr'><strong>in</strong></span> <span class='ocrx_word' id='word_1_377' title='bbox 3207 891 3292 928; x_wconf 94' lang='lat' dir='ltr'><strong>me</strong></span> <span class='ocrx_word' id='word_1_378' title='bbox 3323 875 3708 945; x_wconf 69' lang='lat' dir='ltr'><strong>cogitaverunt</strong></span> 
     </span>
    </p>
   </div>
   <div class='ocr_carea' id='block_1_53' title="bbox 2117 966 3706 1036">
    <p class='ocr_par' dir='ltr' id='par_1_53' title="bbox 2117 966 3706 1036">
     <span class='ocr_line' id='line_1_53' title="bbox 2117 966 3706 1036; baseline -0.006 -8"><span class='ocrx_word' id='word_1_379' title='bbox 2117 973 2404 1028; x_wconf 91' lang='lat' dir='ltr'><strong>malitiam.</strong></span> <span class='ocrx_word' id='word_1_380' title='bbox 2440 970 2663 1025; x_wconf 83' lang='lat' dir='ltr'><strong>Reversi</strong></span> <span class='ocrx_word' id='word_1_381' title='bbox 2692 979 2840 1032; x_wconf 90' lang='lat' dir='ltr'><strong>sunt,</strong></span> <span class='ocrx_word' id='word_1_382' title='bbox 2867 978 2929 1022; x_wconf 92' lang='lat' dir='ltr'><strong>ut</strong></span> <span class='ocrx_word' id='word_1_383' title='bbox 2957 977 3140 1022; x_wconf 91' lang='lat' dir='ltr'><strong>essent</strong></span> <span class='ocrx_word' id='word_1_384' title='bbox 3167 968 3373 1036; x_wconf 86' lang='lat' dir='ltr'><strong>absque</strong></span> <span class='ocrx_word' id='word_1_385' title='bbox 3391 967 3560 1036; x_wconf 81' lang='lat' dir='ltr'><strong>jugo,</strong></span> <span class='ocrx_word' id='word_1_386' title='bbox 3585 966 3706 1020; x_wconf 83' lang='lat' dir='ltr'><strong>facti</strong></span> 
     </span>
    </p>
   </div>
   <div class='ocr_carea' id='block_1_54' title="bbox 2119 1053 3704 1134">
    <p class='ocr_par' dir='ltr' id='par_1_54' title="bbox 2119 1053 3704 1134">
     <span class='ocr_line' id='line_1_54' title="bbox 2119 1053 3704 1134; baseline -0.004 -15"><span class='ocrx_word' id='word_1_387' title='bbox 2119 1074 2249 1119; x_wconf 91' lang='lat' dir='ltr'><strong>sunt</strong></span> <span class='ocrx_word' id='word_1_388' title='bbox 2279 1064 2437 1134; x_wconf 91' lang='lat' dir='ltr'><strong>quasi</strong></span> <span class='ocrx_word' id='word_1_389' title='bbox 2471 1079 2631 1117; x_wconf 86' lang='lat' dir='ltr'><strong>arcus</strong></span> <span class='ocrx_word' id='word_1_390' title='bbox 2664 1062 2889 1117; x_wconf 91' lang='lat' dir='ltr'><strong>dolosus</strong></span> <span class='ocrx_word' id='word_1_391' title='bbox 2912 1063 2952 1114; x_wconf 78' lang='grc'><strong>⁸.</strong></span> <span class='ocrx_word' id='word_1_392' title='bbox 3000 1059 3232 1129; x_wconf 87' lang='lat' dir='ltr'><strong>Abjiciet</strong></span> <span class='ocrx_word' id='word_1_393' title='bbox 3273 1053 3371 1114; x_wconf 77' lang='lat' dir='ltr'><strong>eos</strong></span> <span class='ocrx_word' id='word_1_394' title='bbox 3408 1059 3704 1122; x_wconf 86' lang='lat' dir='ltr'><strong>Dominus,</strong></span> 
     </span>
    </p>
   </div>
   <div class='ocr_carea' id='block_1_55' title="bbox 2119 1149 3710 1224">
    <p class='ocr_par' dir='ltr' id='par_1_55' title="bbox 2119 1149 3710 1224">
     <span class='ocr_line' id='line_1_55' title="bbox 2119 1149 3710 1224; baseline -0.004 -14"><span class='ocrx_word' id='word_1_395' title='bbox 2119 1157 2196 1211; x_wconf 90' lang='lat' dir='ltr'><strong>ait</strong></span> <span class='ocrx_word' id='word_1_396' title='bbox 2245 1157 2386 1210; x_wconf 88' lang='lat' dir='ltr'><strong>idem</strong></span> <span class='ocrx_word' id='word_1_397' title='bbox 2445 1154 2739 1224; x_wconf 90' lang='lat' dir='ltr'><strong>propheta,</strong></span> <span class='ocrx_word' id='word_1_398' title='bbox 2771 1153 2899 1222; x_wconf 91' lang='lat' dir='ltr'><strong>quia</strong></span> <span class='ocrx_word' id='word_1_399' title='bbox 2953 1166 3061 1205; x_wconf 91' lang='lat' dir='ltr'><strong>non</strong></span> <span class='ocrx_word' id='word_1_400' title='bbox 3115 1149 3410 1204; x_wconf 90' lang='lat' dir='ltr'><strong>audierunt</strong></span> <span class='ocrx_word' id='word_1_401' title='bbox 3454 1165 3627 1216; x_wconf 89' lang='lat' dir='ltr'><strong>eum,</strong></span> <span class='ocrx_word' id='word_1_402' title='bbox 3660 1159 3710 1203; x_wconf 84' lang='lat' dir='ltr'><strong>et</strong></span> 
     </span>
    </p>
   </div>
   <div class='ocr_carea' id='block_1_56' title="bbox 2115 1237 2960 1320">
    <p class='ocr_par' dir='ltr' id='par_1_56' title="bbox 2115 1237 2960 1320">
     <span class='ocr_line' id='line_1_56' title="bbox 2115 1237 2960 1320; baseline -0.009 -15"><span class='ocrx_word' id='word_1_403' title='bbox 2115 1258 2280 1305; x_wconf 91' lang='lat' dir='ltr'><strong>erunt</strong></span> <span class='ocrx_word' id='word_1_404' title='bbox 2300 1250 2421 1320; x_wconf 87' lang='lat' dir='ltr'><strong>vagi</strong></span> <span class='ocrx_word' id='word_1_405' title='bbox 2458 1251 2510 1303; x_wconf 93' lang='lat' dir='ltr'><strong>in</strong></span> <span class='ocrx_word' id='word_1_406' title='bbox 2539 1237 2856 1303; x_wconf 81' lang='lat' dir='ltr'><strong>nationibus</strong></span> <span class='ocrx_word' id='word_1_407' title='bbox 2875 1248 2914 1300; x_wconf 88' lang='lat'><strong>&quot;.</strong></span> <span class='ocrx_word' id='word_1_408' title='bbox 2942 1265 2960 1297; x_wconf 78' lang='grc' dir='ltr'><strong>ι</strong></span> 
     </span>
    </p>
   </div>
   <div class='ocr_carea' id='block_1_57' title="bbox 2882 1364 2927 1419">
    <p class='ocr_par' dir='ltr' id='par_1_57' title="bbox 2882 1364 2927 1419">
     <span class='ocr_line' id='line_1_57' title="bbox 2882 1364 2927 1419; baseline 0.089 -4"><span class='ocrx_word' id='word_1_409' title='bbox 2882 1364 2927 1419; x_wconf 86' lang='grc' dir='ltr'><strong>Ῑ.</strong></span> 
     </span>
    </p>
   </div>
   <div class='ocr_carea' id='block_1_58' title="bbox 2191 1454 3640 1530">
    <p class='ocr_par' dir='ltr' id='par_1_58' title="bbox 2191 1454 3640 1530">
     <span class='ocr_line' id='line_1_58' title="bbox 2191 1454 3640 1530; baseline -0.008 -14"><span class='ocrx_word' id='word_1_410' title='bbox 2191 1461 2267 1515; x_wconf 86' lang='lat' dir='ltr'><strong>De</strong></span> <span class='ocrx_word' id='word_1_411' title='bbox 2289 1462 2355 1515; x_wconf 88' lang='lat' dir='ltr'><strong>iis</strong></span> <span class='ocrx_word' id='word_1_412' title='bbox 2384 1459 2475 1530; x_wconf 97' lang='lat' dir='ltr'><strong>qui</strong></span> <span class='ocrx_word' id='word_1_413' title='bbox 2499 1457 2795 1512; x_wconf 81' lang='lat' dir='ltr'><strong>sacerdotes</strong></span> <span class='ocrx_word' id='word_1_414' title='bbox 2825 1463 3098 1515; x_wconf 79' lang='lat' dir='ltr'><strong>accusant,</strong></span> <span class='ocrx_word' id='word_1_415' title='bbox 3121 1454 3198 1508; x_wconf 81' lang='lat' dir='ltr'><strong>vel</strong></span> <span class='ocrx_word' id='word_1_416' title='bbox 3225 1464 3640 1524; x_wconf 78' lang='lat' dir='ltr'><strong>persequuntur.</strong></span> 
     </span>
    </p>
   </div>
   <div class='ocr_carea' id='block_1_59' title="bbox 2192 1545 3710 1616">
    <p class='ocr_par' dir='ltr' id='par_1_59' title="bbox 2192 1545 3710 1616">
     <span class='ocr_line' id='line_1_59' title="bbox 2192 1545 3710 1616; baseline -0.007 -10"><span class='ocrx_word' id='word_1_417' title='bbox 2192 1553 2267 1608; x_wconf 92' lang='lat' dir='ltr'><strong>De</strong></span> <span class='ocrx_word' id='word_1_418' title='bbox 2296 1553 2383 1606; x_wconf 90' lang='lat' dir='ltr'><strong>his</strong></span> <span class='ocrx_word' id='word_1_419' title='bbox 2428 1551 2598 1615; x_wconf 94' lang='lat' dir='ltr'><strong>enim,</strong></span> <span class='ocrx_word' id='word_1_420' title='bbox 2629 1549 2845 1605; x_wconf 82' lang='lat' dir='ltr'><strong>clericis</strong></span> <span class='ocrx_word' id='word_1_421' title='bbox 2870 1555 2924 1600; x_wconf 90' lang='lat' dir='ltr'><strong>et</strong></span> <span class='ocrx_word' id='word_1_422' title='bbox 2950 1547 3106 1600; x_wconf 89' lang='lat' dir='ltr'><strong>laicis</strong></span> <span class='ocrx_word' id='word_1_423' title='bbox 3129 1588 3143 1610; x_wconf 96' lang='lat'><strong>,</strong></span> <span class='ocrx_word' id='word_1_424' title='bbox 3186 1546 3277 1616; x_wconf 87' lang='lat' dir='ltr'><strong>qui</strong></span> <span class='ocrx_word' id='word_1_425' title='bbox 3302 1545 3601 1614; x_wconf 85' lang='lat' dir='ltr'><strong>episcopos</strong></span> <span class='ocrx_word' id='word_1_426' title='bbox 3628 1546 3710 1597; x_wconf 61' lang='lat' dir='ltr'><strong>vtl</strong></span> 
     </span>
    </p>
   </div>
   <div class='ocr_carea' id='block_1_60' title="bbox 2117 1638 3710 1716">
    <p class='ocr_par' dir='ltr' id='par_1_60' title="bbox 2117 1638 3710 1716">
     <span class='ocr_line' id='line_1_60' title="bbox 2117 1638 3710 1716; baseline -0.008 -15"><span class='ocrx_word' id='word_1_427' title='bbox 2117 1647 2359 1716; x_wconf 88' lang='lat' dir='ltr'><strong>reliquos</strong></span> <span class='ocrx_word' id='word_1_428' title='bbox 2393 1643 2726 1706; x_wconf 89' lang='lat' dir='ltr'><strong>sacerdotes,</strong></span> <span class='ocrx_word' id='word_1_429' title='bbox 2764 1651 2872 1694; x_wconf 93' lang='lat' dir='ltr'><strong>tam</strong></span> <span class='ocrx_word' id='word_1_430' title='bbox 2907 1639 2972 1692; x_wconf 89' lang='lat' dir='ltr'><strong>ad</strong></span> <span class='ocrx_word' id='word_1_431' title='bbox 3008 1638 3265 1708; x_wconf 85' lang='lat' dir='ltr'><strong>primates</strong></span> <span class='ocrx_word' id='word_1_432' title='bbox 3305 1652 3502 1691; x_wconf 89' lang='lat' dir='ltr'><strong>eorum</strong></span> <span class='ocrx_word' id='word_1_433' title='bbox 3541 1651 3710 1706; x_wconf 86' lang='lat' dir='ltr'><strong>quam</strong></span> 
     </span>
    </p>
   </div>
   <div class='ocr_carea' id='block_1_61' title="bbox 2119 1731 3710 1807">
    <p class='ocr_par' dir='ltr' id='par_1_61' title="bbox 2119 1731 3710 1807">
     <span class='ocr_line' id='line_1_61' title="bbox 2119 1731 3710 1807; baseline -0.006 -15"><span class='ocrx_word' id='word_1_434' title='bbox 2119 1738 2186 1792; x_wconf 85' lang='lat' dir='ltr'><strong>ad</strong></span> <span class='ocrx_word' id='word_1_435' title='bbox 2223 1738 2466 1807; x_wconf 88' lang='lat' dir='ltr'><strong>reliquos</strong></span> <span class='ocrx_word' id='word_1_436' title='bbox 2506 1742 2770 1790; x_wconf 89' lang='lat' dir='ltr'><strong>accusant</strong></span> <span class='ocrx_word' id='word_1_437' title='bbox 2795 1734 3039 1802; x_wconf 91' lang='lat' dir='ltr'><strong>judices,</strong></span> <span class='ocrx_word' id='word_1_438' title='bbox 3071 1734 3222 1801; x_wconf 91' lang='lat' dir='ltr'><strong>prius</strong></span> <span class='ocrx_word' id='word_1_439' title='bbox 3251 1747 3419 1800; x_wconf 90' lang='lat' dir='ltr'><strong>quam</strong></span> <span class='ocrx_word' id='word_1_440' title='bbox 3476 1731 3710 1783; x_wconf 84' lang='lat' dir='ltr'><strong>auribus</strong></span> 
     </span>
    </p>
   </div>
   <div class='ocr_carea' id='block_1_62' title="bbox 2047 1805 3710 1896">
    <p class='ocr_par' dir='ltr' id='par_1_62' title="bbox 2047 1805 3710 1896">
     <span class='ocr_line' id='line_1_62' title="bbox 2047 1805 3710 1896; baseline -0.007 -13"><span class='ocrx_word' id='word_1_441' title='bbox 2047 1805 2088 1859; x_wconf 75' lang='grc' dir='ltr'>Β</span> <span class='ocrx_word' id='word_1_442' title='bbox 2119 1844 2334 1894; x_wconf 88' lang='lat' dir='ltr'><strong>eorum,</strong></span> <span class='ocrx_word' id='word_1_443' title='bbox 2368 1843 2399 1881; x_wconf 91' lang='lat' dir='ltr'><strong>a</strong></span> <span class='ocrx_word' id='word_1_444' title='bbox 2437 1826 2640 1896; x_wconf 88' lang='lat' dir='ltr'><strong>quibus</strong></span> <span class='ocrx_word' id='word_1_445' title='bbox 2679 1840 2737 1879; x_wconf 87' lang='lat' dir='ltr'><strong>se</strong></span> <span class='ocrx_word' id='word_1_446' title='bbox 2775 1824 2935 1878; x_wconf 61' lang='lat' dir='ltr'><strong>laesos</strong></span> <span class='ocrx_word' id='word_1_447' title='bbox 2975 1824 3276 1886; x_wconf 65' lang='lat' dir='ltr'><strong>mstimant,</strong></span> <span class='ocrx_word' id='word_1_448' title='bbox 3302 1821 3618 1882; x_wconf 84' lang='lat' dir='ltr'><strong>inculcent,</strong></span> <span class='ocrx_word' id='word_1_449' title='bbox 3653 1829 3710 1872; x_wconf 88' lang='lat' dir='ltr'><strong>ut</strong></span> 
     </span>
    </p>
   </div>
   <div class='ocr_carea' id='block_1_63' title="bbox 2117 1913 3709 1988">
    <p class='ocr_par' dir='ltr' id='par_1_63' title="bbox 2117 1913 3709 1988">
     <span class='ocr_line' id='line_1_63' title="bbox 2117 1913 3709 1988; baseline -0.005 -15"><span class='ocrx_word' id='word_1_450' title='bbox 2117 1919 2186 1972; x_wconf 92' lang='lat' dir='ltr'><strong>ab</strong></span> <span class='ocrx_word' id='word_1_451' title='bbox 2217 1919 2297 1972; x_wconf 92' lang='lat' dir='ltr'><strong>cis</strong></span> <span class='ocrx_word' id='word_1_452' title='bbox 2338 1919 2544 1988; x_wconf 90' lang='lat' dir='ltr'><strong>autjus</strong></span> <span class='ocrx_word' id='word_1_453' title='bbox 2591 1932 2789 1981; x_wconf 91' lang='lat' dir='ltr'><strong>suum,</strong></span> <span class='ocrx_word' id='word_1_454' title='bbox 2818 1925 2912 1969; x_wconf 85' lang='lat' dir='ltr'><strong>aut</strong></span> <span class='ocrx_word' id='word_1_455' title='bbox 2952 1915 3157 1984; x_wconf 88' lang='lat' dir='ltr'><strong>justam</strong></span> <span class='ocrx_word' id='word_1_456' title='bbox 3199 1913 3466 1980; x_wconf 91' lang='lat' dir='ltr'><strong>recipiant</strong></span> <span class='ocrx_word' id='word_1_457' title='bbox 3519 1913 3709 1982; x_wconf 87' lang='lat' dir='ltr'><strong>apolo-</strong></span> 
     </span>
    </p>
   </div>
   <div class='ocr_carea' id='block_1_64' title="bbox 2117 2005 3704 2081">
    <p class='ocr_par' dir='ltr' id='par_1_64' title="bbox 2117 2005 3704 2081">
     <span class='ocr_line' id='line_1_64' title="bbox 2117 2005 3704 2081; baseline -0.006 -17"><span class='ocrx_word' id='word_1_458' title='bbox 2117 2012 2286 2081; x_wconf 83' lang='lat' dir='ltr'><strong>giam,</strong></span> <span class='ocrx_word' id='word_1_459' title='bbox 2331 2011 2458 2064; x_wconf 91' lang='lat' dir='ltr'><strong>item</strong></span> <span class='ocrx_word' id='word_1_460' title='bbox 2501 2026 2597 2079; x_wconf 91' lang='lat' dir='ltr'><strong>per</strong></span> <span class='ocrx_word' id='word_1_461' title='bbox 2634 2009 2884 2063; x_wconf 90' lang='lat' dir='ltr'><strong>eumdem</strong></span> <span class='ocrx_word' id='word_1_462' title='bbox 2915 2007 2991 2061; x_wconf 90' lang='lat' dir='ltr'><strong>ait</strong></span> <span class='ocrx_word' id='word_1_463' title='bbox 3035 2005 3301 2059; x_wconf 85' lang='lat' dir='ltr'><strong>Dominus</strong></span> <span class='ocrx_word' id='word_1_464' title='bbox 3336 2005 3704 2074; x_wconf 83' lang='lat' dir='ltr'><strong>prophetam:</strong></span> 
     </span>
    </p>
   </div>
   <div class='ocr_carea' id='block_1_65' title="bbox 2125 2095 3710 2164">
    <p class='ocr_par' dir='ltr' id='par_1_65' title="bbox 2125 2095 3710 2164">
     <span class='ocr_line' id='line_1_65' title="bbox 2125 2095 3710 2164; baseline -0.005 -11"><span class='ocrx_word' id='word_1_465' title='bbox 2125 2121 2142 2153; x_wconf 75' lang='grc' dir='ltr'>σ</span> <span class='ocrx_word' id='word_1_466' title='bbox 2177 2101 2338 2164; x_wconf 85' lang='lat' dir='ltr'><strong>Audi,</strong></span> <span class='ocrx_word' id='word_1_467' title='bbox 2372 2101 2569 2156; x_wconf 88' lang='lat' dir='ltr'><strong>domus</strong></span> <span class='ocrx_word' id='word_1_468' title='bbox 2603 2099 2766 2154; x_wconf 86' lang='lat' dir='ltr'><strong>Israel</strong></span> <span class='ocrx_word' id='word_1_469' title='bbox 2792 2140 2806 2162; x_wconf 93' lang='lat'><strong>,</strong></span> <span class='ocrx_word' id='word_1_470' title='bbox 2838 2106 2890 2150; x_wconf 90' lang='lat' dir='ltr'><strong>et</strong></span> <span class='ocrx_word' id='word_1_471' title='bbox 2926 2097 3123 2150; x_wconf 91' lang='lat' dir='ltr'><strong>domus</strong></span> <span class='ocrx_word' id='word_1_472' title='bbox 3150 2095 3312 2164; x_wconf 79' lang='lat' dir='ltr'><strong>regis,</strong></span> <span class='ocrx_word' id='word_1_473' title='bbox 3342 2095 3624 2158; x_wconf 81' lang='lat' dir='ltr'><strong>ausculta,</strong></span> <span class='ocrx_word' id='word_1_474' title='bbox 3660 2104 3710 2145; x_wconf 89' lang='lat' dir='ltr'><strong>et</strong></span> 
     </span>
    </p>
   </div>
   <div class='ocr_carea' id='block_1_66' title="bbox 2118 2187 3709 2260">
    <p class='ocr_par' dir='ltr' id='par_1_66' title="bbox 2118 2187 3709 2260">
     <span class='ocr_line' id='line_1_66' title="bbox 2118 2187 3709 2260; baseline -0.007 -11"><span class='ocrx_word' id='word_1_475' title='bbox 2118 2194 2409 2260; x_wconf 88' lang='lat' dir='ltr'><strong>attendite,</strong></span> <span class='ocrx_word' id='word_1_476' title='bbox 2439 2193 2772 2256; x_wconf 89' lang='lat' dir='ltr'><strong>sacerdotes,</strong></span> <span class='ocrx_word' id='word_1_477' title='bbox 2805 2189 2934 2258; x_wconf 91' lang='lat' dir='ltr'><strong>quia</strong></span> <span class='ocrx_word' id='word_1_478' title='bbox 2961 2188 3117 2242; x_wconf 88' lang='lat' dir='ltr'><strong>vobis</strong></span> <span class='ocrx_word' id='word_1_479' title='bbox 3140 2187 3410 2256; x_wconf 89' lang='lat' dir='ltr'><strong>judicium</strong></span> <span class='ocrx_word' id='word_1_480' title='bbox 3442 2196 3709 2254; x_wconf 79' lang='lat' dir='ltr'><strong>est,quo-</strong></span> 
     </span>
    </p>
   </div>
   <div class='ocr_carea' id='block_1_67' title="bbox 2118 2281 3710 2356">
    <p class='ocr_par' dir='ltr' id='par_1_67' title="bbox 2118 2281 3710 2356">
     <span class='ocr_line' id='line_1_67' title="bbox 2118 2281 3710 2356; baseline -0.007 -14"><span class='ocrx_word' id='word_1_481' title='bbox 2118 2290 2266 2342; x_wconf 90' lang='lat' dir='ltr'><strong>niam</strong></span> <span class='ocrx_word' id='word_1_482' title='bbox 2321 2289 2551 2356; x_wconf 89' lang='lat' dir='ltr'><strong>laqueus</strong></span> <span class='ocrx_word' id='word_1_483' title='bbox 2587 2286 2714 2340; x_wconf 89' lang='lat' dir='ltr'><strong>facti</strong></span> <span class='ocrx_word' id='word_1_484' title='bbox 2759 2285 2893 2339; x_wconf 90' lang='lat' dir='ltr'><strong>estis</strong></span> <span class='ocrx_word' id='word_1_485' title='bbox 2923 2281 3282 2353; x_wconf 91' lang='lat' dir='ltr'><strong>spcculationi</strong></span> <span class='ocrx_word' id='word_1_486' title='bbox 3310 2323 3326 2345; x_wconf 94' lang='lat'><strong>,</strong></span> <span class='ocrx_word' id='word_1_487' title='bbox 3363 2290 3420 2333; x_wconf 90' lang='lat' dir='ltr'><strong>et</strong></span> <span class='ocrx_word' id='word_1_488' title='bbox 3463 2290 3584 2333; x_wconf 88' lang='lat' dir='ltr'><strong>rete</strong></span> <span class='ocrx_word' id='word_1_489' title='bbox 3620 2295 3710 2332; x_wconf 76' lang='lat' dir='ltr'><strong>ex—</strong></span> 
     </span>
    </p>
   </div>
   <div class='ocr_carea' id='block_1_68' title="bbox 2116 2371 3710 2450">
    <p class='ocr_par' dir='ltr' id='par_1_68' title="bbox 2116 2371 3710 2450">
     <span class='ocr_line' id='line_1_68' title="bbox 2116 2371 3710 2450; baseline -0.007 -15"><span class='ocrx_word' id='word_1_490' title='bbox 2116 2397 2351 2449; x_wconf 89' lang='lat' dir='ltr'><strong>pansum</strong></span> <span class='ocrx_word' id='word_1_491' title='bbox 2406 2396 2568 2450; x_wconf 89' lang='lat' dir='ltr'><strong>super</strong></span> <span class='ocrx_word' id='word_1_492' title='bbox 2592 2376 2816 2432; x_wconf 89' lang='lat' dir='ltr'><strong>Thahor</strong></span> <span class='ocrx_word' id='word_1_493' title='bbox 2843 2419 2857 2442; x_wconf 89' lang='lat'><strong>,</strong></span> <span class='ocrx_word' id='word_1_494' title='bbox 2889 2376 3250 2443; x_wconf 84' lang='lat' dir='ltr'><strong>victimasque</strong></span> <span class='ocrx_word' id='word_1_495' title='bbox 3288 2372 3615 2426; x_wconf 83' lang='lat' dir='ltr'><strong>declinastis</strong></span> <span class='ocrx_word' id='word_1_496' title='bbox 3655 2371 3710 2424; x_wconf 92' lang='lat' dir='ltr'><strong>ir.</strong></span> 
     </span>
    </p>
   </div>
   <div class='ocr_carea' id='block_1_69' title="bbox 2116 2463 3703 2543">
    <p class='ocr_par' dir='ltr' id='par_1_69' title="bbox 2116 2463 3703 2543">
     <span class='ocr_line' id='line_1_69' title="bbox 2116 2463 3703 2543; baseline -0.009 -15"><span class='ocrx_word' id='word_1_497' title='bbox 2116 2473 2490 2543; x_wconf 84' lang='lat' dir='ltr'><strong>profundum:</strong></span> <span class='ocrx_word' id='word_1_498' title='bbox 2529 2481 2581 2525; x_wconf 91' lang='lat' dir='ltr'><strong>et</strong></span> <span class='ocrx_word' id='word_1_499' title='bbox 2625 2487 2726 2540; x_wconf 86' lang='lat' dir='ltr'><strong>ego</strong></span> <span class='ocrx_word' id='word_1_500' title='bbox 2763 2469 3005 2523; x_wconf 90' lang='lat' dir='ltr'><strong>eruditor</strong></span> <span class='ocrx_word' id='word_1_501' title='bbox 3046 2466 3293 2519; x_wconf 91' lang='lat' dir='ltr'><strong>omnium</strong></span> <span class='ocrx_word' id='word_1_502' title='bbox 3337 2474 3592 2518; x_wconf 84' lang='lat' dir='ltr'><strong>vestrum</strong></span> <span class='ocrx_word' id='word_1_503' title='bbox 3615 2463 3653 2516; x_wconf 75' lang='grc'><strong>⁸.</strong></span> <span class='ocrx_word' id='word_1_504' title='bbox 3685 2481 3703 2512; x_wconf 74' lang='grc' dir='ltr'><strong>ι</strong></span> 
     </span>
    </p>
   </div>
   <div class='ocr_carea' id='block_1_70' title="bbox 2117 2558 3708 2629">
    <p class='ocr_par' dir='ltr' id='par_1_70' title="bbox 2117 2558 3708 2629">
     <span class='ocr_line' id='line_1_70' title="bbox 2117 2558 3708 2629; baseline -0.006 -10"><span class='ocrx_word' id='word_1_505' title='bbox 2117 2566 2183 2620; x_wconf 84' lang='lat' dir='ltr'><strong>Et</strong></span> <span class='ocrx_word' id='word_1_506' title='bbox 2229 2567 2392 2621; x_wconf 87' lang='lat' dir='ltr'><strong>alibi:</strong></span> <span class='ocrx_word' id='word_1_507' title='bbox 2427 2564 2676 2619; x_wconf 71' lang='lat' dir='ltr'><strong>«Omnes</strong></span> <span class='ocrx_word' id='word_1_508' title='bbox 2711 2562 2958 2618; x_wconf 90' lang='lat' dir='ltr'><strong>calefacti</strong></span> <span class='ocrx_word' id='word_1_509' title='bbox 3024 2561 3156 2614; x_wconf 90' lang='lat' dir='ltr'><strong>estis</strong></span> <span class='ocrx_word' id='word_1_510' title='bbox 3208 2559 3368 2629; x_wconf 88' lang='lat' dir='ltr'><strong>quasi</strong></span> <span class='ocrx_word' id='word_1_511' title='bbox 3419 2558 3708 2616; x_wconf 87' lang='lat' dir='ltr'><strong>clibanus,</strong></span> 
     </span>
    </p>
   </div>
   <div class='ocr_carea' id='block_1_71' title="bbox 2115 2647 3712 2728">
    <p class='ocr_par' dir='ltr' id='par_1_71' title="bbox 2115 2647 3712 2728">
     <span class='ocr_line' id='line_1_71' title="bbox 2115 2647 3712 2728; baseline -0.008 -16"><span class='ocrx_word' id='word_1_512' title='bbox 2115 2659 2243 2728; x_wconf 91' lang='lat' dir='ltr'><strong>quia</strong></span> <span class='ocrx_word' id='word_1_513' title='bbox 2301 2656 2576 2711; x_wconf 85' lang='lat' dir='ltr'><strong>devoratis</strong></span> <span class='ocrx_word' id='word_1_514' title='bbox 2618 2655 2833 2724; x_wconf 89' lang='lat' dir='ltr'><strong>judiccs</strong></span> <span class='ocrx_word' id='word_1_515' title='bbox 2870 2654 3141 2716; x_wconf 84' lang='lat' dir='ltr'><strong>vestros’,</strong></span> <span class='ocrx_word' id='word_1_516' title='bbox 3176 2652 3274 2721; x_wconf 91' lang='lat' dir='ltr'><strong>ipsi</strong></span> <span class='ocrx_word' id='word_1_517' title='bbox 3321 2659 3511 2703; x_wconf 90' lang='lat' dir='ltr'><strong>autem</strong></span> <span class='ocrx_word' id='word_1_518' title='bbox 3545 2647 3712 2701; x_wconf 83' lang='lat' dir='ltr'><strong>decli-</strong></span> 
     </span>
    </p>
   </div>
   <div class='ocr_carea' id='block_1_72' title="bbox 2117 2739 3711 2815">
    <p class='ocr_par' dir='ltr' id='par_1_72' title="bbox 2117 2739 3711 2815">
     <span class='ocr_line' id='line_1_72' title="bbox 2117 2739 3711 2815; baseline -0.008 -12"><span class='ocrx_word' id='word_1_519' title='bbox 2117 2758 2253 2804; x_wconf 88' lang='lat' dir='ltr'><strong>naut</strong></span> <span class='ocrx_word' id='word_1_520' title='bbox 2294 2748 2548 2802; x_wconf 87' lang='lat' dir='ltr'><strong>victimas</strong></span> <span class='ocrx_word' id='word_1_521' title='bbox 2584 2746 2800 2800; x_wconf 89' lang='lat' dir='ltr'><strong>Domini</strong></span> <span class='ocrx_word' id='word_1_522' title='bbox 2850 2747 2905 2799; x_wconf 91' lang='lat' dir='ltr'><strong>in</strong></span> <span class='ocrx_word' id='word_1_523' title='bbox 2950 2744 3285 2815; x_wconf 90' lang='lat' dir='ltr'><strong>profundum</strong></span> <span class='ocrx_word' id='word_1_524' title='bbox 3314 2743 3381 2804; x_wconf 85' lang='grc'><strong>¹⁰,</strong></span> <span class='ocrx_word' id='word_1_525' title='bbox 3422 2761 3440 2792; x_wconf 74' lang='grc' dir='ltr'><strong>ι</strong></span> <span class='ocrx_word' id='word_1_526' title='bbox 3479 2739 3579 2809; x_wconf 88' lang='lat' dir='ltr'><strong>qui</strong></span> <span class='ocrx_word' id='word_1_527' title='bbox 3617 2753 3711 2792; x_wconf 86' lang='lat' dir='ltr'><strong>eos</strong></span> 
     </span>
    </p>
   </div>
   <div class='ocr_carea' id='block_1_73' title="bbox 2115 2833 3712 2908">
    <p class='ocr_par' dir='ltr' id='par_1_73' title="bbox 2115 2833 3712 2908">
     <span class='ocr_line' id='line_1_73' title="bbox 2115 2833 3712 2908; baseline -0.006 -14"><span class='ocrx_word' id='word_1_528' title='bbox 2115 2843 2380 2896; x_wconf 82' lang='lat' dir='ltr'><strong>devorant</strong></span> <span class='ocrx_word' id='word_1_529' title='bbox 2411 2840 2492 2894; x_wconf 91' lang='lat' dir='ltr'><strong>vel</strong></span> <span class='ocrx_word' id='word_1_530' title='bbox 2521 2839 2726 2908; x_wconf 88' lang='lat' dir='ltr'><strong>injuste</strong></span> <span class='ocrx_word' id='word_1_531' title='bbox 2761 2839 3005 2892; x_wconf 88' lang='lat' dir='ltr'><strong>lacerant</strong></span> <span class='ocrx_word' id='word_1_532' title='bbox 3037 2837 3131 2907; x_wconf 90' lang='lat' dir='ltr'><strong>qui</strong></span> <span class='ocrx_word' id='word_1_533' title='bbox 3185 2835 3327 2890; x_wconf 91' lang='lat' dir='ltr'><strong>oculi</strong></span> <span class='ocrx_word' id='word_1_534' title='bbox 3367 2833 3593 2888; x_wconf 91' lang='lat' dir='ltr'><strong>Domini</strong></span> <span class='ocrx_word' id='word_1_535' title='bbox 3629 2833 3712 2885; x_wconf 88' lang='lat' dir='ltr'><strong>di-</strong></span> 
     </span>
    </p>
   </div>
   <div class='ocr_carea' id='block_1_74' title="bbox 2115 2926 3710 3000">
    <p class='ocr_par' dir='ltr' id='par_1_74' title="bbox 2115 2926 3710 3000">
     <span class='ocr_line' id='line_1_74' title="bbox 2115 2926 3710 3000; baseline -0.007 -11"><span class='ocrx_word' id='word_1_536' title='bbox 2115 2944 2334 2989; x_wconf 90' lang='lat' dir='ltr'><strong>cuntur.</strong></span> <span class='ocrx_word' id='word_1_537' title='bbox 2360 2931 2495 2985; x_wconf 83' lang='lat' dir='ltr'><strong>Nam</strong></span> <span class='ocrx_word' id='word_1_538' title='bbox 2530 2933 2572 2984; x_wconf 87' lang='lat' dir='ltr'><strong>si</strong></span> <span class='ocrx_word' id='word_1_539' title='bbox 2613 2932 2774 2984; x_wconf 87' lang='lat' dir='ltr'><strong>modo</strong></span> <span class='ocrx_word' id='word_1_540' title='bbox 2797 2931 3090 3000; x_wconf 90' lang='lat' dir='ltr'><strong>quisquam</strong></span> <span class='ocrx_word' id='word_1_541' title='bbox 3129 2927 3398 2998; x_wconf 91' lang='lat' dir='ltr'><strong>principis</strong></span> <span class='ocrx_word' id='word_1_542' title='bbox 3425 2926 3710 2980; x_wconf 62' lang='lat' dir='ltr'><strong>saecularis</strong></span> 
     </span>
    </p>
   </div>
   <div class='ocr_carea' id='block_1_75' title="bbox 2115 3018 3712 3086">
    <p class='ocr_par' dir='ltr' id='par_1_75' title="bbox 2115 3018 3712 3086">
     <span class='ocr_line' id='line_1_75' title="bbox 2115 3018 3712 3086; baseline -0.006 -6"><span class='ocrx_word' id='word_1_543' title='bbox 2115 3025 2305 3080; x_wconf 89' lang='lat' dir='ltr'><strong>oculos</strong></span> <span class='ocrx_word' id='word_1_544' title='bbox 2335 3025 2603 3078; x_wconf 86' lang='lat' dir='ltr'><strong>laceraret</strong></span> <span class='ocrx_word' id='word_1_545' title='bbox 2648 3033 2743 3076; x_wconf 90' lang='lat' dir='ltr'><strong>aut</strong></span> <span class='ocrx_word' id='word_1_546' title='bbox 2776 3031 3089 3086; x_wconf 81' lang='lat' dir='ltr'><strong>amoveret,</strong></span> <span class='ocrx_word' id='word_1_547' title='bbox 3117 3028 3264 3074; x_wconf 88' lang='lat' dir='ltr'><strong>esset</strong></span> <span class='ocrx_word' id='word_1_548' title='bbox 3297 3034 3428 3072; x_wconf 90' lang='lat' dir='ltr'><strong>reus</strong></span> <span class='ocrx_word' id='word_1_549' title='bbox 3457 3018 3712 3070; x_wconf 77' lang='lat' dir='ltr'><strong>criminis</strong></span> 
     </span>
    </p>
   </div>
   <div class='ocr_carea' id='block_1_76' title="bbox 2040 3111 3709 3204">
    <p class='ocr_par' dir='ltr' id='par_1_76' title="bbox 2040 3111 3709 3204">
     <span class='ocr_line' id='line_1_76' title="bbox 2040 3111 3709 3204; baseline -0.007 -32"><span class='ocrx_word' id='word_1_550' title='bbox 2040 3147 2082 3204; x_wconf 64' lang='grc' dir='ltr'>ο</span> <span class='ocrx_word' id='word_1_551' title='bbox 2118 3118 2442 3186; x_wconf 89' lang='lat' dir='ltr'><strong>majestatis,</strong></span> <span class='ocrx_word' id='word_1_552' title='bbox 2469 3132 2536 3169; x_wconf 91' lang='lat' dir='ltr'><strong>an</strong></span> <span class='ocrx_word' id='word_1_553' title='bbox 2571 3116 2720 3169; x_wconf 88' lang='lat' dir='ltr'><strong>non?</strong></span> <span class='ocrx_word' id='word_1_554' title='bbox 2751 3113 3006 3168; x_wconf 88' lang='lat' dir='ltr'><strong>Profecto</strong></span> <span class='ocrx_word' id='word_1_555' title='bbox 3041 3121 3135 3166; x_wconf 90' lang='lat' dir='ltr'><strong>aut</strong></span> <span class='ocrx_word' id='word_1_556' title='bbox 3173 3111 3333 3164; x_wconf 87' lang='lat' dir='ltr'><strong>morti</strong></span> <span class='ocrx_word' id='word_1_557' title='bbox 3376 3111 3709 3171; x_wconf 87' lang='lat' dir='ltr'><strong>traderetur,</strong></span> 
     </span>
    </p>
   </div>
   <div class='ocr_carea' id='block_1_77' title="bbox 2116 3203 3711 3280">
    <p class='ocr_par' dir='ltr' id='par_1_77' title="bbox 2116 3203 3711 3280">
     <span class='ocr_line' id='line_1_77' title="bbox 2116 3203 3711 3280; baseline -0.007 -15"><span class='ocrx_word' id='word_1_558' title='bbox 2116 3222 2210 3265; x_wconf 89' lang='lat' dir='ltr'><strong>aut</strong></span> <span class='ocrx_word' id='word_1_559' title='bbox 2239 3219 2502 3280; x_wconf 91' lang='lat' dir='ltr'><strong>perpetua</strong></span> <span class='ocrx_word' id='word_1_560' title='bbox 2543 3217 2828 3261; x_wconf 91' lang='lat' dir='ltr'><strong>notaretur</strong></span> <span class='ocrx_word' id='word_1_561' title='bbox 2868 3206 3116 3260; x_wconf 89' lang='lat' dir='ltr'><strong>infamia.</strong></span> <span class='ocrx_word' id='word_1_562' title='bbox 3153 3204 3209 3258; x_wconf 90' lang='lat' dir='ltr'><strong>Si</strong></span> <span class='ocrx_word' id='word_1_563' title='bbox 3253 3219 3353 3274; x_wconf 90' lang='lat' dir='ltr'><strong>pro</strong></span> <span class='ocrx_word' id='word_1_564' title='bbox 3387 3203 3581 3257; x_wconf 62' lang='lat' dir='ltr'><strong>saeculi</strong></span> <span class='ocrx_word' id='word_1_565' title='bbox 3613 3217 3711 3270; x_wconf 85' lang='lat' dir='ltr'><strong>po-</strong></span> 
     </span>
    </p>
   </div>
   <div class='ocr_carea' id='block_1_78' title="bbox 2117 3294 3713 3364">
    <p class='ocr_par' dir='ltr' id='par_1_78' title="bbox 2117 3294 3713 3364">
     <span class='ocr_line' id='line_1_78' title="bbox 2117 3294 3713 3364; baseline -0.006 -8"><span class='ocrx_word' id='word_1_566' title='bbox 2117 3303 2404 3358; x_wconf 90' lang='lat' dir='ltr'><strong>testatibus</strong></span> <span class='ocrx_word' id='word_1_567' title='bbox 2447 3302 2575 3355; x_wconf 89' lang='lat' dir='ltr'><strong>talia</strong></span> <span class='ocrx_word' id='word_1_568' title='bbox 2619 3301 2688 3354; x_wconf 90' lang='lat' dir='ltr'><strong>ab</strong></span> <span class='ocrx_word' id='word_1_569' title='bbox 2724 3300 3044 3353; x_wconf 88' lang='lat' dir='ltr'><strong>hominibus</strong></span> <span class='ocrx_word' id='word_1_570' title='bbox 3084 3298 3255 3360; x_wconf 80' lang='lat' dir='ltr'><strong>fiunt,</strong></span> <span class='ocrx_word' id='word_1_571' title='bbox 3291 3295 3427 3364; x_wconf 91' lang='lat' dir='ltr'><strong>quid</strong></span> <span class='ocrx_word' id='word_1_572' title='bbox 3476 3309 3585 3364; x_wconf 89' lang='lat' dir='ltr'><strong>pro</strong></span> <span class='ocrx_word' id='word_1_573' title='bbox 3627 3294 3713 3347; x_wconf 84' lang='lat' dir='ltr'><strong>bis</strong></span> 
     </span>
    </p>
   </div>
   <div class='ocr_carea' id='block_1_79' title="bbox 2115 3387 3711 3465">
    <p class='ocr_par' dir='ltr' id='par_1_79' title="bbox 2115 3387 3711 3465">
     <span class='ocr_line' id='line_1_79' title="bbox 2115 3387 3711 3465; baseline -0.006 -16"><span class='ocrx_word' id='word_1_574' title='bbox 2115 3396 2231 3449; x_wconf 81' lang='lat' dir='ltr'><strong>fieri</strong></span> <span class='ocrx_word' id='word_1_575' title='bbox 2267 3395 2512 3465; x_wconf 88' lang='lat' dir='ltr'><strong>putatis,</strong></span> <span class='ocrx_word' id='word_1_576' title='bbox 2556 3394 2622 3447; x_wconf 90' lang='lat' dir='ltr'><strong>de</strong></span> <span class='ocrx_word' id='word_1_577' title='bbox 2672 3393 2873 3462; x_wconf 89' lang='lat' dir='ltr'><strong>quibus</strong></span> <span class='ocrx_word' id='word_1_578' title='bbox 2923 3390 3186 3443; x_wconf 90' lang='lat' dir='ltr'><strong>Dominus</strong></span> <span class='ocrx_word' id='word_1_579' title='bbox 3241 3389 3358 3442; x_wconf 85' lang='lat' dir='ltr'><strong>ait:</strong></span> <span class='ocrx_word' id='word_1_580' title='bbox 3404 3407 3423 3438; x_wconf 88' lang='grc'><em>‹</em></span> <span class='ocrx_word' id='word_1_581' title='bbox 3455 3387 3566 3454; x_wconf 84' lang='lat' dir='ltr'><strong>Qui</strong></span> <span class='ocrx_word' id='word_1_582' title='bbox 3615 3402 3711 3439; x_wconf 78' lang='lat' dir='ltr'><strong>vos</strong></span> 
     </span>
    </p>
   </div>
   <div class='ocr_carea' id='block_1_80' title="bbox 2116 3478 3711 3557">
    <p class='ocr_par' dir='ltr' id='par_1_80' title="bbox 2116 3478 3711 3557">
     <span class='ocr_line' id='line_1_80' title="bbox 2116 3478 3711 3557; baseline -0.007 -16"><span class='ocrx_word' id='word_1_583' title='bbox 2116 3487 2310 3556; x_wconf 83' lang='lat' dir='ltr'><strong>tangit,</strong></span> <span class='ocrx_word' id='word_1_584' title='bbox 2336 3486 2508 3557; x_wconf 88' lang='lat' dir='ltr'><strong>tangit</strong></span> <span class='ocrx_word' id='word_1_585' title='bbox 2530 3485 2792 3554; x_wconf 90' lang='lat' dir='ltr'><strong>pupillam</strong></span> <span class='ocrx_word' id='word_1_586' title='bbox 2816 3482 2962 3537; x_wconf 91' lang='lat' dir='ltr'><strong>oculi</strong></span> <span class='ocrx_word' id='word_1_587' title='bbox 2991 3483 3094 3535; x_wconf 91' lang='lat' dir='ltr'><strong>mei</strong></span> <span class='ocrx_word' id='word_1_588' title='bbox 3112 3481 3192 3533; x_wconf 82' lang='lat'><strong>“?</strong></span> <span class='ocrx_word' id='word_1_589' title='bbox 3216 3500 3232 3531; x_wconf 72' lang='grc' dir='ltr'><strong>ι</strong></span> <span class='ocrx_word' id='word_1_590' title='bbox 3260 3478 3519 3532; x_wconf 75' lang='lat' dir='ltr'><strong>l’Proeul</strong></span> <span class='ocrx_word' id='word_1_591' title='bbox 3545 3479 3711 3532; x_wconf 85' lang='lat' dir='ltr'><strong>dubio</strong></span> 
     </span>
    </p>
   </div>
   <div class='ocr_carea' id='block_1_81' title="bbox 2115 3571 3706 3650">
    <p class='ocr_par' dir='ltr' id='par_1_81' title="bbox 2115 3571 3706 3650">
     <span class='ocr_line' id='line_1_81' title="bbox 2115 3571 3706 3650; baseline -0.007 -17"><span class='ocrx_word' id='word_1_592' title='bbox 2115 3580 2168 3634; x_wconf 90' lang='lat' dir='ltr'><strong>hi</strong></span> <span class='ocrx_word' id='word_1_593' title='bbox 2199 3580 2293 3650; x_wconf 93' lang='lat' dir='ltr'><strong>qui</strong></span> <span class='ocrx_word' id='word_1_594' title='bbox 2342 3595 2438 3634; x_wconf 90' lang='lat' dir='ltr'><strong>eos</strong></span> <span class='ocrx_word' id='word_1_595' title='bbox 2478 3588 2914 3648; x_wconf 90' lang='lat' dir='ltr'><strong>persequuntur,</strong></span> <span class='ocrx_word' id='word_1_596' title='bbox 2948 3584 3002 3629; x_wconf 92' lang='lat' dir='ltr'><strong>et</strong></span> <span class='ocrx_word' id='word_1_597' title='bbox 3038 3588 3295 3629; x_wconf 88' lang='lat' dir='ltr'><strong>amovere</strong></span> <span class='ocrx_word' id='word_1_598' title='bbox 3329 3571 3591 3626; x_wconf 89' lang='lat' dir='ltr'><strong>nituntur</strong></span> <span class='ocrx_word' id='word_1_599' title='bbox 3622 3572 3706 3622; x_wconf 89' lang='lat' dir='ltr'><strong>in-</strong></span> 
     </span>
    </p>
   </div>
   <div class='ocr_carea' id='block_1_82' title="bbox 2111 3665 3710 3740">
    <p class='ocr_par' dir='ltr' id='par_1_82' title="bbox 2111 3665 3710 3740">
     <span class='ocr_line' id='line_1_82' title="bbox 2111 3665 3710 3740; baseline -0.006 -14"><span class='ocrx_word' id='word_1_600' title='bbox 2111 3671 2256 3740; x_wconf 87' lang='lat' dir='ltr'><strong>juste</strong></span> <span class='ocrx_word' id='word_1_601' title='bbox 2291 3683 2482 3725; x_wconf 88' lang='lat' dir='ltr'><strong>contra</strong></span> <span class='ocrx_word' id='word_1_602' title='bbox 2519 3669 2872 3740; x_wconf 91' lang='lat' dir='ltr'><strong>apostolicam</strong></span> <span class='ocrx_word' id='word_1_603' title='bbox 2901 3667 3306 3728; x_wconf 88' lang='lat' dir='ltr'><strong>auctoritatem,</strong></span> <span class='ocrx_word' id='word_1_604' title='bbox 3332 3665 3439 3719; x_wconf 91' lang='lat' dir='ltr'><strong>etsi</strong></span> <span class='ocrx_word' id='word_1_605' title='bbox 3471 3680 3504 3717; x_wconf 92' lang='lat' dir='ltr'><strong>a</strong></span> <span class='ocrx_word' id='word_1_606' title='bbox 3534 3674 3710 3717; x_wconf 87' lang='lat' dir='ltr'><strong>morte</strong></span> 
     </span>
    </p>
   </div>
   <div class='ocr_carea' id='block_1_83' title="bbox 2112 3757 3706 3832">
    <p class='ocr_par' dir='ltr' id='par_1_83' title="bbox 2112 3757 3706 3832">
     <span class='ocr_line' id='line_1_83' title="bbox 2112 3757 3706 3832; baseline -0.004 -15"><span class='ocrx_word' id='word_1_607' title='bbox 2112 3763 2506 3832; x_wconf 91' lang='lat' dir='ltr'><strong>prohibentur,</strong></span> <span class='ocrx_word' id='word_1_608' title='bbox 2577 3763 2794 3817; x_wconf 87' lang='lat' dir='ltr'><strong>dicente</strong></span> <span class='ocrx_word' id='word_1_609' title='bbox 2863 3761 3144 3815; x_wconf 89' lang='lat' dir='ltr'><strong>Domino:</strong></span> <span class='ocrx_word' id='word_1_610' title='bbox 3198 3776 3216 3809; x_wconf 79' lang='grc' dir='ltr'><strong>ι</strong></span> <span class='ocrx_word' id='word_1_611' title='bbox 3265 3757 3407 3811; x_wconf 78' lang='lat' dir='ltr'><strong>Nolo</strong></span> <span class='ocrx_word' id='word_1_612' title='bbox 3469 3766 3706 3810; x_wconf 86' lang='lat' dir='ltr'><strong>mortem</strong></span> 
     </span>
    </p>
   </div>
   <div class='ocr_carea' id='block_1_84' title="bbox 2112 3851 3708 3926">
    <p class='ocr_par' dir='ltr' id='par_1_84' title="bbox 2112 3851 3708 3926">
     <span class='ocr_line' id='line_1_84' title="bbox 2112 3851 3708 3926; baseline -0.004 -15"><span class='ocrx_word' id='word_1_613' title='bbox 2112 3857 2437 3926; x_wconf 91' lang='lat' dir='ltr'><strong>peccatoris,</strong></span> <span class='ocrx_word' id='word_1_614' title='bbox 2465 3855 2558 3911; x_wconf 90' lang='lat' dir='ltr'><strong>sed</strong></span> <span class='ocrx_word' id='word_1_615' title='bbox 2589 3865 2649 3910; x_wconf 91' lang='lat' dir='ltr'><strong>ut</strong></span> <span class='ocrx_word' id='word_1_616' title='bbox 2671 3863 3028 3910; x_wconf 88' lang='lat' dir='ltr'><strong>convertatur</strong></span> <span class='ocrx_word' id='word_1_617' title='bbox 3053 3866 3104 3910; x_wconf 91' lang='lat' dir='ltr'><strong>et</strong></span> <span class='ocrx_word' id='word_1_618' title='bbox 3128 3853 3275 3906; x_wconf 87' lang='lat' dir='ltr'><strong>vivat</strong></span> <span class='ocrx_word' id='word_1_619' title='bbox 3300 3851 3372 3914; x_wconf 62' lang='lat'><strong>‘3;</strong></span> <span class='ocrx_word' id='word_1_620' title='bbox 3401 3870 3420 3902; x_wconf 74' lang='grc' dir='ltr'><strong>ι</strong></span> <span class='ocrx_word' id='word_1_621' title='bbox 3443 3862 3708 3920; x_wconf 81' lang='lat' dir='ltr'><strong>perpetua</strong></span> 
     </span>
    </p>
   </div>
   <div class='ocr_carea' id='block_1_85' title="bbox 2112 3943 3707 4013">
    <p class='ocr_par' dir='ltr' id='par_1_85' title="bbox 2112 3943 3707 4013">
     <span class='ocr_line' id='line_1_85' title="bbox 2112 3943 3707 4013; baseline -0.005 -11"><span class='ocrx_word' id='word_1_622' title='bbox 2112 3957 2296 4002; x_wconf 88' lang='lat' dir='ltr'><strong>tamen</strong></span> <span class='ocrx_word' id='word_1_623' title='bbox 2341 3957 2603 4003; x_wconf 90' lang='lat' dir='ltr'><strong>notantur</strong></span> <span class='ocrx_word' id='word_1_624' title='bbox 2638 3946 2885 4013; x_wconf 87' lang='lat' dir='ltr'><strong>infamia,</strong></span> <span class='ocrx_word' id='word_1_625' title='bbox 2908 3955 2963 4000; x_wconf 89' lang='lat' dir='ltr'><strong>et</strong></span> <span class='ocrx_word' id='word_1_626' title='bbox 2988 3945 3185 4000; x_wconf 83' lang='lat' dir='ltr'><strong>exsilio</strong></span> <span class='ocrx_word' id='word_1_627' title='bbox 3209 3943 3358 4012; x_wconf 83' lang='lat' dir='ltr'><strong>digni</strong></span> <span class='ocrx_word' id='word_1_628' title='bbox 3385 3943 3707 4010; x_wconf 85' lang='lat' dir='ltr'><strong>judicantur</strong></span> 
     </span>
    </p>
   </div>
   <div class='ocr_carea' id='block_1_86' title="bbox 2113 4032 3707 4109">
    <p class='ocr_par' dir='ltr' id='par_1_86' title="bbox 2113 4032 3707 4109">
     <span class='ocr_line' id='line_1_86' title="bbox 2113 4032 3707 4109; baseline -0.007 -14"><span class='ocrx_word' id='word_1_629' title='bbox 2113 4041 2368 4096; x_wconf 85' lang='lat' dir='ltr'><strong>finitimo.</strong></span> <span class='ocrx_word' id='word_1_630' title='bbox 2404 4039 2480 4094; x_wconf 92' lang='lat' dir='ltr'><strong>De</strong></span> <span class='ocrx_word' id='word_1_631' title='bbox 2507 4039 2754 4109; x_wconf 56' lang='lat' dir='ltr'><strong>quibus,</strong></span> <span class='ocrx_word' id='word_1_632' title='bbox 2775 4054 2806 4092; x_wconf 92' lang='lat' dir='ltr'><strong>a</strong></span> <span class='ocrx_word' id='word_1_633' title='bbox 2837 4036 3178 4106; x_wconf 89' lang='lat' dir='ltr'><strong>temporibus</strong></span> <span class='ocrx_word' id='word_1_634' title='bbox 3216 4032 3626 4103; x_wconf 88' lang='lat' dir='ltr'><strong>apostolorum,</strong></span> <span class='ocrx_word' id='word_1_635' title='bbox 3656 4045 3707 4084; x_wconf 85' lang='lat' dir='ltr'><strong>et</strong></span> 
     </span>
    </p>
   </div>
   <div class='ocr_carea' id='block_1_87' title="bbox 2111 4125 3705 4198">
    <p class='ocr_par' dir='ltr' id='par_1_87' title="bbox 2111 4125 3705 4198">
     <span class='ocr_line' id='line_1_87' title="bbox 2111 4125 3705 4198; baseline -0.006 -13"><span class='ocrx_word' id='word_1_636' title='bbox 2111 4131 2276 4197; x_wconf 89' lang='lat' dir='ltr'><strong>infra,</strong></span> <span class='ocrx_word' id='word_1_637' title='bbox 2315 4132 2416 4186; x_wconf 89' lang='lat' dir='ltr'><strong>ista</strong></span> <span class='ocrx_word' id='word_1_638' title='bbox 2449 4139 2718 4194; x_wconf 90' lang='lat' dir='ltr'><strong>tenemus,</strong></span> <span class='ocrx_word' id='word_1_639' title='bbox 2750 4140 2913 4198; x_wconf 84' lang='lat' dir='ltr'><strong>atque</strong></span> <span class='ocrx_word' id='word_1_640' title='bbox 2944 4129 3161 4183; x_wconf 89' lang='lat' dir='ltr'><strong>decreta</strong></span> <span class='ocrx_word' id='word_1_641' title='bbox 3194 4125 3466 4179; x_wconf 88' lang='lat' dir='ltr'><strong>habemus</strong></span> <span class='ocrx_word' id='word_1_642' title='bbox 3505 4125 3705 4193; x_wconf 83' lang='lat' dir='ltr'><strong>quibus</strong></span> 
     </span>
    </p>
   </div>
   <div class='ocr_carea' id='block_1_88' title="bbox 2110 4217 3705 4291">
    <p class='ocr_par' dir='ltr' id='par_1_88' title="bbox 2110 4217 3705 4291">
     <span class='ocr_line' id='line_1_88' title="bbox 2110 4217 3705 4291; baseline -0.011 -12"><span class='ocrx_word' id='word_1_643' title='bbox 2110 4241 2300 4280; x_wconf 88' lang='lat' dir='ltr'><strong>eorum</strong></span> <span class='ocrx_word' id='word_1_644' title='bbox 2327 4223 2623 4278; x_wconf 83' lang='lat' dir='ltr'><strong>accusandi</strong></span> <span class='ocrx_word' id='word_1_645' title='bbox 2652 4223 2959 4291; x_wconf 88' lang='lat' dir='ltr'><strong>episcopos,</strong></span> <span class='ocrx_word' id='word_1_646' title='bbox 2980 4219 3062 4273; x_wconf 85' lang='lat' dir='ltr'><strong>vel</strong></span> <span class='ocrx_word' id='word_1_647' title='bbox 3080 4217 3406 4272; x_wconf 80' lang='lat' dir='ltr'><strong>testificandi</strong></span> <span class='ocrx_word' id='word_1_648' title='bbox 3425 4217 3478 4268; x_wconf 93' lang='lat' dir='ltr'><strong>in</strong></span> <span class='ocrx_word' id='word_1_649' title='bbox 3503 4231 3602 4270; x_wconf 89' lang='lat' dir='ltr'><strong>eos</strong></span> <span class='ocrx_word' id='word_1_650' title='bbox 3622 4233 3705 4267; x_wconf 83' lang='lat' dir='ltr'><strong>vo.</strong></span> 
     </span>
    </p>
   </div>
   <div class='ocr_carea' id='block_1_89' title="bbox 2110 4309 3702 4384">
    <p class='ocr_par' dir='ltr' id='par_1_89' title="bbox 2110 4309 3702 4384">
     <span class='ocr_line' id='line_1_89' title="bbox 2110 4309 3702 4384; baseline -0.008 -13"><span class='ocrx_word' id='word_1_651' title='bbox 2110 4332 2227 4371; x_wconf 91' lang='lat' dir='ltr'><strong>cem</strong></span> <span class='ocrx_word' id='word_1_652' title='bbox 2258 4317 2619 4381; x_wconf 90' lang='lat' dir='ltr'><strong>obstruimus,</strong></span> <span class='ocrx_word' id='word_1_653' title='bbox 2636 4330 2776 4384; x_wconf 90' lang='lat' dir='ltr'><strong>quos</strong></span> <span class='ocrx_word' id='word_1_654' title='bbox 2795 4328 2901 4366; x_wconf 92' lang='lat' dir='ltr'><strong>non</strong></span> <span class='ocrx_word' id='word_1_655' title='bbox 2933 4310 3211 4373; x_wconf 90' lang='lat' dir='ltr'><strong>humanis,</strong></span> <span class='ocrx_word' id='word_1_656' title='bbox 3231 4309 3324 4362; x_wconf 90' lang='lat' dir='ltr'><strong>sed</strong></span> <span class='ocrx_word' id='word_1_657' title='bbox 3350 4309 3563 4362; x_wconf 86' lang='lat' dir='ltr'><strong>divinis</strong></span> <span class='ocrx_word' id='word_1_658' title='bbox 3585 4309 3702 4362; x_wconf 83' lang='lat' dir='ltr'><strong>acti-</strong></span> 
     </span>
    </p>
   </div>
   <div class='ocr_carea' id='block_1_90' title="bbox 2111 4402 3702 4475">
    <p class='ocr_par' dir='ltr' id='par_1_90' title="bbox 2111 4402 3702 4475">
     <span class='ocr_line' id='line_1_90' title="bbox 2111 4402 3702 4475; baseline -0.007 -10"><span class='ocrx_word' id='word_1_659' title='bbox 2111 4412 2213 4465; x_wconf 91' lang='lat' dir='ltr'><strong>bus</strong></span> <span class='ocrx_word' id='word_1_660' title='bbox 2230 4420 2476 4464; x_wconf 87' lang='lat' dir='ltr'><strong>mortuos</strong></span> <span class='ocrx_word' id='word_1_661' title='bbox 2509 4425 2630 4463; x_wconf 91' lang='lat' dir='ltr'><strong>esse</strong></span> <span class='ocrx_word' id='word_1_662' title='bbox 2658 4409 2883 4463; x_wconf 92' lang='lat' dir='ltr'><strong>scimus.</strong></span> <span class='ocrx_word' id='word_1_663' title='bbox 2911 4405 2986 4460; x_wconf 91' lang='lat' dir='ltr'><strong>De</strong></span> <span class='ocrx_word' id='word_1_664' title='bbox 3012 4405 3213 4475; x_wconf 90' lang='lat' dir='ltr'><strong>quibus</strong></span> <span class='ocrx_word' id='word_1_665' title='bbox 3232 4402 3503 4457; x_wconf 88' lang='lat' dir='ltr'><strong>Dominus</strong></span> <span class='ocrx_word' id='word_1_666' title='bbox 3535 4403 3702 4471; x_wconf 84' lang='lat' dir='ltr'><strong>loqui-</strong></span> 
     </span>
    </p>
   </div>
   <div class='ocr_carea' id='block_1_91' title="bbox 426 4496 3698 4573">
    <p class='ocr_par' dir='ltr' id='par_1_91' title="bbox 426 4496 3698 4573">
     <span class='ocr_line' id='line_1_91' title="bbox 426 4496 3698 4573; baseline -0.005 -17"><span class='ocrx_word' id='word_1_667' title='bbox 426 4501 676 4556; x_wconf 74' lang='lat' dir='ltr'><strong>certlotes</strong></span> <span class='ocrx_word' id='word_1_668' title='bbox 717 4497 811 4552; x_wconf 91' lang='lat' dir='ltr'><strong>Dei</strong></span> <span class='ocrx_word' id='word_1_669' title='bbox 849 4499 916 4551; x_wconf 90' lang='lat' dir='ltr'><strong>ad</strong></span> <span class='ocrx_word' id='word_1_670' title='bbox 948 4497 1164 4567; x_wconf 88' lang='lat' dir='ltr'><strong>judices</strong></span> <span class='ocrx_word' id='word_1_671' title='bbox 1206 4497 1456 4566; x_wconf 90' lang='lat' dir='ltr'><strong>publicos</strong></span> <span class='ocrx_word' id='word_1_672' title='bbox 1497 4511 1764 4550; x_wconf 91' lang='lat' dir='ltr'><strong>accusare</strong></span> <span class='ocrx_word' id='word_1_673' title='bbox 1802 4513 2011 4566; x_wconf 68' lang='lat' dir='ltr'><strong>praesu-</strong></span> <span class='ocrx_word' id='word_1_674' title='bbox 2047 4496 2087 4550; x_wconf 88' lang='lat' dir='ltr'><strong>D</strong></span> <span class='ocrx_word' id='word_1_675' title='bbox 2116 4513 2204 4558; x_wconf 84' lang='grc' dir='ltr'>ιυι·</span> <span class='ocrx_word' id='word_1_676' title='bbox 2238 4519 2335 4573; x_wconf 79' lang='lat' dir='ltr'><strong>per</strong></span> <span class='ocrx_word' id='word_1_677' title='bbox 2357 4503 2608 4556; x_wconf 66' lang='lat' dir='ltr'><strong>mmdem</strong></span> <span class='ocrx_word' id='word_1_678' title='bbox 2648 4501 3006 4571; x_wconf 69' lang='lat' dir='ltr'><strong>prophetam;</strong></span> <span class='ocrx_word' id='word_1_679' title='bbox 3052 4517 3070 4550; x_wconf 71' lang='grc' dir='ltr'><strong>α</strong></span> <span class='ocrx_word' id='word_1_680' title='bbox 3101 4497 3452 4552; x_wconf 77' lang='lat' dir='ltr'><strong>calumniam</strong></span> <span class='ocrx_word' id='word_1_681' title='bbox 3495 4496 3698 4564; x_wconf 72' lang='lat' dir='ltr'><strong>patiens</strong></span> 
     </span>
    </p>
   </div>
   <div class='ocr_carea' id='block_1_92' title="bbox 427 4589 2014 4658">
    <p class='ocr_par' dir='ltr' id='par_1_92' title="bbox 427 4589 2014 4658">
     <span class='ocr_line' id='line_1_92' title="bbox 427 4589 2014 4658; baseline 0 -12"><span class='ocrx_word' id='word_1_682' title='bbox 427 4599 602 4655; x_wconf 89' lang='lat' dir='ltr'><strong>mant,</strong></span> <span class='ocrx_word' id='word_1_683' title='bbox 625 4605 748 4643; x_wconf 92' lang='lat' dir='ltr'><strong>cum</strong></span> <span class='ocrx_word' id='word_1_684' title='bbox 781 4590 955 4658; x_wconf 87' lang='lat' dir='ltr'><strong>magis</strong></span> <span class='ocrx_word' id='word_1_685' title='bbox 979 4589 1276 4658; x_wconf 83' lang='lat' dir='ltr'><strong>Apostolus</strong></span> <span class='ocrx_word' id='word_1_686' title='bbox 1296 4589 1736 4643; x_wconf 82' lang='lat' dir='ltr'><strong>Christianorum</strong></span> <span class='ocrx_word' id='word_1_687' title='bbox 1767 4606 1965 4646; x_wconf 89' lang='lat' dir='ltr'><strong>causas</strong></span> <span class='ocrx_word' id='word_1_688' title='bbox 1989 4593 2014 4622; x_wconf 80' lang='grc'>⁸</span> 
     </span>
    </p>
   </div>
   <div class='ocr_carea' id='block_1_93' title="bbox 430 4683 2006 4754">
    <p class='ocr_par' dir='ltr' id='par_1_93' title="bbox 430 4683 2006 4754">
     <span class='ocr_line' id='line_1_93' title="bbox 430 4683 2006 4754; baseline 0 -16"><span class='ocrx_word' id='word_1_689' title='bbox 430 4685 497 4738; x_wconf 90' lang='lat' dir='ltr'><strong>ad</strong></span> <span class='ocrx_word' id='word_1_690' title='bbox 522 4683 798 4738; x_wconf 85' lang='lat' dir='ltr'><strong>Ecclesias</strong></span> <span class='ocrx_word' id='word_1_691' title='bbox 821 4683 1046 4749; x_wconf 87' lang='lat' dir='ltr'><strong>deferri,</strong></span> <span class='ocrx_word' id='word_1_692' title='bbox 1064 4693 1119 4737; x_wconf 92' lang='lat' dir='ltr'><strong>et</strong></span> <span class='ocrx_word' id='word_1_693' title='bbox 1147 4683 1344 4737; x_wconf 87' lang='lat' dir='ltr'><strong>ibidem</strong></span> <span class='ocrx_word' id='word_1_694' title='bbox 1371 4683 1651 4738; x_wconf 89' lang='lat' dir='ltr'><strong>terminari</strong></span> <span class='ocrx_word' id='word_1_695' title='bbox 1675 4685 2006 4754; x_wconf 62' lang='lat' dir='ltr'><strong>praeeipiat‘.</strong></span> 
     </span>
    </p>
   </div>
   <div class='ocr_carea' id='block_1_94' title="bbox 429 4774 2006 4844">
    <p class='ocr_par' dir='ltr' id='par_1_94' title="bbox 429 4774 2006 4844">
     <span class='ocr_line' id='line_1_94' title="bbox 429 4774 2006 4844; baseline 0.001 -16"><span class='ocrx_word' id='word_1_696' title='bbox 429 4775 634 4829; x_wconf 88' lang='lat' dir='ltr'><strong>Taliter</strong></span> <span class='ocrx_word' id='word_1_697' title='bbox 679 4774 1129 4844; x_wconf 72' lang='lat' dir='ltr'><strong>prmvaricantes,</strong></span> <span class='ocrx_word' id='word_1_698' title='bbox 1183 4775 1521 4844; x_wconf 72' lang='lat' dir='ltr'><strong>prazvaricati</strong></span> <span class='ocrx_word' id='word_1_699' title='bbox 1570 4785 1697 4830; x_wconf 92' lang='lat' dir='ltr'><strong>sunt</strong></span> <span class='ocrx_word' id='word_1_700' title='bbox 1741 4778 1795 4830; x_wconf 93' lang='lat' dir='ltr'><strong>in</strong></span> <span class='ocrx_word' id='word_1_701' title='bbox 1837 4775 2006 4830; x_wconf 91' lang='lat' dir='ltr'><strong>Deum</strong></span> 
     </span>
    </p>
   </div>
   <div class='ocr_carea' id='block_1_95' title="bbox 430 4865 2009 4936">
    <p class='ocr_par' dir='ltr' id='par_1_95' title="bbox 430 4865 2009 4936">
     <span class='ocr_line' id='line_1_95' title="bbox 430 4865 2009 4936; baseline -0.001 -14"><span class='ocrx_word' id='word_1_702' title='bbox 430 4883 590 4923; x_wconf 90' lang='lat' dir='ltr'><strong>suum</strong></span> <span class='ocrx_word' id='word_1_703' title='bbox 613 4909 626 4931; x_wconf 92' lang='lat'><strong>,</strong></span> <span class='ocrx_word' id='word_1_704' title='bbox 651 4874 705 4921; x_wconf 92' lang='lat' dir='ltr'><strong>et</strong></span> <span class='ocrx_word' id='word_1_705' title='bbox 749 4883 857 4919; x_wconf 93' lang='lat' dir='ltr'><strong>non</strong></span> <span class='ocrx_word' id='word_1_706' title='bbox 890 4866 1153 4919; x_wconf 88' lang='lat' dir='ltr'><strong>ohediunt</strong></span> <span class='ocrx_word' id='word_1_707' title='bbox 1197 4867 1481 4935; x_wconf 63' lang='lat' dir='ltr'><strong>praeceptis</strong></span> <span class='ocrx_word' id='word_1_708' title='bbox 1517 4868 1656 4936; x_wconf 90' lang='lat' dir='ltr'><strong>ejus.</strong></span> <span class='ocrx_word' id='word_1_709' title='bbox 1709 4865 1783 4921; x_wconf 90' lang='lat' dir='ltr'><strong>De</strong></span> <span class='ocrx_word' id='word_1_710' title='bbox 1808 4867 2009 4935; x_wconf 88' lang='lat' dir='ltr'><strong>quibus</strong></span> 
     </span>
    </p>
   </div>
   <div class='ocr_carea' id='block_1_96' title="bbox 431 4954 2002 5026">
    <p class='ocr_par' dir='ltr' id='par_1_96' title="bbox 431 4954 2002 5026">
     <span class='ocr_line' id='line_1_96' title="bbox 431 4954 2002 5026; baseline -0.003 -15"><span class='ocrx_word' id='word_1_711' title='bbox 431 4959 697 5012; x_wconf 89' lang='lat' dir='ltr'><strong>Dominus</strong></span> <span class='ocrx_word' id='word_1_712' title='bbox 743 4972 837 5026; x_wconf 89' lang='lat' dir='ltr'><strong>per</strong></span> <span class='ocrx_word' id='word_1_713' title='bbox 889 4957 1210 5026; x_wconf 85' lang='lat' dir='ltr'><strong>pr0phetam</strong></span> <span class='ocrx_word' id='word_1_714' title='bbox 1256 4954 1395 5010; x_wconf 89' lang='lat' dir='ltr'><strong>Osce</strong></span> <span class='ocrx_word' id='word_1_715' title='bbox 1449 4956 1732 5025; x_wconf 86' lang='lat' dir='ltr'><strong>loquitur,</strong></span> <span class='ocrx_word' id='word_1_716' title='bbox 1776 4956 2002 5010; x_wconf 90' lang='lat' dir='ltr'><strong>dicens:</strong></span> 
     </span>
    </p>
   </div>
   <div class='ocr_carea' id='block_1_97' title="bbox 436 5047 2005 5116">
    <p class='ocr_par' dir='ltr' id='par_1_97' title="bbox 436 5047 2005 5116">
     <span class='ocr_line' id='line_1_97' title="bbox 436 5047 2005 5116; baseline -0.001 -14"><span class='ocrx_word' id='word_1_717' title='bbox 436 5071 454 5102; x_wconf 72' lang='grc' dir='ltr'><strong>ι</strong></span> <span class='ocrx_word' id='word_1_718' title='bbox 489 5050 657 5116; x_wconf 86' lang='lat' dir='ltr'><strong>Quasi</strong></span> <span class='ocrx_word' id='word_1_719' title='bbox 692 5063 871 5102; x_wconf 72' lang='lat' dir='ltr'><strong>vacca:</strong></span> <span class='ocrx_word' id='word_1_720' title='bbox 911 5048 1259 5103; x_wconf 87' lang='lat' dir='ltr'><strong>lascivientes</strong></span> <span class='ocrx_word' id='word_1_721' title='bbox 1300 5048 1745 5114; x_wconf 85' lang='lat' dir='ltr'><strong>declinaverunt,</strong></span> <span class='ocrx_word' id='word_1_722' title='bbox 1777 5057 1831 5102; x_wconf 90' lang='lat' dir='ltr'><strong>ct</strong></span> <span class='ocrx_word' id='word_1_723' title='bbox 1868 5047 2005 5101; x_wconf 56' lang='lat' dir='ltr'><strong>dile-</strong></span> 
     </span>
    </p>
   </div>
   <div class='ocr_carea' id='block_1_98' title="bbox 428 5139 2000 5209">
    <p class='ocr_par' dir='ltr' id='par_1_98' title="bbox 428 5139 2000 5209">
     <span class='ocr_line' id='line_1_98' title="bbox 428 5139 2000 5209; baseline -0.004 -13"><span class='ocrx_word' id='word_1_724' title='bbox 428 5151 627 5197; x_wconf 81' lang='lat' dir='ltr'><strong>xerunt</strong></span> <span class='ocrx_word' id='word_1_725' title='bbox 672 5140 866 5194; x_wconf 73' lang='lat' dir='ltr'><strong>afferre</strong></span> <span class='ocrx_word' id='word_1_726' title='bbox 911 5139 1267 5209; x_wconf 83' lang='lat' dir='ltr'><strong>ignominiam</strong></span> <span class='ocrx_word' id='word_1_727' title='bbox 1312 5139 1712 5207; x_wconf 88' lang='lat' dir='ltr'><strong>protectoribus</strong></span> <span class='ocrx_word' id='word_1_728' title='bbox 1765 5139 1881 5192; x_wconf 90' lang='lat' dir='ltr'><strong>suis</strong></span> <span class='ocrx_word' id='word_1_729' title='bbox 1901 5140 1942 5190; x_wconf 83' lang='grc'><strong>⁵.</strong></span> <span class='ocrx_word' id='word_1_730' title='bbox 1981 5157 2000 5189; x_wconf 74' lang='grc' dir='ltr'><strong>ι</strong></span> 
     </span>
    </p>
   </div>
   <div class='ocr_carea' id='block_1_99' title="bbox 429 5230 2000 5300">
    <p class='ocr_par' dir='ltr' id='par_1_99' title="bbox 429 5230 2000 5300">
     <span class='ocr_line' id='line_1_99' title="bbox 429 5230 2000 5300; baseline -0.003 -11"><span class='ocrx_word' id='word_1_731' title='bbox 429 5236 497 5290; x_wconf 87' lang='grc' dir='ltr'>Ει</span> <span class='ocrx_word' id='word_1_732' title='bbox 543 5235 722 5294; x_wconf 90' lang='lat' dir='ltr'><strong>idem:</strong></span> <span class='ocrx_word' id='word_1_733' title='bbox 760 5253 779 5286; x_wconf 78' lang='grc' dir='ltr'><strong>ι</strong></span> <span class='ocrx_word' id='word_1_734' title='bbox 820 5231 908 5287; x_wconf 82' lang='lat' dir='ltr'><strong>Vae</strong></span> <span class='ocrx_word' id='word_1_735' title='bbox 937 5232 1055 5296; x_wconf 90' lang='lat' dir='ltr'><strong>eis,</strong></span> <span class='ocrx_word' id='word_1_736' title='bbox 1114 5230 1375 5300; x_wconf 90' lang='lat' dir='ltr'><strong>quoniam</strong></span> <span class='ocrx_word' id='word_1_737' title='bbox 1425 5239 1772 5285; x_wconf 88' lang='lat' dir='ltr'><strong>recesserunt</strong></span> <span class='ocrx_word' id='word_1_738' title='bbox 1821 5246 1851 5284; x_wconf 91' lang='lat' dir='ltr'><strong>a</strong></span> <span class='ocrx_word' id='word_1_739' title='bbox 1895 5245 2000 5284; x_wconf 91' lang='lat' dir='ltr'><strong>me.</strong></span> 
     </span>
    </p>
   </div>
   <div class='ocr_carea' id='block_1_100' title="bbox 547 5502 1617 5569">
    <p class='ocr_par' dir='ltr' id='par_1_100' title="bbox 547 5502 1617 5569">
     <span class='ocr_line' id='line_1_100' title="bbox 547 5502 1617 5569; baseline -0.004 -10"><span class='ocrx_word' id='word_1_740' title='bbox 547 5507 589 5540; x_wconf 83' lang='grc'>⁶⁰</span> <span class='ocrx_word' id='word_1_741' title='bbox 616 5505 781 5559; x_wconf 80' lang='lat' dir='ltr'><strong>Marc.</strong></span> <span class='ocrx_word' id='word_1_742' title='bbox 819 5521 914 5569; x_wconf 84' lang='lat' dir='ltr'><strong>vn,</strong></span> <span class='ocrx_word' id='word_1_743' title='bbox 942 5511 995 5558; x_wconf 77' lang='lat'><strong>9.</strong></span> <span class='ocrx_word' id='word_1_744' title='bbox 1091 5505 1134 5536; x_wconf 78' lang='grc'>⁹¹</span> <span class='ocrx_word' id='word_1_745' title='bbox 1165 5502 1328 5556; x_wconf 88' lang='lat' dir='ltr'><strong>Prov.</strong></span> <span class='ocrx_word' id='word_1_746' title='bbox 1367 5519 1502 5567; x_wconf 74' lang='grc' dir='ltr'>χχιι,</span> <span class='ocrx_word' id='word_1_747' title='bbox 1525 5503 1617 5555; x_wconf 74' lang='lat'><strong>28.</strong></span> 
     </span>
    </p>
   </div>
   <div class='ocr_carea' id='block_1_101' title="bbox 429 5577 1956 5714">
    <p class='ocr_par' dir='ltr' id='par_1_101' title="bbox 429 5577 1956 5714">
     <span class='ocr_line' id='line_1_101' title="bbox 429 5577 1948 5642; baseline 0.001 -16"><span class='ocrx_word' id='word_1_748' title='bbox 429 5591 512 5636; x_wconf 88' lang='grc' dir='ltr'>ιιι,</span> <span class='ocrx_word' id='word_1_749' title='bbox 550 5577 638 5630; x_wconf 91' lang='lat'><strong>18.</strong></span> <span class='ocrx_word' id='word_1_750' title='bbox 735 5578 780 5606; x_wconf 66' lang='lat'><strong>9&quot;</strong></span> <span class='ocrx_word' id='word_1_751' title='bbox 817 5577 900 5639; x_wconf 80' lang='lat' dir='ltr'><strong>l5,</strong></span> <span class='ocrx_word' id='word_1_752' title='bbox 935 5583 1126 5642; x_wconf 71' lang='lat' dir='ltr'><strong>qumst.</strong></span> <span class='ocrx_word' id='word_1_753' title='bbox 1175 5577 1241 5626; x_wconf 82' lang='lat' dir='ltr'><strong>ti:</strong></span> <span class='ocrx_word' id='word_1_754' title='bbox 1292 5577 1714 5642; x_wconf 80' lang='lat' dir='ltr'><strong>quandoquidem</strong></span> <span class='ocrx_word' id='word_1_755' title='bbox 1755 5592 1785 5624; x_wconf 88' lang='lat' dir='ltr'><strong>a</strong></span> <span class='ocrx_word' id='word_1_756' title='bbox 1831 5592 1948 5627; x_wconf 82' lang='lat' dir='ltr'><strong>sace</strong></span> 
     </span>
     <span class='ocr_line' id='line_1_102' title="bbox 431 5643 1956 5714; baseline 0 -18"><span class='ocrx_word' id='word_1_757' title='bbox 431 5647 444 5714; x_wconf 63' lang='grc' dir='ltr'>ξ</span> <span class='ocrx_word' id='word_1_758' title='bbox 493 5646 574 5714; x_wconf 88' lang='lat' dir='ltr'><strong>l1,</strong></span> <span class='ocrx_word' id='word_1_759' title='bbox 623 5655 816 5714; x_wconf 69' lang='lat' dir='ltr'><strong>quaest.</strong></span> <span class='ocrx_word' id='word_1_760' title='bbox 853 5663 908 5698; x_wconf 74' lang='grc' dir='ltr'><strong>ιι</strong></span> <span class='ocrx_word' id='word_1_761' title='bbox 965 5644 1208 5714; x_wconf 61' lang='lat' dir='ltr'><strong>Relatum</strong></span> <span class='ocrx_word' id='word_1_762' title='bbox 1255 5653 1352 5696; x_wconf 86' lang='lat' dir='ltr'><strong>est.</strong></span> <span class='ocrx_word' id='word_1_763' title='bbox 1433 5643 1668 5714; x_wconf 65' lang='lat' dir='ltr'><strong>‘Illatth.</strong></span> <span class='ocrx_word' id='word_1_764' title='bbox 1705 5660 1816 5706; x_wconf 74' lang='lat' dir='ltr'><strong>xw,</strong></span> <span class='ocrx_word' id='word_1_765' title='bbox 1872 5646 1956 5698; x_wconf 92' lang='lat'><strong>18.</strong></span> 
     </span>
    </p>
   </div>
   <div class='ocr_carea' id='block_1_102' title="bbox 431 5712 1995 5778">
    <p class='ocr_par' dir='ltr' id='par_1_102' title="bbox 431 5712 1995 5778">
     <span class='ocr_line' id='line_1_103' title="bbox 431 5712 1995 5778; baseline 0.003 -14"><span class='ocrx_word' id='word_1_766' title='bbox 431 5712 450 5741; x_wconf 80' lang='grc'><strong>⁶</strong></span> <span class='ocrx_word' id='word_1_767' title='bbox 481 5713 606 5767; x_wconf 78' lang='lat' dir='ltr'><strong>Osc.</strong></span> <span class='ocrx_word' id='word_1_768' title='bbox 640 5712 733 5778; x_wconf 74' lang='lat' dir='ltr'><strong>vu,</strong></span> <span class='ocrx_word' id='word_1_769' title='bbox 783 5715 971 5768; x_wconf 76' lang='lat'><strong>15-16.</strong></span> <span class='ocrx_word' id='word_1_770' title='bbox 1049 5716 1067 5744; x_wconf 84' lang='lat'><strong><em>&quot;</em></strong></span> <span class='ocrx_word' id='word_1_771' title='bbox 1097 5713 1221 5767; x_wconf 83' lang='lat' dir='ltr'><strong>Osc.</strong></span> <span class='ocrx_word' id='word_1_772' title='bbox 1262 5714 1450 5777; x_wconf 80' lang='lat' dir='ltr'><strong>Ix,17.</strong></span> <span class='ocrx_word' id='word_1_773' title='bbox 1531 5714 1552 5744; x_wconf 82' lang='grc'>⁸</span> <span class='ocrx_word' id='word_1_774' title='bbox 1585 5712 1711 5766; x_wconf 90' lang='lat' dir='ltr'><strong>Osc.</strong></span> <span class='ocrx_word' id='word_1_775' title='bbox 1745 5715 1876 5775; x_wconf 84' lang='lat' dir='ltr'><strong>v,1,</strong></span> <span class='ocrx_word' id='word_1_776' title='bbox 1941 5715 1995 5768; x_wconf 80' lang='lat'><strong>‘2.</strong></span> 
     </span>
    </p>
   </div>
   <div class='ocr_carea' id='block_1_103' title="bbox 430 5783 1912 5853">
    <p class='ocr_par' dir='ltr' id='par_1_103' title="bbox 430 5783 1912 5853">
     <span class='ocr_line' id='line_1_104' title="bbox 430 5783 1912 5853; baseline 0.006 -21"><span class='ocrx_word' id='word_1_777' title='bbox 430 5793 620 5846; x_wconf 67' lang='lat' dir='ltr'><strong>Quaest.</strong></span> <span class='ocrx_word' id='word_1_778' title='bbox 657 5785 719 5836; x_wconf 69' lang='lat'><strong>4:</strong></span> <span class='ocrx_word' id='word_1_779' title='bbox 766 5783 832 5835; x_wconf 80' lang='lat' dir='ltr'><strong>lli</strong></span> <span class='ocrx_word' id='word_1_780' title='bbox 861 5785 947 5853; x_wconf 86' lang='lat' dir='ltr'><strong>qui</strong></span> <span class='ocrx_word' id='word_1_781' title='bbox 977 5785 1264 5852; x_wconf 80' lang='lat' dir='ltr'><strong>episcopos.</strong></span> <span class='ocrx_word' id='word_1_782' title='bbox 1345 5783 1601 5840; x_wconf 69' lang='lat' dir='ltr'><strong>“Ezeclt.</strong></span> <span class='ocrx_word' id='word_1_783' title='bbox 1629 5801 1782 5853; x_wconf 73' lang='lat' dir='ltr'><strong>.\&#39;\’llt,</strong></span> <span class='ocrx_word' id='word_1_784' title='bbox 1821 5786 1912 5841; x_wconf 66' lang='lat'><strong>‘25.</strong></span> 
     </span>
    </p>
   </div>
   <div class='ocr_carea' id='block_1_104' title="bbox 1707 5501 2191 5558">
    <p class='ocr_par' dir='ltr' id='par_1_104' title="bbox 1707 5501 2191 5558">
     <span class='ocr_line' id='line_1_105' title="bbox 1707 5501 2191 5558; baseline 0.008 -5"><span class='ocrx_word' id='word_1_785' title='bbox 1707 5504 1750 5534; x_wconf 76' lang='grc' dir='ltr'><strong>ί³²</strong></span> <span class='ocrx_word' id='word_1_786' title='bbox 1784 5501 2058 5558; x_wconf 84' lang='lat' dir='ltr'><strong>Perlatum</strong></span> <span class='ocrx_word' id='word_1_787' title='bbox 2090 5512 2191 5557; x_wconf 89' lang='lat' dir='ltr'><strong>est.</strong></span> 
     </span>
    </p>
   </div>
   <div class='ocr_carea' id='block_1_105' title="bbox 735 5574 2694 5698">
    <p class='ocr_par' dir='ltr' id='par_1_105' title="bbox 735 5574 2694 5698">
     <span class='ocr_line' id='line_1_106' title="bbox 735 5574 2668 5642; baseline -0.001 -14"><span class='ocrx_word' id='word_1_788' title='bbox 735 5578 780 5606; x_wconf 67' lang='lat'><strong>9&quot;</strong></span> <span class='ocrx_word' id='word_1_789' title='bbox 817 5577 900 5639; x_wconf 81' lang='grc'><strong>15,</strong></span> <span class='ocrx_word' id='word_1_790' title='bbox 935 5583 1126 5642; x_wconf 68' lang='lat' dir='ltr'><strong>quaest.</strong></span> <span class='ocrx_word' id='word_1_791' title='bbox 1175 5575 1241 5626; x_wconf 74' lang='grc' dir='ltr'><strong>ϐε</strong></span> <span class='ocrx_word' id='word_1_792' title='bbox 1292 5574 1714 5642; x_wconf 81' lang='lat' dir='ltr'><strong>quandoquidem</strong></span> <span class='ocrx_word' id='word_1_793' title='bbox 1755 5592 1785 5624; x_wconf 89' lang='lat' dir='ltr'><strong>a</strong></span> <span class='ocrx_word' id='word_1_794' title='bbox 1831 5574 2213 5627; x_wconf 83' lang='lat' dir='ltr'><strong>sacerdotibus.</strong></span> <span class='ocrx_word' id='word_1_795' title='bbox 2319 5575 2361 5604; x_wconf 85' lang='grc'>⁹⁷</span> <span class='ocrx_word' id='word_1_796' title='bbox 2410 5575 2668 5627; x_wconf 81' lang='lat' dir='ltr'><strong>nonnulli.</strong></span> 
     </span>
     <span class='ocr_line' id='line_1_107' title="bbox 735 5643 2694 5698; baseline 0 0"><span class='ocrx_word' id='word_1_797' title='bbox 735 5655 816 5698; x_wconf 79' lang='lat' dir='ltr'><strong>:st.</strong></span> <span class='ocrx_word' id='word_1_798' title='bbox 853 5663 908 5698; x_wconf 75' lang='grc' dir='ltr'><strong>ιι</strong></span> <span class='ocrx_word' id='word_1_799' title='bbox 965 5644 1208 5696; x_wconf 61' lang='lat' dir='ltr'><strong>Relatum</strong></span> <span class='ocrx_word' id='word_1_800' title='bbox 1255 5653 1352 5696; x_wconf 85' lang='lat' dir='ltr'><strong>est.</strong></span> <span class='ocrx_word' id='word_1_801' title='bbox 1433 5643 1668 5698; x_wconf 81' lang='lat' dir='ltr'><strong>‘Matth.</strong></span> <span class='ocrx_word' id='word_1_802' title='bbox 1705 5660 1816 5698; x_wconf 74' lang='lat' dir='ltr'><strong>xw.</strong></span> <span class='ocrx_word' id='word_1_803' title='bbox 1872 5646 1956 5698; x_wconf 92' lang='lat'><strong>18.</strong></span> <span class='ocrx_word' id='word_1_804' title='bbox 2032 5646 2053 5674; x_wconf 80' lang='grc'>⁸</span> <span class='ocrx_word' id='word_1_805' title='bbox 2087 5645 2282 5698; x_wconf 80' lang='lat' dir='ltr'><strong>concil.</strong></span> <span class='ocrx_word' id='word_1_806' title='bbox 2322 5645 2511 5698; x_wconf 74' lang='lat' dir='ltr'><strong>Cat-lli.</strong></span> <span class='ocrx_word' id='word_1_807' title='bbox 2556 5646 2694 5698; x_wconf 80' lang='lat' dir='ltr'><strong>I:t.9</strong></span> 
     </span>
    </p>
   </div>
   <div class='ocr_carea' id='block_1_106' title="bbox 2072 5654 2715 5775">
    <p class='ocr_par' dir='ltr' id='par_1_106' title="bbox 2072 5654 2715 5775">
     <span class='ocr_line' id='line_1_108' title="bbox 2087 5654 2715 5705; baseline 0 -7"><span class='ocrx_word' id='word_1_808' title='bbox 2087 5654 2282 5698; x_wconf 75' lang='lat' dir='ltr'><strong>eoncnl.</strong></span> <span class='ocrx_word' id='word_1_809' title='bbox 2322 5654 2511 5698; x_wconf 54' lang='grc' dir='ltr'>(λιι-ιιι.</span> <span class='ocrx_word' id='word_1_810' title='bbox 2556 5661 2637 5705; x_wconf 77' lang='grc' dir='ltr'>ιιι,</span> <span class='ocrx_word' id='word_1_811' title='bbox 2662 5654 2715 5698; x_wconf 71' lang='grc' dir='ltr'><strong>υ.</strong></span> 
     </span>
     <span class='ocr_line' id='line_1_109' title="bbox 2072 5714 2715 5775; baseline 0.003 -7"><span class='ocrx_word' id='word_1_812' title='bbox 2072 5714 2240 5768; x_wconf 68' lang='lat' dir='ltr'><strong>9Osc.</strong></span> <span class='ocrx_word' id='word_1_813' title='bbox 2283 5731 2380 5775; x_wconf 87' lang='lat' dir='ltr'><strong>vn,</strong></span> <span class='ocrx_word' id='word_1_814' title='bbox 2416 5716 2446 5766; x_wconf 87' lang='lat'><strong>7</strong></span> <span class='ocrx_word' id='word_1_815' title='bbox 2551 5717 2592 5744; x_wconf 90' lang='grc'><strong>¹⁰</strong></span> <span class='ocrx_word' id='word_1_816' title='bbox 2626 5719 2715 5770; x_wconf 76' lang='lat' dir='ltr'><strong>Ust</strong></span> 
     </span>
    </p>
   </div>
   <div class='ocr_carea' id='block_1_107' title="bbox 1994 5785 2391 5840">
    <p class='ocr_par' dir='ltr' id='par_1_107' title="bbox 1994 5785 2391 5840">
     <span class='ocr_line' id='line_1_110' title="bbox 1994 5785 2391 5840; baseline -0.003 1"><span class='ocrx_word' id='word_1_817' title='bbox 1994 5786 2036 5816; x_wconf 71' lang='lat'>”</span> <span class='ocrx_word' id='word_1_818' title='bbox 2071 5785 2196 5840; x_wconf 85' lang='lat' dir='ltr'><strong>Osc.</strong></span> <span class='ocrx_word' id='word_1_819' title='bbox 2229 5802 2259 5839; x_wconf 89' lang='lat' dir='ltr'><strong>v</strong></span> <span class='ocrx_word' id='word_1_820' title='bbox 2308 5786 2391 5840; x_wconf 83' lang='grc'><strong>11.</strong></span> 
     </span>
    </p>
   </div>
   <div class='ocr_carea' id='block_1_108' title="bbox 2114 4585 3698 4661">
    <p class='ocr_par' dir='ltr' id='par_1_108' title="bbox 2114 4585 3698 4661">
     <span class='ocr_line' id='line_1_111' title="bbox 2114 4585 3698 4661; baseline -0.004 -17"><span class='ocrx_word' id='word_1_821' title='bbox 2114 4591 2398 4661; x_wconf 86' lang='lat' dir='ltr'><strong>Ephraim,</strong></span> <span class='ocrx_word' id='word_1_822' title='bbox 2436 4592 2647 4646; x_wconf 86' lang='lat' dir='ltr'><strong>fractus</strong></span> <span class='ocrx_word' id='word_1_823' title='bbox 2685 4601 2769 4646; x_wconf 90' lang='lat' dir='ltr'><strong>est</strong></span> <span class='ocrx_word' id='word_1_824' title='bbox 2792 4590 3022 4660; x_wconf 91' lang='lat' dir='ltr'><strong>judicio,</strong></span> <span class='ocrx_word' id='word_1_825' title='bbox 3057 4588 3315 4658; x_wconf 89' lang='lat' dir='ltr'><strong>quoniam</strong></span> <span class='ocrx_word' id='word_1_826' title='bbox 3351 4587 3527 4656; x_wconf 62' lang='lat' dir='ltr'><strong>coepit</strong></span> <span class='ocrx_word' id='word_1_827' title='bbox 3557 4585 3698 4639; x_wconf 81' lang='lat' dir='ltr'><strong>abire</strong></span> 
     </span>
    </p>
   </div>
   <div class='ocr_carea' id='block_1_109' title="bbox 2112 4677 3696 4754">
    <p class='ocr_par' dir='ltr' id='par_1_109' title="bbox 2112 4677 3696 4754">
     <span class='ocr_line' id='line_1_112' title="bbox 2112 4677 3696 4754; baseline -0.006 -15"><span class='ocrx_word' id='word_1_828' title='bbox 2112 4694 2238 4754; x_wconf 92' lang='lat' dir='ltr'><strong>post</strong></span> <span class='ocrx_word' id='word_1_829' title='bbox 2265 4685 2505 4739; x_wconf 89' lang='lat' dir='ltr'><strong>sordem.</strong></span> <span class='ocrx_word' id='word_1_830' title='bbox 2538 4683 2604 4738; x_wconf 85' lang='lat' dir='ltr'><strong>Et</strong></span> <span class='ocrx_word' id='word_1_831' title='bbox 2635 4699 2734 4754; x_wconf 81' lang='lat' dir='ltr'><strong>ego</strong></span> <span class='ocrx_word' id='word_1_832' title='bbox 2769 4683 2927 4753; x_wconf 90' lang='lat' dir='ltr'><strong>quasi</strong></span> <span class='ocrx_word' id='word_1_833' title='bbox 2959 4683 3101 4736; x_wconf 89' lang='lat' dir='ltr'><strong>tinea</strong></span> <span class='ocrx_word' id='word_1_834' title='bbox 3131 4679 3430 4749; x_wconf 86' lang='lat' dir='ltr'><strong>Ephraim,</strong></span> <span class='ocrx_word' id='word_1_835' title='bbox 3467 4688 3523 4732; x_wconf 89' lang='lat' dir='ltr'><strong>et</strong></span> <span class='ocrx_word' id='word_1_836' title='bbox 3551 4677 3696 4745; x_wconf 77' lang='lat' dir='ltr'><strong>quasi</strong></span> 
     </span>
    </p>
   </div>
   <div class='ocr_carea' id='block_1_110' title="bbox 2111 4772 3692 4846">
    <p class='ocr_par' dir='ltr' id='par_1_110' title="bbox 2111 4772 3692 4846">
     <span class='ocr_line' id='line_1_113' title="bbox 2111 4772 3692 4846; baseline -0.006 -17"><span class='ocrx_word' id='word_1_837' title='bbox 2111 4777 2342 4846; x_wconf 88' lang='lat' dir='ltr'><strong>putredo</strong></span> <span class='ocrx_word' id='word_1_838' title='bbox 2372 4776 2560 4829; x_wconf 86' lang='lat' dir='ltr'><strong>domui</strong></span> <span class='ocrx_word' id='word_1_839' title='bbox 2603 4775 2764 4830; x_wconf 85' lang='lat' dir='ltr'><strong>Juda.</strong></span> <span class='ocrx_word' id='word_1_840' title='bbox 2798 4774 2865 4828; x_wconf 88' lang='lat' dir='ltr'><strong>Et</strong></span> <span class='ocrx_word' id='word_1_841' title='bbox 2909 4775 3044 4828; x_wconf 84' lang='lat' dir='ltr'><strong>vidit</strong></span> <span class='ocrx_word' id='word_1_842' title='bbox 3075 4772 3330 4842; x_wconf 79' lang='lat' dir='ltr'><strong>Epliraim</strong></span> <span class='ocrx_word' id='word_1_843' title='bbox 3379 4772 3692 4841; x_wconf 84' lang='lat' dir='ltr'><strong>languorem</strong></span> 
     </span>
    </p>
   </div>
   <div class='ocr_carea' id='block_1_111' title="bbox 2113 4863 3691 4934">
    <p class='ocr_par' dir='ltr' id='par_1_111' title="bbox 2113 4863 3691 4934">
     <span class='ocr_line' id='line_1_114' title="bbox 2113 4863 3691 4934; baseline -0.006 -13"><span class='ocrx_word' id='word_1_844' title='bbox 2113 4883 2306 4932; x_wconf 91' lang='lat' dir='ltr'><strong>suum,</strong></span> <span class='ocrx_word' id='word_1_845' title='bbox 2343 4877 2397 4921; x_wconf 91' lang='lat' dir='ltr'><strong>et</strong></span> <span class='ocrx_word' id='word_1_846' title='bbox 2426 4866 2595 4922; x_wconf 85' lang='lat' dir='ltr'><strong>Judas</strong></span> <span class='ocrx_word' id='word_1_847' title='bbox 2636 4868 2914 4921; x_wconf 89' lang='lat' dir='ltr'><strong>vinculum</strong></span> <span class='ocrx_word' id='word_1_848' title='bbox 2946 4883 3129 4922; x_wconf 87' lang='lat' dir='ltr'><strong>suum.</strong></span> <span class='ocrx_word' id='word_1_849' title='bbox 3174 4864 3238 4919; x_wconf 85' lang='lat' dir='ltr'><strong>Et</strong></span> <span class='ocrx_word' id='word_1_850' title='bbox 3269 4865 3408 4918; x_wconf 90' lang='lat' dir='ltr'><strong>abiit</strong></span> <span class='ocrx_word' id='word_1_851' title='bbox 3442 4863 3691 4934; x_wconf 86' lang='lat' dir='ltr'><strong>Ephraim</strong></span> 
     </span>
    </p>
   </div>
   <div class='ocr_carea' id='block_1_112' title="bbox 2117 4958 3690 5029">
    <p class='ocr_par' dir='ltr' id='par_1_112' title="bbox 2117 4958 3690 5029">
     <span class='ocr_line' id='line_1_115' title="bbox 2117 4958 3690 5029; baseline -0.004 -17"><span class='ocrx_word' id='word_1_852' title='bbox 2117 4960 2182 5013; x_wconf 89' lang='lat' dir='ltr'><strong>ad</strong></span> <span class='ocrx_word' id='word_1_853' title='bbox 2207 4962 2415 5024; x_wconf 87' lang='lat' dir='ltr'><strong>Assur,</strong></span> <span class='ocrx_word' id='word_1_854' title='bbox 2451 4969 2504 5014; x_wconf 91' lang='lat' dir='ltr'><strong>et</strong></span> <span class='ocrx_word' id='word_1_855' title='bbox 2540 4961 2690 5014; x_wconf 86' lang='lat' dir='ltr'><strong>misit</strong></span> <span class='ocrx_word' id='word_1_856' title='bbox 2731 4961 2797 5014; x_wconf 94' lang='lat' dir='ltr'><strong>ad</strong></span> <span class='ocrx_word' id='word_1_857' title='bbox 2845 4975 3026 5029; x_wconf 82' lang='lat' dir='ltr'><strong>regem</strong></span> <span class='ocrx_word' id='word_1_858' title='bbox 3061 4959 3326 5024; x_wconf 86' lang='lat' dir='ltr'><strong>ultorem;</strong></span> <span class='ocrx_word' id='word_1_859' title='bbox 3365 4968 3419 5012; x_wconf 90' lang='lat' dir='ltr'><strong>et</strong></span> <span class='ocrx_word' id='word_1_860' title='bbox 3453 4958 3570 5026; x_wconf 88' lang='lat' dir='ltr'><strong>ipse</strong></span> <span class='ocrx_word' id='word_1_861' title='bbox 3597 4972 3690 5009; x_wconf 76' lang='lat' dir='ltr'><strong>non</strong></span> 
     </span>
    </p>
   </div>
   <div class='ocr_carea' id='block_1_113' title="bbox 2117 5048 3690 5120">
    <p class='ocr_par' dir='ltr' id='par_1_113' title="bbox 2117 5048 3690 5120">
     <span class='ocr_line' id='line_1_116' title="bbox 2117 5048 3690 5120; baseline -0.004 -17"><span class='ocrx_word' id='word_1_862' title='bbox 2117 5053 2312 5120; x_wconf 87' lang='lat' dir='ltr'><strong>poterit</strong></span> <span class='ocrx_word' id='word_1_863' title='bbox 2341 5067 2535 5105; x_wconf 89' lang='lat' dir='ltr'><strong>sanare</strong></span> <span class='ocrx_word' id='word_1_864' title='bbox 2561 5066 2678 5114; x_wconf 88' lang='lat' dir='ltr'><strong>vos,</strong></span> <span class='ocrx_word' id='word_1_865' title='bbox 2717 5067 2816 5106; x_wconf 89' lang='lat' dir='ltr'><strong>nec</strong></span> <span class='ocrx_word' id='word_1_866' title='bbox 2843 5051 3057 5105; x_wconf 89' lang='lat' dir='ltr'><strong>solvere</strong></span> <span class='ocrx_word' id='word_1_867' title='bbox 3092 5050 3291 5119; x_wconf 89' lang='lat' dir='ltr'><strong>poterit</strong></span> <span class='ocrx_word' id='word_1_868' title='bbox 3332 5066 3364 5102; x_wconf 89' lang='lat' dir='ltr'><strong>a</strong></span> <span class='ocrx_word' id='word_1_869' title='bbox 3401 5050 3562 5102; x_wconf 85' lang='lat' dir='ltr'><strong>vobis</strong></span> <span class='ocrx_word' id='word_1_870' title='bbox 3586 5048 3690 5098; x_wconf 85' lang='lat' dir='ltr'><strong>vin-</strong></span> 
     </span>
    </p>
   </div>
   <div class='ocr_carea' id='block_1_114' title="bbox 2115 5144 3689 5214">
    <p class='ocr_par' dir='ltr' id='par_1_114' title="bbox 2115 5144 3689 5214">
     <span class='ocr_line' id='line_1_117' title="bbox 2115 5144 3689 5214; baseline -0.003 -17"><span class='ocrx_word' id='word_1_871' title='bbox 2115 5145 2297 5197; x_wconf 91' lang='lat' dir='ltr'><strong>culum</strong></span> <span class='ocrx_word' id='word_1_872' title='bbox 2333 5144 2396 5198; x_wconf 73' lang='lat'><strong>”.</strong></span> <span class='ocrx_word' id='word_1_873' title='bbox 2425 5165 2442 5195; x_wconf 76' lang='grc' dir='ltr'><strong>ι</strong></span> <span class='ocrx_word' id='word_1_874' title='bbox 2491 5145 2594 5210; x_wconf 88' lang='lat' dir='ltr'><strong>Qui</strong></span> <span class='ocrx_word' id='word_1_875' title='bbox 2637 5147 2782 5200; x_wconf 92' lang='lat' dir='ltr'><strong>enim</strong></span> <span class='ocrx_word' id='word_1_876' title='bbox 2833 5144 3097 5214; x_wconf 80' lang='lat' dir='ltr'><strong>sacrilega</strong></span> <span class='ocrx_word' id='word_1_877' title='bbox 3135 5151 3547 5212; x_wconf 89' lang='lat' dir='ltr'><strong>persequuntur</strong></span> <span class='ocrx_word' id='word_1_878' title='bbox 3584 5155 3689 5208; x_wconf 57' lang='lat' dir='ltr'><strong>pcr-</strong></span> 
     </span>
    </p>
   </div>
   <div class='ocr_carea' id='block_1_115' title="bbox 2115 5226 3686 5303">
    <p class='ocr_par' dir='ltr' id='par_1_115' title="bbox 2115 5226 3686 5303">
     <span class='ocr_line' id='line_1_118' title="bbox 2115 5226 3686 5303; baseline -0.006 -14"><span class='ocrx_word' id='word_1_879' title='bbox 2115 5238 2375 5290; x_wconf 91' lang='lat' dir='ltr'><strong>suasione</strong></span> <span class='ocrx_word' id='word_1_880' title='bbox 2403 5245 2456 5290; x_wconf 91' lang='lat' dir='ltr'><strong>et</strong></span> <span class='ocrx_word' id='word_1_881' title='bbox 2481 5237 2720 5290; x_wconf 88' lang='lat' dir='ltr'><strong>lacerare</strong></span> <span class='ocrx_word' id='word_1_882' title='bbox 2745 5237 2998 5290; x_wconf 90' lang='lat' dir='ltr'><strong>nituntur</strong></span> <span class='ocrx_word' id='word_1_883' title='bbox 3023 5235 3334 5303; x_wconf 89' lang='lat' dir='ltr'><strong>episcopos,</strong></span> <span class='ocrx_word' id='word_1_884' title='bbox 3364 5232 3453 5285; x_wconf 88' lang='lat' dir='ltr'><strong>vel</strong></span> <span class='ocrx_word' id='word_1_885' title='bbox 3482 5246 3576 5284; x_wconf 81' lang='lat' dir='ltr'><strong>eos</strong></span> <span class='ocrx_word' id='word_1_886' title='bbox 3603 5226 3686 5294; x_wconf 88' lang='lat' dir='ltr'><strong>qui</strong></span> 
     </span>
    </p>
   </div>
   <div class='ocr_carea' id='block_1_116' title="bbox 2290 5502 2710 5563">
    <p class='ocr_par' dir='ltr' id='par_1_116' title="bbox 2290 5502 2710 5563">
     <span class='ocr_line' id='line_1_119' title="bbox 2290 5502 2710 5563; baseline 0.005 -6"><span class='ocrx_word' id='word_1_887' title='bbox 2290 5504 2335 5534; x_wconf 83' lang='grc'><strong>⁹³</strong></span> <span class='ocrx_word' id='word_1_888' title='bbox 2360 5502 2526 5557; x_wconf 84' lang='lat' dir='ltr'><strong>Zacn.</strong></span> <span class='ocrx_word' id='word_1_889' title='bbox 2555 5519 2613 5563; x_wconf 89' lang='lat' dir='ltr'><strong>lt,</strong></span> <span class='ocrx_word' id='word_1_890' title='bbox 2655 5503 2710 5559; x_wconf 89' lang='lat'><strong>8.</strong></span> 
     </span>
    </p>
   </div>
   <div class='ocr_carea' id='block_1_117' title="bbox 2319 5575 2668 5627">
    <p class='ocr_par' dir='ltr' id='par_1_117' title="bbox 2319 5575 2668 5627">
     <span class='ocr_line' id='line_1_120' title="bbox 2319 5575 2668 5627; baseline 0.006 -3"><span class='ocrx_word' id='word_1_891' title='bbox 2319 5575 2361 5604; x_wconf 84' lang='grc'>⁹⁷</span> <span class='ocrx_word' id='word_1_892' title='bbox 2410 5575 2668 5627; x_wconf 81' lang='lat' dir='ltr'><strong>nonnulli.</strong></span> 
     </span>
    </p>
   </div>
   <div class='ocr_carea' id='block_1_118' title="bbox 2786 5500 3679 5567">
    <p class='ocr_par' dir='ltr' id='par_1_118' title="bbox 2786 5500 3679 5567">
     <span class='ocr_line' id='line_1_121' title="bbox 2786 5500 3679 5567; baseline -0.004 -11"><span class='ocrx_word' id='word_1_893' title='bbox 2786 5504 2832 5534; x_wconf 66' lang='grc'><strong>9⁵</strong></span> <span class='ocrx_word' id='word_1_894' title='bbox 2858 5503 2874 5556; x_wconf 84' lang='grc'><strong>1</strong></span> <span class='ocrx_word' id='word_1_895' title='bbox 2905 5501 3067 5567; x_wconf 85' lang='lat' dir='ltr'><strong>.loan,</strong></span> <span class='ocrx_word' id='word_1_896' title='bbox 3099 5518 3182 5567; x_wconf 88' lang='grc' dir='ltr'>ιιι,</span> <span class='ocrx_word' id='word_1_897' title='bbox 3218 5501 3306 5554; x_wconf 85' lang='grc'><strong>16.</strong></span> <span class='ocrx_word' id='word_1_898' title='bbox 3419 5503 3468 5541; x_wconf 69' lang='grc'><strong>’³</strong></span> <span class='ocrx_word' id='word_1_899' title='bbox 3498 5500 3679 5553; x_wconf 77' lang='lat' dir='ltr'><strong>Ezeeh.</strong></span> 
     </span>
    </p>
   </div>
   <div class='ocr_carea' id='block_1_119' title="bbox 2769 5571 3678 5641">
    <p class='ocr_par' dir='ltr' id='par_1_119' title="bbox 2769 5571 3678 5641">
     <span class='ocr_line' id='line_1_122' title="bbox 2769 5571 3678 5641; baseline -0.007 -14"><span class='ocrx_word' id='word_1_900' title='bbox 2769 5574 2814 5605; x_wconf 68' lang='lat'><strong>93</strong></span> <span class='ocrx_word' id='word_1_901' title='bbox 2855 5591 3160 5627; x_wconf 79' lang='lat' dir='ltr'><strong>musarum.</strong></span> <span class='ocrx_word' id='word_1_902' title='bbox 3239 5575 3286 5604; x_wconf 71' lang='lat'><strong>’9</strong></span> <span class='ocrx_word' id='word_1_903' title='bbox 3318 5571 3678 5641; x_wconf 60' lang='lat' dir='ltr'><strong>voluptatibus.</strong></span> 
     </span>
    </p>
   </div>
   <div class='ocr_carea' id='block_1_120' title="bbox 2792 5643 3679 5704">
    <p class='ocr_par' dir='ltr' id='par_1_120' title="bbox 2792 5643 3679 5704">
     <span class='ocr_line' id='line_1_123' title="bbox 2792 5643 3679 5704; baseline -0.006 -8"><span class='ocrx_word' id='word_1_904' title='bbox 2792 5645 2813 5674; x_wconf 71' lang='grc'><strong>⁸</strong></span> <span class='ocrx_word' id='word_1_905' title='bbox 2843 5643 2860 5696; x_wconf 90' lang='lat' dir='ltr'><strong>l</strong></span> <span class='ocrx_word' id='word_1_906' title='bbox 2892 5644 3018 5698; x_wconf 78' lang='lat' dir='ltr'><strong>Cor.</strong></span> <span class='ocrx_word' id='word_1_907' title='bbox 3049 5659 3123 5704; x_wconf 83' lang='lat' dir='ltr'><strong>vl,</strong></span> <span class='ocrx_word' id='word_1_908' title='bbox 3159 5645 3211 5696; x_wconf 84' lang='lat' dir='ltr'><strong>t5.</strong></span> <span class='ocrx_word' id='word_1_909' title='bbox 3290 5645 3310 5674; x_wconf 74' lang='grc' dir='ltr'><strong><em>ε</em></strong></span> <span class='ocrx_word' id='word_1_910' title='bbox 3339 5643 3466 5698; x_wconf 82' lang='lat' dir='ltr'><strong>Ose.</strong></span> <span class='ocrx_word' id='word_1_911' title='bbox 3499 5660 3571 5704; x_wconf 82' lang='lat' dir='ltr'><strong>tv,</strong></span> <span class='ocrx_word' id='word_1_912' title='bbox 3610 5644 3679 5692; x_wconf 78' lang='lat' dir='ltr'><strong>th.</strong></span> 
     </span>
    </p>
   </div>
   <div class='ocr_carea' id='block_1_121' title="bbox 2551 5711 3678 5783">
    <p class='ocr_par' dir='ltr' id='par_1_121' title="bbox 2551 5711 3678 5783">
     <span class='ocr_line' id='line_1_124' title="bbox 2551 5711 3678 5783; baseline -0.001 -17"><span class='ocrx_word' id='word_1_913' title='bbox 2551 5717 2829 5783; x_wconf 72' lang='lat' dir='ltr'><strong>‘°Use.v,</strong></span> <span class='ocrx_word' id='word_1_914' title='bbox 2879 5716 2934 5768; x_wconf 73' lang='grc'><strong>2.</strong></span> <span class='ocrx_word' id='word_1_915' title='bbox 3018 5717 3054 5747; x_wconf 73' lang='grc'><strong>’⁸</strong></span> <span class='ocrx_word' id='word_1_916' title='bbox 3094 5713 3260 5769; x_wconf 85' lang='lat' dir='ltr'><strong>Zach.</strong></span> <span class='ocrx_word' id='word_1_917' title='bbox 3325 5729 3361 5767; x_wconf 88' lang='grc' dir='ltr'><strong>ιι</strong></span> <span class='ocrx_word' id='word_1_918' title='bbox 3435 5715 3488 5768; x_wconf 84' lang='grc'><strong>8.</strong></span> <span class='ocrx_word' id='word_1_919' title='bbox 3567 5711 3678 5765; x_wconf 79' lang='lat'><strong>&quot;3.</strong></span> 
     </span>
    </p>
   </div>
  </div>
