3806 6208
73 290 231 344 1061
300 273 304 278 ’
1541 294 1922 352 EPISTOLE.

3247 307 3386 365 1062

70 409 338 466 Domino
371 422 519 469 recte
562 413 898 479 sacriﬁcant,
931 416 1305 474 indubitanter
1349 433 1475 473 eum
1510 433 1698 488 ρει-ευ·
1725 420 1772 496 ᾼ
1802 420 1872 473 ab
1891 434 1979 486 eo,
2004 421 2094 477 cui
2127 422 2306 492 ipsum
2326 422 2544 479 sentitis
2568 422 2889 489 adversum;
2913 422 3092 479 Wsed
3106 440 3206 482 nec
3232 426 3383 496 loqui

68 513 350 571 quuntur
379 516 435 561 et
474 505 777 576 dilaniant,
811 509 973 579 cujus
1002 511 1122 565 vice
1166 509 1488 582 funguntur.
1543 509 1698 567 Unde
1720 492 1749 522 ¹
1803 512 1887 567 his
1908 513 2112 582 quibus
2142 514 2258 584 ipse
2284 528 2394 569 non
2421 514 2685 584 loquitur,
2714 524 2774 570 ut
2799 518 3178 588 unusquisque
3204 492 3386 589 qui—in

67 595 162 650 ait
198 596 475 654 Dominus
507 615 607 669 per
643 598 762 657 Joel
798 601 1153 672 prophetam:
1190 622 1207 654 ε
1238 601 1496 673 Nunquid
1536 603 1699 657 ultio-
1800 605 1960 675 culpa
2002 614 2118 672 est,
2149 608 2279 662 dum
2329 608 2578 662 omnium
2632 617 2875 663 vestrum
2910 610 3059 681 cupit
3113 610 3384 666 amicitias

69 704 223 744 nem
270 691 591 747 reddidistis
619 693 791 748 mihi?
822 692 890 749 Et
931 694 976 760 si
1010 693 1341 749 ulciscimini
1377 709 1477 749 vos
1506 704 1699 750 contra
1800 696 1977 764 ferre,
2016 696 2241 754 festinet
2280 700 2445 755 citius
2499 701 2845 756 reconciliari
2883 701 2933 756 ci
2975 702 3069 772 qui
3125 702 3384 757 omnibus

68 793 179 833 me
201 819 222 844 ,
263 779 412 845 cito,
449 782 710 839 velociter
764 785 989 840 reddam
1046 784 1481 841 vicissitudinem
1541 785 1699 840 vobis
1803 796 2022 856 praeest,
2054 799 2115 844 ut
2142 806 2243 860 per
2269 791 2375 845 hoc
2400 792 2586 846 redeat
2619 792 2685 846 ad
2717 793 2970 859 salutem,
3002 808 3127 848 cum
3162 795 3384 850 obedire

72 883 270 940 super
308 880 473 941 caput
500 882 745 929 vestrum
769 874 834 927 ".
868 894 887 926 ›
948 873 1015 929 Ει
1056 890 1155 945 per
1192 872 1332 931 Osee
1374 876 1698 946 prophetam
1799 881 2030 949 cmperit
2070 882 2295 937 monitis
2331 884 2697 953 praesidentis.
2747 884 2805 938 Si
2844 899 2975 939 vero
3012 885 3138 955 quis
3171 886 3415 941 amicus’

74 960 375 1019 Dominus
416 965 635 1036 inquit:
669 985 688 1019 ‹
718 965 854 1033 Quis
881 968 1125 1037 sapiens,
1160 977 1215 1022 et
1252 968 1516 1039 intelliget
1549 969 1700 1024 ista?
1799 971 1968 1026 fuerit
2000 972 2086 1029 bis
2120 973 2325 1043 quibus
2352 976 2468 1045 ipse
2509 976 2720 1031 amicus
2757 991 2866 1030 non
2907 986 3013 1045 est,
3061 987 3116 1032 et
3162 978 3383 1033 locutus

69 1054 435 1127 intelligens,
475 1067 532 1113 et
566 1059 703 1113 sciet
731 1059 832 1114 ea?
858 1058 999 1126 Quia
1035 1068 1196 1115 recta:
1230 1060 1335 1113 via:
1372 1058 1613 1125 Domini,
1645 1069 1699 1114 et
1799 1060 1969 1117 fuerit
1998 1062 2085 1119 his
2106 1065 2310 1134 quibus
2333 1066 2450 1135 ipse
2479 1081 2588 1121 non
2618 1068 2883 1137 loquitur,
2914 1085 3057 1125 unus
3076 1077 3161 1124 est
3186 1079 3241 1124 et
3267 1068 3383 1138 ipse

64 1147 231 1217 justi
285 1150 648 1205 ambulabunt
681 1151 735 1204 in
762 1153 879 1219 eis;
916 1155 1367 1222 praevaricatores
1406 1169 1536 1209 vero
1574 1169 1699 1208 cor-
1799 1168 1866 1209 ex
1900 1152 2023 1210 illis
2050 1156 2143 1225 qui
2191 1159 2562 1213 exterminare
2604 1158 2906 1216 Eeclcsiam
2944 1161 3038 1217 Dei
3078 1163 3299 1229 volunt;
3329 1171 3382 1216 et

69 1252 261 1298 ruent
295 1243 354 1297 in
393 1245 474 1298 eis
498 1244 564 1299 ιθ.
603 1264 622 1296 ι
662 1245 728 1299 Et
764 1246 881 1315 ipsa
920 1262 1018 1317 per
1054 1262 1114 1302 se
1142 1245 1362 1307 Veritas
1401 1247 1509 1301 ait:
1542 1266 1560 1298 ι
1591 1245 1697 1314 Qui
1798 1260 1925 1301 cum
1976 1263 2204 1317 corpore
2250 1249 2539 1305 vobiscum
2586 1266 2709 1306 esse
2757 1253 3045 1317 videatur,
3097 1262 3281 1308 mente
3327 1263 3381 1308 et

70 1353 189 1392 vos
238 1336 429 1401 audit,
458 1351 547 1391 me
588 1338 775 1392 audit:
804 1347 858 1392 et
904 1338 1000 1409 qui
1029 1354 1127 1394 vos
1160 1340 1402 1410 spernit,
1426 1353 1515 1393 me
1544 1354 1699 1408 sper-
1799 1332 2188 1393 animocontra
2216 1355 2313 1395 vos
2328 1349 2432 1395 est.
2454 1341 2520 1395 Et
2537 1351 2619 1396 est
2640 1343 2813 1398 multo
2829 1345 3061 1414 nequior
3075 1343 3249 1399 hostis
3268 1344 3379 1411 hic,

73 1428 169 1483 nit
198 1429 272 1484 ¹⁷.
313 1448 334 1479 ι
382 1427 477 1485 His
506 1438 559 1484 et
596 1429 721 1484 aliis
754 1428 874 1484 fulti
927 1432 1352 1501 quamplurimis
1398 1431 1697 1486 Dominicis
1799 1446 1966 1501 quam
1989 1432 2065 1485 illi
2096 1432 2191 1502 qui
2226 1431 2362 1488 foris
2391 1442 2540 1499 sunt,
2572 1444 2626 1489 et
2656 1436 2938 1491 evidenter
2981 1436 3191 1492 inimici
3226 1448 3377 1492 sunt.

75 1520 414 1590 praeceptis,
448 1520 687 1577 vitantes
716 1522 1003 1577 hominum
1040 1525 1397 1594 perditiones,
1424 1539 1549 1577 cum
1580 1538 1698 1577 om—
1797 1523 1899 1580 Hic
1927 1525 2074 1579 ettim
2120 1540 2217 1596 per
2244 1525 2612 1581 amicitiarum
2661 1527 2898 1598 speciem
2920 1569 2935 1595 ,
2984 1543 3109 1598 quae
3156 1528 3378 1585 inimica

74 1613 267 1667 nibus
326 1612 494 1682 hujus
544 1623 747 1669 sanctae
789 1613 967 1677 sedis,
1010 1631 1175 1686 quam
1224 1616 1491 1671 Dominus
1535 1623 1698 1685 caput
1796 1625 1931 1674 sunt
1961 1617 2120 1690 gerit,
2152 1626 2207 1673 et
2239 1618 2540 1674 Ecclesiam
2571 1619 2836 1692 dispergit
2868 1634 2933 1675 ac
2960 1628 3158 1675 vastat.

73 1708 271 1761 totius
295 1703 555 1761 Ecclesia:
589 1707 895 1773 constituit,
929 1708 1217 1775 membris,
1251 1709 1379 1763 talia
1407 1708 1526 1763 fieri
1556 1722 1690 1777 pro»

78 1756 268 1761 __-___
298 1756 553 1761 mn---"
594 1756 895 1773 _-_-_---__-,
929 1756 1217 1775 _------___-,
1252 1756 1379 1763 ,κω
1407 1756 1526 1763 ..-η
1556 1756 1609 1777 τ-
1631 1756 1653 1762 τ,

74 1799 384 1865 bibemus,
414 1815 484 1855 ne
527 1800 900 1856 confundatur
929 1801 1164 1871 populus
1206 1800 1422 1857 Domini
1451 1802 1508 1856 in
1539 1809 1692 1855 mter-
1723 1768 1767 1827 Β
1899 1847 1948 1902 D
2108 1849 2119 1861 .
2555 1756 2619 1811 η’
2654 1851 2666 1863 .
2951 1853 2963 1864 .
3214 1862 3215 1865 η

288 1890 338 1902 -.
498 1901 501 1902 ν
742 1893 756 1902 .
989 1893 1022 1902 ..
1311 1894 1323 1902 .
1399 1893 1411 1902 .
1457 1893 1471 1902 .
1497 1892 1530 1902 ..
1555 1893 1567 1902 .
1949 1864 1979 1902 e
2012 1857 2280 1902 scrmtura
2320 1849 2401 1902 vel
2438 1851 2764 1902 confessione
2791 1867 2884 1902 ver
2912 1868 3018 1902 mm
3043 1861 3215 1902 extort

74 1849 383 1865 νην-η.
415 1849 481 1855 --ν
532 1849 890 1856 -ν----------
929 1849 1162 1923 τᾷιηψν
1206 1849 1422 1905 ’τῖ’-’χ’
1452 1849 1508 1904 ··ζ
1540 1849 1661 1903 ζ·““
1899 1849 1979 1903 De
2012 1849 2280 1918 scriptura
2320 1849 2401 1903 vel
2438 1851 2764 1920 confessione
2791 1867 2884 1921 per
2912 1853 3018 1906 vim
3043 1861 3272 1909 επιονεαο

74 1907 258 1948 num.
285 1890 429 1946 Nam
455 1901 510 1947 et
552 1908 583 1947 a
612 1893 1113 1963 praedecessoubus
1150 1903 1358 1949 nostris
1398 1893 1691 1948 mbtbitum
1895 1961 1906 1963 _
1981 1961 2027 1963 __

75 1981 360 2051 legimus,
386 1990 446 2035 ut
483 1997 646 2037 nemo
669 1983 961 2038 contristet
997 1983 1273 2049 doctores,
1312 1997 1492 2053 neque
1523 1997 1691 2038 accu-

76 2073 378 2129 sationem
431 2075 695 2131 adversus
750 2090 847 2131 eos
892 2075 1176 2146 suscipiat.
1223 2076 1266 2107 ¹⁸
1296 2077 1418 2146 Ipse
1451 2090 1693 2145 namque

71 2167 475 2235 apostolorum
510 2168 763 2239 princeps
791 2168 849 2223 in
895 2168 1243 2224 ordinatione
1269 2169 1413 2223 beati
1442 2167 1693 2222 Clemen-

73 2258 153 2315 tis
194 2259 471 2329 populum
522 2260 837 2323 instruens,
872 2259 949 2314 ait
975 2258 1370 2327 :«Quicunque
1393 2258 1689 2313 contrista-

70 2351 235 2406 verit
286 2350 573 2407 doctorem
618 2351 902 2417 veritatis,
950 2360 1145 2421 peccat
1178 2351 1233 2404 in
1281 2349 1561 2405 Christum
1589 2391 1603 2416 ,
1638 2360 1692 2406 et

72 2440 318 2496 Patrem
350 2441 598 2495 omnium
628 2441 922 2496 exacerbat
959 2439 1152 2506 Deum,
1196 2449 1419 2510 propter
1449 2441 1598 2511 quod
1639 2452 1692 2496 et

70 2533 200 2587 vita
234 2531 500 2586 carebit»
522 2529 799 2585 EtDoctor
824 2530 1066 2602 gentium
1102 2530 1281 2601 inquit
1307 2550 1319 2584 :
1350 2547 1369 2581 ι
1397 2528 1454 2583 Si
1485 2545 1698 2600 praeocv

72 2632 336 2693 cupatus
368 2620 533 2677 fuerit
558 2623 722 2678 homo
752 2622 806 2676 in
837 2622 1026 2692 aliquo
1062 2622 1281 2687 delicto,
1313 2636 1415 2677 vos
1445 2622 1540 2692 qui
1575 2621 1691 2691 spi-

72 2713 335 2768 rituales
382 2712 539 2778 estis,
577 2721 881 2768 sustentate
911 2714 1065 2767 illum
1104 2714 1160 2767 in
1193 2713 1390 2783 spiritu
1424 2714 1688 2782 lenitatis,

74 2804 461 2860 considerans
486 2805 743 2874 teipsum,
764 2819 831 2858 ne
853 2814 907 2859 et
932 2813 987 2859 tu
1020 2807 1261 2861 tcnteris.
1289 2805 1440 2860 Alter
1465 2806 1691 2862 alterius

72 2911 265 2953 onera
292 2905 534 2967 portate,
558 2906 612 2950 et
641 2897 722 2952 sic
754 2896 1124 2967 adimplebitis
1142 2897 1314 2968 legem
1343 2896 1547 2953 Christi
1574 2900 1617 2930 ¹⁹

1797 2886 2095 2946 Spontanea
2122 2879 2240 2934 fieri
2268 2879 2450 2948 debet,
2483 2880 2602 2950 ipso
2633 2889 2926 2937 attestante
2954 2882 3050 2952 qui
3086 2884 3164 2938 ait
3194 2902 3206 2938 :
3242 2903 3263 2936 ε
3298 2883 3379 2938 Ex

75 2988 205 3044 llas
237 2988 663 3045 considerantes
694 2990 925 3060 pietates
957 2997 1012 3044 et
1040 2989 1281 3059 pericula
1309 2989 1546 3045 vitantes
1572 3005 1625 3044 ar

1797 2969 1960 3024 corde
1990 2970 2137 3025 enim
2168 2972 2471 3041 procedunt
2507 2972 2826 3039 homicidia,
2874 2974 3164 3038 adulteria,
3196 2974 3379 3030 forni-

76 3098 341 3147 marum,
363 3096 474 3136 una
498 3097 623 3135 cum
645 3081 901 3137 omnibus
926 3080 1143 3136 Domini
1169 3082 1569 3148 sacerdotibus,
1596 3098 1625 3153 q

1797 3067 2062 3133 cationes,
2097 3068 2625 3138 blasphemiae",iet
2652 3077 2849 3123 caetera
2875 3083 2996 3138 qua:
3018 3078 3147 3123 sunt
3174 3068 3242 3123 ad
3265 3068 3379 3124 haec

1797 3159 2116 3183 ---ιε--..ιε-
2176 3158 2286 3183 ΚΥ--
2316 3168 2525 3183 .--ι-,μ
2554 3160 2876 3183 ,ιιη-ΔΑ-Δ-
2916 3172 3041 3183 ..η-ι
3072 3177 3186 3183 _.-_.._-
3216 3161 3308 3183 ﬂ---
3337 3172 3352 3183 Α

73 3170 392 3226 nobiscum
421 3170 479 3224 in
512 3170 656 3225 hanc
694 3185 911 3225 sacram
956 3180 1335 3226 convenerunt
1374 3171 1563 3227 urbem
1584 3214 1598 3237 ,

1797 3159 2142 3229 pertinentia.
2176 3158 2289 3215 Nec
2316 3168 2527 3219 tantum
2553 3160 2881 3215 attendenda
2914 3172 3043 3215 sunt
3067 3177 3189 3232 qua:
3216 3161 3376 3227 ﬁunt,

77 3279 224 3319 cum
255 3262 521 3318 omnibus
542 3262 710 3333 hujus
739 3263 935 3333 capitis
966 3262 1253 3329 membris,
1287 3263 1430 3319 sicut
1452 3279 1483 3318 a
1517 3263 1618 3319 bea

1797 3259 2060 3321 quantum
2078 3266 2188 3321 quo
2204 3252 2389 3306 animo
2420 3251 2575 3317 ﬁant,
2591 3265 2827 3320 quorum
2845 3251 3090 3320 exempla
3117 3251 3163 3306 si
3193 3253 3378 3308 omnia

80 3355 391 3427 apostolis,
423 3363 477 3410 et
505 3370 536 3410 a
570 3355 798 3425 reliquis
842 3355 1046 3410 sanctis
1082 3353 1340 3410 Patribus
1360 3397 1374 3421 ,
1406 3365 1462 3411 et
1504 3372 1535 3411 a
1568 3374 1694 3413 suc-
1795 3344 2035 3399 Scribere
2068 3343 2422 3412 εαδρενίπιυδο
2454 3350 2583 3396 ante
2611 3342 2730 3397 dies
2757 3356 2925 3412 quam
2958 3343 3207 3412 exempla
3246 3343 3381 3398 (Μί-

78 3448 419 3505 cessoribus
459 3462 653 3503 eorum
701 3447 1015 3516 accepimus
1042 3484 1057 3513 ,
1096 3456 1397 3503 statuentes
1446 3448 1693 3504 decerni-
1794 3432 1958 3487 cient.
1977 3430 2339 3487 Undeetillud
2356 3441 2460 3498 est,
2480 3433 2984 3504 quodDominusad
3004 3437 3379 3492 muneraAbel

79 3557 245 3605 mus,
279 3554 477 3594 omnes
507 3538 601 3609 qui
632 3547 857 3594 sanctos
894 3537 1088 3593 Patres
1120 3548 1557 3610 persequuntur,
1597 3557 1625 3595 a

1797 3527 2055 3595 respexit,
2073 3533 2127 3580 et
2145 3542 2251 3580 non
2270 3526 2337 3581 ad
2365 3525 2499 3581 Cain
2518 3544 2533 3592 ;
2551 3528 2678 3596 quia
2700 3528 2873 3598 magis
2903 3528 3135 3584 intendit
3152 3529 3221 3584 ad
3246 3529 3379 3584 olfe-

80 3648 357 3691 amovere
380 3633 471 3688 vel
492 3633 791 3689 dilacerare
821 3631 1115 3704 manifeste
1148 3634 1419 3701 nituntur,
1458 3634 1625 3689 infam

1797 3619 1964 3673 rentis
1989 3618 2255 3685 animum,
2278 3635 2442 3689 quam
2473 3619 2542 3674 ad
2570 3635 2633 3674 ea
2658 3635 2781 3690 quae
2809 3620 3134 3676 offeruntur.
3167 3621 3297 3677 lnde
3323 3632 3377 3678 et

79 3741 222 3781 esse
257 3733 316 3780 et
345 3725 556 3781 alienos
609 3740 640 3780 a
668 3725 951 3780 liminibus
1002 3723 1263 3780 Ecclesiae
1292 3741 1469 3797 usque
1508 3727 1575 3781 ad
1603 3742 1625 3782 s

1797 3710 2057 3766 Dominus
2073 3726 2165 3781 per
2186 3709 2516 3781 Prophetam
2538 3712 2715 3783 inquit
2740 3731 2753 3766 :
2778 3732 2796 3764 ε
2823 3711 3086 3768 Dominus
3102 3713 3206 3769 scit
3226 3715 3378 3786 cogi-

1866 1961 1911 1993 ’³
1975 1961 2238 2017 Similiter
2300 1963 2348 2018 si
2412 1963 2728 2033 bujusmodi
2800 1965 3053 2035 personis
3126 1965 3377 2035 quaedam

1792 2054 2072 2124 scripturae
2120 2069 2347 2125 quoquo
2379 2056 2544 2111 modo
2576 2072 2671 2126 per
2700 2065 2903 2111 metum
2925 2098 2939 2122 ,
2962 2065 3057 2112 aut
3088 2057 3335 2112 fraudem
3359 2098 3375 2125 ,

1794 2155 1889 2202 aut
1920 2162 2019 2218 per
2047 2147 2159 2202 vim
2184 2157 2413 2204 extorta:
2447 2148 2675 2218 fuerint,
2704 2151 2790 2204 vel
2817 2161 2876 2205 ut
2913 2165 2972 2206 se
3001 2151 3236 2205 liberare
3253 2166 3380 2220 pos-

1794 2238 1924 2300 sint,
1973 2254 2303 2310 quocunque
2355 2241 2426 2296 ab
2476 2242 2556 2296 eis
2605 2245 2930 2313 conscripta:
2973 2243 3055 2297 vel
3106 2243 3380 2297 roborata:

1794 2330 1999 2386 fuerint
2033 2333 2275 2403 ingenio,
2305 2335 2372 2389 ad
2407 2335 2619 2389 nullum
2643 2334 2724 2390 eis
2755 2335 3131 2405 prazjudicium
3164 2346 3258 2390 aut
3281 2351 3380 2390 no-

1795 2432 2113 2479 cumentum
2144 2427 2428 2495 pervenire
2461 2427 2508 2459 “
2533 2443 2843 2495 censemus,
2881 2445 3059 2499 neque
3102 2429 3268 2483 ullam
3295 2429 3378 2484 eis

1795 2514 2081 2570 infamiam
2116 2517 2201 2571 vel
2237 2517 2593 2582 calumniam,
2628 2528 2728 2573 aut
2772 2536 2801 2573 a
2836 2520 2954 2575 suis
2983 2520 3378 2589 sequestratio—

1793 2619 1919 2658 nem
1963 2604 2148 2666 bonis.
2180 2622 2447 2677 unquam,
2488 2616 2712 2663 auctore
2745 2606 2877 2673 Deo,
2914 2617 2968 2663 et
2995 2611 3202 2667 sanctis
3246 2625 3378 2681 apo-

1794 2695 1950 2751 stolis
1984 2711 2289 2767 eorumqne
2321 2700 2759 2766 successoribus,
2792 2701 3066 2756 sustinere
3105 2702 3377 2771 permitti-

1795 2800 1940 2841 mus.
1976 2786 2265 2844 Confessio
2297 2805 2429 2844 vero
2471 2790 2525 2843 in
2564 2771 2764 2845 talibus
2796 2806 2905 2845 non
2930 2792 3209 2863 compulsa
3230 2835 3244 2859 ,
3281 2793 3378 2847 sed

84 3816 476 3874 tisfactionem
525 3816 672 3881 ﬁeri,
701 3816 830 3887 quia
866 3816 948 3871 sic
982 3816 1098 3871 odit
1140 3815 1286 3871 Deus
1322 3832 1418 3872 eos
1451 3818 1547 3887 qui
1589 3817 1689 3872 ad-

82 3924 297 3965 versus
318 3908 364 3940 ’°
389 3906 581 3964 Patres
612 3917 918 3974 armantur,
953 3918 1015 3962 ut
1039 3907 1264 3963 Patrum
1294 3909 1577 3964 invasores
1605 3910 1691 3963 vel

85 4003 502 4058 destructores.
554 4000 660 4068 Qui
712 4002 836 4057 ideo
896 4000 1129 4057 infames
1187 4001 1530 4069 efﬁciuntur,
1560 4002 1689 4071 quia

84 4092 298 4148 Patres
342 4103 770 4165 persequuntur.
796 4092 953 4160 Quod
1000 4092 1047 4148 si
1081 4108 1182 4148 nec
1224 4093 1376 4162 loqui
1418 4093 1499 4147 eis
1541 4092 1685 4159 licet,

84 4187 309 4259 quibus
335 4186 589 4243 doctores
614 4187 815 4249 summi
836 4229 851 4255 ,
886 4202 1025 4257 quos
1052 4189 1361 4257 Episcopos
1400 4201 1687 4252 vocamus,

83 4286 333 4350 propter
375 4293 565 4334 eorum
602 4279 809 4334 scelera
839 4278 1233 4344 adversantur;
1263 4285 1470 4348 quanto
1504 4277 1689 4349 magis

86 4372 181 4427 eis
216 4370 316 4441 qui
346 4385 442 4426 eos
471 4370 769 4437 infestant,
806 4385 907 4427 nec
944 4370 1402 4425 consentiendum
1448 4379 1553 4437 est,
1589 4386 1688 4427 nec

1791 3806 2031 3861 taliones
2046 3805 2329 3859 hominum
2358 3805 2424 3859 ".
2464 3824 2482 3855 ι
2511 3804 2577 3859 Ει
2606 3820 2705 3875 per
2725 3804 2864 3860 Osce
2888 3806 2967 3859 ait
2991 3827 3002 3860 :
3027 3823 3045 3856 ‹
3068 3803 3127 3859 ln
3156 3814 3378 3876 gutture

1796 3907 1889 3953 tuo
1905 3897 1975 3953 sit
2009 3896 2158 3961 tuba,
2179 3896 2338 3966 quasi
2372 3897 2556 3966 aquila
2591 3912 2755 3966 super
2780 3897 3003 3952 domum
3028 3895 3326 3951 Domini".
3356 3917 3374 3947 ι

1791 3999 1845 4044 et
1860 3988 2089 4058 reliqua.
2112 3986 2177 4041 Et
2198 3986 2467 4043 Dominus
2498 3988 2574 4042 ait
2594 3987 2646 4041 in
2680 3985 2973 4058 Evangelio
2999 4007 3013 4043 :
3038 4007 3057 4040 ‹
3081 3984 3163 4042 Tu
3190 3996 3374 4043 autem

1792 4098 1919 4139 cum
1968 4081 2237 4146 oraveris,
2294 4080 2439 4134 intra
2472 4079 2789 4135 cubiculum
2842 4088 3044 4135 tuum:
3081 4091 3136 4137 et
3184 4082 3379 4135 clauso

1791 4176 1954 4241 ostio,
1990 4189 2087 4230 ora
2111 4172 2325 4228 Patrem
2351 4182 2504 4226 tuum
2525 4171 2591 4225 ’⁸.
2628 4190 2647 4222 ›
2675 4169 2868 4225 Omnis
2888 4172 3033 4227 enim
3070 4171 3370 4235 confessio,

1790 4283 1913 4338 quae
1940 4268 2000 4321 lit
2038 4281 2107 4321 ex
2140 4265 2487 4331 necessitate,
2530 4263 2664 4319 tides
2699 4280 2806 4317 non
2841 4273 2942 4318 est.
2985 4262 3052 4318 Et
3076 4263 3373 4334 Apostolus

1791 4361 1868 4415 ait
1895 4379 1909 4416 :
1952 4378 1972 4410 ι
2007 4358 2184 4414 Corde
2206 4358 2350 4413 enim
2379 4357 2621 4412 creditur
2648 4356 2716 4411 ad
2747 4356 3040 4425 justitiam,
3070 4372 3163 4411 ore
3187 4364 3372 4411 autem

90 4462 464 4532 loquendum,
494 4477 562 4517 ne
594 4462 890 4532 participes
914 4476 1102 4516 eorum
1137 4460 1488 4516 inveniantur
1517 4464 1625 4517 scel

1797 4451 2071 4508 confessio
2097 4452 2159 4506 lit
2193 4451 2261 4506 ad
2294 4452 2524 4506 salutem
2551 4450 2617 4503 '9.
2655 4468 2672 4500 ι
2711 4448 2963 4519 Amplius
2986 4458 3167 4503 autem
3198 4450 3374 4519 respi-

87 4555 282 4619 ribus,
317 4554 445 4623 quia
478 4568 589 4608 non
615 4553 795 4607 solum
833 4552 928 4621 qui
966 4550 1196 4617 faciunt,
1224 4552 1317 4606 sed
1350 4560 1405 4606 et
1434 4552 1527 4622 qui
1559 4568 1695 4607 cou-

89 4644 353 4701 sentiunt
394 4643 757 4708 facientibus,
793 4644 871 4696 rei
915 4642 1087 4697 sunt?
1128 4644 1172 4673 ’ί
1201 4640 1357 4698 Unde
1403 4652 1455 4697 et
1500 4643 1694 4700 beatus

90 4738 367 4809 princeps
424 4736 795 4807 apostolorum
852 4733 1083 4802 Petrus,
1133 4735 1228 4806 qui
1261 4735 1315 4789 in
1348 4735 1696 4791 ordinatione

1791 4545 1866 4601 cit
1895 4544 2043 4600 Deus
2079 4544 2147 4599 ad
2181 4543 2545 4614 cogitationes
2578 4551 2633 4596 et
2671 4549 3005 4611 spontaneas
3038 4541 3369 4605 voluntates,

1790 4653 1957 4708 quam
1989 4636 2056 4691 ad
2091 4645 2269 4701 actus,
2305 4635 2399 4706 qui
2432 4650 2530 4704 per
2555 4633 2982 4703 simplicitatem,
3019 4640 3114 4686 aut
3141 4646 3237 4702 per
3272 4645 3369 4684 ne-

1790 4730 2104 4785 cessitatem
2136 4728 2294 4782 ﬁunt.
2329 4725 2620 4783 Confessio
2644 4739 2778 4795 ergo
2812 4724 2867 4778 in
2902 4723 3105 4778 talibus
3141 4737 3248 4777 non
3274 4738 3369 4776 ex-

91 4832 284 4888 sancti
344 4830 764 4901 predecessoris
810 4831 985 4889 nostri
1033 4829 1369 4897 Clementis,
1416 4828 1694 4884 instruens
1786 4819 2034 4891 torqueri
2064 4820 2242 4884 debet.
2276 4818 2371 4874 sed
2406 4817 2586 4889 Ροιίυε
2633 4824 2828 4887 sponte
2878 4814 3145 4885 ιποῐὶιθτίσ
3186 4812 3369 4868 Ρεεεί·

90 4926 318 4981 clerum
344 4934 399 4978 et
427 4923 714 4994 populum,
738 4923 816 4978 ait
839 4922 1219 4984 nSiinimicus
1246 4921 1412 4977 fuerit
1436 4919 1691 4977 Clemens

91 5017 274 5073 alicui
311 5032 410 5088 pro
444 5018 662 5073 actibus
693 5018 812 5075 suis
834 5057 849 5081 ,
884 5033 985 5072 vos
1027 5016 1199 5071 nolite
1239 5023 1586 5085 exspectare,
1629 5025 1689 5068 ut

89 5112 223 5183 ipse
263 5110 420 5165 vobis
448 5110 635 5166 dicat:
681 5111 817 5166 Cum
852 5111 946 5164 illo
973 5109 1146 5163 nolite
1191 5107 1355 5163 amici
1413 5123 1563 5173 esse;
1591 5107 1686 5161 sed

87 5201 402 5273 prudenter
452 5201 746 5257 observare
814 5200 1065 5267 debetis,
1125 5208 1179 5255 et
1232 5198 1497 5253 voluntati
1565 5198 1686 5267 ejus

88 5296 313 5364 absque
342 5294 772 5350 commonitione
805 5294 1201 5358 obsecundare,
1229 5302 1283 5347 et
1314 5298 1560 5346 avertere
1586 5305 1682 5345 vos

218 5430 265 5462 ¹⁸
290 5427 407 5484 Joel
455 5444 537 5493 Ill,
570 5430 623 5484 4.
703 5426 1018 5493 “Oscam,
1066 5427 1152 5481 ll).
1233 5427 1275 5458 "
1307 5425 1441 5479 Luc.
1487 5440 1544 5489 x,
1574 5422 1661 5479 16.

88 5518 161 5555 ex
192 5500 421 5568 interpr.
458 5499 685 5554 Bullini:
720 5498 875 5555 Patr.
906 5510 945 5553 t.
971 5499 1010 5552 l.
1042 5496 1199 5552 EDl'l'.

1282 5497 1324 5528 ιθ

93 5518 161 5555 ex
192 5500 421 5568 interpr.
458 5499 685 5554 Bullini:
720 5498 875 5555 Patr.
906 5510 945 5553 t.
971 5499 1010 5552 l.
1042 5496 1199 5552 EDl'l'.
1282 5497 1324 5528 ¹⁹
1341 5496 1556 5561 Gal.vn,
1582 5496 1636 5560 1,
1661 5493 1716 5547 2.
1762 5530 1765 5533 -
1820 5496 1868 5527 ὀ
1899 5493 2077 5548 Procli
2108 5508 2193 5562 ep.
2228 5493 2296 5546 ad
2342 5493 2416 5541 Do

93 5574 119 5625 1
154 5569 462 5625 Clementis
498 5571 748 5640 epistola,
776 5579 831 5624 et
858 5570 922 5640 in
926 5639 929 5640 ν
946 5572 1105 5638 epist.
1137 5566 1381 5640 Anacleti
1413 5580 1587 5640 papae,
1618 5574 1672 5640 et
1707 5565 1959 5640 similiter
1983 5563 2210 5640 Fabiani
2243 5575 2416 5640 papae.

1792 4930 1941 4968 mum
1968 4922 2053 4968 est
2076 4915 2221 4968 enim
2247 4912 2315 4967 de
2339 4910 2655 4980 suspicione
2668 4918 2763 4964 aut
2791 4916 3002 4964 extorta
3022 4905 3369 4962 confessione

1792 5021 2126 5078 quemquam
2157 5006 2428 5076 judicare,
2474 5019 2601 5060 cum
2636 5002 2812 5073 magis
2856 5003 3135 5071 inspector
3184 5000 3366 5055 cordis

1791 5103 1863 5157 sit
1898 5097 2189 5164 Dominus,
2209 5112 2375 5167 quam
2393 5094 2611 5164 aperis;
2639 5103 2692 5148 et
2719 5093 2903 5163 potius
2935 5088 3366 5161 requiritDomi-

1790 5212 1897 5251 nus
1931 5194 2290 5266 cogitationes
2323 5204 2493 5259 puras
2526 5196 2580 5241 et
2612 5187 2921 5240 voluntates
2954 5183 3148 5247 bonas,
3197 5196 3362 5251 quam

1786 5290 1930 5345 labia
1962 5285 2268 5343 mendacia.
2304 5280 2460 5337 Unde
2502 5290 2557 5336 et
2602 5278 2870 5333 Dominus
2912 5291 3009 5346 per
3041 5273 3362 5345 prophetam

1744 5423 1787 5454 ³⁸
1815 5427 1871 5480 in
1900 5421 2127 5494 epistola
2169 5417 2463 5494 Clementis
2498 5416 2564 5494 ad
2606 5415 2893 5494 Jacobum,
2928 5412 3074 5494 circa
3122 5409 3359 5494 initium.

1762 5530 1765 5533 -
1820 5496 1868 5527 ὀ
1899 5486 2077 5548 Procli
2108 5508 2193 5562 ep.
2228 5492 2296 5546 ad
2342 5488 2672 5562 Domninum
2703 5486 2927 5562 Antioc;
2972 5486 3143 5562 cpisc.

3231 5481 3274 5511 ιι
3306 5481 3360 5533 in

2522 5560 2565 5589 ²²
2601 5574 2667 5611 ex
2712 5572 2856 5610 vers.
2891 5549 3088 5607 Bullini
3116 5549 3359 5616 ejusdem

94 5621 457 5708 éb'i'siip'r‘s."
486 5621 557 5672 ’ἶ
776 5621 1304 5710 δεῖνεῖἳινιὶὰὴᾷρᾳιιρ
1341 5654 1373 5689 a
1406 5621 1521 5710 sa.'_
1541 5621 1611 5710 Et
1651 5634 1902 5710 inHD_ecr_.
1934 5634 2026 5689 lvo
2070 5634 2181 5710 lib._
2204 5621 2278 5687 tv.
2314 5621 2620 5710 :ﬂigcmar.
2663 5624 3015 5710 (ὴὲ-(ΠνοξοιίρΙ
3037 5621 3281 5710 {aetherii
3304 5629 3365 5710 ξι

90 5705 481 5780 Theutbergae.
581 5705 958 5780 ﬂVprovem're.
1003 5705 1014 5710 ⁷
1070 5711 1116 5741 ’⁵
1140 5705 1331 5763 Matth.
1378 5722 1468 5774 xv,
1500 5705 1589 5761 ‘19.

581 5711 628 5744 “
668 5711 958 5782 provenire.

93 5785 142 5816 ²⁹
183 5780 344 5837 Bom.
377 5781 527 5852 1,10.

1698 5706 1745 5739 ³⁸
1769 5704 1915 5762 Psal.
1942 5722 2098 5773 κοίη,
2126 5705 2212 5759 ll.

2320 5702 2364 5734 ³⁷
2397 5698 2521 5756 Ose.
2573 5714 2697 5766 vut,
2730 5697 2779 5751 l.
2889 5696 2934 5728 ’⁸
2966 5691 3154 5748 Matth.
3193 5705 3268 5757 vt,
3301 5689 3363 5746 6.
