3806 6208
408 320 548 378 1065

1708 306 2106 365 ALEXAND!“
2144 310 2164 364 l
2203 300 2407 361 ΡᾹΡΑΞ

3566 295 3707 350 1964

407 433 666 501 loquens.
699 429 817 484 ait:
859 448 878 481 ι
916 427 1158 499 Populus
1184 427 1287 485 iste
1318 424 1482 483 labiis
1505 440 1591 481 me
1619 426 1879 490 honorat,
1902 439 2000 480 cor
2029 432 2078 490 Α
2105 436 2367 495 tanquam
2422 420 2835 493 apostolorum,
2889 414 3224 487 Patrumque
3269 413 3519 470 aliorum
3574 429 3681 468 con

408 535 592 581 autem
626 537 818 579 eorum
856 522 1017 594 longe
1040 531 1126 577 est
1157 535 1190 576 a
1224 535 1312 576 me
1334 521 1432 568 "-t
1482 517 1867 589 Pejusmalum
1886 516 2005 574 fore

410 631 523 672 non
556 616 793 682 aestimo,
820 630 993 686 quam
1019 614 1372 671 Christianos
1395 611 1515 668 suis
1550 611 1800 671 invidere
1824 625 2006 665 sacer-

411 709 655 764 dotibus.
692 706 860 763 Novit
883 709 1031 763 enim
1063 706 1333 762 Dominus
1361 705 1456 777 qui
1484 712 1616 761 sunt
1641 703 1782 774 ejus.
1816 703 1861 735 “
1883 701 2003 758 Non

413 810 597 874 potest
628 809 816 857 autem
852 801 1098 855 humano
1130 798 1493 854 condemnari
1526 797 1802 861 examine,
1839 809 2005 866 quem

414 896 562 953 Deus
594 910 702 951 suo
734 894 1037 950 reservavit
1065 890 1300 962 judicio.
1348 891 1408 947 Si
1450 893 1637 947 omnia
1671 903 1910 961 namque
1949 889 2003 944 in

416 991 521 1044 hoc
553 986 758 1042 saeculo
796 986 1078 1041 vindicata
1110 992 1320 1049 essent,
1348 984 1394 1017 ³⁸
1444 983 1626 1039 locum
1662 982 1850 1039 divina
1896 996 2006 1038 non

415 1081 683 1135 haberent
702 1078 934 1149 judicia.

1170 1187 1259 1244 111.

418 1284 478 1339 Si
527 1284 647 1355 quis
695 1285 949 1338 adversus
1005 1284 1305 1354 episcopum
1359 1284 1437 1339 vel
1493 1295 1699 1339 actores
1755 1276 2010 1342 Ecclesia:

962 1355 1233 1425 querelam
1262 1354 1469 1411 habuit.

490 1468 648 1536 Quod
686 1479 870 1524 autem
908 1469 976 1524 ad
1012 1469 1152 1525 alios
1184 1467 1398 1539 judices
1430 1469 1586 1541 prius
1620 1484 1728 1523 non
1752 1466 2010 1531 debeant,

420 1579 585 1634 quam
620 1563 686 1617 ad
721 1563 1037 1618 sacerdotes
1073 1563 1150 1633 (9)
1185 1562 1270 1618 vel
1300 1563 1581 1619 auditores
1639 1561 1685 1595 ⁸³
1754 1558 2013 1618 Ecclesiae

423 1655 697 1722 accusari,
731 1656 806 1709 ita
840 1671 868 1709 a
903 1663 1156 1725 tempore
1187 1655 1567 1725 apostolorum
1614 1664 1670 1711 et
1702 1652 1871 1720 infra,
1914 1653 2015 1710 ob—

423 1758 701 1806 servatum
737 1758 792 1804 et
824 1747 1116 1804 diﬂinitum
1150 1749 1487 1804 invenimus.
1519 1748 1569 1781 ”
1623 1747 1680 1803 Si
1713 1747 1840 1818 quis
1881 1762 2010 1817 erga

422 1839 765 1909 episcopum,
798 1848 844 1881 ω
890 1848 988 1894 aut
1032 1846 1286 1895 auctores
1308 1839 1353 1871 “
1386 1837 1665 1903 Ecclesia,
1708 1838 2011 1910 quamlibet

424 1933 704 2004 querelam
740 1933 827 2009 vel
862 1934 1142 1989 actionem
1178 1932 1328 2003 juste
1362 1949 1423 1989 se
1467 1933 1671 1988 habere
1699 1933 2011 1999 crediderit,

428 2025 545 2094 ipse
586 2021 972 2093 Redemptoris
1004 2024 1089 2078 sui
1145 2023 1348 2095 (cujus
1382 2024 1527 2080 actio
1574 2033 1767 2080 nostra
1806 2032 1892 2080 est
1931 2024 2016 2078 in-

428 2116 681 2185 stitutio)
716 2117 932 2171 viarum
969 2131 1080 2171 non
1116 2116 1432 2181 immemor.
1469 2117 1564 2172 sed
1594 2124 1833 2172 sectator
1858 2131 2016 2188 egre-

430 2206 577 2275 gius,
609 2206 703 2276 qui
738 2222 864 2262 cum
899 2208 1338 2275 malediceretur,
1371 2224 1481 2263 non
1517 2207 1900 2273 maledicebat,
1923 2208 2018 2263 sed

432 2308 693 2366 tanquam
735 2297 857 2352 ovis
902 2312 1089 2352 coram
1140 2298 1406 2355 tondente
1440 2314 1500 2354 se
1541 2299 1818 2353 obmutuit
1854 2298 1924 2367 ³⁷,
1956 2314 2021 2354 ac

430 2403 534 2459 pro
575 2390 693 2443 suis
731 2391 1181 2461 persecutoribus
1239 2392 1294 2445 in
1345 2406 1510 2447 cruce
1556 2392 1822 2461 pendens,
1875 2391 2021 2461 apud

433 2480 649 2536 Patrem
684 2482 998 2539 intercessit
1022 2483 1089 2551 ⁸⁸,
1121 2499 1229 2539 non
1263 2485 1417 2554 prius
1452 2485 1714 2555 primates
1751 2492 1847 2538 aut
1885 2484 2023 2539 alios

430 2573 646 2643 judices
679 2573 860 2642 adeat,
888 2592 1059 2646 quam
1086 2577 1237 2646 ipsos
1266 2592 1297 2631 a
1331 2578 1535 2647 quibus
1563 2593 1623 2633 se
1646 2578 1840 2634 laesum
1874 2577 2023 2634 aesti—

435 2679 570 2736 mat,
607 2673 900 2728 conveniat
933 2672 1298 2739 familiariter,
1333 2683 1389 2727 et
1425 2689 1533 2728 non
1570 2674 1759 2741 semel,
1796 2674 1889 2729 sed
1923 2689 2026 2730 sae—

435 2763 680 2831 pissime,
718 2771 779 2817 ut
812 2764 882 2818 ab
911 2763 993 2819 eis
1026 2772 1122 2818 aut
1151 2779 1309 2819 suam
1340 2764 1613 2834 justitiam
1649 2765 1906 2835 accipiat,
1931 2773 2028 2820 aut

433 2854 639 2924 justam
692 2856 1134 2911 excusationem.
1179 2854 1317 2910 Boni
1369 2872 1566 2928 nempe
1614 2865 1670 2913 et
1711 2872 1838 2913 vere
1865 2857 2027 2912 Chri-

440 2944 606 2998 stiani
635 2944 878 2998 hominis
907 2952 1012 3006 est.
1045 2960 1159 3001 rem
1186 2946 1360 3016 ipsam
1392 2946 1652 3002 omnibus
1686 2946 1942 3001 amicitiae
1963 2960 2029 3000 ac

439 3036 592 3106 pacis
632 3037 845 3109 legibus
889 3039 1043 3108 prius
1082 3046 1318 3105 tentare,
1364 3054 1531 3109 quam
1569 3039 1624 3093 in
1652 3039 1865 3109 judicio
1899 3038 2027 3110 (ubi

2107 525 2365 588 temptor.
2419 513 2495 570 De
2538 511 2741 585 quibus
2779 512 2857 567 ait
2902 510 3211 581 propheta:
3255 526 3275 558 ι
3306 505 3489 561 Erunt
3538 508 3706 575 quasi

2107 623 2217 663 non
2247 609 2382 675 sint,
2408 605 2731 677 etperibuut
2753 601 2857 656 viri
2879 601 2974 671 qui
2998 598 3385 655 contradicunt
3407 595 3655 651 vobis”.
3684 614 3706 645 ι

2852 733 2941 791 ιν.

2113 836 2179 892 Ut
2208 838 2263 889 in
2291 834 2557 889 oblatione
2584 839 3037 887 sacramentorum
3061 834 3509 881 commemoretur
3530 821 3715 893 possin

2181 906 2401 971 Christi,
2426 914 2475 958 et
2510 912 2566 958 ut
2601 902 2755 973 panis
2790 910 2998 954 tantum
3024 908 3074 953 et
3106 896 3279 952 vinum
3307 912 3453 968 aqua
3487 897 3713 949 misum

2183 978 2463 1046 oﬂ'eratur.

2181 1093 2227 1124 ⁸⁸
2254 1088 2314 1147 In
2362 1096 2835 1147 sacramentorum
2870 1099 3093 1156 quoque
3123 1080 3550 1148 oblationibus,
3591 1094 3719 1149 qua.

2110 1178 2252 1242 inter
2285 1185 2579 1241 missarum
2623 1180 2889 1237 solemnia
2924 1178 3157 1235 Domino
3189 1175 3532 1241 oﬂ'eruntur,
3581 1189 3701 1244 pas-

2112 1279 2195 1335 sio
2234 1276 2448 1334 Domini
2490 1274 2772 1332 misccnda
2804 1280 2909 1339 est,
2946 1280 3006 1327 ut
3039 1272 3179 1342 ejus.
3213 1271 3376 1340 cujus
3406 1282 3626 1337 corpus
3659 1277 3717 1319 et

2112 1373 2336 1444 sanguis
2365 1371 2673 1438 coniicitur,
2702 1366 2889 1444 passio
2923 1366 3253 1428 celebretur,
3286 1363 3362 1416 ita
3390 1369 3479 1425 ut,
3524 1359 3719 1429 repul-

2114 1465 2191 1521 sis
2222 1443 2580 1536 opinionibus
2610 1443 3086 1534 superstitionum,
3115 1458 3274 1528 panis
3296 1465 3524 1510 tantum
3550 1463 3606 1508 et
3629 1452 3717 1505 ri-

2115 1572 2246 1612 num
2282 1571 2422 1627 aqua
2453 1555 2773 1626 permistum
2804 1553 2859 1608 in
2899 1551 3170 1609 sacriﬁcio
3204 1548 3544 1605 oﬂ‘erantur.
3587 1544 3715 1599 Non

2115 1646 2275 1701 debet
2296 1646 2442 1701 enim
2478 1648 2497 1715 (
2521 1654 2586 1701 ut
2615 1660 2644 1699 a
2678 1642 2944 1698 Patribus
2973 1641 3303 1711 accepimus,
3327 1648 3385 1693 et
3416 1639 3546 1709 ipsa
3570 1638 3721 1690 ratio

2115 1734 2314 1808 docet)
2340 1738 2394 1792 in
2425 1735 2592 1793 calice
2615 1733 2833 1791 Domini
2857 1734 3160 1790 autvinum
3192 1732 3401 1798 solum,
3437 1739 3542 1785 aut
3569 1745 3720 1799 aqua

2114 1829 2229 1883 sola
2277 1825 2481 1894 offerri,
2532 1828 2627 1883 sed
2678 1834 2974 1898 utrumque
3012 1825 3336 1896 permistum
3390 1821 3539 1894 (10),
3580 1821 3720 1891 quia

2112 1926 2409 1990 utrumque
2428 1934 2496 1973 ex
2519 1917 2689 1973 latere
2711 1918 2833 1987 ejus
2862 1917 2917 1971 in
2941 1915 3202 1988 passione
3233 1928 3334 1969 sua
3365 1910 3721 1983 proﬂuxisse

2114 2010 2331 2083 legitur.
2377 2010 2500 2082 Ipsa
2549 2026 2680 2066 vero
2712 2007 2932 2066 Veritas
2980 2026 3083 2065 nos
3115 2007 3342 2064 instruit
3373 2006 3611 2060 calicem
3664 2014 3722 2059 et

2124 2119 2323 2174 panem
2368 2104 2424 2158 in
2474 2115 2823 2160 sacramento
2856 2101 3093 2167 oﬁ'erre,.
3117 2099 3338 2171 quando
3371 2099 3452 2153 ait
3494 2117 3511 2152 :
3550 2114 3574 2149 ι
3610 2097 3722 2151 Ac-

2118 2198 2264 2268 cepit
2294 2194 2454 2253 Jesus
2483 2212 2703 2267 panem,
2739 2204 2793 2250 et
2826 2194 3127 2260 benedixit,
3159 2193 3424 2262 deditque
3464 2188 3723 2260 discipu-

2118 2288 2188 2344 lis
2220 2290 2358 2355 suis,
2393 2286 2586 2345 dicens
2629 2309 2641 2344 :
2692 2287 2937 2358 Accipite
2970 2292 3026 2342 et
3079 2286 3436 2349 manducate,
3485 2283 3600 2339 hoc
3636 2294 3727 2338 est

2118 2381 2265 2434 enim
2302 2380 2345 2412 δ’
2391 2395 2596 2451 corpus
2637 2395 2843 2445 meum,
2888 2377 3035 2450 quod
3086 2392 3186 2447 pro
3226 2377 3391 2433 vobis
3436 2377 3718 2432 tradetur.

2123 2470 2410 2538 Similiter,
2444 2482 2735 2544 postquam
2767 2470 3026 2538 coenavit,
3060 2468 3273 2539 accepit
3306 2466 3576 2531 calicem,
3624 2468 3725 2521 de-

2121 2562 2310 2635 ditque
2354 2562 2651 2635 discipulis
2696 2563 2832 2629 suis,
2867 2561 3056 2618 dicens
3095 2580 3109 2615 :
3149 2560 3422 2630 Accipite,
3456 2571 3521 2615 et
3554 2560 3730 2614 bibite

2124 2672 2193 2710 ex
2244 2671 2310 2710 eo
2341 2670 2572 2722 omnes,
2610 2655 2740 2724 quia
2790 2653 2882 2710 hic
2918 2663 3003 2709 est
3053 2652 3197 2708 calix
3231 2653 3537 2723 sanguinis
3578 2653 3685 2707 mei
3709 2694 3725 2715 ,

2124 2746 2220 2818 qui
2260 2762 2361 2816 pro
2404 2745 2558 2802 vobis
2614 2745 2874 2801 fundetur
2914 2746 2972 2802 in
3021 2744 3414 2801 remissionem
3460 2753 3731 2814 peccato-

2125 2854 2249 2893 rum
2274 2838 2342 2892 ".
2372 2857 2391 2892 ι
2422 2838 2467 2871 ⁸³
2490 2835 2737 2894 Crimina
2759 2838 2905 2893 enim
2932 2848 3098 2909 atque
3127 2851 3378 2908 peccata,
3410 2836 3621 2893 oblatis
3641 2836 3729 2891 his

2132 2928 2363 2985 Domino
2407 2931 2716 2997 sacriﬁciis,
2745 2930 3013 2987 delentur.
3049 2930 3258 2987 Idcirco
3282 2941 3337 2986 et
3364 2932 3567 3002 passio
3608 2931 3732 3001 ejus

2128 3028 2185 3079 in
2222 3023 2307 3080 his
2351 3025 2832 3079 commemoranda
2882 3032 2998 3091 est,
3033 3039 3143 3095 qua
3183 3023 3461 3093 redempti
3504 3040 3729 3084 sumus,

440 3127 759 3198 l’requenter
790 3129 1173 3184 amarissimus
1215 3130 1415 3207 animae
1448 3145 1651 3185 raneor
1684 3129 2025 3201 innascitur)
2053 3160 2094 3217 ο
2127 3128 2183 3174 ει
2247 3114 2824 3217 ξωνῇιεωνεοίιεξιιάθλ
2882 3124 3049 3217 {uiue
3107 3116 3227 3217 P30
3277 3114 3530 3217 θοωίξιο
3581 3114 3722 3217 ﬁne“

443 3235 605 3277 suum
650 3220 740 3288 jus
765 3220 1119 3289 pertinaciter
1156 3220 1413 3290 experiri.
1462 3217 1522 3274 Si
1554 3219 1681 3290 quis
1716 3220 1863 3274 enim
1897 3235 2024 3274 eum

444 3312 579 3378 Deo,
613 3311 709 3381 qui
744 3311 897 3381 pacis
930 3319 1015 3366 est
1052 3319 1265 3377 auctor,
1304 3309 1555 3365 habitare
1588 3309 1808 3379 cupiat,
1844 3308 1894 3363 ei
1932 3323 2027 3363 ue-

445 3420 601 3460 cesse
629 3413 733 3470 est,
763 3412 824 3458 ut
855 3418 1046 3473 pacem
1083 3402 1352 3473 iuquirat.
1394 3399 1451 3455 Si
1488 3412 1674 3455 autem
1711 3414 1875 3455 secus
1899 3414 2025 3469 ege-

447 3497 540 3560 rit,
583 3504 637 3552 et
668 3495 738 3550 ab
772 3494 907 3566 ipsis
944 3503 1000 3549 et
1044 3493 1114 3548 ab
1148 3491 1272 3549 aliis
1307 3490 1696 3547 communione
1744 3489 2021 3560 privetur,

522 3692 566 3723 '°
597 3690 705 3745 lsa.
735 3705 890 3754 xxix,
950 3689 1048 3755 15;
1090 3686 1281 3743 Matth.
1316 3704 1405 3755 xv,
1443 3687 1497 3742 8.
1574 3688 1617 3719 ³¹
1648 3687 1838 3743 Const.
1886 3687 2018 3756 imp.
2090 3685 2169 3756 ad,
2192 3685 2387 3743 Patres
2431 3685 2877 3756 Nicaenos._Vide
2911 3686 3043 3756 coll.
3097 3684 3269 3756 Bard.
3312 3685 3412 3741 Η.

2130 3207 2320 3266 renda.
2367 3206 2593 3264 Talibus
2655 3206 2849 3264 hostiis
2897 3206 3257 3263 delectabitur
3300 3218 3359 3262 et
3410 3206 3733 3277 placabitur

2134 3298 2440 3365 Dominus,
2491 3309 2546 3356 et
2589 3312 2813 3370 peccata
2860 3299 3100 3355 dimittet
3144 3299 3393 3369 ingentia
3425 3298 3556 3346 “3'
3586 3296 3732 3350 Nihil

2133 3395 2277 3450 enim
2307 3393 2362 3447 in
2403 3392 2689 3448 sacriﬁciis
2720 3390 2899 3463 majus
2932 3407 3057 3448 esse
3093 3400 3274 3463 potest
3301 3406 3480 3461 quam
3523 3406 3730 3462 corpus

2136 3495 2194 3541 et
2222 3486 2456 3557 sanguis
2487 3483 2714 3540 Christi.
2747 3478 2860 3540 Nec
2897 3483 3008 3538 ulla
3033 3481 3241 3538 oblatio
3275 3483 3383 3536 hac
3425 3483 3619 3552 potior
3649 3495 3733 3537 εει

3496 3688 3546 3719 ³³
3586 3685 3731 3743 Enn.

452 3780 511 3840 rt,
543 3762 754 3840 ep._l9.
908 3753 1134 3840 actores.
1215 3758 1261 3790 “
1278 3759 1342 3840 ἓ,
1458 3760 1519 3812 7:
1634 3758 1753 3840 quis
1774 3773 1920 3840 erga.
1956 3753 2022 3812 Et
2063 3757 2118 3811 in
2145 3755 2294 3840 decr.
2320 3757 2488 3827 episc.
2524 3757 2661 3840 Sixti
2691 3753 2767 3840 ll_;
2808 3766 2862 3840 e_t
3003 3753 3316 3840 decrululii
3346 3773 3545 3840 papae;
3584 3768 3638 3811 et
3680 3759 3731 3811 in

450 3824 608 3886 Decf.
628 3828 778 3885 lvon.
808 3829 905 3883 lib.
931 3845 1003 3884 tv.
1081 3828 1125 3861 ³⁸
1151 3844 1254 3883 ms.
1278 3824 1455 3882 Paris.
1486 3824 1697 3897 collegii
1727 3824 1849 3883 soc.
1865 3826 2025 3897 Jesu.
2047 3843 2077 3881 a
2110 3842 2223 3897 quo
2244 3836 2299 3882 et
2322 3824 2609 3897 sequentes
2636 3828 2800 3883 varia:
2830 3827 3089 3882 lectiones
3114 3845 3127 3880 :
3159 3824 3333 3893 Quam
3348 3824 3434 3879 'ad
3462 3844 3526 3881 se
3557 3842 3735 3883 sacer-

451 3907 621 3966 dotes,
651 3900 730 3955 vel
760 3913 966 3954 actores
998 3898 1252 3953 Ecclesia:
1281 3914 1556 3953 accusare.

454 3986 565 4024 xu.
610 3972 695 4024 Η.
802 3970 848 4001 ⁸ο
880 3969 957 4023 De
995 3985 1229 4024 consecr.
1257 3968 1390 4023 dist.
1415 3969 1472 4024 2.
1515 3964 1556 4019 It

454 3986 565 4036 xu,
610 3977 695 4025 ll.

1659 3900 1679 3930 ⁸
1706 3907 1934 3952 actores.
2014 3896 2057 3929 ³⁷
2081 3897 2099 3950 1

802 3970 848 4001 ⁸⁰
880 3969 957 4023 De
995 3985 1229 4024 consecr.
1257 3968 1390 4023 dist.
1415 3969 1472 4033 2,
1515 3964 1577 4019 1η
1607 3977 2080 4023 sacramentorum.

2173 3908 2277 3952 etr.
2308 3914 2371 3960 it.
2398 3898 2503 3963 25;
2533 3896 2639 3952 lsa.
2665 3913 2784 3963 LIII,
2806 3899 2863 3953 9.
2926 3898 2971 3929 ³³
3000 3897 3132 3952 Luc.
3198 3912 3359 3961 χχιιι,
3380 3899 3474 3951 54.
3560 3900 3606 3931 ³’
3628 3897 3730 3952 lsa.

2179 3968 2225 4000 “
2255 3968 2309 4022 in
2335 3983 2439 4024 ms.
2472 3968 2625 4022 deest
2647 3968 2807 4022 enim.
2925 3967 2970 4001 δ’
2995 3966 3187 4022 Matth.
3213 3984 3369 4026 xm.
3398 3968 3500 4030 26,
3522 3968 3616 4022 28.
3691 3968 3733 3998 ⁸³

452 4042 652 4098 concil.
684 4040 909 4095 Bracar.
935 4054 1020 4107 :tt,
1049 4055 1100 4095 c.
1126 4040 1182 4093 4.
1263 4039 1310 4070 ιδ
1340 4055 1446 4094 ms.
1481 4038 1708 4093 dimittit
1748 4039 2103 4111 indulgentia.
2181 4039 2226 4071 ⁸³
2264 4036 2338 4093 De
2369 4054 2602 4092 consecr.
2635 4038 2765 4094 dist.
2792 4036 2861 4093 2:
2896 4036 3052 4092 Nihil
3094 4040 3151 4091 in
3186 4039 3507 4108 saeriﬁciis.

526 4218 605 4287 (9)
635 4215 719 4287 Ad
754 4215 1070 4287 sacerdotes.
1117 4212 1423 4287 Turrianus
1457 4229 1579 4284 cap.
1621 4212 1716 4279 22,
1748 4213 1854 4287 _lib_.
1881 4213 2032 4287 Lad-

454 4282 634 4343 uersus
671 4285 1141 4356 Magdeburgenses
1176 4283 1243 4356 in
1291 4282 1851 4356 vetusto’exemplari
1881 4282 2035 4356 Vati-

456 4374 617 4423 cano,
646 4357 724 4411 sic
760 4354 864 4425 legi
897 4354 1127 4410 scribit:
1156 4355 1309 4420 Quod
1344 4364 1521 4409 autem
1553 4355 1622 4407 ad
1666 4354 1801 4408 alios
1825 4354 2035 4424 judices

456 4431 618 4507 prius
631 4443 733 4507 non
757 4426 977 4507 debeant
1007 4442 1167 4507 quam
1199 4427 1385 4507 ad__se,
1418 4426 1736 4507 sacerdotes,
1775 4426 1849 4507 vel
1893 4434 2040 4477 acto—
2072 4452 2114 4507 υ

460 4496 541 4555 res
572 4497 827 4552 Ecclesia:
857 4497 932 4567 (id
959 4507 1035 4567 est
1062 4496 1313 4567 episcopi)
1340 4496 1714 4567 accusari,gita
1751 4512 1783 4548 a
1810 4504 2038 4567 tempore

459 4565 921 4641 .1postolorum,_‘et
952 4565 1116 4634 infra,
1148 4565 1557 4641 observatumct
1587 4565 1864 4641 tle/initth
1892 4566 2037 4641 inve-

461 4635 658 4708 nimus.
694 4636 753 4692 Si
779 4639 895 4708 quis
926 4654 1048 4708 erga
1079 4638 1397 4705 episcopum,
1427 4637 1504 4690 vel
1549 4647 1754 4691 actores
1787 4635 2039 4690 Ecclesia:

465 4707 751 4771 tuamlibet
778 4706 1044 4778 querelam
1071 4713 1149 4761 vel
1179 4708 1441 4762 actionem
1456 4707 1685 4778 juste_se
1705 4708 1893 4760 habere
1924 4723 2029 4760 cre-

461 4779 682 4843 diderit,
720 4775 826 4833 etc.
854 4777 1120 4848 Dicuntur
1143 4786 1321 4832 autem
1342 4775 1585 4848 episcopi
1612 4775 1877 4848 Ecclesiae
1897 4790 2044 4831 acto-

462 4865 573 4913 res,
608 4848 737 4917 quia
767 4849 902 4918 ipsis
926 4847 1039 4918 lege
1068 4846 1493 4918 apostolicaide
1534 4846 1642 4917 qua
1671 4862 1835 4916 supra
1866 4846 1917 4900 in
1941 4848 2045 4904 Ca-

464 4919 703 4973 nonibus
734 4918 1130 4988 apostolorum)
1172 4932 1354 4973 rerum
1385 4918 1881 4988 ecclesiasticarum
1908 4932 2041 4971 cura

465 5006 529 5043 ac
551 4987 888 5057 dispensatio
916 4989 1214 5043 commissa
1249 4998 1352 5043 est.
1384 4987 1520 5043 Nam
1554 4999 1613 5042 ut
1642 5004 1708 5043 ex
1749 4987 2044 5057 collatione

466 5056 700 5113 Graeciet
729 5058 909 5113 Latini
932 5067 1219 5113 contextus
1241 5060 1403 5119 sacri.
1435 5059 1597 5114 Lucae
1616 5074 1666 5113 c.
1694 5074 1791 5121 xu,
1815 5066 1869 5111 et
1888 5056 2040 5112 Pauli

466 5130 534 5185 ad
560 5128 935 5199 Galatas_cap.
962 5144 1016 5199 tv
1049 5130 1217 5197 patet,
1252 5129 1344 5199 qui
1368 5126 1571 5184 Graecis
1606 5128 1807 5187 dicitur
1835 5128 2042 5181 οἰκονό-

471 5217 591 5271 μος,
623 5214 747 5253 eum
782 5196 973 5271 _Latini
1023 5196 1447 5271 interpretantur
1477 5199 1908 5271 dispensatorem
1930 5240 1965 5271 ,γ
1990 5206 2046 5251 et

469 5268 732 5340 actorem.
766 5268 976 5333 Quanto
1004 5280 1232 5339 tempore
1269 5270 1433 5325 liceret
1471 5269 1722 5340 parvulus
1748 5279 1848 5334 est,
1884 5270 2045 5323 habet

468 5339 661 5394 Latina
699 5340 1091 5408 interpretatio,
1119 5340 1212 5394 sub
1258 5340 1543 5405 tutoribus,
1571 5350 1619 5393 et
1645 5341 1912 5393 actoribus
1942 5348 2042 5402 est,

469 5410 654 5464 Graece
683 5420 765 5479 est
789 5410 1126 5479 οἰκονόμους.
1166 5408 1288 5464 Sev.
1315 5410 1432 5464 Bm.

543 5481 655 5551 (10)
688 5478 984 5549 Utrumque
1004 5482 1332 5548 permistum.
1361 5480 1511 5535 Hane
1554 5481 1840 5552 mysticam
1863 5489 1922 5552 et
1958 5492 2046 5532 sa-

471 5564 621 5602 cram
667 5552 851 5604 viuum
904 5565 1029 5603 cum
1084 5565 1222 5617 aqua
1277 5552 1539 5607 miscendi
1585 5551 1965 5606 caeremoniain
2013 5564 2045 5604 a

471 5618 693 5690 Christo
720 5618 950 5690 Domino
982 5619 1040 5690 in
1083 5621 1473 5690 ultimagcmna
1510 5628 1591 5689 (ut
1629 5637 1694 5674 ex
1727 5622 1946 5690 liturgia
1984 5618 2042 5674 S.

476 5683 683 5757 Jacobi,
709 5688 987 5742 Clemente
1010 5688 1105 5743 lib.
1146 5706 1239 5743 \’lll
1269 5683 1556 5745 Constitui.
1584 5708 1632 5747 c.
1660 5691 1749 5757 12,
1776 5683 1912 5745 alias
1944 5690 2042 5754 l'i;

477 5753 677 5811 Irenaeo
719 5758 812 5811 lib.
849 5775 919 5822 tv,
949 5773 1050 5827 cap
1101 5759 1207 5828 57;
1254 5761 1528 5831 Cypriane
1569 5763 1660 5817 lib.
1710 5753 1767 5828 ll,
1801 5763 1958 5832 epist.
1988 5753 2041 5826 3,

2137 4214 2274 4299 alias
2295 4212 2386 4276 63,
2420 4212 2657 4299 constat)
2684 4215 2917 4299 mystice
2940 4223 3258 4299 usurpatam
3287 4212 3730 4299 apostolica‘Ec-

2140 4284 2308 4340 clesia
2354 4284 2664 4351 exemplum
2688 4282 2929 4355 .(Ihristi
2977 4284 3209 4343 imitata.
3263 4282 3583 4355 apostolica
3620 4286 3731 4355 lege

2140 4355 2398 4423 deinceps
2419 4369 2634 4423 semper
2655 4352 2936 4407 observari
2966 4355 3239 4423 praecepit.
3274 4354 3523 4424 Ideoque
3546 4352 3731 4411 certis-

2142 4426 2342 4480 simum
2377 4433 2460 4479 est
2482 4424 3187 4495 Alexandrumgpo‘ntiﬁcem
3215 4439 3325 4478 non
3359 4426 3544 4481 fuisse
3577 4424 3732 4495 hujus

2143 4495 2394 4566 praecepti
2444 4503 2748 4559 auctorem,
2784 4492 2965 4566 sedA’id
2995 4495 3191 4566 potius
3234 4495 3304 4549 ab
3345 4492 3728 4566 apostolorum

2143 4563 2484 4636 temporibus
2529 4578 2802 4636 manasse.
2854 4563 3161 4636 Quod'non
3206 4566 3377 4636 modo
3394 4563 3478 4621 ex
3514 4565 3732 4636 litui-gis

2146 4636 2202 4690 S.
2232 4633 2418 4690 Jacobi
2451 4634 2707 4704 apostoli,
2734 4634 3098 4690 conciliorum
3128 4650 3193 4689 ac
3221 4633 3456 4690 Patrum
3496 4633 3732 4692 testimo-

2142 4707 2272 4769 niis,
2298 4720 2488 4760 verum
2534 4706 2804 4776 etiame:
2851 4706 2953 4759 hac
2997 4705 3116 4776 ipsa
3166 4706 3473 4760 Alexandri
3501 4706 3728 4776 epistola

2143 4785 2328 4847 aperte
2352 4775 2642 4847 colligitur.
2670 4773 2810 4829 Dicit
2831 4776 2977 4830 enim
3002 4773 3142 4847 iiil‘ra
3172 4792 3233 4847 se
3263 4795 3282 4827 ‹
3314 4773 3572 4847 tradere,
3600 4776 3729 4847 quod

2144 4844 2195 4902 a'
2219 4844 2470 4901 Patribus
2486 4844 2813 4914 acceperat;
2854 4862 2873 4896 ι
2903 4854 2959 4899 et
3004 4846 3132 4901 alibi
3183 4845 3393 4902 dicitur
3423 4844 3726 4903 Romanam

2145 4917 2445 4973 Ecclesiam
2479 4916 2584 4988 hoc
2616 4916 2685 4969 ab
2717 4917 2984 4988 apostolis
3029 4917 3290 4971 didicisse
3310 4961 3324 4984 ,
3365 4933 3435 4973 ac
3467 4928 3729 4988 perpetuo

2146 4986 2723 5056 observasse.gﬂestat
2752 4986 2917 5056 igitur
2963 4997 3023 5041 ut
3063 4988 3359 5042 credamus
3397 4986 3549 5043 hanc
3581 4986 3731 5043 ἀίξαι-

2146 5060 2387 5115 moniam
2423 5074 2452 5111 a
2486 5054 2717 5127 Christo
2741 5054 3083 5125 usurpatam,
3118 5057 3187 5110 ab
3239 5060 3517 5127 apostolis
3552 5060 3730 5113 obser-

2146 5130 2264 5183 vari
2300 5136 2646 5199 praeceptam,
2674 5126 2743 5180 ab
2775 5126 3090 5182 Alexandro
3122 5126 3408 5197 pontiﬁce,
3449 5130 3661 5198 scripto
3687 5134 3731 5178 ct

2147 5200 2493 5269 promulgato
2519 5198 2761 5270 decreto,
2791 5200 3206 5270 corroboratam
3243 5214 3391 5253 esse.
3430 5200 3730 5270 Cyprianus

2146 5267 2485 5339 prmallegata
2519 5267 2747 5337 epistola
2799 5269 2947 5339 hunc
3000 5269 3163 5339 ritum
3212 5270 3459 5338 appellat
3481 5267 3727 5323 divinum

2146 5337 2489 5401 mandatum,
2522 5339 2650 5407 quia
2707 5353 2735 5390 ο
2785 5337 2989 5393 Christi
3028 5337 3261 5392 Domini
3283 5341 3438 5394 l'aeto
3471 5351 3528 5394 et
3562 5354 3729 5393 exem—

2146 5410 2257 5479 plo,
2295 5420 2555 5476 tanquam
2608 5424 2638 5462 a
2682 5420 2843 5462 causa
2879 5410 3211 5478 exemplari,
3246 5420 3303 5465 et
3334 5412 3411 5464 ab
3445 5426 3593 5479 aqua
3623 5420 3728 5477 qua:

2148 5496 2214 5533 ex
2258 5481 2426 5534 latere
2473 5479 2595 5547 ejus
2646 5480 2912 5549 tuauavit,
2961 5490 3224 5549 tanquam
3282 5497 3312 5535 a
3361 5497 3538 5535 causa
3572 5480 3723 5539 ﬁnali,

2145 5551 2411 5617 originem
2438 5545 2614 5602 duxit.
2646 5545 2781 5602 Vide
2804 5548 3003 5604 Baron.
3034 5545 3180 5604 anno
3209 5550 3424 5605 Christi
3465 5550 3561 5617 57,
3591 5565 3721 5603 nunt.

2150 5618 2275 5684 M5,
2302 5630 2356 5674 et
2384 5633 2530 5673 anno
2553 5618 2755 5672 Christi
2790 5619 2918 5686 152,
2950 5637 3104 5675 num.
3144 5621 3205 5688 7;
3242 5621 3511 5675 Bcllarm.
3549 5622 3622 5674 De
3644 5635 3722 5688 sa;

2148 5707 2315 5744 cram.
2346 5690 2577 5761 euchar.
2602 5689 2693 5741 lib.
2725 5704 2799 5754 tv,
2832 5685 2954 5761 cap.
2987 5692 3050 5744 10
3073 5685 3202 5748 et“
3231 5710 3247 5759 ;
3281 5691 3493 5748 Suarez
3520 5702 3646 5747 tom.
3668 5685 3723 5750 ιίς

2148 5761 2290 5833 disp.
2327 5760 2418 5826 45,
2452 5759 2692 5814 sectione
2726 5759 2988 5816 secunda.
3018 5763 3092 5817 in.
