3806 6208
134 331 285 387 1065

1538 360 1546 368 ·
1602 324 1984 394 EPISTOLIE.

3248 331 3391 398 1068

130 446 237 502 sed
270 446 389 501 llaec
427 456 623 503 omnes
676 441 958 517 praecellit.
1009 445 1145 514 Quae
1188 452 1329 517 pura
1379 447 1719 505 conscientia
1744 470 1794 529 Α
1822 451 2051 506 caudam
2085 464 2115 505 a
2143 450 2390 521 patribus
2417 451 2753 523 accepimus,
2779 446 3046 527 vobisque
3071 453 3390 516 tradendam

132 537 378 595 Domino
415 538 691 595 ollerenda
740 548 846 606 est,
897 547 954 595 et
1002 554 1142 611 pura
1183 547 1369 595 mente
1418 541 1721 606 sumenda,

1825 541 2060 598 subditis
2100 542 2460 599 destinamus.
2502 543 2674 601 Isaias
2702 561 2943 617 namque
2970 547 3235 618 propheta
3265 549 3343 606 ait
3371 569 3389 609 :

131 643 311 704 atque
334 632 404 688 ab
435 632 695 689 omnibus
734 634 1065 689 veneranda.
1113 631 1183 688 Et
1226 633 1373 690 sicut
1414 636 1594 705 potior
1638 646 1726 692 est
1829 653 1849 687 ι
1886 633 2010 691 Vidi
2040 634 2334 691 Dominum
2362 634 2605 693 Sabaoth
2635 638 2912 695 sedentem
2941 653 3108 712 super
3128 643 3394 702 thronum

131 724 381 793 caeteris,
413 724 490 780 ita
520 724 711 796 potius
738 725 917 781 excoli
942 733 999 782 et
1026 727 1278 783 venerari
1302 727 1483 785 debet.

896 860 965 917 V.

129 949 219 1009 De
262 945 622 1009 benedictione
668 940 807 1038 satis.
832 962 884 1008 et
908 946 1227 1038 _aqua2,sive
1264 944 1578 1013 creterorum
1614 930 1715 1015 eie-

777 1034 1093 1082 mentorum.

216 1138 501 1210 “Aquam
549 1137 695 1194 enim
728 1138 842 1195 sale
865 1128 1228 1219 conspersam
1256 1142 1474 1213 populis
1509 1142 1724 1199 benedi-

128 1230 324 1288 cimus
358 1230 503 1303 (ll),
529 1238 593 1285 ut
622 1244 686 1285 ea
715 1230 898 1285 cuncti
927 1232 1168 1301 aspersi,
1204 1234 1615 1289 sanctiﬁcentur
1658 1248 1724 1290 ac

126 1323 536 1393 puriﬁcentur;
569 1322 716 1393 quod
739 1331 795 1377 et
824 1323 1083 1379 omnibus
1109 1325 1485 1382 sacerdotibus
1516 1308 1723 1381 iacien-

127 1415 273 1469 dum
307 1428 431 1469 esse
466 1412 813 1468 mandamus.
846 1412 981 1467 Nam
998 1413 1061 1469 .si
1088 1413 1228 1470 cinis
1250 1415 1434 1471 vitulae
1465 1410 1723 1488 aspersus

128 1506 411 1577 sanguine
451 1506 713 1577 populum
752 1506 1163 1573 sanctiﬁcabat,
1193 1516 1356 1578 atque
1382 1510 1682 1565 mundabat
1703 1546 1719 1574 ,

126 1599 319 1654 multo
350 1597 526 1669 magis
548 1612 690 1667 aqua
719 1596 834 1653 sale
858 1612 1104 1667 aspersa,
1132 1599 1444 1670 divinisque
1467 1601 1722 1670 precibus

127 1699 379 1757 sacrata,
427 1690 690 1761 populum
739 1691 1048 1747 sanctiﬁcat
1091 1701 1254 1762 atque
1291 1694 1533 1749 mundat.
1570 1693 1635 1749 Et
1674 1694 1720 1750 si

127 1782 255 1838 sale
276 1797 503 1853 asperso
525 1797 622 1853 per
636 1781 890 1838 Elisarum
914 1782 1256 1853 pr0phetam,
1281 1784 1541 1841 sterilitas
1563 1801 1717 1857 aquae
1750 1818 1791 1875 Β

128 1880 338 1929 sanata
384 1883 469 1928 est
488 1871 574 1928 δτι
616 1882 826 1944 quanto
864 1874 1041 1945 magis
1093 1873 1295 1931 divinis
1330 1875 1586 1946 precibus
1628 1891 1717 1931 sa-

126 1964 413 2030 cratus,"3
436 1963 774 2020 sterilitatem
806 1979 992 2020 rerum
1030 1963 1211 2031 aul‘ertl
1242 1966 1630 2034 humanarum,
1663 1976 1718 2023 et

127 2057 524 2128 coinquinatos
557 2057 879 2125 sanctiﬁcat,
921 2066 1087 2128 atque
1129 2058 1381 2125 mundat,
1424 2066 1479 2114 et
1508 2074 1717 2130 expur-

126 2157 252 2221 gat,
288 2156 344 2203 et
368 2158 561 2204 caetera
604 2147 749 2203 bona
778 2147 1128 2218 multiplicat,
1161 2158 1216 2203 et
1247 2148 1481 2205 insidias
1513 2150 1717 2205 diaboli

125 2237 360 2305 avertit,
393 2246 448 2293 et
478 2253 510 2293 a
542 2229 949 2308 pbantasmatis
976 2235 1236 2294 versutiis
1259 2238 1513 2294 homines
1535 2238 1721 2295 defen-

122 2331 262 2387 dit!
279 2328 418 2385 Nam
448 2330 495 2386 si
530 2338 677 2386 tactu
704 2314 749 2364 δέ
780 2318 1010 2385 ﬁmbrias
1049 2331 1364 2386 vestimenti
1397 2326 1715 2400 Salvatoris,

125 2421 388 2477 salvatos
412 2406 662 2478 inﬁmos
682 2435 803 2477 esse
826 2435 935 2476 non
960 2408 1294 2489 dubitamus,
1319 2431 1523 2492 quanto
1543 2424 1718 2493 magis

122 2514 344 2569 virtute
370 2528 655 2569 sacrorum
680 2504 801 2584 ejus
827 2512 1118 2569 verborum
1138 2512 1401 2571 diVinitus
1429 2524 1719 2572 sacrantur

122 2605 433 2673 elementa,
463 2604 663 2675 quibus
705 2598 995 2661 sanitatem
1032 2605 1282 2676 corporis
1305 2616 1360 2662 et
1382 2608 1579 2663 animae
1616 2609 1719 2663 hu-

126 2711 309 2752 mana
334 2697 565 2768 percipit
598 2687 907 2768 fragilitas?
940 2696 1036 2755 His
1068 2690 1200 2769 ergo
1230 2708 1284 2754 et
1311 2697 1432 2755 aliis
1463 2690 1718 2757 instructi

126 2789 508 2857 documentis,
554 2788 682 2845 vota
716 2789 1084 2860 singulorum,
1138 2789 1352 2845 Domini
1382 2791 1715 2858 sacerdotes,

126 2879 419 2950 respicite,
454 2887 509 2934 et
542 2877 599 2934 in
630 2879 832 2934 virtute
874 2878 1112 2949 Spiritus
1145 2880 1321 2935 sancti
1355 2879 1556 2935 divinis
1592 2896 1720 2951 pre-

127 2970 324 3035 cibus,
376 2985 474 3041 per
513 2970 880 3026 ministerium
936 2970 1095 3027 vobis
1133 2970 1396 3028 divinitus
1435 2971 1716 3039 collatum,

125 3056 407 3133 perﬁcere
454 3056 680 3119 certate.
723 3063 1005 3118 Elementa
1055 3077 1295 3134 quoque,
1342 3071 1451 3117 tam
1489 3077 1553 3118 ea
1596 3078 1720 3133 quae

1821 726 2121 793 excelsum,
2150 736 2204 782 et
2231 727 2507 797 seraphim
2538 729 2756 785 stabant
2778 730 2833 785 in
2864 732 3095 789 circuitu
3126 734 3276 806 ejus;
3295 751 3395 793 sex

1822 818 1923 873 alae
1946 818 2062 884 uni,
2087 827 2141 873 et
2173 832 2267 874 sex
2297 818 2398 874 alae
2424 819 2603 875 alteri.
2636 821 2861 879 Duabus
2895 823 3150 881 velabant
3191 825 3393 887 faciem

1820 909 1943 979 ejus
1960 948 1976 974 ,
2006 918 2062 965 et
2088 910 2302 967 duabus
2323 911 2580 968 velabant
2620 912 2788 984 pedes
2815 914 2962 985 ejus,
2994 917 3210 974 duabus
3237 919 3393 975 vola-

1822 1001 1973 1069 bant,
2002 1011 2057 1057 et
2094 1002 2404 1059 clamabant
2432 1003 2501 1060 ad
2531 1004 2854 1063 alterutrum
2872 1049 2888 1075 ,
2915 1009 3161 1066 dicentes
3201 1027 3219 1066 :
3250 1009 3393 1067 San-

1822 1102 2227 1161 ctus,sanctus,
2251 1106 2495 1163 sanctus,
2534 1096 2800 1156 Dominus
2834 1100 2980 1158 Deus
3016 1101 3256 1160 Sabaoth
3271 1104 3338 1160 ⁸³.
3365 1124 3386 1158 ι

1820 1184 1871 1218 ³⁵
1906 1184 1964 1241 Si
1994 1184 2234 1243 Trinitas
2278 1201 2389 1242 non
2428 1196 2551 1255 est,
2602 1206 2773 1262 quare
2799 1193 2983 1261 tertio,
3016 1212 3036 1243 σ
3074 1203 3331 1264 sanctus,
3364 1215 3386 1251 ι
3469 1238 3490 1248 ρ

1822 1277 2113 1333 diterunt?
2153 1278 2263 1336 Aut
2296 1279 2343 1334 si
2374 1280 2559 1336 unitas
2602 1297 2714 1339 non
2747 1292 2851 1351 εει,
2898 1301 3072 1356 quare
3100 1288 3203 1345 sub
3249 1290 3393 1346 trina

1821 1372 2143 1445 repetitione
2192 1389 2367 1430 unum
2419 1374 2590 1431 Deum
2647 1393 2711 1433 ac
2763 1379 3056 1436 Dominam
3103 1382 3394 1440 intimave—

1821 1467 1987 1522 runt?
2035 1466 2092 1522 Si
2133 1466 2375 1523 Trinitas
2408 1482 2518 1523 non
2556 1477 2661 1537 est,
2708 1478 2808 1526 cur
2850 1472 2910 1527 in
2940 1473 3216 1532 Geneseos
3249 1476 3392 1532 libro

1821 1558 2051 1613 dicitur:
2075 1576 2094 1610 ι
2118 1557 2263 1614 Dixit
2283 1558 2445 1629 Deus,
2470 1559 2599 1617 fecit
2621 1561 2784 1632 Deus,
2805 1572 2858 1620 et
2876 1566 3152 1623 benedixit
3168 1566 3345 1625 Deus?
3365 1583 3385 1622 ι

1824 1647 1884 1704 Si
1911 1650 2097 1706 unitas
2135 1665 2243 1707 non
2272 1660 2376 1719 est,
2422 1667 2594 1723 quare
2624 1656 2788 1712 tertio
2830 1657 3002 1726 dixit,
3038 1677 3057 1712 ι
3088 1659 3252 1728 Deus,
3282 1680 3301 1715 ι
3337 1670 3395 1718 ει

1820 1741 1952 1797 deos
1974 1743 2173 1812 plurali
2201 1762 2430 1804 numero
2458 1764 2567 1805 non
2608 1749 3044 1805 commendavit?
3069 1748 3128 1806 Si
3151 1749 3390 1809 Trinitas

1818 1846 1927 1887 non
1968 1842 2073 1900 est,
2101 1850 2272 1905 quare
2298 1839 2353 1893 in
2392 1837 2579 1895 Exodo
2609 1839 2816 1896 dictum
2848 1847 2936 1897 est
2978 1842 3186 1897 tertio:
3224 1861 3245 1895 ι
3286 1842 3393 1899 Do-

1817 1925 2003 1994 mine,
2053 1927 2315 1997 Domine,
2375 1929 2637 2001 Domine,
2698 1933 2991 1989 miseratur
3048 1943 3105 1991 et
3170 1936 3390 1992 miseri-

1817 2032 1943 2074 cors
1982 2019 2065 2073 ⁵⁵ἳ
2100 2037 2119 2072 ι
2182 2019 2241 2075 Si
2287 2020 2470 2078 unitas
2509 2036 2618 2077 non
2660 2029 2773 2091 εει,
2813 2038 2986 2095 quare
3029 2024 3160 2081 dum
3200 2025 3388 2093 tertio,

1824 2129 1843 2161 ι
1878 2109 2129 2175 Domine,
2162 2132 2182 2164 ι
2227 2114 2454 2181 diceret,
2483 2123 2668 2185 postea
2698 2116 3079 2188 singulariter,
3111 2134 3133 2169 ι
3160 2116 3392 2175 misera-

1817 2212 1924 2268 tor,
1958 2221 1978 2255 ι
2013 2202 2173 2271 dixit,
2208 2213 2263 2260 et
2293 2221 2428 2271 non,
2473 2206 2847 2274 miseratores,
2877 2214 2941 2263 ut
2974 2206 3162 2277 plures
3203 2216 3392 2265 osten-

1816 2295 1990 2363 deret,
2021 2296 2333 2352 intima‘vit?
2365 2297 2424 2353 Si
2443 2297 2685 2353 Trinitas
2716 2313 2825 2353 non
2849 2307 2955 2364 est,
2985 2314 3087 2354 cur
3110 2299 3392 2356 Abraham

1817 2384 1887 2440 ad
1946 2384 2125 2441 ilicem
2179 2385 2423 2443 Mambre
2479 2388 2676 2443 sedens
2722 2387 3012 2458 tribusque
3069 2398 3389 2457 occurrens,

1818 2476 1998 2543 uni“,
2024 2493 2045 2529 ι
2082 2477 2330 2544 Domine,
2365 2496 2383 2531 ι
2420 2478 2587 2544 dixit,
2634 2487 2688 2535 et
2721 2493 2853 2546 non,
2909 2488 2970 2534 ut
3001 2479 3252 2549 viderat,
3288 2481 3394 2536 tri-

1818 2565 1924 2623 bus
1954 2568 2300 2627 salutationis
2345 2571 2670 2642 obsequium
2718 2572 2954 2627 reddidit
2990 2570 3074 2627 "?
3106 2571 3167 2628 Si
3207 2574 3393 2631 unitas

1818 2673 1930 2713 non
1963 2668 2066 2726 est,
2099 2674 2201 2715 cur
2230 2676 2355 2717 cum
2388 2661 2562 2734 Moysi
2596 2681 2615 2715 ι
2646 2662 2792 2719 Deus
2820 2662 3131 2733 Abraham,
3159 2672 3216 2720 et
3246 2664 3394 2722 Deus

1818 2746 1993 2817 Isaac,
2028 2759 2083 2806 et
2116 2749 2261 2808 Deus
2293 2752 2464 2809 Iacob
2503 2772 2523 2806 ι
2572 2754 2735 2810 tertio
2766 2753 2987 2811 doceret
3008 2755 3086 2824 "',
3122 2754 3393 2813 unitatem

1819 2843 2116 2899 ostendens
2159 2860 2175 2898 :
2216 2861 2236 2896 ι
2273 2842 2389 2901 Hoc
2422 2845 2790 2902 mihi'nomen
2822 2853 2943 2915 est,
2994 2847 3224 2915 dixit",
3262 2866 3282 2902 ι
3337 2858 3394 2906 ει

1818 2946 1929 2986 non
1962 2950 1976 2988 :
2012 2931 2139 2989 Haec
2162 2945 2290 2989 sunt
2322 2935 2545 2992 nomina
2566 2945 2777 3005 nostra,
2810 2937 3156 3009 designavit?
3188 2939 3248 2994 Si
3269 2938 3394 2995 Tri-

1818 3025 1963 3083 nitas
1994 3041 2107 3083 non
2139 3037 2243 3097 est,
2278 3043 2450 3100 quare
2481 3028 2651 3085 David
2683 3030 2846 3090 tertio
2877 3030 3015 3086 dixit
3050 3048 3067 3086 :
3107 3048 3127 3084 ι
3156 3030 3392 3088 Benedi-

1819 3128 1908 3175 cat
1928 3135 2032 3175 nos
2064 3119 2229 3184 Deus,
2248 3120 2393 3177 Deus
2415 3131 2622 3187 noster,
2646 3122 2935 3179 benedicat
2959 3138 3062 3179 nos
3082 3123 3229 3181 Deus
3251 3125 3334 3179 σοι
3363 3144 3385 3179 ι

128 3154 521 3227 praediximus,
568 3170 734 3225 quam
770 3163 965 3209 caetera
993 3154 1197 3210 divinis
1230 3163 1357 3225 apta
1388 3154 1581 3211 usibus
1605 3194 1621 3219 ,
1661 3162 1717 3209 et
1742 3159 1788 3220 ο

134 3247 403 3302 humanis
444 3246 751 3301 necessaria
804 3246 1251 3310 inﬁrmitatibus,
1294 3253 1535 3313 sacrate;
1568 3245 1725 3299 inﬁr-

132 3354 268 3394 mos
295 3347 502 3405 curate,
540 3348 596 3394 et
630 3346 826 3393 caetera
854 3354 978 3408 quae
1020 3338 1089 3392 ad
1133 3353 1233 3393 vos
1272 3338 1565 3408 pertinent,
1597 3336 1725 3392 dili-

133 3440 336 3504 genter
359 3429 623 3500 perﬁcite.
657 3429 776 3501 Ipse
814 3432 958 3487 enim
997 3430 1267 3495 Salvator,
1308 3430 1598 3485 tribuendo
1622 3443 1722 3484 no-

136 3525 230 3581 bis
278 3524 618 3593 exemplum,
674 3522 958 3593 discipulis
1008 3524 1127 3579 suis
1172 3523 1248 3577 ait
1285 3539 1300 3577 :
1346 3518 1460 3575 (In
1498 3520 1721 3576 nomine

132 3630 271 3673 meo
303 3616 575 3671 daemonia
620 3616 830 3686 ejicite,
876 3615 1124 3669 inlirmos
1168 3622 1385 3682 curate,
1419 3628 1593 3685 aegros
1632 3628 1724 3669 sa-

1819 3210 1879 3267 Si
1913 3213 2095 3269 unitas
2128 3228 2239 3269 non
2273 3222 2380 3283 est,
2415 3210 2606 3285 ‘quare,
2641 3230 2766 3271 cum
2800 3216 2964 3272 tertio
2998 3215 3171 3272 Deum
3204 3218 3391 3274 nomi-

1822 3312 2027 3369 nasset,
2066 3322 2087 3355 r
2124 3305 2429 3373 benedicat,
2478 3324 2499 3360 ›
2532 3306 2690 3375 dixit,
2743 3315 2800 3363 et
2848 3323 2981 3377 non,
3033 3308 3391 3378 benedicant,

1820 3394 2104 3465 adiunxit?
2144 3393 2201 3449 Si
2237 3394 2478 3454 Trinitas
2506 3412 2617 3453 non
2649 3407 2753 3466 est,
2786 3412 2887 3454 cur
2916 3407 2972 3454 et
3013 3396 3181 3456 Isaias
3207 3399 3391 3457 denuo

1820 3486 2000 3541 dixit:
2048 3504 2067 3539 ι
2101 3486 2368 3544 Dominus
2398 3488 2543 3546 Deus
2592 3487 2855 3559 Sabaoth,
2889 3491 3035 3549 Deus
3072 3490 3241 3548 Israel
3291 3492 3392 3564 qui

1822 3582 1979 3639 sedes
2007 3597 2171 3652 super
2203 3583 2486 3639 cherubim
2511 3584 2596 3639 “?
2623 3603 2645 3638 ι
2684 3584 2743 3641 Si
2774 3587 2960 3645 unitas
2991 3603 3100 3643 non
3131 3596 3238 3656 est,
3265 3604 3386 3657 cur,

135 3719 295 3776 nate,
324 3696 574 3778 leprosos
605 3696 928 3762 mundate"
954 3749 970 3775 ,
1001 3724 1019 3759 ι
1056 3714 1162 3762 etc.
1204 3723 1223 3757 ι
1264 3704 1441 3774 Super
1466 3704 1720 3759 inﬁrmos

131 3801 313 3857 etiam
341 3803 540 3856 manus
571 3785 858 3870 imponite,
893 3806 947 3853 et
978 3797 1115 3854 bene
1145 3785 1509 3853 habebunt“.
1540 3814 1559 3848 ι

895 3931 984 3987 Vl.

520 4024 601 4080 De
637 4025 875 4079 trinitate
912 4034 962 4080 et
990 4024 1194 4078 unitate
1235 4023 1472 4078 deitatis.

208 4141 260 4175 ⁸¹
288 4138 479 4195 Fidem
521 4150 743 4210 quoque
779 4146 984 4193 sancta!
1017 4136 1303 4192 Trinitatis
1331 4134 1444 4209 (I2)
1488 4135 1570 4191 sic
1606 4133 1711 4191 do-

1826 3694 1848 3730 ι
1886 3676 1980 3747 qui
2046 3676 2239 3743 sedes,
2299 3696 2321 3730 ι
2394 3677 2571 3745 dixit,
2634 3687 2690 3733 et
2756 3692 2915 3746 non,
2986 3679 3082 3750 qui
3143 3680 3387 3750 sedetis,

1822 3770 2091 3825 astruxit?
2124 3768 2182 3825 Si
2218 3770 2460 3828 Trinitas
2492 3787 2603 3826 non
2640 3780 2745 3839 est,
2779 3788 2881 3827 cur
2912 3773 2968 3827 in
3002 3774 3143 3829 libro
3177 3773 3389 3846 Regum

1817 3857 2020 3913 dicitur
2059 3877 2076 3914 :
2135 3877 2155 3912 ‹
2186 3859 2437 3929 Domine,
2494 3860 2639 3917 Deus
2685 3863 3072 3933 omnipotens,
3115 3863 3261 3920 Deus
3315 3864 3393 3922 Is-

1824 3949 1961 4018 rael,
1996 3966 2281 4009 sermones
2313 3953 2392 4007 tui
2426 3952 2615 4011 ﬁdeles
2648 3962 2778 4010 sunt
2799 3954 2887 4008 "?
2917 3973 2937 4007 ›
2978 3954 3036 4010 Si
3071 3957 3251 4013 unitas
3275 3974 3385 4014 non

1820 4053 1925 4111 est,
1960 4058 2114 4107 cum
2147 4044 2246 4111 tui,
2280 4063 2300 4097 ι
2334 4044 2553 4112 dicitur,
2578 4054 2780 4113 etnon,
2825 4044 3012 4113 vestri,
3065 4048 3392 4105 intimatur?

1823 4132 1882 4188 Si
1915 4132 2154 4190 Trinitas
2185 4149 2294 4189 non
2327 4144 2435 4201 est,
2468 4151 2569 4192 cur
2611 4136 2666 4190 in
2701 4134 2912 4206 psalmo
2958 4152 3087 4192 Lvm
3116 4139 3161 4171 “
3192 4154 3373 4195 canta-

188 4409 242 4438 ”
284 4406 360 4460 De
391 4418 621 4460 consecr.
669 4406 797 4461 dist.
828 4408 861 4462 5
888 4422 901 4458 :
942 4406 1152 4475 Aquam
1198 4407 1311 4461 sale
1359 4419 1711 4475 consparsam.
1743 4399 1907 4461 Hebr.
1939 4419 1995 4475 rx
2016 4445 2031 4475 ,
2065 4407 2153 4460 l5.
2235 4399 2370 4475 "iV
2400 4399 2543 4475 Fieg.‘
2566 4415 2625 4465 ll,
2653 4401 2741 4456 22.
2823 4400 2872 4475 δή
2889 4395 3388 4475 ξαεζιξηεςῃραζίᾳηι

114 4478 179 4533 S.
217 4476 467 4546 Gregorii
497 4478 699 4546 aliique
732 4477 951 4534 rituales
979 4476 1232 4534 Ecclesiae
1264 4477 1407 4531 libri.

1490 4464 1535 4507 δ’
1568 4476 1819 4530 tactione.
1897 4477 1944 4509 ⁸ο
1980 4464 2168 4531 Matth.
2201 4490 2254 4540 x,
2291 4472 2345 4526 8.
2422 4464 2661 4526 “Marc.
2702 4485 2811 4540 xvi,
2853 4468 2938 4522 l8.
2984 4538 2996 4540 _
3019 4467 3072 4540 '1
3098 4464 3389 4540 Viilehinc

110 4533 544 4624 etiamunicam
574 4533 1165 4624 epi_s_tolam__licne(ﬁcti
1194 4548 1237 4624 I,_
1260 4563 1389 4624 quaet
1416 4547 1601 4624 itidem
1632 4548 1978 4624 comic-tuest
2001 4546 2069 4624 ab
2090 4533 2612 4624 eodemlpiagiariqio
2660 4540 2711 4624 .3"
2740 4533 2841 4624 lsa.
2870 4554 2949 4624 VI,
2975 4533 3388 4624 ίέόίΔ-Ὗξιιὶῃςξ

110 4621 243 4675 cius
266 4618 380 4690 sive
406 4605 623 4675 ldacius
643 4619 832 4675 Clarus
860 4618 989 4690 His,
1044 4618 1143 4688 Ep.
1169 4605 1292 4673 αὰυξ
1321 4616 1694 4690 Warimadum
1719 4631 1768 4670 ε.
1796 4617 1847 4681 1,
1875 4615 1992 4690 ipso
2013 4605 2327 4690 [ere_operis
2354 4605 2526 4690 initio.
2723 4619 2903 4690 autem
2930 4614 3166 4690 exeunte
3188 4605 3391 4690 sarcula

108 4689 327 4745 Christi
363 4697 580 4759 quarto,
613 4689 695 4743 vel
721 4690 905 4758 potius
932 4684 1147 4757 q'uinto,
1180 4700 1274 4744 aut
1300 4700 1476 4752 sexto,
1507 4688 1553 4743 si
1587 4684 2387 4759 idem_cumiiii_gilio_'l‘apsensi
2412 4698 2500 4752 ep.

2578 4682 2625 4714 ⁸⁸
2657 4679 2830 4736 Exod.
2861 4694 3046 4735 xxxiv.
3073 4677 3131 4732 6.
3205 4676 3252 4707 ⁸⁸
3280 4689 3390 4729 ms.

108 4743 279 4814 ἀποστ
329 4743 549 4815 "1G9";
566 4743 899 4825 imit-3T
944 4743 989 4792 εδ
1021 4743 1474 4814 ιηείάὶεενειυνί
1514 4760 1561 4791 ³³
1594 4757 1690 4811 Ext

1817 4772 1901 4821 ιιι,
1934 4743 2021 4811 lg.-
2092 4756 2138 4788 “
2166 4743 2310 4825 P‘sal.
2338 4743 2485 4819 vai,
2512 4752 2565 4819 7,
2588 4751 2644 4807 8.
2722 4751 2764 4782 ⁸³
2796 4749 2901 4806 lsa.
2932 4763 3141 4814 xxxvu,
3170 4745 3260 4807 16.
3295 4743 3391 4800 ubi

110 4829 269 4885 LXI
302 4846 318 4884 :
350 4830 571 4887 Domine
603 4824 860 4885 Sabaoth.
933 4831 977 4863 “
1008 4829 1051 4885 ll
1083 4828 1217 4901 Reg.
1242 4844 1340 4895 vn,
1369 4838 1424 4884 et
1455 4827 1525 4883 Ill
1551 4826 1685 4899 Reg.
1713 4842 1832 4892 vm,
1866 4842 1962 4898 per
1994 4835 2185 4882 totum.
2261 4824 2306 4856 ”
2328 4826 2383 4880 in
2408 4839 2511 4880 ms.
2536 4837 2647 4879 tax.

202 4989 320 5062 (ll)
353 4990 560 5059 Aquam
596 4988 706 5044 sale
734 4984 1299 5111 conspersameculis
1328 4980 1700 5038 benedicimus.
1733 4975 1781 5033 D
1808 4994 2023 5062 summo
2048 4988 2246 5063 conatu
2293 4979 2346 5035 id
2379 4986 2717 5061 prastarent,
2753 4976 3015 5058 divinitas.
3039 4975 3268 5039 Christi,
3304 4976 3375 5032 ab

202 5067 270 5111 de
321 5074 442 5111 nua:
472 5060 709 5111 diximus
754 5059 810 5111 in
854 5058 999 5111 notis
1039 5073 1068 5111 a
1198 5056 1328 5110 itam
1368 5054 1700 5111 Alexandri.
1808 5050 1971 5111 hUJllS
2001 5053 2182 5106 saeculi
2214 5050 2482 5105 haarcttms
2508 5057 2851 5111 impugnata,
2893 5045 3193 5111 ﬂagitabat.
3221 5044 3375 5102 Unde

124 5054 270 5116 Vide
303 5054 442 5128 qua:
472 5060 709 5114 diximus
754 5059 810 5111 in
854 5054 999 5112 notis
1039 5054 1104 5111 ad
1153 5054 1328 5110 Vitam
1368 5054 1700 5128 Alexandri,

119 5129 316 5186 verbis
328 5124 514 5184 hisce:
539 5148 557 5180 ι
582 5128 682 5185 Ηίε
704 5129 985 5182 constituit
1006 5142 1225 5195 aquam,
1252 5145 1272 5179 ›
1298 5132 1404 5180 etc.
1429 5124 1554 5180 Sev.
1579 5125 1697 5180 Bm.

203 5199 320 5269 {12)
358 5198 547 5253 Fidem
587 5214 799 5269 quoque,
836 5206 1031 5269 sancta:
1065 5197 1363 5269 Trinitatis.
1402 5195 1557 5269 Quod
1597 5197 1703 5269 hoc

120 5265 256 5326 loco
292 5265 400 5323 tam
431 5265 685 5324 distincte
704 5265 995 5321 Trinitatis
1026 5268 1289 5321 unitatem
1328 5265 1459 5335 haec,
1474 5266 1703 5335 epistola

122 5338 412 5411 praedicet,
458 5338 616 5409 quasi
650 5339 710 5411 in
754 5337 995 5411 Ecclesia
1040 5339 1145 5411 hoc
1187 5349 1386 5391 novum
1438 5334 1635 5411 fuerit,
1670 5351 1702 5390 a

122 5406 491 5465 inovatoribus
539 5408 714 5463 nostri
766 5406 1025 5476 temporis
1071 5407 1332 5476 injustam
1374 5406 1700 5461 calumniam

124 5482 359 5560 patitur:
408 5478 551 5560 Nam
585 5479 888 5560 antiquitus
921 5476 997 5560 in"
1023 5476 1423 5560 catechizandis
1454 5476 1704 5560 ﬁdelibus

124 5545 454 5631 mysterium
504 5545 924 5631 gloriosissimte
955 5545 1270 5631 Trinitatis,
1300 5555 1564 5631 quantum
1600 5546 1703 5600 ho-

124 5616 272 5674 mini
299 5620 472 5685 licuit,
508 5616 538 5673 a
572 5618 883 5673 catechistis
910 5616 1244 5671 insinuatum
1273 5631 1394 5671 esse
1425 5617 1560 5670 adeo
1586 5632 1705 5671 cer-

128 5701 251 5744 tum
274 5700 375 5752 est,
402 5702 462 5743 ut
489 5689 630 5744 idem
649 5687 850 5756 impius
880 5685 1175 5752 Lucianus,
1206 5687 1439 5756 scriptor
1464 5687 1700 5753 gentilis,

131 5761 190 5813 in
236 5758 541 5827 Philopatre
578 5767 762 5828 aperte
805 5756 1144 5828 conﬁteatur.
1193 5759 1262 5814 Ut
1301 5766 1480 5810 autem
1515 5758 1703 5828 ortho—

127 5832 263 5886 doxi
294 5826 571 5903 epiScopi,
604 5826 668 5883 ac
714 5826 1056 5897 potissimum
1106 5827 1385 5883 Romanus
1436 5826 1698 5898 pontifex,

414 5925 687 5985 PATROL.
727 5924 842 5987 Gn.
877 5924 953 5987 V.

1808 5050 1971 5119 hujus
2001 5052 2182 5106 saeculi
2214 5044 2482 5105 haereticis
2508 5049 2851 5119 impugnata,
2893 5045 3193 5119 ﬂagitabat.
3221 5044 3378 5119 Unde

1808 5118 1867 5176 S.
1882 5116 2232 5177 'Athanasius
2264 5120 2333 5174 ad
2356 5116 2640 5189 episcopos
2662 5116 2946 5189 Africanos
2968 5116 3234 5180 scribens,
3259 5116 3375 5189 haec

1807 5193 1926 5245 ait:
1966 5210 1985 5245 ‹
2018 5192 2191 5246 Prisci
2217 5185 2455 5259 episcopi
2498 5185 2698 5259 abhinc
2738 5186 2896 5242 annis
2936 5195 3153 5259 centum
3187 5193 3240 5239 et
3273 5185 3375 5259 tri-

1811 5264 1980 5333 ginta,
2010 5263 2101 5332 qui
2144 5255 2264 5315 tum
2293 5255 2501 5323 Romae,
2531 5267 2646 5313 tum
2686 5258 2744 5312 in
2791 5265 2977 5311 nostra
3010 5255 3375 5333 civitate_epi-

1811 5322 2093 5403 scopatum
2127 5336 2433 5403 gesserunt,
2458 5322 2856 5403 accusaverunt
2894 5340 3010 5390 eos,
3049 5325 3144 5394 qui
3173 5322 3374 5403 Filium

1811 5395 2117 5475 creaturam
2130 5395 2409 5475 'd_icer_ent,
2432 5406 2527 5453 aut
2550 5398 2643 5475 qui
2685 5404 2944 5466 negarent
2974 5408 3101 5475 eum
3136 5395 3389 5475 consiibj'

1808 5474 2116 5531 stantialem
2159 5469 2327 5535 Patri,
2369 5487 2389 5520 ι
2417 5478 2521 5523 etc.
2549 5465 2615 5521 Et
2640 5465 2953 5537 quanquam
2987 5465 3104 5518 haec
3144 5465 3373 5537 intelligi

1807 5546 1937 5602 velit
1968 5547 2037 5599 de
2074 5541 2288 5615 duobus
2314 5533 2437 5615 illis
2466 5533 2739 5615 Dionysiis
2770 5533 3026 5615 Romano.
3043 5541 3099 5588 et
3132 5533 3373 5615 Alexan-

1805 5617 1965 5672 drino
2012 5611 2314 5683 episcOpis,
2346 5610 2449 5683 qui
2484 5608 2807 5683 hocipsum
2850 5608 3063 5683 egregie
3109 5608 3376 5683 praestite-

1806 5697 1956 5751 runt,
1987 5673 2166 5740 tamen
2201 5673 2314 5733 non
2348 5673 2451 5753 nisi
2482 5673 2751 5747 majorum
2783 5673 3052 5743 exemplo,
3083 5673 3376 5753 traditione

1806 5750 1971 5828 atque
1999 5755 2251 5828 doctrina
2293 5766 2389 5828 eos
2438 5750 2553 5805 haec
2596 5755 2846 5828 cperatos
2891 5760 3031 5809 esse,
3065 5750 3375 5828 nemojure

1806 5811 2052 5884 dubitare
2082 5822 2298 5896 poterit.
2333 5821 2528 5878 Baron.
2557 5811 2813 5893 praedicto
2838 5831 2983 5874 anno
3010 5829 3166 5867 num.
3194 5811 3250 5868 6.
3283 5811 3368 5869 ιν.

2975 5906 3056 5970 31b
