3806 6208
443 310 582 367 1067

1712 311 2112 370 ALEXAND!“
2153 313 2174 370 1
2212 313 2415 371 ΡΜ)Ᾰί

3548 322 3688 378 ίωϐ

443 435 573 481 tur:
602 443 622 477 ι
653 421 882 482 Domine
913 423 1056 484 Deus
1078 427 1367 494 virtutum,
1394 424 1538 484 Deus
1572 425 1756 494 Israel,
1796 427 2014 484 intende
2041 427 2088 487 Δ
2113 429 2399 486 universas
2425 436 2614 500 gentes
2637 429 2788 488 misit
2807 430 3129 502 baptizare?
3148 429 3208 489 Si
3231 433 3416 490 unitas
3439 450 3560 492 non
3576 446 3682 499 est.

443 516 518 572 ad
548 516 848 574 visitandas
879 532 1072 576 omnes
1117 517 1342 588 gentes?
1369 536 1389 574 ι
1429 515 1490 573 Si
1521 519 1704 574 unitas
1754 533 1864 578 non
1895 529 2011 585 est,

441 624 566 678 cur,
595 627 615 662 ι
649 609 892 677 intende,
919 627 941 663 ι
970 611 1174 682 posuit,
1201 619 1254 666 et
1276 626 1384 668 non
1406 651 1423 676 ,
1482 611 1760 678 intendite,
1787 621 1850 666 ut
1871 627 2011 682 prae-

445 702 664 762 dicatus
678 703 845 770 “est,
877 702 1188 760 intimavit?
1220 701 1279 760 Si
1312 701 1552 758 Trinitas
1568 718 1675 758 non
1707 712 1812 770 est,
1835 719 1934 760 cur
1956 704 2013 760 iu

441 792 772 864 Apocalypsi
807 795 968 850 tertio
992 793 1131 850 dixit
1158 811 1216 848 :1
1249 793 1504 861 Sanctus,
1521 804 1763 862 sanctus,
1790 806 2016 854 sanctus

443 885 707 944 Dominus
724 886 866 942 Deus
879 887 1341 957 omnipotens,qui
1358 895 1530 954 est,et
1544 887 1636 957 qui
1652 896 1769 943 erat
1782 887 1847 954 “,
1861 906 1882 940 ι
1901 897 2008 944 etc.

443 979 501 1032 Si
537 978 720 1036 unitas
755 993 864 1033 non
897 987 1001 1044 est,
1032 991 1228 1048 quare,
1269 996 1289 1032 ι
1323 980 1417 1049 qui
1449 988 1554 1045 est,
1589 997 1608 1031 ι
1645 987 1701 1036 et
1749 993 1880 1046 non,
1915 981 2011 1050 qui

443 1076 594 1131 sunt,
647 1069 937 1138 pluraliter
968 1070 1330 1143 designatur?
1385 1069 1443 1127 Si
1477 1071 1720 1128 Trinitas
1753 1087 1861 1128 non
1893 1081 2008 1136 est,

442 1173 611 1226 quare
662 1159 716 1214 in
769 1159 1190 1220 Deuteronomio
1241 1162 1448 1226 dictum
1502 1172 1589 1220 est
1624 1181 1640 1219 :
1681 1183 1700 1216 ι
1745 1163 2011 1222 Dominus

440 1246 585 1308 Deus
603 1260 730 1308 tuus
747 1253 1063 1311 misericors
1086 1263 1193 1319 est,
1209 1266 1264 1310 et
1286 1256 1472 1312 audiet
1496 1271 1686 1312 vocem
1715 1266 1868 1314 tuam
1885 1256 1965 1310 “?
1985 1275 2004 1309 ι

443 1339 500 1395 Si
537 1345 721 1402 unitas
770 1361 884 1401 non
925 1354 1050 1413 est,
1101 1360 1273 1417 quare
1317 1346 1539 1415 posuit,
1612 1364 1632 1400 ι
1664 1347 1866 1412 audiet,
1895 1364 1915 1398 ι
1956 1355 2013 1402 et

440 1444 588 1504 non‘,
635 1439 878 1502 audient.
907 1438 1212 1496 intimavit?
1239 1436 1297 1494 Si
1318 1437 1558 1496 Trinitas
1575 1453 1684 1498 non
1706 1448 1808 1503 est,
1840 1454 2012 1510 quare

441 1535 496 1588 in
527 1530 657 1590 Jesu
685 1530 831 1586 Nave
854 1532 896 1572 ⁸⁷
925 1530 1126 1590 dicitur
1157 1531 1298 1586 libro
1325 1549 1340 1584 :
1381 1548 1399 1582 ι
1429 1529 1695 1588 Dominus
1719 1530 1861 1592 Deus
1880 1531 2012 1588 deo-

436 1640 563 1686 rum
590 1623 641 1655 "
671 1631 758 1680 est
783 1625 868 1677 σοι
904 1642 923 1676 ι
965 1621 1024 1680 Si
1057 1623 1242 1682 unitas
1272 1638 1381 1680 non
1432 1633 1540 1691 est,
1591 1639 1762 1694 quare
1799 1643 1820 1676 s
1847 1633 1955 1689 est,
1983 1641 2005 1678 s

436 1717 598 1785 dixit,
641 1725 699 1772 et
729 1731 861 1782 non,
895 1725 1060 1782 sunt,
1110 1731 1264 1772 more
1313 1715 1610 1772 locutionis
1655 1716 1908 1771 induxit?
1948 1714 2007 1773 Si

2113 535 2305 589 quare,
2366 539 2386 574 ι
2418 521 2474 577 in
2507 521 2750 590 nomine,
2789 541 2809 576 ι
2845 523 3004 592 dixit,
3053 537 3109 582 et
3140 540 3286 589 non,
3334 527 3392 584 in
3441 529 3687 584 nomini-

2111 610 2237 677 bus,
2270 613 2633 683 praecipiendo
2675 615 2996 686 perdocuit?
3026 616 3084 674 Si
3128 615 3371 676 Trinitas
3412 634 3531 676 non
3563 632 3685 684 est,

2110 719 2282 775 quare
2318 702 2520 766 Paulus
2553 705 2833 776 apostolus
2877 707 2996 762 ait:
3035 726 3055 759 ι
3089 707 3171 762 Ex
3215 708 3355 779 ipso,
3389 718 3574 780 etper
3603 711 3688 781 ip-

2110 811 2256 860 sum,
2288 804 2342 849 et
2388 794 2444 850 in
2487 795 2607 865 ipso
2653 805 2781 851 sunt
2821 797 3008 851 omnia
3029 797 3112 851 ll‘?
3146 816 3166 850 ι
3219 797 3277 853 Si
3332 801 3531 856 unitas
3580 817 3686 854 non

2109 897 2214 954 est,
2240 901 2431 958 quare,
2469 906 2486 939 ι
2517 902 2581 943 ex
2630 887 2767 959 ipso,
2801 906 2820 941 ι
2866 888 3077 959 posuit,
3117 898 3172 944 et
3215 905 3347 953 non,
3394 906 3460 944 ex
3503 891 3682 960 ipsis,

2109 981 2378 1036 astruxit?
2403 980 2460 1034 Si
2497 981 2640 1035 enim
2679 989 2826 1036 certo
2857 967 3059 1037 cert-ius
3092 983 3374 1038 volueritis
3410 984 3685 1038 unitatem

2110 1071 2397 1129 Trinitatis
2426 1088 2722 1144 agnoscere
2740 1112 2755 1137 ,
2792 1087 2826 1127 a
2853 1087 2994 1142 saepe
3014 1072 3164 1128 dicto
3179 1073 3410 1130 Doctore
3432 1075 3686 1147 gentium

2109 1166 2372 1236 Apostolo
2396 1165 2622 1236 potestis
2652 1165 2905 1221 universa
2944 1165 3280 1228 condiscere,
3312 1175 3369 1220 et
3401 1169 3563 1236 sequi
3595 1185 3688 1222 ca-

2109 1255 2367 1310 tholicam
2408 1256 2589 1320 Iidem,
2621 1265 2677 1310 et
2704 1255 2747 1288 ἰ
2785 1255 2981 1309 horum
3029 1270 3287 1326 respuere
3327 1259 3686 1325 pravitatem.

2115 1364 2136 1398 ο
2165 1345 2352 1400 Gratia
2387 1345 2602 1401 Domini
2638 1346 2808 1401 nostri
2835 1344 2963 1400 Jesu
2997 1345 3222 1412 Christi,
3252 1347 3447 1418 inquit,
3473 1358 3531 1403 et
3556 1349 3690 1404 cha-

2107 1438 2244 1494 ritas
2272 1437 2388 1504 Dei,
2419 1446 2475 1494 et
2498 1439 2923 1494 communicatio
2952 1440 3126 1496 sancti
3159 1439 3418 1510 Spiritus,
3451 1441 3576 1511 ipsa
3601 1454 3691 1496 est

2107 1527 2308 1595 Patris,
2329 1541 2382 1588 et
2413 1530 2555 1596 Filii,
2577 1531 2622 1563 ⁸¹
2645 1540 2699 1586 et
2727 1529 2965 1602 Spiritus
2990 1532 3161 1587 sancti
3191 1533 3364 1604 gratia
3388 1533 3461 1599 ⁸³;
3483 1548 3506 1582 ι
3527 1543 3583 1588 et
3601 1536 3690 1588 sic

2107 1621 2271 1677 fidem
2315 1632 2517 1680 sancta:
2561 1623 2844 1680 Trinitatis
2885 1632 2941 1679 et
2988 1624 3309 1696 intelligere,
3351 1636 3407 1681 et
3453 1626 3688 1690 docere,

2109 1713 2342 1770 Domino
2375 1715 2684 1785 adjuvante,
2712 1715 2944 1786 pleniter
2970 1717 3223 1786 potestis.

438 1808 685 1866 Trinitas
715 1824 825 1865 non
846 1817 950 1874 est,
974 1822 1144 1878 quare
1168 1806 1315 1864 Elias
1340 1808 1614 1879 loquendo
1637 1808 1693 1862 in
1717 1808 2002 1870 oratione:
2036 1801 2079 1859 Β
2182 1806 2387 1862 Idcirco
2438 1807 2634 1879 igitur,
2683 1807 3027 1874 cbarissimi,
3082 1807 3208 1864 ﬁdei
3253 1808 3473 1878 regulas
3517 1809 3684 1878 juxta

443 1923 462 1956 ι
496 1903 744 1968 Domine,
778 1901 1006 1958 Domine
1039 1900 1182 1962 Deus
1212 1899 1398 1967 Israel,
1435 1903 1661 1960 ostende
1691 1903 1820 1973 quia
1858 1912 1917 1957 tu
1947 1917 2009 1960 es

443 1995 590 2050 Deus
640 2009 798 2050 meus
835 1992 914 2059 ",
965 2009 984 2044 ρ
1019 1990 1191 2048 dixit?
1227 1989 1288 2046 Si
1339 1989 1519 2046 unitas
1554 2006 1661 2048 non
1695 2001 1810 2056 est,
1839 2005 2010 2061 quare

441 2106 460 2138 ι
491 2085 741 2150 ostende,
777 2104 796 2138 ο
827 2087 1030 2155 posuit,
1061 2094 1115 2140 et
1153 2099 1286 2149 non,
1319 2084 1627 2140 ostendite?
1675 2083 1735 2139 Si
1766 2082 2009 2143 Trinitas

435 2194 544 2234 nou
571 2190 679 2243 est,
705 2192 805 2239 cur
834 2175 1214 2238 Mardochcus
1246 2177 1456 2234 orando
1484 2195 1499 2232 :
1545 2195 1564 2228 ς
1599 2175 1862 2241 Domine,
1901 2176 2010 2230 Do-

434 2270 583 2326 mine
639 2267 783 2328 Deus
844 2269 1222 2338 omnipotens,
1271 2268 1457 2324 omnia
1505 2266 1560 2324 in
1602 2277 1867 2339 potestate
1914 2277 2008 2326 tua

436 2363 651 2427 sunt",
692 2379 712 2413 ι
736 2361 910 2418 dixit?
939 2361 998 2416 Si
1021 2361 1205 2418 unitas
1235 2374 1345 2418 non
1371 2370 1658 2432 est.quare
1689 2380 1708 2414 ι
1740 2362 1798 2416 in
1834 2369 1948 2424 tua,
1978 2378 2002 2416 ι

434 2455 639 2524 posuit,
666 2463 724 2510 et
748 2468 860 2510 non
883 2491 900 2518 ,
935 2453 990 2508 in
1017 2463 1220 2520 vestra,
1251 2454 1523 2525 signavit?
1549 2452 1607 2508 Si
1636 2451 1874 2514 Trinitas
1897 2468 2006 2508 non

431 2555 538 2613 est,
569 2560 669 2604 cur
697 2545 862 2602 etiam
894 2543 1084 2601 Judith
1117 2545 1326 2600 orando
1350 2545 1487 2600 dixit
1515 2561 1529 2599 :
1568 2562 1587 2596 ι
1627 2541 1876 2610 Domine,
1899 2543 2007 2598 Do-

431 2639 580 2696 mine
605 2636 752 2694 Deus
779 2637 1029 2696 omnium
1055 2636 1343 2700 virtutum,
1378 2636 1590 2706 respice
1615 2635 1671 2694 in
1702 2635 2006 2694 orationem

431 2729 738 2788 meam”?s
769 2728 829 2784 Si
862 2728 1046 2788 unitas
1085 2742 1196 2788 non
1229 2735 1333 2792 est,
1365 2743 1557 2797 quare,
1593 2745 1610 2778 ι
1640 2726 1868 2797 respice,
1904 2743 1923 2778 ι
1951 2735 2007 2787 et

432 2837 544 2878 non
570 2859 587 2885 ,
647 2821 920 2892 respicite,
965 2819 1308 2892 designavit?
1343 2817 1403 2876 Si
1443 2817 1686 2874 Trinitas
1730 2833 1841 2874 non
1885 2827 2002 2885 est,

430 2929 602 2986 quare
637 2914 693 2972 in
732 2912 970 2973 Ieremia
997 2912 1248 2976 dicitur:
1295 2930 1318 2966 ι
1353 2910 1620 2970 Dominus
1654 2909 1798 2966 Deus
1826 2917 2005 2968 vester

429 3021 595 3063 verax
625 3015 713 3063 est
737 3005 821 3061 "?
852 3023 876 3064 ι
903 3005 958 3062 Si
1011 3005 1195 3064 unitas
1227 3020 1336 3064 non
1375 3013 1484 3071 est,
1531 3019 1728 3074 quare,
1782 3023 1802 3058 ι
1837 3019 2003 3061 verax

429 3109 533 3164 est,
569 3119 588 3153 ο
647 3098 820 3167 dixit,
875 3107 932 3156 et
988 3113 1140 3164 non,
1215 3112 1470 3164 veraces,
1523 3098 1708 3168 potius
1784 3098 2002 3156 intima-

429 3193 545 3248 vit?
576 3191 636 3250 Si
665 3190 912 3248 Trinitas
935 3205 1045 3248 non
1071 3199 1182 3258 est,
1212 3204 1384 3261 quare
1422 3189 1479 3256 in
1511 3189 1837 3262 Apocalypsi
1866 3190 2001 3247 scri-

429 3297 584 3356 ptum
625 3294 754 3342 est:
806 3302 827 3336 ι
863 3282 1132 3342 Dominus
1172 3281 1317 3342 Deus
1359 3291 1414 3340 et
1439 3282 1668 3352 spiritus
1713 3282 2000 3353 pr0pbeta-

429 3391 552 3432 rum
571 3374 642 3442 ",
669 3373 820 3430 misit
849 3373 1104 3446 angelum
1143 3387 1308 3429 suum
1341 3371 1630 3430 ostendere
1659 3371 1834 3428 servis
1860 3370 2000 3436 suis,

428 3483 550 3537 quae
577 3473 797 3538 oportet
841 3465 958 3524 ﬁeri
985 3467 1098 3522 cito
1121 3464 1200 3518 "?
1231 3483 1250 3516 ι
1303 3462 1362 3520 Si
1404 3463 1591 3522 unitas
1620 3478 1733 3526 non
1755 3473 1865 3530 est,
1899 3479 2000 3519 cur

429 3575 554 3618 cum
583 3557 800 3616 Patrem
831 3566 886 3614 et
913 3556 1114 3621 Filium
1145 3565 1200 3612 et
1227 3555 1493 3626 Spiritum
1529 3564 1778 3614 sanctum
1820 3556 2000 3612 nomi-

429 3659 634 3716 uasset,
691 3667 712 3703 t
752 3650 924 3717 misit,
955 3667 976 3701 ο
1031 3649 1190 3712 dixit,
1228 3657 1284 3703 et
1338 3663 1470 3714 non,
1552 3647 1848 3715 miserunt,
1895 3647 2000 3704 sub

428 3750 727 3812 prtetaxato
758 3741 926 3796 trium
961 3753 1322 3810 personarum
1357 3746 1414 3800 ,et
1445 3736 1731 3792 nominum
1769 3751 1999 3792 numero

428 3831 768 3889 introduxit?
795 3829 854 3887 Si
885 3828 1129 3886 Trinitas
1161 3843 1272 3890 non
1304 3835 1410 3893 est,
1445 3841 1615 3898 quare
1643 3827 1700 3886 in
1731 3825 1996 3882 Deutero-

427 3924 614 3980 nomio
634 3923 803 3982 dixit:
827 3941 848 3976 s
872 3921 1137 3978 Dominus
1153 3919 1301 3982 Deus
1313 3929 1490 3975 vester
1507 3919 1595 3975 hic
1609 3928 1694 3976 est
1717 3919 1861 3976 Deus
1874 3919 1920 3951 ⁷⁸
1939 3919 1991 3972 is

425 4017 487 4073 Si
521 4016 702 4072 unitas
731 4029 842 4072 non
861 4023 970 4081 est,
994 4029 1185 4085 quare,
1209 4031 1234 4066 t
1279 4011 1369 4070 hic
1393 4020 1498 4073 est,
1529 4029 1550 4064 ι
1587 4010 1744 4076 dixit,
1768 4019 1952 4068 etnon
1979 4029 1993 4065 :

428 4109 485 4165 hi
528 4117 678 4176 sunt,
737 4105 936 4177 plurali
983 4119 1216 4164 numero
1259 4102 1603 4179 designavit?
1649 4100 1706 4158 Si
1753 4100 1996 4158 Trinitas

427 4214 538 4254 non
568 4206 674 4265 est,
701 4211 876 4268 quare
913 4197 969 4252 in
1001 4196 1195 4252 eodem
1224 4195 1423 4252 dicitur
1449 4194 1628 4250 libro:
1669 4211 1690 4245 ι
1725 4191 1994 4249 Dominus

426 4289 576 4345 Deus
603 4298 752 4356 tuus,
791 4286 937 4344 Deus
972 4302 1207 4359 magnus
1237 4296 1293 4344 et
1333 4294 1526 4357 potens
1545 4285 1627 4339 "‘l
1655 4302 1676 4338 ι
1721 4282 1779 4339 Si
1811 4285 1994 4342 unitas

424 4400 537 4440 non
573 4394 682 4449 est,
732 4396 925 4454 quare,
971 4398 993 4434 ι
1029 4395 1261 4451 magnus
1302 4388 1357 4434 et
1388 4388 1608 4448 potens,
1641 4396 1661 4431 ι
1709 4376 1994 4448 pluraliter

2111 1899 2280 1970 hujus
2305 1900 2548 1971 epistola:
2579 1900 2743 1956 tinem
2776 1899 3084 1972 posuimus,
3114 1907 3176 1955 ut
3211 1901 3268 1954 in
3299 1901 3420 1971 ejus
3454 1900 3688 1956 confes-

2109 1993 2266 2050 sione
2303 1994 2533 2050 tideliter
2562 1996 3007 2063 perseveremus,
3033 2003 3087 2049 et
3130 1991 3361 2048 Domino
3404 1995 3687 2049 auxilian-

2109 2093 2162 2142 te
2186 2086 2254 2152 “,
2280 2086 2481 2144 bonam
2513 2086 2675 2146 fidem
2711 2086 2913 2142 habere
2934 2101 3264 2141 mereamur.
3293 2103 3314 2138 ι
3350 2084 3692 2158 Quicunque

2107 2178 2339 2233 voluerit
2385 2192 2508 2235 esse
2551 2179 2764 2236 amicus
2810 2179 2996 2236 saeculi
3053 2178 3237 2248 hujus,
3277 2177 3546 2234 inimicus
3589 2181 3683 2234 Dei

2105 2270 2480 2329 constituitur.
2508 2271 2590 2326 An
2613 2281 2662 2316 αι
2689 2272 2915 2344 putatis,
2948 2271 3080 2341 quia
3124 2270 3360 2325 inaniter
3389 2269 3686 2342 Scriptura

2105 2360 2237 2417 dicit
2273 2377 2287 2414 :
2324 2361 2408 2416 Ad
2443 2361 2703 2417 invidiam
2732 2361 3073 2434 concupiscit
3112 2361 3362 2432 spiritus,
3395 2363 3495 2434 qui
3529 2362 3688 2417 habi-

2105 2461 2186 2508 tat
2218 2453 2272 2507 in
2300 2453 2475 2520 vobis,
2507 2454 2768 2525 majorem
2795 2465 2977 2511 autem
3019 2455 3112 2512 dat
3149 2453 3425 2526 gratiam?
3447 2453 3687 2526 Propter

2105 2543 2250 2612 quod
2283 2543 2486 2598 dicitur
2529 2562 2542 2598 :
2585 2542 2728 2599 Deus
2772 2544 3023 2614 superbis
3084 2545 3313 2612 resistit,
3373 2545 3686 2600 humilibus

2104 2642 2287 2690 autem
2321 2634 2415 2689 dat
2441 2635 2694 2706 gratiam.
2727 2633 2941 2691 Subditi
2975 2634 3140 2706 igitur
3165 2645 3338 2691 estote
3373 2635 3512 2698 Deo,
3548 2638 3686 2690 resi-

2103 2727 2230 2783 stite
2280 2738 2460 2783 autem
2505 2728 2742 2796 diabolo,
2778 2737 2833 2785 et
2879 2727 3049 2800 fugiet
3079 2743 3110 2783 a
3150 2729 3323 2785 vobis.
3358 2729 3683 2800 Appmpin-

2103 2828 2268 2891 quate
2317 2819 2466 2888 Deo,
2513 2829 2568 2876 et
2617 2820 3075 2891 appropinquabit
3122 2821 3300 2879 vobis.
3366 2820 3686 2876 Emundate

2102 2927 2298 2968 manus
2330 2911 2397 2978 ⁸⁸,
2429 2921 2772 2982 peccatores,
2800 2921 2855 2969 et
2891 2914 3176 2982 puriticate
3209 2913 3400 2978 corda,
3429 2914 3690 2984 duplices

2101 3003 2305 3059 animo.
2351 3002 2535 3059 Miseri
2563 3012 2757 3072 estote,
2807 3012 2861 3059 et
2906 3004 3104 3075 lugete,
3147 3012 3205 3060 et
3246 3005 3482 3076 plorate.
3515 3005 3682 3061 Risus

2101 3103 2286 3152 vester
2318 3096 2375 3152 in
2417 3095 2623 3151 luctum
2671 3105 3036 3165 convertatur,
3066 3104 3120 3152 et
3153 3098 3414 3168 gaudium
3447 3098 3509 3155 in
3545 3113 3682 3154 mte-

2101 3203 2302 3244 rorem.
2335 3186 2705 3243 llumiliamini
2734 3188 2789 3243 in
2834 3196 3128 3260 conspectu
3160 3189 3403 3254 Domini,
3433 3199 3492 3245 et
3523 3191 3680 3246 exal-

2099 3277 2234 3334 tabit
2262 3292 2377 3332 vos.
2412 3275 2587 3334 Nolite
2611 3278 2894 3335 detrahere
2919 3279 3259 3346 alterutrum,
3284 3278 3524 3342 fratres;
3548 3281 3680 3351 quia

2099 3368 2194 3438 qui
2227 3366 2465 3422 detrahit
2492 3366 2682 3432 fratri,
2716 3376 2810 3422 aut
2838 3369 2932 3438 qui
2971 3367 3183 3438 judicat
3221 3366 3451 3423 fratrem
3486 3384 3682 3435 suum,

2099 3458 2335 3513 detrahit
2377 3457 2504 3529 legi,
2551 3467 2606 3513 et
2643 3458 2854 3528 judicat
2886 3459 3081 3530 legem.
3128 3458 3186 3514 Si
3233 3471 3424 3514 autem
3454 3459 3684 3530 judicas

2099 3551 2294 3622 iegcm.
2343 3567 2450 3606 non
2484 3566 2544 3607 es
2595 3551 2770 3606 factor
2808 3551 2962 3623 legis,
2991 3551 3084 3607 sed
3113 3550 3312 3622 judex;
3345 3539 3500 3609 unus
3529 3555 3676 3609 enim

2097 3653 2180 3698 est
2213 3643 2488 3714 legislator
2520 3651 2574 3699 et
2593 3641 2792 3712 judex,
2825 3643 2920 3714 qui
2959 3652 3133 3715 potest
3179 3645 3411 3714 perdere
3443 3656 3501 3702 et
3542 3648 3680 3704 libe-

2098 3747 2240 3787 rare.
2284 3731 2365 3788 Tu
2409 3742 2590 3787 autem
2623 3732 2750 3803 quis
2798 3748 2888 3800 es,
2937 3733 3032 3804 qui
3067 3734 3286 3804 judicas
3314 3737 3683 3806 proximum?

2107 3825 2264 3896 Agite
2293 3839 2470 3890 nunc,
2493 3824 2709 3890 divites,
2745 3823 2958 3895 plorate
3003 3827 3274 3884 ululantes
3317 3829 3377 3884 in
3430 3833 3679 3888 miseriis

2095 3918 2312 3983 vestris,
2346 3932 2468 3986 quae
2499 3917 2787 3973 advenient
2810 3918 2982 3974 vobis.
3010 3917 3221 3976 Divitiae
3253 3930 3453 3978 vestrae
3487 3935 3678 3995 putre-

2095 4007 2254 4064 facta:
2303 4017 2464 4075 sunt,
2495 4017 2550 4064 et
2589 4009 2914 4065 vestimenta
2943 4016 3120 4066 Vestra
3155 4027 3186 4067 a
3231 4013 3404 4070 tineis
3428 4026 3674 4072 comesta

2096 4108 2245 4158 sunt.
2279 4100 2488 4156 Aurum
2531 4108 2586 4156 et
2635 4111 2923 4172 argentum
2962 4106 3202 4158 vestrum
3235 4106 3596 4176 aaruginavit,
3622 4116 3678 4163 et

2094 4205 2278 4262 aerugo
2303 4205 2492 4247 eorum
2528 4191 2585 4245 in
2616 4191 2983 4247 testimonium
3005 4193 3161 4248 vobis
3187 4194 3311 4259 erit,
3343 4206 3403 4252 et
3434 4201 3675 4256 mandu-

2093 4283 2237 4340 cabit
2267 4297 2461 4339 carnes
2488 4294 2698 4339 vestras
2730 4283 2870 4340 sicut
2896 4284 3056 4356 ignis.
3095 4283 3546 4347 Thesaurizastis
3579 4308 3673 4348 vo-

2092 4374 2178 4432 bis
2208 4376 2344 4430 iram
2367 4374 2424 4430 in
2455 4375 2770 4432 novissimis
2807 4376 3019 4432 diebus.
3047 4376 3188 4434 Ecce
3229 4394 3449 4438 merces
3475 4399 3672 4454 oper»

421 4493 532 4532 non
575 4473 930 4531 nominatur?
964 4471 1022 4528 Si
1055 4470 1296 4528 Trinitas
1335 4486 1446 4526 non
1487 4480 1593 4538 est,
1624 4485 1723 4526 cur
1755 4467 1988 4535 Tobias,
2020 4485 2066 4543 ι)
2094 4466 2324 4531 riorum,
2345 4465 2439 4536 qui
2462 4475 2811 4522 messueruut
2835 4466 3087 4538 regiones
3109 4478 3343 4535 vestras,
3376 4487 3508 4542 quae
3534 4472 3672 4530 frauo

422 4584 549 4625 cum
575 4567 750 4624 filium
771 4580 933 4622 suum
957 4565 1011 4620 in
1037 4561 1216 4635 Rages
1243 4562 1521 4619 civitatem
1555 4574 1683 4616 cum
1717 4557 1991 4629 Baphaele

421 4660 756 4732 archangelo
783 4657 1040 4720 mitteret,
1064 4653 1393 4712 benedicens
1424 4667 1541 4719 eos,
1571 4652 1646 4706 ita
1668 4649 1874 4706 dixisse
1893 4649 1992 4704 do-

421 4762 579 4807 cetur
613 4773 626 4808 :
671 4769 696 4804 ι
749 4749 894 4805 Deus
925 4747 1228 4812 Abraham,
1263 4757 1319 4801 et
1366 4743 1510 4800 Deus
1544 4742 1717 4810 isaac,
1750 4750 1804 4798 et
1845 4741 1991 4799 Deus

416 4843 610 4909 Jacob,
648 4843 764 4913 ipse
811 4839 1039 4910 impleat
1092 4836 1529 4894 benedictionem
1581 4849 1736 4891 suam
1786 4834 1843 4888 in
1894 4847 1990 4887 vo-

416 4937 504 4992 bis
525 4935 611 4989 7'?
645 4953 668 4984 ι
699 4932 757 4988 Si
792 4931 978 4992 unitas
996 4945 1105 4986 non
1131 4938 1235 4996 est,
1260 4943 1451 5000 quare,
1487 4946 1506 4980 ι
1541 4927 1658 4998 ipse
1684 4925 1926 4995 impleat,
1959 4943 1979 4977 ι

413 5028 573 5094 dixit,
605 5034 661 5081 et
679 5039 791 5082 non
819 5063 837 5091 ,
877 5022 983 5095 ipsi
1014 5022 1295 5094 impleant,
1337 5019 1645 5076 intimavit?
1675 5017 1982 5083 Postremo,

415 5127 461 5180 si
491 5121 733 5177 Trinitas
761 5135 870 5175 non
897 5127 1002 5186 est,
1030 5133 1202 5192 quare
1232 5117 1497 5174 Dominus
1526 5115 1825 5186 discipulos
1847 5129 1982 5170 suos

419 5235 437 5268 ι
477 5217 532 5270 in
562 5213 784 5270 nomine
818 5209 1016 5277 Patris,
1047 5219 1103 5266 et
1141 5209 1285 5276 Filii,
1315 5217 1371 5264 et
1402 5206 1640 5277 Spiritus
1679 5204 1853 5261 sancti
1868 5204 1914 5236 ⁷⁸
1951 5223 1971 5256 ι

2091 4558 2218 4614 data
2243 4566 2326 4614 est
2351 4572 2383 4612 a
2414 4556 2592 4625 vobis,
2621 4557 2840 4626 clamat,
2865 4559 3158 4614 vindictam
3202 4575 3446 4630 poscens
3474 4569 3668 4622 retenti

2085 4649 2313 4716 laboris,
2343 4657 2398 4706 et
2423 4649 2632 4705 clamor
2660 4665 2848 4706 eorum
2873 4648 2935 4704 'in
2971 4665 3134 4708 aures
3167 4651 3390 4709 Domini
3424 4653 3666 4713 Sabaoth

2085 4742 2350 4797 introivit.
2378 4741 2593 4814 Epulati
2621 4741 2755 4799 estis
2799 4757 2962 4812 super
2990 4751 3214 4808 terram,
3251 4753 3308 4800 et
3343 4746 3402 4801 in
3430 4747 3673 4804 luxnriis

2084 4833 2367 4889 enutristis
2389 4833 2552 4890 corda
2584 4843 2765 4890 vestra
2790 4834 2845 4888 in
2880 4835 2969 4889 die
3008 4835 3325 4891 occisionis.
3358 4838 3666 4897 Addixistis

2085 4935 2141 4981 et
2193 4926 2471 4982 occidistis
2508 4925 2751 4998 justum,
2802 4934 2857 4981 et
2914 4941 3025 4981 non
3080 4928 3280 4984 restitit
3319 4931 3487 4986 vobis
3541 4932 3609 4988 ".
3645 4954 3664 4985 ›

2084 5017 2134 5052 ⁸⁸
2180 5015 2304 5074 Vae!
2357 5016 2589 5086 fratres,
2636 5017 2723 5074 his
2771 5018 2866 5090 qui
2907 5019 3172 5076 tribulant
3218 5036 3343 5078 vos.
3376 5022 3492 5082 Vos
3539 5043 3666 5082 vero

2083 5120 2292 5182 quanto
2328 5111 2565 5182 amplius
2604 5111 2981 5178 tribulamini,
3015 5121 3166 5169 tanto
3195 5117 3551 5187 purgatiores
3583 5130 3664 5174 at-

2082 5218 2190 5275 que
2233 5193 2502 5259 beatiores
2541 5203 2846 5259 eﬂiciemini
2873 5245 2887 5271 ,
2917 5204 2964 5260 si
3010 5213 3192 5260 tamen
3228 5207 3350 5276 ipsa
3383 5208 3665 5265 tribulatio

517 5309 564 5340 “
586 5324 691 5378 ms.
726 5315 989 5378 precatus.
1067 5306 1111 5337 ⁸³
1138 5304 1308 5378 ᾼρος.
1342 5319 1416 5370 tv,
1455 5303 1509 5358 8.
1586 5299 1822 5378 "‘Deut.
1859 5314 1933 5366 tv,
1972 5303 2059 5359 δι.
2116 5299 2160 5331 ⁸⁷
2191 5299 2246 5354 in
2279 5315 2386 5378 ms.
2431 5297 2585 5355 deest
2627 5297 2795 5378 Nave.
2873 5299 2919 5330 ⁸⁸
2949 5315 3283 5378 [ῃβκςρηρη.
3367 5304 3413 5334 ⁶⁹
3442 5302 3657 5378 Ιοδκιι,

408 5380 500 5436 ubi
558 5371 738 5432 ιχιιξ
778 5377 1070 5437 Dominus,
1133 5371 1388 5428 Dominus
1425 5382 1589 5427 vester
1625 5371 1765 5424 Deus
1796 5371 1853 5423 in
1896 5379 2022 5425 casto
2067 5385 2248 5438 supra,
2278 5380 2327 5424 et
2357 5371 2413 5424 in
2443 5379 2585 5424 terra
2635 5371 2896 5424 deorsum.

985 5447 1031 5482 "'
1054 5443 1237 5500 Juditb
1258 5446 1434 5508 13,17.
1459 5443 1504 5474 ⁷³
1529 5441 1638 5496 Jer.
1677 5457 1734 5504 ι,
1767 5441 1853 5494 10.
1930 5443 1976 5472 ⁷⁸
2003 5440 2093 5494 ubi
2133 5439 2356 5511 Vulgata
2390 5460 2404 5495 :
2438 5439 2697 5511 Dominus
2748 5440 2884 5494 Deus
2923 5441 3205 5509 spirituum
3254 5439 3651 5511 prophetarum.

1943 5512 1989 5542 ⁷⁸
2012 5511 2147 5566 'l‘ob.
2187 5509 2282 5576 Vll,
2327 5511 2414 5566 15.
2495 5511 2541 5542 ⁷⁸
2570 5509 2760 5564 Matth.
2813 5527 2968 5576 xvttt,
3005 5512 3093 5565 19.
3171 5512 3218 5543 ⁸⁸
3254 5509 3418 5567 Rom.
3459 5532 3538 5579 ιι,
3567 5516 3650 5571 36.

409 5453 451 5482 "
488 5448 639 5503 Esth.
677 5463 798 5511 xttt,
830 5447 883 5501 9.

407 5521 452 5551 "
480 5522 646 5586 Apoc.
700 5531 836 5581 xxu,
860 5516 914 5571 6.
990 5515 1036 5547 ⁷⁸
1059 5515 1213 5570 Deut.
1257 5530 1370 5569 xix.
1445 5513 1489 5545 "
1521 5511 1673 5586 Deut.
1701 5526 1755 5586 x_,
1780 5511 1867 5586 i7.

2972 5371 3018 5401 "
3059 5372 3127 5424 Ill
3177 5370 3309 5440 Reg.
3366 5389 3528 5440 xvtn,
3571 5376 3664 5429 56-

408 5589 451 5620 “
485 5579 1112 5656 Arianorum’expuuxit
1140 5601 1359 5646 nomen,
1390 5593 1450 5639 ut
1478 5583 1713 5656 melius__
1727 5579 1933 5638 falleret
1964 5583 2238 5656 incautos...
2309 5583 2354 5656 εξξ
2378 5580 2479 5637 Hic
2519 5580 2777 5656 desinunt
2831 5581 3020 5656 Ithacii
3051 5582 3216 5637 verba
3245 5601 3259 5636 :
3293 5585 3461 5652 paulo
3506 5586 3649 5654 plura

407 5658 626 5712 exhibet
653 5657 790 5712 falsa
843 5655 1111 5711 Benedicti
1144 5656 1434 5724 lepistola.

408 5741 616 5778 manus.

409 5792 709 5850 νοθεύεται.

1528 5653 1572 5683 ⁸³
1599 5653 1644 5704 ιι
1675 5650 1799 5706 Cor.
1857 5669 1976 5716 xm,
2023 5652 2108 5705 15.
2153 5650 2229 5721 7“
2259 5652 2560 5721 adjuvante.

710 5727 753 5760 ⁸⁷
780 5725 897 5781 Jac.
930 5741 1004 5793 tv,
1030 5726 1195 5792 4-15;
1219 5720 1280 5790 ἰν,
1310 5725 1428 5781 1-6.
1501 5723 1546 5757 ⁸⁸
1575 5721 1849 5790 Clemens,
1886 5739 1972 5779 eo.
2010 5723 2076 5790 ‘2;
2114 5720 2293 5779 (Patr.
2324 5720 2420 5778 Cr.
2451 5720 2505 5778 ll
2532 5729 2586 5779 et
2617 5721 2740 5780 inde
2793 5722 2945 5779 Felix
2995 5723 3040 5790 Ι,
3065 5739 3152 5793 ep.
3183 5721 3235 5791 1,
3267 5739 3396 5795 qua
3453 5729 3651 5800 pariter

2685 5653 2730 5683 ⁸⁸
2766 5662 2878 5706 aut.
2956 5652 3001 5684 ⁸⁸
3029 5669 3132 5707 ms.
3186 5657 3463 5709 emendate
3507 5652 3650 5709 'rabis
