3806 6208
112 338 258 398 1069

1534 356 1547 368 ι
1564 328 1941 388 ΒΡῙΒΤΟΙΑΕ.

3209 328 3366 397 ’1070

108 457 395 527 patienter
425 452 590 511 fuerit
626 461 967 524 supportata.
1003 451 1161 509 Unde
1197 453 1317 523 ipsa
1342 450 1557 507 Veritas
1595 465 1694 522 per
1721 455 1770 509 A
1796 457 1977 507 autem
2004 467 2073 508 ex
2094 462 2276 510 vestro
2302 452 2532 527 collegio
2555 454 2738 521 fuerit,
2768 463 2822 512 et
2857 456 2927 512 ab
2953 457 3160 513 auxilio
3186 471 3370 516 vestro

107 566 174 607 se
205 550 346 604 dixit
378 567 393 603 :
426 567 445 600 ‹
476 547 630 604 Beati
660 547 753 619 qui
781 546 1218 618 persecutiunem
1251 545 1536 615 patiuntur
1565 559 1693 614 pro-

105 650 235 711 pter
259 639 532 709 justitiam
557 639 639 704 ⁸⁹;
674 658 692 690 ι
725 646 779 693 et
810 638 935 693 alibi
970 655 985 693 :
1021 655 1041 689 ι
1078 635 1225 692 Beati
1262 636 1415 691 eritis
1437 651 1562 691 cum
1593 651 1691 692 vos

104 734 338 789 oderint
371 733 641 798 homines,
673 740 727 787 et
750 730 1021 802 persecuti
1045 744 1143 786 vos
1175 728 1400 795 fuerint,
1420 736 1482 783 et
1509 728 1691 799 ejece-

103 828 227 882 rint
275 841 476 883 nomen
517 835 761 880 vestrum
805 833 1064 896 tanquam
1110 823 1340 878 malum.
1371 821 1613 876 Gaudete
1636 821 1691 876 in

105 919 207 973 illa
243 917 355 981 die,
383 926 438 971 et
465 916 757 987 exsultate,
794 916 1053 985 quoniam
1084 929 1296 970 merces
1317 922 1497 971 vestra
1521 912 1692 967 multa

105 1018 199 1066 est
223 1010 279 1064 in
315 1009 455 1065 caelo
483 1009 553 1062 ⁹⁹.
583 1028 601 1059 ›

182 1101 328 1157 Data
353 1119 407 1155 1x
432 1099 661 1157 Kalend.
694 1100 945 1171 Augusti,
981 1083 1217 1171 Trajano
1241 1109 1295 1155 et
1326 1101 1372 1134 ⁹¹
1401 1098 1623 1155 IEliano
1644 1085 1692 1132 ’δ

104 1197 247 1251 viris
277 1193 601 1252 clarissimis
630 1193 947 1250 consulibus
974 1194 1021 1234 9'
1048 1194 1181 1265 (1'5).

683 1328 1025 1386 EPlSTOLA
1064 1328 1125 1387 ll.

327 1446 407 1501 De
435 1446 609 1501 causis
638 1454 688 1499 et
712 1444 1103 1516 gravaminibus
1128 1444 1478 1499 sacerdotum.

181 1557 575 1614 Dilectissimis
598 1555 859 1613 fratribus
888 1555 1145 1612 omnibus
1169 1555 1462 1628 episcopis,
1486 1572 1582 1626 per
1610 1557 1692 1612 di-

101 1666 306 1707 versas
342 1651 657 1707 constitutis
679 1650 950 1721 regiones,
976 1650 1281 1721 Alexander
1307 1651 1617 1720 episcopus.

177 1745 231 1778 9"
261 1743 439 1811 Nulli,
471 1743 668 1799 fratres
689 1784 706 1811 ,
739 1743 967 1799 dubium
1021 1750 1104 1798 est
1142 1741 1269 1812 quia
1307 1741 1435 1796 boni
1474 1756 1505 1794 a
1535 1740 1691 1796 malis

101 1855 335 1911 semper
394 1839 829 1909 persecutionem
885 1837 1171 1906 patiuntur
1228 1842 1284 1890 et
1340 1834 1689 1888 tribulantur.

99 1928 347 2002 Propter
372 1930 518 2000 quod
551 1928 904 1984 bumiliemur
928 1918 974 1959 ’⁸
1000 1925 1103 1980 sub
1133 1924 1341 1995 potenti
1373 1939 1538 1977 manu
1575 1922 1691 1989 Dei,

99 2032 170 2077 ut
206 2022 404 2075 liberet
433 2035 535 2075 nos
569 2019 623 2074 in
673 2026 920 2088 tempore
963 2015 1352 2071 tribulationis.
1384 2011 1520 2067 Nam
1556 2014 1698 2069 sicut

100 2113 197 2169 leo
229 2112 458 2182 rugiens
495 2092 982 2180 circuit,quaerens
1002 2122 1164 2178 quem
1205 2106 1448 2172 devoret,
1478 2105 1558 2159 sic
1586 2105 1698 2159 dia-

99 2206 273 2262 bolus
295 2212 346 2246 ὀ
369 2220 478 2261 ιιοιι
498 2212 674 2260 cessat
700 2202 951 2269 circuire,
976 2209 1029 2257 et
1052 2215 1293 2272 quaerere
1314 2215 1455 2270 quos
1483 2215 1548 2253 ex
1563 2198 1697 2253 fide-

98 2301 257 2355 libus
285 2299 507 2370 perdat,
535 2306 589 2353 et
635 2296 875 2352 maxime
908 2296 1051 2359 illos,
1083 2310 1223 2363 quos
1256 2293 1599 2349 ardentiores
1639 2292 1692 2346 in

104 2392 344 2447 servitio
379 2391 680 2445 Salvatoris
701 2430 718 2456 ,
763 2388 924 2459 eique
964 2386 1346 2445 familiariores
1380 2385 1646 2441 invene-rit
1676 2402 1691 2441 :

99 2482 503 2539 familiariores
521 2480 649 2536 dico
677 2495 794 2547 eos,
828 2495 969 2551 quos
1014 2479 1121 2536 sibi
1166 2478 1397 2544 sacrari,
1428 2487 1481 2533 et
1515 2478 1569 2532 in
1603 2492 1696 2532 or-

99 2576 238 2631 dine
272 2573 611 2643 apostolatus
642 2570 905 2627 constitui
935 2570 1108 2625 voluit
1137 2570 1204 2624 97.
1240 2588 1259 2622 c
1289 2568 1398 2639 lpsi
1422 2569 1567 2624 enim
1596 2584 1697 2639 pro

99 2666 319 2739 popqu
365 2664 733 2734 interpellant,
786 2671 841 2719 et
882 2663 1068 2734 populi
1113 2672 1334 2734 peccata
1376 2663 1693 2728 comedunt,

100 2761 243 2829 quia
274 2758 530 2829 precibus
575 2757 692 2813 suis
727 2766 783 2813 et
819 2756 1191 2813 oblationibus
1222 2771 1287 2812 ea
1331 2755 1512 2813 delent
1532 2766 1698 2827 atque

100 2860 451 2908 consumunt
473 2850 540 2903 ⁸⁸.
580 2868 599 2901 ι
626 2845 730 2914 Qui
754 2857 961 2917 quanto
984 2848 1261 2919 digniores
1294 2846 1517 2912 fuerint,
1544 2856 1694 2902 tanto

100 2944 335 3001 facilius
382 2957 483 3012 pro
528 2941 987 3005 necessitatibus,
1031 2955 1132 3011 pro
1184 2940 1693 3010 quibus‘clamant,

99 3036 501 3095 exaudiuntur.
541 3055 561 3089 r
590 3034 817 3091 Multum
840 3034 1011 3101 enim,
1040 3040 1101 3089 ut
1132 3033 1209 3089 ait
1234 3033 1429 3091 beatus
1457 3032 1695 3090 Iacobus

1795 557 1855 598 se
1882 544 2237 615 subtraxerit,
2272 549 2449 621 magis
2493 549 2879 606 schismaticus
2902 566 3069 621 quam
3112 554 3366 611 sacerdos

1794 648 1916 690 esse
1964 638 2305 707 probabitur.
2348 659 2368 693 ‹
2414 640 2589 707 Ecce,
2642 642 2821 712 inquit
2866 641 3162 713 Propheta,
3200 661 3366 715 quam

1793 726 2000 783 bonum
2042 739 2096 786 et
2128 746 2292 800 quam
2345 732 2686 802 jucundum,
2749 733 2995 791 habitare
3052 732 3251 791 fratres
3311 737 3368 792 in

1796 835 1966 874 unum
2000 820 2042 877 ⁸.
2079 839 2098 873 ι
2136 823 2212 876 Illi
2247 838 2376 879 vero
2411 824 2466 878 in
2499 840 2668 879 unum
2692 840 2800 880 non
2830 826 3095 893 habitant,
3124 827 3219 896 qui
3256 826 3369 884 fra-

1795 919 1940 967 trum
1974 912 2170 969 solatio
2212 930 2273 971 se
2312 915 2662 984 subtrahunt,
2694 925 2808 983 aut,
2835 918 2982 988 quod
3000 918 3239 976 deterius
3259 929 3365 986 est,

1794 1005 2060 1063 fratribus
2100 1009 2329 1064 insidias
2367 1018 2693 1080 praeparant,
2732 1021 2828 1065 aut
2872 1010 3100 1081 laqueos
3130 1024 3363 1082 ponunt.

1794 1098 1871 1154 De
1897 1100 1981 1155 his
1998 1102 2144 1156 enim
2167 1110 2220 1157 et
2248 1116 2438 1157 eorum
2461 1102 2730 1157 similibus
2751 1101 3017 1158 Dominus
3049 1118 3144 1173 per
3168 1103 3367 1160 Oseam

1794 1194 2111 1261 prophetam
2138 1194 2400 1263 loquitur,
2437 1194 2626 1250 dicens
2654 1210 2669 1247 :
2703 1212 2723 1247 ι
2766 1194 2997 1264 Propter
3024 1195 3131 1251 hoc
3165 1196 3369 1269 lugebit

1794 1294 1963 1348 terra,
1992 1296 2048 1340 et
2077 1285 2445 1341 inﬁrmabitur
2483 1287 2663 1343 omnis
2706 1287 2800 1358 qui
2848 1287 3058 1342 habitat
3103 1288 3158 1342 in
3198 1304 3285 1355 ea,
3310 1290 3368 1345 in

1794 1378 1965 1434 bestia
1996 1379 2132 1449 agri,
2163 1388 2219 1435 et
2247 1380 2301 1435 in
2332 1380 2553 1435 volucre
2584 1380 2739 1446 cteli;
2780 1379 2874 1434 sed
2902 1386 2957 1433 et
2983 1380 3164 1449 pisces
3197 1381 3368 1437 maris

1792 1472 2286 1542 congregabumur.
2344 1470 3180 1542 Verumtamentunusquisque
3254 1488 3364 1528 non

1789 1563 2013 1634 judicet,
2056 1575 2111 1619 et
2147 1581 2256 1621 non
2292 1578 2555 1635 arguatur
2580 1565 2700 1631 vir;
2750 1566 2988 1648 populus
3031 1565 3174 1620 enim
3215 1575 3367 1636 tuus,

1794 1656 1938 1711 sicut
1970 1657 2025 1711 hi
2054 1657 2147 1727 qui
2174 1658 2560 1713 contradicunt
2592 1657 2885 1713 sacerdoti.
2911 1657 2979 1712 Et
3004 1674 3230 1715 corrues
3263 1660 3368 1715 ho-

1795 1748 1903 1815 die,
1936 1757 1991 1803 et
2038 1758 2259 1805 corruet
2299 1749 2464 1803 etiam
2510 1749 2771 1818 propheta
2816 1756 3019 1803 tecum.
3047 1747 3217 1805 Nocte
3262 1749 3368 1806 feci

1799 1848 1979 1896 tacere
2021 1852 2249 1897 matrem
2292 1848 2464 1895 tuam.
2504 1840 2785 1895 Conticuit
2814 1841 3049 1910 populus
3100 1855 3275 1908 meus,
3304 1858 3370 1897 eo

1794 1933 1937 2003 quod
1962 1949 2069 1988 non
2096 1933 2287 1989 habuit
2309 1933 2615 1989 scientiam.
2645 1931 2783 1999 Quia
2810 1941 2866 1987 tu
2894 1933 3178 1988 scientiam
3210 1949 3373 2003 repu-

1794 2026 1928 2093 listi,
1974 2027 2232 2098 repellam
2267 2034 2355 2092 te,
2386 2040 2455 2080 ne
2513 2024 2819 2081 sacerdotio
2852 2024 3098 2095 fungaris
3120 2025 3275 2081 mihi.
3306 2026 3374 2081 Et

1796 2120 1962 2175 oblita
2006 2134 2067 2174 es
2116 2119 2247 2188 legis
2282 2118 2376 2173 Dei
2415 2117 2514 2183 tui,
2546 2117 2841 2173 obliviscar
2874 2117 3109 2172 filiorum
3149 2125 3373 2173 tuorum

1795 2220 1851 2267 et
1879 2225 2001 2282 ego.
2038 2209 2353 2266 Secundum
2396 2209 2801 2264 multitudinem
2843 2223 3036 2264 eorum
3066 2209 3149 2266 sic
3175 2225 3373 2280 pecca-

1793 2311 1992 2359 verunt
2020 2302 2173 2357 mihi.
2208 2301 2449 2357 Gloriam
2495 2316 2687 2356 eorum
2729 2301 2798 2357 ad
2832 2301 3188 2373 ignominiam
3222 2318 3376 2358 com-

1795 2396 2049 2453 mutabo.
2089 2394 2320 2450 Peccata
2356 2393 2543 2464 populi
2584 2392 2692 2448 mei
2741 2394 3048 2458 comedent,
3075 2402 3131 2449 et
3164 2395 3232 2449 ad
3262 2394 3373 2449 ini-

1796 2491 2059 2561 quitatem
2106 2502 2299 2545 eorum
2356 2486 2722 2544 sublevabunt
2773 2485 2988 2542 animas
3036 2501 3250 2542 eorum.
3307 2486 3375 2542 Et

1794 2581 1920 2647 erit,
1949 2582 2092 2637 sicut
2119 2582 2378 2652 populus,
2419 2581 2499 2636 sic
2538 2580 2817 2635 sacerdos.
2850 2578 2917 2634 Et
2940 2580 3176 2636 visitabo
3208 2596 3373 2651 super

1795 2688 1920 2729 eum
1966 2673 2083 2728 vias
2115 2672 2256 2742 ejus,
2302 2680 2356 2727 et
2398 2670 2756 2742 cogitationes
2783 2670 2903 2740 ejus
2948 2672 3173 2726 reddam
3206 2672 3277 2727 ei.
3304 2671 3372 2728 Et

1795 2766 2098 2831 comedent,
2136 2773 2190 2819 et
2219 2781 2325 2820 non
2370 2763 2807 2830 saturabuntur;
2844 2762 3097 2819 fornicati
3132 2772 3281 2833 sunt,
3313 2775 3373 2820 et

1797 2873 1907 2911 non
1939 2865 2314 2919 cessaverunt,
2345 2855 2607 2925 quoniam
2642 2854 2934 2913 Dominum
2962 2855 3371 2925 dereliqueruut

1795 2949 1852 3003 in
1900 2963 2013 3005 non
2061 2948 2423 3005 custodiendo
2453 2948 2494 3003 ⁵.
2538 2966 2558 3000 ι
2600 2946 2728 3003 Haec
2779 2956 2987 3015 cavete,
3047 2947 3267 3015 fratres,
3314 2962 3372 3006 et

1802 3043 1950 3098 bona
1979 3057 2193 3113 semper
2218 3055 2378 3112 agere
2406 3039 2659 3095 festinate
2690 3056 2705 3092 :
2739 3057 2759 3092 ι
2788 3038 2928 3105 Quia
2952 3040 3008 3095 in
3037 3040 3145 3096 hoc
3170 3055 3371 3112 cogno-

101 3130 434 3202 εροεῐοιιιεν
466 3129 609 3184 valet
653 3128 961 3197 deprecatio
994 3127 1129 3197 ius“
1162 3127 1385 3183 aSSidua
1423 3124 1496 3182 ⁹⁹ο
1534 3146 1552 3179 ³
1582 3125 1686 3194 Qui
1717 3140 1763 3204 ο
1797 3141 1952 3190 scent
2001 3148 2214 3199 omnes,
2248 3132 2381 3188 dicit
2432 3130 2718 3197 Dominus,
2773 3130 3037 3200 quoniam
3071 3131 3179 3186 mei
3232 3133 3368 3189 estis

99 3224 261 3277 enim
316 3236 416 3276 vos
471 3220 850 3291 persequitur,
901 3220 1115 3289 ipsum,
1163 3218 1322 3289 cujus
1372 3219 1688 3290 legatione’

102 3314 431 3384 fungimini,
468 3312 845 3383 persequitur;
882 3312 1011 3381 quia
1052 3312 1195 3366 sicut
1232 3311 1348 3380 ipse
1384 3309 1557 3366 Filius
1593 3310 1688 3365 Dei

101 3406 385 3461 mediator
423 3402 528 3459 fuit
566 3404 662 3459 Dei
695 3412 750 3459 et
784 3404 1090 3469 hominum,
1121 3404 1195 3458 ita
1223 3412 1276 3459 et
1298 3419 1397 3460 vos
1424 3404 1543 3474 ejus
1569 3405 1690 3460 vice

103 3499 166 3552 in
204 3495 454 3551 Ecclesia
498 3496 629 3551 estis
675 3496 995 3562 constituti,
1027 3504 1089 3551 ut
1135 3495 1277 3551 inter
1305 3495 1475 3551 Deum
1506 3504 1561 3551 et
1589 3496 1690 3551 ho-

101 3590 291 3645 mines
335 3588 607 3657 legatione
654 3586 980 3660 fungamini.
1012 3589 1033 3619 ³
1082 3586 1140 3641 Si
1182 3588 1308 3658 quis
1338 3596 1518 3643 autem
1542 3588 1691 3660 lega-

100 3685 319 3740 tionem
346 3693 585 3738 vestram
612 3681 857 3752 impedit,
893 3694 1006 3735 non
1037 3680 1225 3746 unius,
1262 3678 1359 3735 sed
1387 3681 1689 3736 multorum

102 3773 420 3846 profectum
451 3773 664 3829 avertit.
695 3771 763 3829 Et
784 3773 929 3828 sicut
952 3772 1142 3827 multis
1170 3781 1351 3836 nocet,
1382 3772 1458 3827 ita
1489 3787 1518 3826 a
1546 3774 1687 3828 mul-

103 3869 182 3923 tis
216 3866 530 3936 arguendus
558 3874 663 3931 est,
706 3874 760 3920 et
787 3864 1061 3919 bonorum
1102 3865 1361 3920 societate
1392 3868 1685 3922 arcendus.

102 3961 177 4016 Et
200 3961 336 4032 quia
361 3959 458 4015 Dei
504 3973 727 4015 causam
760 3957 1015 4028 impedit,
1050 3966 1105 4013 et
1145 3967 1346 4013 statum
1397 3960 1689 4014 conturbat

101 4053 394 4120 Ecclesiae,
423 4051 656 4121 ideoque
701 4050 772 4105 ab
818 4050 937 4121 ejus
982 4050 1264 4106 liminibus
1303 4060 1574 4106 arceatur.
1606 4050 1688 4107 Ab

100 4147 372 4203 omnibus
397 4161 616 4217 quoque
650 4144 776 4200 talis
794 4151 880 4199 est
904 4143 1201 4208 cavendus,
1226 4151 1280 4197 et
1308 4157 1417 4197 non
1450 4144 1505 4197 in
1535 4159 1686 4199 com-

100 4240 435 4297 munionem
488 4238 729 4294 fidelium
774 4252 945 4307 usque
977 4236 1045 4291 ad
1088 4235 1512 4292 satisfactionem
1548 4236 1689 4293 reci-

100 4333 365 4404 piendus.
411 4331 509 4386 Est
554 4331 702 4385 enim
747 4337 1010 4385 statutum
1044 4330 1194 4395 olim,
1245 4338 1305 4385 ut
1343 4332 1439 4401 qui
1483 4341 1685 4387 statum
1724 4368 1727 4371 -

100 4428 403 4485 conturbat
427 4424 701 4490 Ecclesiae,
728 4423 796 4477 ab
822 4422 942 4492 ejus
969 4422 1251 4477 liminibus
1278 4433 1560 4491 arceatur;
1586 4439 1686 4480 nec

102 4536 237 4575 cum
266 4518 518 4573 ﬁdelibus
546 4517 933 4581 communicet,
959 4515 1053 4583 qui
1081 4530 1269 4569 eorum
1302 4515 1444 4569 bona
1469 4516 1681 4571 avertit.

102 4612 220 4667 Vos
251 4625 385 4681 ergo
415 4610 463 4665 si
500 4609 848 4665 dilectionem
895 4607 1197 4662 habueritis
1239 4607 1307 4661 ad
1342 4606 1597 4675 invicem,
1632 4614 1687 4663 et

102 4702 402 4761 unanimes
435 4702 675 4766 fueritis,
722 4700 883 4756 facile
930 4700 1064 4756 tales
1112 4714 1371 4769 superare
1412 4700 1682 4770 poteritis.

101 4800 125 4831 ³
162 4797 222 4853 Si
257 4811 409 4863 vero,
443 4794 590 4865 quod
618 4794 792 4849 absit!
823 4792 1107 4848 discordes
1140 4790 1375 4854 fueritis,
1405 4801 1457 4846 et
1484 4792 1684 4847 canino

99 4890 274 4947 dente
305 4903 404 4943 vos
430 4887 693 4944 derodere
721 4885 1017 4956 cmperitis,
1059 4899 1169 4938 non
1208 4884 1385 4939 solum
1431 4900 1524 4940 eos
1573 4901 1685 4939 non

99 4980 463 5053 superabitis,
493 4980 588 5036 sed
634 4987 688 5034 et
718 4978 875 5033 vobis
918 4978 1053 5047 ipsis
1089 4976 1377 5040 nocebitis.
1421 4986 1584 5046 atque
1614 4978 1683 5032 ab

98 5078 186 5133 eis
218 5073 637 5145 superabimini,
668 5081 715 5128 et
763 5072 1081 5127 innocenter
1114 5069 1251 5125 forte
1279 5070 1549 5141 peribitis.
1576 5071 1679 5137 Qui

206 5191 252 5223 ⁸³
302 5188 488 5243 Matth.
544 5203 596 5253 v,
648 5187 735 5242 10.
812 5185 1015 5241 “Luc.
1048 5200 1121 5251 γι,
1173 5184 1266 5249 22,
1314 5182 1404 5237 25.

96 5262 148 5301 οδ
168 5258 226 5325 5,

96 5330 150 5371 ³⁸
171 5328 301 5387 Ose.
347 5345 420 5389 tv,
450 5330 503 5383 8.

98 5402 273 5453 bium.
375 5398 565 5455 ‘Psal.
606 5415 812 5459 cxxxn-.
844 5401 894 5451 1.

602 5332 647 5367 ’9
676 5329 792 5384 Jac.
842 5343 896 5393 v,
938 5327 1025 5381 16.
1104 5328 1121 5358 ί
1150 5327 1277 5380 vice.

1498 5186 1541 5217 Μ.
1599 5186 1699 5217 Iul:

302 5188 488 5243 Matth.
544 5203 596 5253 ν,
648 5187 735 5242 10.
812 5187 858 5219 ⁹⁰
884 5185 1015 5241 Luc.
1048 5200 1121 5251 Vl,
1173 5185 1266 5249 2‘2,
1314 5185 1404 5237 23.
1498 5186 1541 5217 ⁹¹
1584 5185 1674 5239 Jul

274 5259 565 5358 auset.“
602 5258 777 5358 ,ΜΕ
823 5257 1062 5358 etiam“
1104 5256 1414 5358 ,ἶῗςςξονεεε
1430 5272 1540 5358 1:23
1580 5256 1674 5358 is"

1798 5187 1841 5241 Α
1850 5187 2073 5254 fricano.
2171 5185 2217 5215 ⁹²
2270 5185 2427 5233 Helia

1791 5258 1924 5358 Ἓξ..
1951 5250 2429 5358 ῗ.,ἒ.¹ῗ.θίῖ,;η,ἷῖξηὲ;

992 5327 1025 5381 i.
1104 5328 1121 5358 ί
1150 5322 1277 5380 vice.
1379 5328 1400 5358 ²
1430 5325 1556 5379 dist.
1589 5326 1657 5381 91

992 5398 1013 5429 ³
1046 5396 1169 5451 Ose.
1219 5412 1291 5459 IV,
1320 5396 1472 5467 5-10.
1506 5395 1584 5467 Ex
1620 5397 1674 5450 S.

1810 5328 1925 5397 quis
1960 5333 2134 5378 autem
2174 5322 2505 5392 legaticum.
2600 5322 2620 5347 ³
2652 5322 2703 5380 1,
2741 5322 2928 5382 quaest.
2966 5322 3032 5363 ιε
3068 5322 3223 5361 nam
3252 5322 3351 5361 au.

1792 5396 2035 5467 eronymi
2066 5394 2336 5467 versione.
2413 5390 2432 5421 °
2453 5387 2611 5443 Joan.
2653 5399 2775 5450 xm,
2797 5382 2886 5438 '55.
2962 5379 2982 5410 ⁷
3012 5377 3145 5449 Syn.
3170 5377 3351 5433 Later.

1791 3225 2066 3297 discipuli,
2114 3225 2161 3281 si
2194 3223 2544 3280 dilectionem
2572 3222 2874 3278 habueritis
2901 3223 2969 3277 ad
2994 3222 3229 3279 invicem
3257 3224 3297 3276 ⁸.
3338 3242 3358 3276 ι

1790 3322 1811 3354 ⁷
1837 3320 2051 3374 Bonum
2083 3332 2323 3388 namque
2362 3326 2445 3373 est
2490 3316 2681 3386 procul
2717 3315 2886 3371 dubio
2916 3322 2971 3370 et
3010 3315 3268 3372 omnibus
3297 3318 3369 3371 ti-

1789 3412 2066 3469 mentibus
2096 3410 2268 3465 Deum
2295 3408 2677 3475 desiderabile,
2713 3408 2969 3463 cohibere
2992 3408 3364 3465 dissensiones

1788 3509 1843 3557 et
1874 3499 2276 3565 altercationes,
2303 3495 2676 3569 fratribusque
2710 3496 3019 3563 subvenire,
3046 3504 3100 3552 et
3128 3498 3364 3553 invicem

1788 3609 1901 3651 non
1925 3592 2189 3657 invidere,
2223 3591 2318 3646 sed
2341 3590 2621 3661 adjuvare.
2644 3588 2758 3645 Nos
2797 3604 2949 3660 ergo,
2984 3591 3081 3660 qui
3108 3591 3365 3661 discipuli

1789 3685 2006 3741 Domini
2062 3692 2118 3741 et
2163 3683 2271 3739 dici
2316 3688 2371 3738 et
2420 3696 2544 3737 esse
2593 3680 2875 3752 cupimus,
2903 3690 3120 3752 portare
3143 3697 3364 3739 crucem

1788 3775 1991 3832 Christi
2026 3785 2082 3832 et
2108 3775 2345 3844 compati
2375 3772 2637 3829 fratribus
2675 3773 2957 3839 debemus,
2982 3782 3037 3829 et
3062 3789 3170 3828 non
3201 3790 3367 3845 quas-

1788 3884 2005 3941 cunque
2036 3870 2116 3925 eis
2142 3868 2371 3924 insidias
2406 3874 2500 3920 aut
2537 3864 2720 3922 foveas
2751 3880 3079 3936 praeparare,
3109 3867 3241 3935 quia
3275 3875 3362 3922 ta-

1788 3962 1991 4018 lionem
2038 3969 2318 4024 meretur,
2368 3959 2463 4029 qui
2508 3957 2767 4012 fratribus
2808 3956 3021 4013 foveam
3068 3971 3361 4030 praeparat.

1796 4072 1814 4107 ι
1844 4051 2023 4108 Nolite
2054 4066 2258 4115 errare,
2286 4050 2502 4115 fratres,
2526 4048 2655 4119 quia
2678 4047 2821 4104 Deus
2840 4063 2951 4104 non
2984 4049 3245 4105 irridetur
3268 4051 3310 4106 ⁸.
3336 4069 3358 4104 ι

1788 4146 1964 4218 Hujus
2011 4146 2089 4200 rei
2138 4143 2313 4216 gratia
2353 4141 2619 4197 Dominus
2661 4141 2818 4196 vobis
2866 4142 3143 4197 commisit
3175 4141 3364 4198 Eccle-

1788 4240 1926 4296 siam
1971 4252 2151 4304 suam,
2198 4243 2260 4291 ut
2301 4249 2401 4305 pro
2443 4232 2700 4287 omnibus
2740 4231 3022 4301 laboretis,
3056 4240 3110 4287 et
3144 4233 3363 4289 cunctis

1787 4329 2063 4401 oppressis
2109 4342 2269 4397 opem
2310 4324 2454 4381 ferre
2495 4338 2602 4379 non
2633 4323 2940 4394 negligatis.
2978 4320 3131 4378 Unde
3159 4332 3215 4379 et
3251 4323 3365 4379 Do—

1789 4424 1973 4478 minus
1999 4436 2095 4491 per
2120 4421 2439 4491 prophetam
2466 4415 2729 4486 loquitur,
2765 4416 2953 4471 dicens
2977 4430 2993 4468 :
3029 4433 3049 4467 ‹
3080 4414 3207 4471 Haec
3227 4416 3363 4472 dicit

1790 4516 2054 4572 Dominus
2091 4532 2105 4569 :
2140 4512 2386 4568 Judicate
2430 4522 2591 4565 mane
2632 4508 2935 4578 judicium,
2986 4516 3042 4563 et
3087 4510 3264 4566 eruite
3304 4512 3361 4565 vi

1791 4622 2111 4680 oppressum
2143 4606 2211 4661 de
2257 4618 2426 4659 manu
2473 4599 2882 4665 calumniantis,
2914 4613 2985 4654 ne
3029 4597 3171 4655 forte
3196 4616 3357 4671 egre-

1789 4703 1970 4758 diatur
1997 4699 2155 4771 quasi
2184 4697 2325 4769 ignis
2372 4694 2675 4764 indignatio
2704 4708 2847 4757 mea,
2890 4699 2945 4746 et
2972 4692 3356 4759 succendatur,

1788 4802 1843 4850 et
1883 4810 1991 4848 non
2034 4793 2107 4849 sit
2143 4789 2237 4861 qui
2288 4786 2600 4856 exstinguat
2633 4786 2697 4839 ³-
2724 4802 2745 4837 ο
2780 4782 2904 4843 ,Vos
2941 4797 3102 4852 ergo,
3156 4783 3250 4853 qui
3300 4784 3358 4838 in

1791 4902 2005 4944 summa
2054 4884 2272 4956 specula
2312 4897 2343 4936 a
2381 4880 2615 4935 Domino
2655 4875 2937 4933 constituti
2981 4877 3135 4942 estis,
3180 4884 3379 4932 atten-r

1789 4983 1917 5036 dere
1940 4994 2034 5033 eos
2058 4987 2112 5033 et
2141 4977 2444 5047 opprimere
2480 4978 2714 5041 oportet,
2758 4967 2853 5038 qui
2888 4966 2944 5020 in
2985 4964 3183 5020 fratres
3213 4965 3360 5021 sedi-

1787 5074 1965 5128 tiones
1994 5079 2047 5125 et
2084 5067 2338 5125 scandala
2374 5064 2636 5130 excitant,
2671 5074 2739 5115 ne
2765 5057 2931 5115 simul
2956 5072 3080 5113 cum
3121 5057 3203 5112 eis
3229 5072 3357 5127 per-

2171 5184 2217 5215 ⁹²
2270 5178 2518 5233 Heliano.
2608 5175 2654 5208 ³³
2700 5173 2961 5227 mendosa
3001 5169 3354 5239 subscriptio.

2523 5246 2568 5281 ³⁷
2593 5247 2645 5306 1,
2677 5260 2732 5314 q.
2764 5244 2824 5296 i:
2871 5240 2985 5310 Ipsi
3034 5238 3353 5293 sacerdotes.

2600 5316 2620 5347 ³
2652 5315 2703 5368 1.
2741 5320 2928 5368 quaest.
2966 5309 3032 5363 l:
3068 5307 3223 5361 Nulli
3252 5310 3353 5361 du-

2689 5356 2703 5380 ,
2741 5325 2928 5382 quam.
2962 5325 2992 5382 _1
3018 5325 3223 5382 :_1vut_u
3252 5325 3357 5361 au-

1798 5187 2073 5254 Africano.

98 5472 208 5525 sub
249 5470 305 5525 S.
340 5469 599 5537 Martino,
631 5472 863 5526 consult.
897 5470 950 5523 ιί.
1026 5469 1048 5500 ⁸
1075 5467 1193 5522 Gal.
1228 5483 1304 5533 γι,
1338 5466 1387 5519 7.
1464 5468 1485 5497 θ
1507 5466 1616 5521 Jer.
1648 5483 1674 5520 x

1791 5467 1852 5521 12
1880 5464 2092 5531 ρι’χχιι,
2127 5464 2180 5517 5.

175 5624 290 5694 (15)
325 5622 560 5693 Trojano
606 5631 654 5678 et
706 5622 930 5677 {Eliano
982 5623 1109 5677 viris
1173 5622 1503 5694 clarissimis
1540 5637 1675 5694 coss.

97 5692 280 5759 Scias,
314 5692 520 5761 lectOr,
556 5696 704 5765 ipsos
751 5694 1035 5763 pontifices
1086 5694 1266 5748 nullos
1314 5692 1568 5765 consules
1619 5693 1673 5765 in

1786 5624 2151 5693 superiorum,
2171 5618 2268 5693 _v_el
2291 5616 2455 5672 etiam
2490 5612 2855 5693 posteriorum
2888 5606 3359 5693 pontificumlepi‘

1780 5676 1935 5749 stolis
1958 5676 2337 5762 superadditos
2365 5676 2683 5762 cons-alatus
2711 5676 3021 5751 discrepare
3046 5676 3355 5748 deprehen-

97 5770 208 5820 line
262 5754 615 5835 epistolarum
668 5754 1054 5833 subjunxisse,
1093 5765 1185 5835 sed
1230 5764 1410 5832 potius
1458 5761 1677 5815 aliunde
1779 5766 1899 5833 das,
1926 5778 1995 5821 ne
2027 5754 2262 5818 inireris.
2295 5757 2419 5815 Sev.
2454 5754 2571 5811 But.

96 5836 467 5907 subrepsisse.
512 5834 698 5905 Itaque
731 5838 776 5890 si
811 5850 842 5888 a
886 5834 1239 5904 chronologia
1282 5834 1675 5903 imperatorum
