  <div class='ocr_page' id='page_1' title='image "/cluster/home/n/w/nwhite01/storage/ocr_20150623/5/nnc1.0046978607/543.png"; bbox 0 0 3806 6208; ppageno 0'>
   <div class='ocr_carea' id='block_1_1' title="bbox 449 315 582 377">
    <p class='ocr_par' dir='ltr' id='par_1_1' title="bbox 449 315 582 377">
     <span class='ocr_line' id='line_1_1' title="bbox 449 315 582 377; baseline -0.015 0"><span class='ocrx_word' id='word_1_1' title='bbox 449 315 582 377; x_wconf 71' lang='grc'><strong>1071</strong></span> 
     </span>
    </p>
   </div>
   <div class='ocr_carea' id='block_1_2' title="bbox 1557 322 2658 392">
    <p class='ocr_par' dir='ltr' id='par_1_2' title="bbox 1557 322 2658 392">
     <span class='ocr_line' id='line_1_2' title="bbox 1557 322 2658 392; baseline 0.014 -15"><span class='ocrx_word' id='word_1_2' title='bbox 1557 322 1951 382; x_wconf 69' lang='lat' dir='ltr'><strong>ALEXAND!“</strong></span> <span class='ocrx_word' id='word_1_3' title='bbox 1986 324 2010 382; x_wconf 87' lang='grc'><strong>1</strong></span> <span class='ocrx_word' id='word_1_4' title='bbox 2046 324 2248 386; x_wconf 68' lang='grc' dir='ltr'>ΡΔΡΕ</span> <span class='ocrx_word' id='word_1_5' title='bbox 2277 329 2658 392; x_wconf 70' lang='lat' dir='ltr'><strong>EPISTOLE.</strong></span> 
     </span>
    </p>
   </div>
   <div class='ocr_carea' id='block_1_3' title="bbox 3570 338 3712 399">
    <p class='ocr_par' dir='ltr' id='par_1_3' title="bbox 3570 338 3712 399">
     <span class='ocr_line' id='line_1_3' title="bbox 3570 338 3712 399; baseline 0 0"><span class='ocrx_word' id='word_1_6' title='bbox 3570 338 3712 399; x_wconf 68' lang='lat'><strong>107&#39;!</strong></span> 
     </span>
    </p>
   </div>
   <div class='ocr_carea' id='block_1_4' title="bbox 447 437 3707 528">
    <p class='ocr_par' dir='ltr' id='par_1_4' title="bbox 447 437 3707 528">
     <span class='ocr_line' id='line_1_4' title="bbox 447 437 3707 528; baseline 0.008 -37"><span class='ocrx_word' id='word_1_7' title='bbox 447 438 608 528; x_wconf 84' lang='lat' dir='ltr'><strong>eatis.</strong></span> <span class='ocrx_word' id='word_1_8' title='bbox 632 437 886 528; x_wconf 64' lang='lat' dir='ltr'><strong>§alutaw</strong></span> <span class='ocrx_word' id='word_1_9' title='bbox 910 450 1105 496; x_wconf 87' lang='lat' dir='ltr'><strong>omnes</strong></span> <span class='ocrx_word' id='word_1_10' title='bbox 1145 441 1242 512; x_wconf 88' lang='lat' dir='ltr'><strong>qui</strong></span> <span class='ocrx_word' id='word_1_11' title='bbox 1286 449 1435 498; x_wconf 79' lang='lat' dir='ltr'><strong>recte</strong></span> <span class='ocrx_word' id='word_1_12' title='bbox 1474 441 1730 500; x_wconf 82' lang='lat' dir='ltr'><strong>laborant</strong></span> <span class='ocrx_word' id='word_1_13' title='bbox 1756 445 1811 500; x_wconf 93' lang='lat' dir='ltr'><strong>in</strong></span> <span class='ocrx_word' id='word_1_14' title='bbox 1838 445 2017 502; x_wconf 85' lang='lat' dir='ltr'><strong>Evan-</strong></span> <span class='ocrx_word' id='word_1_15' title='bbox 2047 453 2092 509; x_wconf 80' lang='grc' dir='ltr'>Α</span> <span class='ocrx_word' id='word_1_16' title='bbox 2119 453 2166 484; x_wconf 77' lang='grc'><strong>’³</strong></span> <span class='ocrx_word' id='word_1_17' title='bbox 2197 450 2421 509; x_wconf 88' lang='lat' dir='ltr'><strong>Summa</strong></span> <span class='ocrx_word' id='word_1_18' title='bbox 2451 455 2597 510; x_wconf 89' lang='lat' dir='ltr'><strong>enim</strong></span> <span class='ocrx_word' id='word_1_19' title='bbox 2625 454 2889 528; x_wconf 82' lang='lat' dir='ltr'><strong>iniquitas</strong></span> <span class='ocrx_word' id='word_1_20' title='bbox 2917 464 3019 524; x_wconf 89' lang='lat' dir='ltr'><strong>est,</strong></span> <span class='ocrx_word' id='word_1_21' title='bbox 3051 456 3270 525; x_wconf 85' lang='lat' dir='ltr'><strong>fratres,</strong></span> <span class='ocrx_word' id='word_1_22' title='bbox 3317 457 3619 517; x_wconf 76' lang='lat' dir='ltr'><strong>detrahere</strong></span> <span class='ocrx_word' id='word_1_23' title='bbox 3656 473 3707 518; x_wconf 90' lang='lat' dir='ltr'><strong>et</strong></span> 
     </span>
    </p>
   </div>
   <div class='ocr_carea' id='block_1_5' title="bbox 447 526 2022 607">
    <p class='ocr_par' dir='ltr' id='par_1_5' title="bbox 447 526 2022 607">
     <span class='ocr_line' id='line_1_5' title="bbox 447 526 2022 607; baseline 0.009 -27"><span class='ocrx_word' id='word_1_24' title='bbox 447 527 591 597; x_wconf 91' lang='lat' dir='ltr'><strong>gelio</strong></span> <span class='ocrx_word' id='word_1_25' title='bbox 618 526 846 595; x_wconf 89' lang='lat' dir='ltr'><strong>Christi,</strong></span> <span class='ocrx_word' id='word_1_26' title='bbox 893 539 950 584; x_wconf 92' lang='lat' dir='ltr'><strong>et</strong></span> <span class='ocrx_word' id='word_1_27' title='bbox 987 528 1138 600; x_wconf 88' lang='lat' dir='ltr'><strong>juste</strong></span> <span class='ocrx_word' id='word_1_28' title='bbox 1187 531 1494 601; x_wconf 88' lang='lat' dir='ltr'><strong>gubernant</strong></span> <span class='ocrx_word' id='word_1_29' title='bbox 1545 549 1736 590; x_wconf 88' lang='lat' dir='ltr'><strong>navem</strong></span> <span class='ocrx_word' id='word_1_30' title='bbox 1782 536 1923 607; x_wconf 91' lang='lat' dir='ltr'><strong>ejus,</strong></span> <span class='ocrx_word' id='word_1_31' title='bbox 1953 554 2022 594; x_wconf 92' lang='lat' dir='ltr'><strong>ne</strong></span> 
     </span>
    </p>
   </div>
   <div class='ocr_carea' id='block_1_6' title="bbox 446 621 2022 694">
    <p class='ocr_par' dir='ltr' id='par_1_6' title="bbox 446 621 2022 694">
     <span class='ocr_line' id='line_1_6' title="bbox 446 621 2022 694; baseline 0.005 -20"><span class='ocrx_word' id='word_1_32' title='bbox 446 621 826 676; x_wconf 80' lang='lat' dir='ltr'><strong>cohabitantes</strong></span> <span class='ocrx_word' id='word_1_33' title='bbox 883 621 940 676; x_wconf 87' lang='lat' dir='ltr'><strong>in</strong></span> <span class='ocrx_word' id='word_1_34' title='bbox 983 637 1046 677; x_wconf 88' lang='lat' dir='ltr'><strong>ea</strong></span> <span class='ocrx_word' id='word_1_35' title='bbox 1092 623 1476 694; x_wconf 80' lang='lat' dir='ltr'><strong>demerguntur</strong></span> <span class='ocrx_word' id='word_1_36' title='bbox 1531 635 1626 681; x_wconf 82' lang='lat' dir='ltr'><strong>aut</strong></span> <span class='ocrx_word' id='word_1_37' title='bbox 1667 628 2022 685; x_wconf 79' lang='lat' dir='ltr'><strong>suil&#39;ocentur.</strong></span> 
     </span>
    </p>
   </div>
   <div class='ocr_carea' id='block_1_7' title="bbox 449 713 2020 786">
    <p class='ocr_par' dir='ltr' id='par_1_7' title="bbox 449 713 2020 786">
     <span class='ocr_line' id='line_1_7' title="bbox 449 713 2020 786; baseline 0.006 -19"><span class='ocrx_word' id='word_1_38' title='bbox 449 714 663 768; x_wconf 81' lang='lat' dir='ltr'><strong>Salutat</strong></span> <span class='ocrx_word' id='word_1_39' title='bbox 705 727 805 770; x_wconf 88' lang='lat' dir='ltr'><strong>vos</strong></span> <span class='ocrx_word' id='word_1_40' title='bbox 849 713 1031 770; x_wconf 90' lang='lat' dir='ltr'><strong>omnis</strong></span> <span class='ocrx_word' id='word_1_41' title='bbox 1074 717 1372 786; x_wconf 87' lang='lat' dir='ltr'><strong>apostolica</strong></span> <span class='ocrx_word' id='word_1_42' title='bbox 1410 716 1654 776; x_wconf 83' lang='lat' dir='ltr'><strong>Ecclesia</strong></span> <span class='ocrx_word' id='word_1_43' title='bbox 1688 721 1744 776; x_wconf 91' lang='lat' dir='ltr'><strong>in</strong></span> <span class='ocrx_word' id='word_1_44' title='bbox 1771 721 2020 778; x_wconf 90' lang='lat' dir='ltr'><strong>Domino.</strong></span> 
     </span>
    </p>
   </div>
   <div class='ocr_carea' id='block_1_8' title="bbox 448 808 640 863">
    <p class='ocr_par' dir='ltr' id='par_1_8' title="bbox 448 808 640 863">
     <span class='ocr_line' id='line_1_8' title="bbox 448 808 640 863; baseline 0.021 -4"><span class='ocrx_word' id='word_1_45' title='bbox 448 808 640 863; x_wconf 80' lang='lat' dir='ltr'><strong>Amen.</strong></span> 
     </span>
    </p>
   </div>
   <div class='ocr_carea' id='block_1_9' title="bbox 523 893 2020 976">
    <p class='ocr_par' dir='ltr' id='par_1_9' title="bbox 523 893 2020 976">
     <span class='ocr_line' id='line_1_9' title="bbox 523 893 2020 976; baseline 0.009 -27"><span class='ocrx_word' id='word_1_46' title='bbox 523 895 654 952; x_wconf 87' lang='lat' dir='ltr'><strong>Data</strong></span> <span class='ocrx_word' id='word_1_47' title='bbox 701 895 934 966; x_wconf 90' lang='lat' dir='ltr'><strong>septimo</strong></span> <span class='ocrx_word' id='word_1_48' title='bbox 967 894 1011 927; x_wconf 88' lang='grc'><strong>¹⁶</strong></span> <span class='ocrx_word' id='word_1_49' title='bbox 1039 893 1266 953; x_wconf 84' lang='lat' dir='ltr'><strong>Kalend.</strong></span> <span class='ocrx_word' id='word_1_50' title='bbox 1315 897 1661 970; x_wconf 81' lang='lat' dir='ltr'><strong>Novembris,</strong></span> <span class='ocrx_word' id='word_1_51' title='bbox 1705 903 1943 976; x_wconf 88' lang='lat' dir='ltr'><strong>Trajano</strong></span> <span class='ocrx_word' id='word_1_52' title='bbox 1977 907 2020 940; x_wconf 84' lang='lat'>“</span> 
     </span>
    </p>
   </div>
   <div class='ocr_carea' id='block_1_10' title="bbox 446 983 1783 1049">
    <p class='ocr_par' dir='ltr' id='par_1_10' title="bbox 446 983 1783 1049">
     <span class='ocr_line' id='line_1_10' title="bbox 446 983 1783 1049; baseline 0.008 -10"><span class='ocrx_word' id='word_1_53' title='bbox 446 995 501 1042; x_wconf 83' lang='lat' dir='ltr'><strong>et</strong></span> <span class='ocrx_word' id='word_1_54' title='bbox 529 985 750 1041; x_wconf 62' lang='lat' dir='ltr'><strong>[Eliano</strong></span> <span class='ocrx_word' id='word_1_55' title='bbox 781 987 824 1018; x_wconf 84' lang='lat'>&quot;</span> <span class='ocrx_word' id='word_1_56' title='bbox 852 985 986 1041; x_wconf 88' lang='lat' dir='ltr'><strong>viris</strong></span> <span class='ocrx_word' id='word_1_57' title='bbox 1023 983 1346 1044; x_wconf 89' lang='lat' dir='ltr'><strong>clarissimis</strong></span> <span class='ocrx_word' id='word_1_58' title='bbox 1365 991 1686 1049; x_wconf 85' lang='lat' dir='ltr'><strong>consulibus</strong></span> <span class='ocrx_word' id='word_1_59' title='bbox 1719 995 1783 1049; x_wconf 79' lang='lat'><strong>&quot;.</strong></span> 
     </span>
    </p>
   </div>
   <div class='ocr_carea' id='block_1_11' title="bbox 521 1077 2024 1153">
    <p class='ocr_par' dir='ltr' id='par_1_11' title="bbox 521 1077 2024 1153">
     <span class='ocr_line' id='line_1_11' title="bbox 521 1077 2024 1153; baseline 0.005 -21"><span class='ocrx_word' id='word_1_60' title='bbox 521 1077 588 1133; x_wconf 85' lang='lat' dir='ltr'><strong>In</strong></span> <span class='ocrx_word' id='word_1_61' title='bbox 619 1080 725 1148; x_wconf 79' lang='lat' dir='ltr'><strong>ﬁne</strong></span> <span class='ocrx_word' id='word_1_62' title='bbox 758 1079 918 1150; x_wconf 80' lang='lat' dir='ltr'><strong>hujus</strong></span> <span class='ocrx_word' id='word_1_63' title='bbox 957 1080 1195 1151; x_wconf 71' lang='lat' dir='ltr'><strong>cpistola</strong></span> <span class='ocrx_word' id='word_1_64' title='bbox 1223 1081 1334 1137; x_wconf 68' lang='lat' dir='ltr'><strong>lucc</strong></span> <span class='ocrx_word' id='word_1_65' title='bbox 1366 1081 1552 1137; x_wconf 81' lang='lat' dir='ltr'><strong>addita</strong></span> <span class='ocrx_word' id='word_1_66' title='bbox 1583 1085 1751 1153; x_wconf 82' lang='lat' dir='ltr'><strong>reperi</strong></span> <span class='ocrx_word' id='word_1_67' title='bbox 1796 1085 1852 1138; x_wconf 81' lang='lat' dir='ltr'><strong>in</strong></span> <span class='ocrx_word' id='word_1_68' title='bbox 1890 1083 2024 1141; x_wconf 83' lang='lat' dir='ltr'><strong>Cod.</strong></span> 
     </span>
    </p>
   </div>
   <div class='ocr_carea' id='block_1_12' title="bbox 445 1167 2023 1243">
    <p class='ocr_par' dir='ltr' id='par_1_12' title="bbox 445 1167 2023 1243">
     <span class='ocr_line' id='line_1_12' title="bbox 445 1167 2023 1243; baseline 0.005 -21"><span class='ocrx_word' id='word_1_69' title='bbox 445 1167 696 1235; x_wconf 78' lang='lat' dir='ltr'><strong>Lucensi,</strong></span> <span class='ocrx_word' id='word_1_70' title='bbox 723 1186 842 1240; x_wconf 76' lang='lat' dir='ltr'><strong>qua:</strong></span> <span class='ocrx_word' id='word_1_71' title='bbox 865 1170 1264 1242; x_wconf 74' lang='lat' dir='ltr'><strong>interpolatoris</strong></span> <span class='ocrx_word' id='word_1_72' title='bbox 1292 1172 1521 1243; x_wconf 73' lang='lat' dir='ltr'><strong>alicujus</strong></span> <span class='ocrx_word' id='word_1_73' title='bbox 1551 1188 1665 1228; x_wconf 76' lang='lat' dir='ltr'><strong>esse</strong></span> <span class='ocrx_word' id='word_1_74' title='bbox 1687 1190 1790 1230; x_wconf 84' lang='lat' dir='ltr'><strong>non</strong></span> <span class='ocrx_word' id='word_1_75' title='bbox 1818 1175 2023 1242; x_wconf 82' lang='lat' dir='ltr'><strong>dubita,</strong></span> 
     </span>
    </p>
   </div>
   <div class='ocr_carea' id='block_1_13' title="bbox 441 1261 1174 1320">
    <p class='ocr_par' dir='ltr' id='par_1_13' title="bbox 441 1261 1174 1320">
     <span class='ocr_line' id='line_1_13' title="bbox 441 1261 1174 1320; baseline 0.008 -6"><span class='ocrx_word' id='word_1_76' title='bbox 441 1263 536 1316; x_wconf 81' lang='lat' dir='ltr'><strong>sed</strong></span> <span class='ocrx_word' id='word_1_77' title='bbox 565 1269 744 1316; x_wconf 77' lang='lat' dir='ltr'><strong>tamen</strong></span> <span class='ocrx_word' id='word_1_78' title='bbox 770 1261 952 1318; x_wconf 79' lang='lat' dir='ltr'><strong>danda</strong></span> <span class='ocrx_word' id='word_1_79' title='bbox 974 1274 1126 1320; x_wconf 77' lang='lat' dir='ltr'><strong>erant</strong></span> <span class='ocrx_word' id='word_1_80' title='bbox 1152 1281 1174 1320; x_wconf 88' lang='lat'><strong><em>:</em></strong></span> 
     </span>
    </p>
   </div>
   <div class='ocr_carea' id='block_1_14' title="bbox 513 1346 2021 1422">
    <p class='ocr_par' dir='ltr' id='par_1_14' title="bbox 513 1346 2021 1422">
     <span class='ocr_line' id='line_1_14' title="bbox 513 1346 2021 1422; baseline 0.005 -20"><span class='ocrx_word' id='word_1_81' title='bbox 513 1346 850 1419; x_wconf 74' lang='lat' dir='ltr'><strong>Pmccptum</strong></span> <span class='ocrx_word' id='word_1_82' title='bbox 879 1347 1095 1405; x_wconf 88' lang='lat' dir='ltr'><strong>Domini</strong></span> <span class='ocrx_word' id='word_1_83' title='bbox 1119 1357 1228 1414; x_wconf 85' lang='lat' dir='ltr'><strong>est,</strong></span> <span class='ocrx_word' id='word_1_84' title='bbox 1262 1357 1323 1404; x_wconf 88' lang='lat' dir='ltr'><strong>ut</strong></span> <span class='ocrx_word' id='word_1_85' title='bbox 1343 1360 1566 1422; x_wconf 87' lang='lat' dir='ltr'><strong>excepta</strong></span> <span class='ocrx_word' id='word_1_86' title='bbox 1591 1367 1756 1409; x_wconf 89' lang='lat' dir='ltr'><strong>causa</strong></span> <span class='ocrx_word' id='word_1_87' title='bbox 1781 1351 2021 1409; x_wconf 83' lang='lat' dir='ltr'><strong>fornica-</strong></span> 
     </span>
    </p>
   </div>
   <div class='ocr_carea' id='block_1_15' title="bbox 441 1438 2019 1515">
    <p class='ocr_par' dir='ltr' id='par_1_15' title="bbox 441 1438 2019 1515">
     <span class='ocr_line' id='line_1_15' title="bbox 441 1438 2019 1515; baseline 0.004 -22"><span class='ocrx_word' id='word_1_88' title='bbox 441 1438 632 1504; x_wconf 90' lang='lat' dir='ltr'><strong>tionis,</strong></span> <span class='ocrx_word' id='word_1_89' title='bbox 659 1454 798 1495; x_wconf 81' lang='lat' dir='ltr'><strong>uxor</strong></span> <span class='ocrx_word' id='word_1_90' title='bbox 825 1454 856 1494; x_wconf 87' lang='lat' dir='ltr'><strong>a</strong></span> <span class='ocrx_word' id='word_1_91' title='bbox 890 1440 1011 1496; x_wconf 93' lang='lat' dir='ltr'><strong>viro</strong></span> <span class='ocrx_word' id='word_1_92' title='bbox 1039 1440 1242 1497; x_wconf 90' lang='lat' dir='ltr'><strong>dimitti</strong></span> <span class='ocrx_word' id='word_1_93' title='bbox 1272 1456 1382 1496; x_wconf 91' lang='lat' dir='ltr'><strong>non</strong></span> <span class='ocrx_word' id='word_1_94' title='bbox 1409 1442 1634 1510; x_wconf 84' lang='lat' dir='ltr'><strong>debeat;</strong></span> <span class='ocrx_word' id='word_1_95' title='bbox 1665 1453 1720 1498; x_wconf 92' lang='lat' dir='ltr'><strong>et</strong></span> <span class='ocrx_word' id='word_1_96' title='bbox 1743 1444 1867 1499; x_wconf 91' lang='lat' dir='ltr'><strong>ideo</strong></span> <span class='ocrx_word' id='word_1_97' title='bbox 1892 1445 2019 1515; x_wconf 83' lang='lat' dir='ltr'><strong>qui-</strong></span> 
     </span>
    </p>
   </div>
   <div class='ocr_carea' id='block_1_16' title="bbox 440 1531 2017 1607">
    <p class='ocr_par' dir='ltr' id='par_1_16' title="bbox 440 1531 2017 1607">
     <span class='ocr_line' id='line_1_16' title="bbox 440 1531 2017 1607; baseline 0.004 -21"><span class='ocrx_word' id='word_1_98' title='bbox 440 1546 661 1603; x_wconf 90' lang='lat' dir='ltr'><strong>cunque</strong></span> <span class='ocrx_word' id='word_1_99' title='bbox 699 1531 837 1587; x_wconf 81' lang='lat' dir='ltr'><strong>citra</strong></span> <span class='ocrx_word' id='word_1_100' title='bbox 861 1532 1357 1604; x_wconf 81' lang='lat' dir='ltr'><strong>culpamcriminis</strong></span> <span class='ocrx_word' id='word_1_101' title='bbox 1383 1535 1742 1607; x_wconf 81' lang='lat' dir='ltr'><strong>suprascripti</strong></span> <span class='ocrx_word' id='word_1_102' title='bbox 1789 1552 2017 1592; x_wconf 86' lang='lat' dir='ltr'><strong>uxorem</strong></span> 
     </span>
    </p>
   </div>
   <div class='ocr_carea' id='block_1_17' title="bbox 441 1627 2018 1702">
    <p class='ocr_par' dir='ltr' id='par_1_17' title="bbox 441 1627 2018 1702">
     <span class='ocr_line' id='line_1_17' title="bbox 441 1627 2018 1702; baseline 0.006 -24"><span class='ocrx_word' id='word_1_103' title='bbox 441 1639 599 1679; x_wconf 86' lang='lat' dir='ltr'><strong>suam</strong></span> <span class='ocrx_word' id='word_1_104' title='bbox 632 1635 960 1695; x_wconf 82' lang='lat' dir='ltr'><strong>quacunque</strong></span> <span class='ocrx_word' id='word_1_105' title='bbox 1008 1627 1300 1684; x_wconf 88' lang='lat' dir='ltr'><strong>occasione</strong></span> <span class='ocrx_word' id='word_1_106' title='bbox 1351 1629 1646 1694; x_wconf 73' lang='lat' dir='ltr'><strong>dimiserit,</strong></span> <span class='ocrx_word' id='word_1_107' title='bbox 1703 1631 1830 1701; x_wconf 85' lang='lat' dir='ltr'><strong>quia</strong></span> <span class='ocrx_word' id='word_1_108' title='bbox 1873 1631 2018 1702; x_wconf 82' lang='lat' dir='ltr'><strong>quod</strong></span> 
     </span>
    </p>
   </div>
   <div class='ocr_carea' id='block_1_18' title="bbox 441 1713 2016 1790">
    <p class='ocr_par' dir='ltr' id='par_1_18' title="bbox 441 1713 2016 1790">
     <span class='ocr_line' id='line_1_18' title="bbox 441 1713 2016 1790; baseline 0.006 -21"><span class='ocrx_word' id='word_1_109' title='bbox 441 1713 587 1770; x_wconf 84' lang='lat' dir='ltr'><strong>Deus</strong></span> <span class='ocrx_word' id='word_1_110' title='bbox 614 1715 920 1786; x_wconf 77' lang='lat' dir='ltr'><strong>conjunxit,</strong></span> <span class='ocrx_word' id='word_1_111' title='bbox 948 1716 1040 1771; x_wconf 85' lang='lat' dir='ltr'><strong>ille</strong></span> <span class='ocrx_word' id='word_1_112' title='bbox 1069 1733 1332 1789; x_wconf 85' lang='lat' dir='ltr'><strong>separare</strong></span> <span class='ocrx_word' id='word_1_113' title='bbox 1357 1719 1655 1790; x_wconf 79' lang='lat' dir='ltr'><strong>disposuit,</strong></span> <span class='ocrx_word' id='word_1_114' title='bbox 1705 1722 1894 1776; x_wconf 89' lang='lat' dir='ltr'><strong>tandiu</strong></span> <span class='ocrx_word' id='word_1_115' title='bbox 1921 1739 2016 1778; x_wconf 87' lang='lat' dir='ltr'><strong>ec-</strong></span> 
     </span>
    </p>
   </div>
   <div class='ocr_carea' id='block_1_19' title="bbox 2125 533 3707 622">
    <p class='ocr_par' dir='ltr' id='par_1_19' title="bbox 2125 533 3707 622">
     <span class='ocr_line' id='line_1_19' title="bbox 2125 533 3707 622; baseline 0.007 -24"><span class='ocrx_word' id='word_1_116' title='bbox 2125 559 2407 601; x_wconf 87' lang='lat' dir='ltr'><strong>accusare.</strong></span> <span class='ocrx_word' id='word_1_117' title='bbox 2444 544 2596 602; x_wconf 89' lang='lat' dir='ltr'><strong>Unde</strong></span> <span class='ocrx_word' id='word_1_118' title='bbox 2629 533 2895 619; x_wconf 77' lang='lat' dir='ltr'><strong>scriptum</strong></span> <span class='ocrx_word' id='word_1_119' title='bbox 2919 559 3003 606; x_wconf 90' lang='lat' dir='ltr'><strong>est</strong></span> <span class='ocrx_word' id='word_1_120' title='bbox 3029 569 3042 604; x_wconf 91' lang='lat'><strong>:</strong></span> <span class='ocrx_word' id='word_1_121' title='bbox 3073 569 3092 603; x_wconf 86' lang='grc'><strong><em>‹</em></strong></span> <span class='ocrx_word' id='word_1_122' title='bbox 3121 549 3313 608; x_wconf 84' lang='lat' dir='ltr'><strong>Omnis</strong></span> <span class='ocrx_word' id='word_1_123' title='bbox 3337 553 3430 622; x_wconf 91' lang='lat' dir='ltr'><strong>qui</strong></span> <span class='ocrx_word' id='word_1_124' title='bbox 3463 552 3707 609; x_wconf 58' lang='lat' dir='ltr'><strong>detrahd</strong></span> 
     </span>
    </p>
   </div>
   <div class='ocr_carea' id='block_1_20' title="bbox 2125 636 3703 709">
    <p class='ocr_par' dir='ltr' id='par_1_20' title="bbox 2125 636 3703 709">
     <span class='ocr_line' id='line_1_20' title="bbox 2125 636 3703 709; baseline 0.006 -19"><span class='ocrx_word' id='word_1_125' title='bbox 2125 636 2281 691; x_wconf 79' lang='lat' dir='ltr'><strong>fratri</strong></span> <span class='ocrx_word' id='word_1_126' title='bbox 2314 653 2440 704; x_wconf 91' lang='lat' dir='ltr'><strong>suo,</strong></span> <span class='ocrx_word' id='word_1_127' title='bbox 2464 639 2737 696; x_wconf 87' lang='lat' dir='ltr'><strong>homicida</strong></span> <span class='ocrx_word' id='word_1_128' title='bbox 2765 652 2848 697; x_wconf 90' lang='lat' dir='ltr'><strong>est</strong></span> <span class='ocrx_word' id='word_1_129' title='bbox 2876 641 3235 709; x_wconf 75' lang='lat' dir='ltr'><strong>&quot;,setomnis</strong></span> <span class='ocrx_word' id='word_1_130' title='bbox 3274 644 3557 698; x_wconf 89' lang='lat' dir='ltr'><strong>homicida</strong></span> <span class='ocrx_word' id='word_1_131' title='bbox 3596 662 3703 699; x_wconf 87' lang='lat' dir='ltr'><strong>non</strong></span> 
     </span>
    </p>
   </div>
   <div class='ocr_carea' id='block_1_21' title="bbox 2125 731 3700 807">
    <p class='ocr_par' dir='ltr' id='par_1_21' title="bbox 2125 731 3700 807">
     <span class='ocr_line' id='line_1_21' title="bbox 2125 731 3700 807; baseline 0.003 -22"><span class='ocrx_word' id='word_1_132' title='bbox 2125 731 2290 786; x_wconf 87' lang='lat' dir='ltr'><strong>habet</strong></span> <span class='ocrx_word' id='word_1_133' title='bbox 2310 739 2515 802; x_wconf 89' lang='lat' dir='ltr'><strong>partem</strong></span> <span class='ocrx_word' id='word_1_134' title='bbox 2541 742 2634 788; x_wconf 90' lang='lat' dir='ltr'><strong>aut</strong></span> <span class='ocrx_word' id='word_1_135' title='bbox 2651 734 3022 790; x_wconf 60' lang='lat' dir='ltr'><strong>hazreditatem</strong></span> <span class='ocrx_word' id='word_1_136' title='bbox 3046 737 3100 790; x_wconf 94' lang='lat' dir='ltr'><strong>in</strong></span> <span class='ocrx_word' id='word_1_137' title='bbox 3123 752 3292 807; x_wconf 87' lang='lat' dir='ltr'><strong>regno</strong></span> <span class='ocrx_word' id='word_1_138' title='bbox 3311 735 3431 791; x_wconf 88' lang='lat' dir='ltr'><strong>Dei.</strong></span> <span class='ocrx_word' id='word_1_139' title='bbox 3449 735 3518 790; x_wconf 83' lang='lat' dir='ltr'><strong>Et</strong></span> <span class='ocrx_word' id='word_1_140' title='bbox 3540 737 3700 792; x_wconf 83' lang='lat' dir='ltr'><strong>alibi:</strong></span> 
     </span>
    </p>
   </div>
   <div class='ocr_carea' id='block_1_22' title="bbox 2130 823 3704 898">
    <p class='ocr_par' dir='ltr' id='par_1_22' title="bbox 2130 823 3704 898">
     <span class='ocr_line' id='line_1_22' title="bbox 2130 823 3704 898; baseline 0.006 -22"><span class='ocrx_word' id='word_1_141' title='bbox 2130 841 2150 876; x_wconf 81' lang='grc' dir='ltr'><strong>ι</strong></span> <span class='ocrx_word' id='word_1_142' title='bbox 2189 823 2388 879; x_wconf 82' lang='lat' dir='ltr'><strong>Cavete</strong></span> <span class='ocrx_word' id='word_1_143' title='bbox 2415 838 2535 892; x_wconf 83' lang='lat' dir='ltr'><strong>vos,</strong></span> <span class='ocrx_word' id='word_1_144' title='bbox 2568 823 2767 882; x_wconf 81' lang='lat' dir='ltr'><strong>fratres</strong></span> <span class='ocrx_word' id='word_1_145' title='bbox 2800 827 3134 894; x_wconf 88' lang='lat' dir='ltr'><strong>charissimi,</strong></span> <span class='ocrx_word' id='word_1_146' title='bbox 3167 843 3234 883; x_wconf 92' lang='lat' dir='ltr'><strong>ne</strong></span> <span class='ocrx_word' id='word_1_147' title='bbox 3266 829 3572 898; x_wconf 79' lang='lat' dir='ltr'><strong>participes</strong></span> <span class='ocrx_word' id='word_1_148' title='bbox 3593 830 3704 884; x_wconf 68' lang='lat' dir='ltr'><strong>etii-</strong></span> 
     </span>
    </p>
   </div>
   <div class='ocr_carea' id='block_1_23' title="bbox 2124 913 3701 985">
    <p class='ocr_par' dir='ltr' id='par_1_23' title="bbox 2124 913 3701 985">
     <span class='ocr_line' id='line_1_23' title="bbox 2124 913 3701 985; baseline 0.003 -15"><span class='ocrx_word' id='word_1_149' title='bbox 2124 913 2368 980; x_wconf 89' lang='lat' dir='ltr'><strong>ciamini,</strong></span> <span class='ocrx_word' id='word_1_150' title='bbox 2395 917 2541 985; x_wconf 87' lang='lat' dir='ltr'><strong>quod</strong></span> <span class='ocrx_word' id='word_1_151' title='bbox 2569 917 2744 973; x_wconf 86' lang='lat' dir='ltr'><strong>absit!</strong></span> <span class='ocrx_word' id='word_1_152' title='bbox 2773 917 2934 974; x_wconf 87' lang='lat' dir='ltr'><strong>malis</strong></span> <span class='ocrx_word' id='word_1_153' title='bbox 2955 933 3145 974; x_wconf 91' lang='lat' dir='ltr'><strong>eorum</strong></span> <span class='ocrx_word' id='word_1_154' title='bbox 3163 919 3230 976; x_wconf 81' lang='grc'><strong>¹¹⁸.</strong></span> <span class='ocrx_word' id='word_1_155' title='bbox 3256 938 3274 972; x_wconf 74' lang='grc' dir='ltr'><strong>ι</strong></span> <span class='ocrx_word' id='word_1_156' title='bbox 3293 918 3360 974; x_wconf 86' lang='lat' dir='ltr'><strong>Et</strong></span> <span class='ocrx_word' id='word_1_157' title='bbox 3382 936 3496 975; x_wconf 87' lang='lat' dir='ltr'><strong>non</strong></span> <span class='ocrx_word' id='word_1_158' title='bbox 3523 921 3701 975; x_wconf 89' lang='lat' dir='ltr'><strong>solum</strong></span> 
     </span>
    </p>
   </div>
   <div class='ocr_carea' id='block_1_24' title="bbox 2121 1008 3703 1074">
    <p class='ocr_par' dir='ltr' id='par_1_24' title="bbox 2121 1008 3703 1074">
     <span class='ocr_line' id='line_1_24' title="bbox 2121 1008 3703 1074; baseline 0.004 -14"><span class='ocrx_word' id='word_1_159' title='bbox 2121 1020 2220 1060; x_wconf 86' lang='lat' dir='ltr'><strong>vos</strong></span> <span class='ocrx_word' id='word_1_160' title='bbox 2251 1015 2438 1062; x_wconf 84' lang='lat' dir='ltr'><strong>cavete</strong></span> <span class='ocrx_word' id='word_1_161' title='bbox 2480 1022 2510 1062; x_wconf 90' lang='lat' dir='ltr'><strong>a</strong></span> <span class='ocrx_word' id='word_1_162' title='bbox 2554 1008 2780 1074; x_wconf 86' lang='lat' dir='ltr'><strong>talibus,</strong></span> <span class='ocrx_word' id='word_1_163' title='bbox 2810 1009 2905 1065; x_wconf 88' lang='lat' dir='ltr'><strong>sed</strong></span> <span class='ocrx_word' id='word_1_164' title='bbox 2942 1020 2998 1065; x_wconf 91' lang='lat' dir='ltr'><strong>et</strong></span> <span class='ocrx_word' id='word_1_165' title='bbox 3027 1025 3216 1065; x_wconf 90' lang='lat' dir='ltr'><strong>cavere</strong></span> <span class='ocrx_word' id='word_1_166' title='bbox 3259 1011 3398 1066; x_wconf 91' lang='lat' dir='ltr'><strong>alios</strong></span> <span class='ocrx_word' id='word_1_167' title='bbox 3441 1012 3517 1066; x_wconf 86' lang='lat' dir='ltr'><strong>ab</strong></span> <span class='ocrx_word' id='word_1_168' title='bbox 3545 1013 3629 1066; x_wconf 90' lang='lat' dir='ltr'><strong>eis</strong></span> <span class='ocrx_word' id='word_1_169' title='bbox 3655 1022 3703 1067; x_wconf 81' lang='lat' dir='ltr'><strong>et</strong></span> 
     </span>
    </p>
   </div>
   <div class='ocr_carea' id='block_1_25' title="bbox 2121 1098 3702 1174">
    <p class='ocr_par' dir='ltr' id='par_1_25' title="bbox 2121 1098 3702 1174">
     <span class='ocr_line' id='line_1_25' title="bbox 2121 1098 3702 1174; baseline 0.003 -22"><span class='ocrx_word' id='word_1_170' title='bbox 2121 1106 2370 1153; x_wconf 82' lang='lat' dir='ltr'><strong>avertere</strong></span> <span class='ocrx_word' id='word_1_171' title='bbox 2393 1098 2606 1154; x_wconf 79' lang='lat' dir='ltr'><strong>docete.</strong></span> <span class='ocrx_word' id='word_1_172' title='bbox 2637 1099 2712 1155; x_wconf 90' lang='lat' dir='ltr'><strong>De</strong></span> <span class='ocrx_word' id='word_1_173' title='bbox 2737 1101 2823 1156; x_wconf 90' lang='lat' dir='ltr'><strong>bis</strong></span> <span class='ocrx_word' id='word_1_174' title='bbox 2859 1102 3005 1157; x_wconf 89' lang='lat' dir='ltr'><strong>enim</strong></span> <span class='ocrx_word' id='word_1_175' title='bbox 3041 1100 3310 1158; x_wconf 90' lang='lat' dir='ltr'><strong>Dominus</strong></span> <span class='ocrx_word' id='word_1_176' title='bbox 3339 1103 3418 1157; x_wconf 86' lang='lat' dir='ltr'><strong>ait</strong></span> <span class='ocrx_word' id='word_1_177' title='bbox 3449 1119 3556 1173; x_wconf 90' lang='lat' dir='ltr'><strong>per</strong></span> <span class='ocrx_word' id='word_1_178' title='bbox 3580 1120 3702 1174; x_wconf 81' lang='lat' dir='ltr'><strong>pro-</strong></span> 
     </span>
    </p>
   </div>
   <div class='ocr_carea' id='block_1_26' title="bbox 2119 1189 3704 1266">
    <p class='ocr_par' dir='ltr' id='par_1_26' title="bbox 2119 1189 3704 1266">
     <span class='ocr_line' id='line_1_26' title="bbox 2119 1189 3704 1266; baseline 0.004 -23"><span class='ocrx_word' id='word_1_179' title='bbox 2119 1189 2340 1259; x_wconf 88' lang='lat' dir='ltr'><strong>phetam</strong></span> <span class='ocrx_word' id='word_1_180' title='bbox 2389 1189 2710 1247; x_wconf 72' lang='lat' dir='ltr'><strong>Michaeam:</strong></span> <span class='ocrx_word' id='word_1_181' title='bbox 2744 1209 2763 1244; x_wconf 85' lang='grc' dir='ltr'><strong>ι</strong></span> <span class='ocrx_word' id='word_1_182' title='bbox 2799 1191 2892 1247; x_wconf 68' lang='lat' dir='ltr'><strong>Vae</strong></span> <span class='ocrx_word' id='word_1_183' title='bbox 2944 1194 3037 1265; x_wconf 92' lang='lat' dir='ltr'><strong>qui</strong></span> <span class='ocrx_word' id='word_1_184' title='bbox 3075 1195 3326 1266; x_wconf 79' lang='lat' dir='ltr'><strong>cogitatis</strong></span> <span class='ocrx_word' id='word_1_185' title='bbox 3371 1196 3598 1262; x_wconf 88' lang='lat' dir='ltr'><strong>inutile,</strong></span> <span class='ocrx_word' id='word_1_186' title='bbox 3653 1204 3704 1251; x_wconf 85' lang='lat' dir='ltr'><strong>et</strong></span> 
     </span>
    </p>
   </div>
   <div class='ocr_carea' id='block_1_27' title="bbox 2121 1282 3703 1354">
    <p class='ocr_par' dir='ltr' id='par_1_27' title="bbox 2121 1282 3703 1354">
     <span class='ocr_line' id='line_1_27' title="bbox 2121 1282 3703 1354; baseline 0.004 -19"><span class='ocrx_word' id='word_1_187' title='bbox 2121 1283 2427 1352; x_wconf 88' lang='lat' dir='ltr'><strong>operamini</strong></span> <span class='ocrx_word' id='word_1_188' title='bbox 2457 1282 2662 1338; x_wconf 91' lang='lat' dir='ltr'><strong>malum</strong></span> <span class='ocrx_word' id='word_1_189' title='bbox 2701 1284 2760 1340; x_wconf 91' lang='lat' dir='ltr'><strong>in</strong></span> <span class='ocrx_word' id='word_1_190' title='bbox 2793 1285 3066 1345; x_wconf 88' lang='lat' dir='ltr'><strong>cubilibus</strong></span> <span class='ocrx_word' id='word_1_191' title='bbox 3084 1288 3307 1354; x_wconf 83' lang='lat' dir='ltr'><strong>vestris;</strong></span> <span class='ocrx_word' id='word_1_192' title='bbox 3343 1288 3399 1342; x_wconf 92' lang='lat' dir='ltr'><strong>in</strong></span> <span class='ocrx_word' id='word_1_193' title='bbox 3427 1288 3562 1344; x_wconf 86' lang='lat' dir='ltr'><strong>luce</strong></span> <span class='ocrx_word' id='word_1_194' title='bbox 3592 1306 3703 1343; x_wconf 84' lang='lat' dir='ltr'><strong>ma-</strong></span> 
     </span>
    </p>
   </div>
   <div class='ocr_carea' id='block_1_28' title="bbox 2120 1373 3704 1448">
    <p class='ocr_par' dir='ltr' id='par_1_28' title="bbox 2120 1373 3704 1448">
     <span class='ocr_line' id='line_1_28' title="bbox 2120 1373 3704 1448; baseline 0.006 -22"><span class='ocrx_word' id='word_1_195' title='bbox 2120 1373 2296 1427; x_wconf 89' lang='lat' dir='ltr'><strong>tutina</strong></span> <span class='ocrx_word' id='word_1_196' title='bbox 2328 1373 2538 1430; x_wconf 87' lang='lat' dir='ltr'><strong>faciunt</strong></span> <span class='ocrx_word' id='word_1_197' title='bbox 2566 1377 2719 1442; x_wconf 91' lang='lat' dir='ltr'><strong>illud,</strong></span> <span class='ocrx_word' id='word_1_198' title='bbox 2748 1379 3008 1448; x_wconf 88' lang='lat' dir='ltr'><strong>quoniam</strong></span> <span class='ocrx_word' id='word_1_199' title='bbox 3034 1389 3225 1435; x_wconf 91' lang='lat' dir='ltr'><strong>contra</strong></span> <span class='ocrx_word' id='word_1_200' title='bbox 3256 1380 3426 1435; x_wconf 88' lang='lat' dir='ltr'><strong>Deum</strong></span> <span class='ocrx_word' id='word_1_201' title='bbox 3468 1393 3559 1437; x_wconf 89' lang='lat' dir='ltr'><strong>est</strong></span> <span class='ocrx_word' id='word_1_202' title='bbox 3588 1398 3704 1435; x_wconf 87' lang='lat' dir='ltr'><strong>ma-</strong></span> 
     </span>
    </p>
   </div>
   <div class='ocr_carea' id='block_1_29' title="bbox 2123 1464 3706 1540">
    <p class='ocr_par' dir='ltr' id='par_1_29' title="bbox 2123 1464 3706 1540">
     <span class='ocr_line' id='line_1_29' title="bbox 2123 1464 3706 1540; baseline 0.006 -23"><span class='ocrx_word' id='word_1_203' title='bbox 2123 1479 2228 1518; x_wconf 88' lang='lat' dir='ltr'><strong>nus</strong></span> <span class='ocrx_word' id='word_1_204' title='bbox 2258 1478 2472 1520; x_wconf 85' lang='lat' dir='ltr'><strong>eorum.</strong></span> <span class='ocrx_word' id='word_1_205' title='bbox 2527 1464 2595 1521; x_wconf 90' lang='lat' dir='ltr'><strong>Et</strong></span> <span class='ocrx_word' id='word_1_206' title='bbox 2648 1469 3048 1538; x_wconf 88' lang='lat' dir='ltr'><strong>concupierunt</strong></span> <span class='ocrx_word' id='word_1_207' title='bbox 3087 1485 3270 1540; x_wconf 89' lang='lat' dir='ltr'><strong>agros,</strong></span> <span class='ocrx_word' id='word_1_208' title='bbox 3321 1480 3379 1526; x_wconf 89' lang='lat' dir='ltr'><strong>et</strong></span> <span class='ocrx_word' id='word_1_209' title='bbox 3429 1471 3706 1526; x_wconf 66' lang='lat' dir='ltr'><strong>violwter</strong></span> 
     </span>
    </p>
   </div>
   <div class='ocr_carea' id='block_1_30' title="bbox 2119 1553 3698 1629">
    <p class='ocr_par' dir='ltr' id='par_1_30' title="bbox 2119 1553 3698 1629">
     <span class='ocr_line' id='line_1_30' title="bbox 2119 1553 3698 1629; baseline 0.006 -21"><span class='ocrx_word' id='word_1_210' title='bbox 2119 1553 2382 1622; x_wconf 89' lang='lat' dir='ltr'><strong>tulerunt,</strong></span> <span class='ocrx_word' id='word_1_211' title='bbox 2423 1564 2478 1610; x_wconf 92' lang='lat' dir='ltr'><strong>et</strong></span> <span class='ocrx_word' id='word_1_212' title='bbox 2508 1556 2702 1615; x_wconf 88' lang='lat' dir='ltr'><strong>domos</strong></span> <span class='ocrx_word' id='word_1_213' title='bbox 2742 1570 3061 1629; x_wconf 88' lang='lat' dir='ltr'><strong>rapuerunt,</strong></span> <span class='ocrx_word' id='word_1_214' title='bbox 3103 1570 3158 1618; x_wconf 87' lang='lat' dir='ltr'><strong>et</strong></span> <span class='ocrx_word' id='word_1_215' title='bbox 3199 1562 3698 1618; x_wconf 87' lang='lat' dir='ltr'><strong>calumniabantur</strong></span> 
     </span>
    </p>
   </div>
   <div class='ocr_carea' id='block_1_31' title="bbox 2122 1645 3697 1726">
    <p class='ocr_par' dir='ltr' id='par_1_31' title="bbox 2122 1645 3697 1726">
     <span class='ocr_line' id='line_1_31' title="bbox 2122 1645 3697 1726; baseline 0.008 -29"><span class='ocrx_word' id='word_1_216' title='bbox 2122 1645 2297 1700; x_wconf 85' lang='lat' dir='ltr'><strong>virum</strong></span> <span class='ocrx_word' id='word_1_217' title='bbox 2327 1655 2382 1701; x_wconf 93' lang='lat' dir='ltr'><strong>et</strong></span> <span class='ocrx_word' id='word_1_218' title='bbox 2409 1647 2634 1704; x_wconf 90' lang='lat' dir='ltr'><strong>domum</strong></span> <span class='ocrx_word' id='word_1_219' title='bbox 2667 1650 2808 1720; x_wconf 87' lang='lat' dir='ltr'><strong>ejus,</strong></span> <span class='ocrx_word' id='word_1_220' title='bbox 2837 1652 3018 1707; x_wconf 89' lang='lat' dir='ltr'><strong>virum</strong></span> <span class='ocrx_word' id='word_1_221' title='bbox 3051 1661 3106 1707; x_wconf 89' lang='lat' dir='ltr'><strong>et</strong></span> <span class='ocrx_word' id='word_1_222' title='bbox 3134 1653 3515 1710; x_wconf 60' lang='lat' dir='ltr'><strong>hereditatem</strong></span> <span class='ocrx_word' id='word_1_223' title='bbox 3552 1656 3697 1726; x_wconf 90' lang='lat' dir='ltr'><strong>ejus.</strong></span> 
     </span>
    </p>
   </div>
   <div class='ocr_carea' id='block_1_32' title="bbox 2119 1736 3702 1818">
    <p class='ocr_par' dir='ltr' id='par_1_32' title="bbox 2119 1736 3702 1818">
     <span class='ocr_line' id='line_1_32' title="bbox 2119 1736 3702 1818; baseline 0.007 -26"><span class='ocrx_word' id='word_1_224' title='bbox 2119 1736 2326 1794; x_wconf 86' lang='lat' dir='ltr'><strong>Idcirco</strong></span> <span class='ocrx_word' id='word_1_225' title='bbox 2359 1740 2492 1796; x_wconf 90' lang='lat' dir='ltr'><strong>dicit</strong></span> <span class='ocrx_word' id='word_1_226' title='bbox 2516 1741 2786 1798; x_wconf 87' lang='lat' dir='ltr'><strong>Dominus</strong></span> <span class='ocrx_word' id='word_1_227' title='bbox 2811 1745 2927 1801; x_wconf 67' lang='lat' dir='ltr'><strong>haec</strong></span> <span class='ocrx_word' id='word_1_228' title='bbox 2953 1763 2967 1800; x_wconf 91' lang='lat'>:</span> <span class='ocrx_word' id='word_1_229' title='bbox 3007 1743 3147 1802; x_wconf 87' lang='lat' dir='ltr'><strong>Ecce</strong></span> <span class='ocrx_word' id='word_1_230' title='bbox 3176 1761 3277 1817; x_wconf 89' lang='lat' dir='ltr'><strong>ego</strong></span> <span class='ocrx_word' id='word_1_231' title='bbox 3299 1748 3489 1818; x_wconf 87' lang='lat' dir='ltr'><strong>cogito</strong></span> <span class='ocrx_word' id='word_1_232' title='bbox 3534 1763 3702 1817; x_wconf 85' lang='lat' dir='ltr'><strong>super</strong></span> 
     </span>
    </p>
   </div>
   <div class='ocr_carea' id='block_1_33' title="bbox 439 1793 2020 1902">
    <p class='ocr_par' dir='ltr' id='par_1_33' title="bbox 439 1797 2008 1880">
     <span class='ocr_line' id='line_1_33' title="bbox 439 1797 2008 1880; baseline 0.006 -22"><span class='ocrx_word' id='word_1_233' title='bbox 439 1805 748 1862; x_wconf 87' lang='lat' dir='ltr'><strong>clesiastica</strong></span> <span class='ocrx_word' id='word_1_234' title='bbox 774 1807 1163 1864; x_wconf 90' lang='lat' dir='ltr'><strong>communione</strong></span> <span class='ocrx_word' id='word_1_235' title='bbox 1199 1810 1464 1880; x_wconf 86' lang='lat' dir='ltr'><strong>privetur,</strong></span> <span class='ocrx_word' id='word_1_236' title='bbox 1494 1820 1548 1867; x_wconf 82' lang='lat' dir='ltr'><strong>et</strong></span> <span class='ocrx_word' id='word_1_237' title='bbox 1577 1821 1722 1868; x_wconf 59' lang='lat' dir='ltr'><strong>cestu</strong></span> <span class='ocrx_word' id='word_1_238' title='bbox 1757 1797 2008 1868; x_wconf 78' lang='lat' dir='ltr'><strong>omnium</strong></span> 
     </span>
    </p>
   </div>
   <div class='ocr_carea' id='block_1_34' title="bbox 2108 1793 3699 1902">
    <p class='ocr_par' dir='ltr' id='par_1_34' title="bbox 2118 1793 3699 1902">
     <span class='ocr_line' id='line_1_34' title="bbox 2118 1793 3699 1902; baseline 0.006 -20"><span class='ocrx_word' id='word_1_239' title='bbox 2118 1827 2384 1884; x_wconf 82' lang='lat' dir='ltr'><strong>familiam</strong></span> <span class='ocrx_word' id='word_1_240' title='bbox 2421 1831 2583 1886; x_wconf 90' lang='lat' dir='ltr'><strong>istam</strong></span> <span class='ocrx_word' id='word_1_241' title='bbox 2617 1832 2859 1902; x_wconf 90' lang='lat' dir='ltr'><strong>malum,</strong></span> <span class='ocrx_word' id='word_1_242' title='bbox 2895 1834 3042 1890; x_wconf 90' lang='lat' dir='ltr'><strong>unde</strong></span> <span class='ocrx_word' id='word_1_243' title='bbox 3083 1850 3193 1890; x_wconf 91' lang='lat' dir='ltr'><strong>non</strong></span> <span class='ocrx_word' id='word_1_244' title='bbox 3208 1793 3509 1893; x_wconf 41' lang='lat' dir='ltr'><strong>l,aufeifetis</strong></span> <span class='ocrx_word' id='word_1_245' title='bbox 3561 1793 3699 1894; x_wconf 63' lang='lat' dir='ltr'><strong>edita</strong></span> 
     </span>
    </p>
   </div>
   <div class='ocr_carea' id='block_1_35' title="bbox 435 1894 2016 1976">
    <p class='ocr_par' dir='ltr' id='par_1_35' title="bbox 435 1894 2016 1976">
     <span class='ocr_line' id='line_1_35' title="bbox 435 1894 2016 1976; baseline 0.006 -24"><span class='ocrx_word' id='word_1_246' title='bbox 435 1894 877 1954; x_wconf 86' lang='lat' dir='ltr'><strong>Christianorum</strong></span> <span class='ocrx_word' id='word_1_247' title='bbox 910 1910 1130 1957; x_wconf 85' lang='lat' dir='ltr'><strong>maneat</strong></span> <span class='ocrx_word' id='word_1_248' title='bbox 1161 1903 1375 1961; x_wconf 84' lang='lat' dir='ltr'><strong>alienus</strong></span> <span class='ocrx_word' id='word_1_249' title='bbox 1397 1944 1413 1972; x_wconf 89' lang='lat'><strong>,</strong></span> <span class='ocrx_word' id='word_1_250' title='bbox 1461 1905 1704 1976; x_wconf 90' lang='lat' dir='ltr'><strong>quandiu</strong></span> <span class='ocrx_word' id='word_1_251' title='bbox 1735 1917 1791 1961; x_wconf 90' lang='lat' dir='ltr'><strong>et</strong></span> <span class='ocrx_word' id='word_1_252' title='bbox 1819 1907 1886 1962; x_wconf 86' lang='lat' dir='ltr'><strong>ad</strong></span> <span class='ocrx_word' id='word_1_253' title='bbox 1919 1922 2016 1964; x_wconf 54' lang='lat' dir='ltr'><strong>so»</strong></span> 
     </span>
    </p>
   </div>
   <div class='ocr_carea' id='block_1_36' title="bbox 437 1986 2017 2064">
    <p class='ocr_par' dir='ltr' id='par_1_36' title="bbox 437 1986 2017 2064">
     <span class='ocr_line' id='line_1_36' title="bbox 437 1986 2017 2064; baseline 0.006 -23"><span class='ocrx_word' id='word_1_254' title='bbox 437 1986 690 2042; x_wconf 84' lang='lat' dir='ltr'><strong>cietatem</strong></span> <span class='ocrx_word' id='word_1_255' title='bbox 713 1987 917 2045; x_wconf 69' lang='lat' dir='ltr'><strong>relicta:</strong></span> <span class='ocrx_word' id='word_1_256' title='bbox 937 1990 1189 2063; x_wconf 83' lang='lat' dir='ltr'><strong>conjugis</strong></span> <span class='ocrx_word' id='word_1_257' title='bbox 1217 1993 1425 2060; x_wconf 87' lang='lat' dir='ltr'><strong>redeat,</strong></span> <span class='ocrx_word' id='word_1_258' title='bbox 1459 2002 1514 2048; x_wconf 90' lang='lat' dir='ltr'><strong>et</strong></span> <span class='ocrx_word' id='word_1_259' title='bbox 1535 2003 1746 2064; x_wconf 88' lang='lat' dir='ltr'><strong>partem</strong></span> <span class='ocrx_word' id='word_1_260' title='bbox 1784 1996 1869 2051; x_wconf 89' lang='lat' dir='ltr'><strong>sui</strong></span> <span class='ocrx_word' id='word_1_261' title='bbox 1897 2011 2017 2052; x_wconf 89' lang='lat' dir='ltr'><strong>cor-</strong></span> 
     </span>
    </p>
   </div>
   <div class='ocr_carea' id='block_1_37' title="bbox 435 2077 2010 2156">
    <p class='ocr_par' dir='ltr' id='par_1_37' title="bbox 435 2077 2010 2156">
     <span class='ocr_line' id='line_1_37' title="bbox 435 2077 2010 2156; baseline 0.006 -24"><span class='ocrx_word' id='word_1_262' title='bbox 435 2077 591 2147; x_wconf 87' lang='lat' dir='ltr'><strong>poris</strong></span> <span class='ocrx_word' id='word_1_263' title='bbox 621 2078 853 2136; x_wconf 85' lang='lat' dir='ltr'><strong>honesta</strong></span> <span class='ocrx_word' id='word_1_264' title='bbox 888 2079 1006 2152; x_wconf 86' lang='lat' dir='ltr'><strong>lege</strong></span> <span class='ocrx_word' id='word_1_265' title='bbox 1039 2082 1283 2154; x_wconf 88' lang='lat' dir='ltr'><strong>conjugii</strong></span> <span class='ocrx_word' id='word_1_266' title='bbox 1323 2083 1610 2140; x_wconf 89' lang='lat' dir='ltr'><strong>sinceriter</strong></span> <span class='ocrx_word' id='word_1_267' title='bbox 1646 2086 2010 2156; x_wconf 88' lang='lat' dir='ltr'><strong>amplectatur</strong></span> 
     </span>
    </p>
   </div>
   <div class='ocr_carea' id='block_1_38' title="bbox 435 2172 2015 2250">
    <p class='ocr_par' dir='ltr' id='par_1_38' title="bbox 435 2172 2015 2250">
     <span class='ocr_line' id='line_1_38' title="bbox 435 2172 2015 2250; baseline 0.006 -21"><span class='ocrx_word' id='word_1_268' title='bbox 435 2182 490 2229; x_wconf 90' lang='lat' dir='ltr'><strong>et</strong></span> <span class='ocrx_word' id='word_1_269' title='bbox 517 2172 716 2232; x_wconf 87' lang='lat' dir='ltr'><strong>foveat.</strong></span> <span class='ocrx_word' id='word_1_270' title='bbox 745 2173 812 2231; x_wconf 80' lang='lat' dir='ltr'><strong>Hi</strong></span> <span class='ocrx_word' id='word_1_271' title='bbox 842 2184 1026 2233; x_wconf 87' lang='lat' dir='ltr'><strong>tamen</strong></span> <span class='ocrx_word' id='word_1_272' title='bbox 1055 2180 1149 2250; x_wconf 91' lang='lat' dir='ltr'><strong>qui</strong></span> <span class='ocrx_word' id='word_1_273' title='bbox 1168 2179 1282 2250; x_wconf 89' lang='lat' dir='ltr'><strong>jam</strong></span> <span class='ocrx_word' id='word_1_274' title='bbox 1311 2189 1438 2236; x_wconf 88' lang='lat' dir='ltr'><strong>ante</strong></span> <span class='ocrx_word' id='word_1_275' title='bbox 1465 2180 1654 2236; x_wconf 88' lang='lat' dir='ltr'><strong>moniti</strong></span> <span class='ocrx_word' id='word_1_276' title='bbox 1678 2196 1709 2236; x_wconf 93' lang='lat' dir='ltr'><strong>a</strong></span> <span class='ocrx_word' id='word_1_277' title='bbox 1733 2182 2015 2239; x_wconf 82' lang='lat' dir='ltr'><strong>sacerdote</strong></span> 
     </span>
    </p>
   </div>
   <div class='ocr_carea' id='block_1_39' title="bbox 437 2266 2012 2342">
    <p class='ocr_par' dir='ltr' id='par_1_39' title="bbox 437 2266 2012 2342">
     <span class='ocr_line' id='line_1_39' title="bbox 437 2266 2012 2342; baseline 0.006 -23"><span class='ocrx_word' id='word_1_278' title='bbox 437 2266 632 2335; x_wconf 88' lang='lat' dir='ltr'><strong>semel,</strong></span> <span class='ocrx_word' id='word_1_279' title='bbox 654 2277 712 2324; x_wconf 89' lang='lat' dir='ltr'><strong>et</strong></span> <span class='ocrx_word' id='word_1_280' title='bbox 739 2267 847 2336; x_wconf 88' lang='lat' dir='ltr'><strong>bis,</strong></span> <span class='ocrx_word' id='word_1_281' title='bbox 871 2269 1166 2340; x_wconf 89' lang='lat' dir='ltr'><strong>tertioque,</strong></span> <span class='ocrx_word' id='word_1_282' title='bbox 1198 2278 1260 2325; x_wconf 92' lang='lat' dir='ltr'><strong>ut</strong></span> <span class='ocrx_word' id='word_1_283' title='bbox 1290 2271 1659 2342; x_wconf 83' lang='lat' dir='ltr'><strong>corrigantur,</strong></span> <span class='ocrx_word' id='word_1_284' title='bbox 1687 2273 1755 2328; x_wconf 91' lang='lat' dir='ltr'><strong>ad</strong></span> <span class='ocrx_word' id='word_1_285' title='bbox 1783 2273 2012 2329; x_wconf 89' lang='lat' dir='ltr'><strong>charum</strong></span> 
     </span>
    </p>
   </div>
   <div class='ocr_carea' id='block_1_40' title="bbox 437 2357 2014 2436">
    <p class='ocr_par' dir='ltr' id='par_1_40' title="bbox 437 2357 2014 2436">
     <span class='ocr_line' id='line_1_40' title="bbox 437 2357 2014 2436; baseline 0.006 -24"><span class='ocrx_word' id='word_1_286' title='bbox 437 2371 554 2413; x_wconf 65' lang='lat' dir='ltr'><strong>sua:</strong></span> <span class='ocrx_word' id='word_1_287' title='bbox 575 2357 830 2430; x_wconf 81' lang='lat' dir='ltr'><strong>conjugis</strong></span> <span class='ocrx_word' id='word_1_288' title='bbox 858 2360 1039 2419; x_wconf 88' lang='lat' dir='ltr'><strong>redire</strong></span> <span class='ocrx_word' id='word_1_289' title='bbox 1066 2361 1342 2418; x_wconf 86' lang='lat' dir='ltr'><strong>noluerint</strong></span> <span class='ocrx_word' id='word_1_290' title='bbox 1378 2365 1717 2420; x_wconf 82' lang='lat' dir='ltr'><strong>consortium</strong></span> <span class='ocrx_word' id='word_1_291' title='bbox 1738 2403 1754 2430; x_wconf 92' lang='lat'><strong>,</strong></span> <span class='ocrx_word' id='word_1_292' title='bbox 1794 2364 1900 2436; x_wconf 87' lang='lat' dir='ltr'><strong>ipsi</strong></span> <span class='ocrx_word' id='word_1_293' title='bbox 1953 2381 2014 2422; x_wconf 85' lang='lat' dir='ltr'><strong>se</strong></span> 
     </span>
    </p>
   </div>
   <div class='ocr_carea' id='block_1_41' title="bbox 436 2450 2010 2527">
    <p class='ocr_par' dir='ltr' id='par_1_41' title="bbox 436 2450 2010 2527">
     <span class='ocr_line' id='line_1_41' title="bbox 436 2450 2010 2527; baseline 0.004 -22"><span class='ocrx_word' id='word_1_294' title='bbox 436 2450 556 2508; x_wconf 85' lang='lat' dir='ltr'><strong>suis</strong></span> <span class='ocrx_word' id='word_1_295' title='bbox 581 2452 815 2520; x_wconf 87' lang='lat' dir='ltr'><strong>meritis,</strong></span> <span class='ocrx_word' id='word_1_296' title='bbox 847 2460 903 2507; x_wconf 90' lang='lat' dir='ltr'><strong>et</strong></span> <span class='ocrx_word' id='word_1_297' title='bbox 930 2467 961 2507; x_wconf 89' lang='lat' dir='ltr'><strong>a</strong></span> <span class='ocrx_word' id='word_1_298' title='bbox 983 2452 1238 2524; x_wconf 70' lang='lat' dir='ltr'><strong>palatina:</strong></span> <span class='ocrx_word' id='word_1_299' title='bbox 1271 2453 1556 2523; x_wconf 88' lang='lat' dir='ltr'><strong>dignitatis</strong></span> <span class='ocrx_word' id='word_1_300' title='bbox 1573 2454 1753 2510; x_wconf 72' lang='lat' dir='ltr'><strong>ofﬁcio</strong></span> <span class='ocrx_word' id='word_1_301' title='bbox 1782 2471 2010 2527; x_wconf 81' lang='lat' dir='ltr'><strong>separa-</strong></span> 
     </span>
    </p>
   </div>
   <div class='ocr_carea' id='block_1_42' title="bbox 436 2542 2009 2615">
    <p class='ocr_par' dir='ltr' id='par_1_42' title="bbox 436 2542 2009 2615">
     <span class='ocr_line' id='line_1_42' title="bbox 436 2542 2009 2615; baseline 0.004 -18"><span class='ocrx_word' id='word_1_302' title='bbox 436 2542 594 2610; x_wconf 87' lang='lat' dir='ltr'><strong>bunt,</strong></span> <span class='ocrx_word' id='word_1_303' title='bbox 628 2551 686 2599; x_wconf 88' lang='lat' dir='ltr'><strong>et</strong></span> <span class='ocrx_word' id='word_1_304' title='bbox 718 2542 947 2614; x_wconf 88' lang='lat' dir='ltr'><strong>insuper</strong></span> <span class='ocrx_word' id='word_1_305' title='bbox 990 2557 1272 2614; x_wconf 65' lang='lat' dir='ltr'><strong>generosa</strong></span> <span class='ocrx_word' id='word_1_306' title='bbox 1300 2543 1584 2614; x_wconf 82' lang='lat' dir='ltr'><strong>dignitatis</strong></span> <span class='ocrx_word' id='word_1_307' title='bbox 1611 2547 2009 2615; x_wconf 88' lang='lat' dir='ltr'><strong>testimonium,</strong></span> 
     </span>
    </p>
   </div>
   <div class='ocr_carea' id='block_1_43' title="bbox 435 2633 2008 2712">
    <p class='ocr_par' dir='ltr' id='par_1_43' title="bbox 435 2633 2008 2712">
     <span class='ocr_line' id='line_1_43' title="bbox 435 2633 2008 2712; baseline 0.006 -23"><span class='ocrx_word' id='word_1_308' title='bbox 435 2633 684 2706; x_wconf 89' lang='lat' dir='ltr'><strong>quandiu</strong></span> <span class='ocrx_word' id='word_1_309' title='bbox 737 2633 793 2689; x_wconf 94' lang='lat' dir='ltr'><strong>in</strong></span> <span class='ocrx_word' id='word_1_310' title='bbox 821 2634 984 2706; x_wconf 88' lang='lat' dir='ltr'><strong>culpa</strong></span> <span class='ocrx_word' id='word_1_311' title='bbox 1019 2635 1243 2698; x_wconf 86' lang='lat' dir='ltr'><strong>fuerint,</strong></span> <span class='ocrx_word' id='word_1_312' title='bbox 1266 2636 1548 2706; x_wconf 86' lang='lat' dir='ltr'><strong>amissuri,</strong></span> <span class='ocrx_word' id='word_1_313' title='bbox 1603 2639 1734 2712; x_wconf 90' lang='lat' dir='ltr'><strong>quia</strong></span> <span class='ocrx_word' id='word_1_314' title='bbox 1785 2654 2008 2698; x_wconf 83' lang='lat' dir='ltr'><strong>carnem</strong></span> 
     </span>
    </p>
   </div>
   <div class='ocr_carea' id='block_1_44' title="bbox 436 2725 1458 2799">
    <p class='ocr_par' dir='ltr' id='par_1_44' title="bbox 436 2725 1458 2799">
     <span class='ocr_line' id='line_1_44' title="bbox 436 2725 1458 2799; baseline 0.003 -16"><span class='ocrx_word' id='word_1_315' title='bbox 436 2741 593 2785; x_wconf 85' lang='lat' dir='ltr'><strong>suam</strong></span> <span class='ocrx_word' id='word_1_316' title='bbox 631 2725 844 2784; x_wconf 88' lang='lat' dir='ltr'><strong>dissidii</strong></span> <span class='ocrx_word' id='word_1_317' title='bbox 869 2727 1063 2799; x_wconf 87' lang='lat' dir='ltr'><strong>jugulo</strong></span> <span class='ocrx_word' id='word_1_318' title='bbox 1093 2727 1458 2786; x_wconf 90' lang='lat' dir='ltr'><strong>tradiderunt.</strong></span> 
     </span>
    </p>
   </div>
   <div class='ocr_carea' id='block_1_45' title="bbox 962 2837 1422 2898">
    <p class='ocr_par' dir='ltr' id='par_1_45' title="bbox 962 2837 1422 2898">
     <span class='ocr_line' id='line_1_45' title="bbox 962 2837 1422 2898; baseline 0.009 -4"><span class='ocrx_word' id='word_1_319' title='bbox 962 2837 1296 2897; x_wconf 79' lang='lat' dir='ltr'><strong>EPISTOLA</strong></span> <span class='ocrx_word' id='word_1_320' title='bbox 1326 2843 1422 2898; x_wconf 87' lang='lat' dir='ltr'><strong>lll.</strong></span> 
     </span>
    </p>
   </div>
   <div class='ocr_carea' id='block_1_46' title="bbox 510 2929 1936 3004">
    <p class='ocr_par' dir='ltr' id='par_1_46' title="bbox 510 2929 1936 3004">
     <span class='ocr_line' id='line_1_46' title="bbox 510 2929 1936 3004; baseline 0.004 -18"><span class='ocrx_word' id='word_1_321' title='bbox 510 2929 580 2987; x_wconf 87' lang='lat' dir='ltr'><strong>Ut</strong></span> <span class='ocrx_word' id='word_1_322' title='bbox 609 2930 842 2986; x_wconf 74' lang='lat' dir='ltr'><strong>vitentur</strong></span> <span class='ocrx_word' id='word_1_323' title='bbox 871 2930 1222 2987; x_wconf 75' lang='lat' dir='ltr'><strong>detractiones</strong></span> <span class='ocrx_word' id='word_1_324' title='bbox 1247 2942 1297 2988; x_wconf 83' lang='lat' dir='ltr'><strong>et</strong></span> <span class='ocrx_word' id='word_1_325' title='bbox 1339 2933 1557 3004; x_wconf 68' lang='lat' dir='ltr'><strong>injustas</strong></span> <span class='ocrx_word' id='word_1_326' title='bbox 1584 2933 1936 3003; x_wconf 79' lang='lat' dir='ltr'><strong>pulsationcs.</strong></span> 
     </span>
    </p>
   </div>
   <div class='ocr_carea' id='block_1_47' title="bbox 503 3022 2003 3094">
    <p class='ocr_par' dir='ltr' id='par_1_47' title="bbox 503 3022 2003 3094">
     <span class='ocr_line' id='line_1_47' title="bbox 503 3022 2003 3094; baseline 0.002 -17"><span class='ocrx_word' id='word_1_327' title='bbox 503 3023 812 3078; x_wconf 81' lang='lat' dir='ltr'><strong>Alexander</strong></span> <span class='ocrx_word' id='word_1_328' title='bbox 842 3022 1156 3094; x_wconf 82' lang='lat' dir='ltr'><strong>cpiscOpus,</strong></span> <span class='ocrx_word' id='word_1_329' title='bbox 1194 3025 1454 3081; x_wconf 89' lang='lat' dir='ltr'><strong>omnibus</strong></span> <span class='ocrx_word' id='word_1_330' title='bbox 1482 3025 1669 3080; x_wconf 87' lang='lat' dir='ltr'><strong>divino</strong></span> <span class='ocrx_word' id='word_1_331' title='bbox 1695 3027 2003 3082; x_wconf 89' lang='lat' dir='ltr'><strong>sacerdotio</strong></span> 
     </span>
    </p>
   </div>
   <div class='ocr_carea' id='block_1_48' title="bbox 2113 1921 3702 2000">
    <p class='ocr_par' dir='ltr' id='par_1_48' title="bbox 2113 1921 3702 2000">
     <span class='ocr_line' id='line_1_48' title="bbox 2113 1921 3702 2000; baseline 0.007 -27"><span class='ocrx_word' id='word_1_332' title='bbox 2113 1929 2317 1984; x_wconf 85' lang='lat' dir='ltr'><strong>vestra,</strong></span> <span class='ocrx_word' id='word_1_333' title='bbox 2356 1930 2413 1977; x_wconf 90' lang='lat' dir='ltr'><strong>et</strong></span> <span class='ocrx_word' id='word_1_334' title='bbox 2455 1921 2810 1980; x_wconf 87' lang='lat' dir='ltr'><strong>ambulabitis</strong></span> <span class='ocrx_word' id='word_1_335' title='bbox 2863 1926 3117 1996; x_wconf 85' lang='lat' dir='ltr'><strong>superbi,</strong></span> <span class='ocrx_word' id='word_1_336' title='bbox 3157 1928 3418 1996; x_wconf 89' lang='lat' dir='ltr'><strong>quoniam</strong></span> <span class='ocrx_word' id='word_1_337' title='bbox 3479 1939 3702 2000; x_wconf 84' lang='lat' dir='ltr'><strong>tempus</strong></span> 
     </span>
    </p>
   </div>
   <div class='ocr_carea' id='block_1_49' title="bbox 2113 2011 3698 2092">
    <p class='ocr_par' dir='ltr' id='par_1_49' title="bbox 2113 2011 3698 2092">
     <span class='ocr_line' id='line_1_49' title="bbox 2113 2011 3698 2092; baseline 0.008 -28"><span class='ocrx_word' id='word_1_338' title='bbox 2113 2011 2418 2080; x_wconf 89' lang='lat' dir='ltr'><strong>pessimum</strong></span> <span class='ocrx_word' id='word_1_339' title='bbox 2458 2025 2562 2070; x_wconf 85' lang='lat' dir='ltr'><strong>est.</strong></span> <span class='ocrx_word' id='word_1_340' title='bbox 2604 2014 2664 2070; x_wconf 88' lang='lat' dir='ltr'><strong>lu</strong></span> <span class='ocrx_word' id='word_1_341' title='bbox 2693 2016 2781 2072; x_wconf 91' lang='lat' dir='ltr'><strong>die</strong></span> <span class='ocrx_word' id='word_1_342' title='bbox 2807 2017 2898 2072; x_wconf 90' lang='lat' dir='ltr'><strong>illa</strong></span> <span class='ocrx_word' id='word_1_343' title='bbox 2923 2028 3172 2074; x_wconf 87' lang='lat' dir='ltr'><strong>sumetur</strong></span> <span class='ocrx_word' id='word_1_344' title='bbox 3201 2035 3365 2091; x_wconf 88' lang='lat' dir='ltr'><strong>super</strong></span> <span class='ocrx_word' id='word_1_345' title='bbox 3392 2037 3498 2077; x_wconf 90' lang='lat' dir='ltr'><strong>vos</strong></span> <span class='ocrx_word' id='word_1_346' title='bbox 3534 2037 3698 2092; x_wconf 57' lang='lat' dir='ltr'><strong>para-</strong></span> 
     </span>
    </p>
   </div>
   <div class='ocr_carea' id='block_1_50' title="bbox 2113 2103 3697 2178">
    <p class='ocr_par' dir='ltr' id='par_1_50' title="bbox 2113 2103 3697 2178">
     <span class='ocr_line' id='line_1_50' title="bbox 2113 2103 3697 2178; baseline 0.007 -21"><span class='ocrx_word' id='word_1_347' title='bbox 2113 2103 2263 2172; x_wconf 84' lang='lat' dir='ltr'><strong>b‘ola,</strong></span> <span class='ocrx_word' id='word_1_348' title='bbox 2287 2119 2342 2161; x_wconf 90' lang='lat' dir='ltr'><strong>et</strong></span> <span class='ocrx_word' id='word_1_349' title='bbox 2360 2109 2669 2163; x_wconf 89' lang='lat' dir='ltr'><strong>cantabitur</strong></span> <span class='ocrx_word' id='word_1_350' title='bbox 2695 2111 2972 2166; x_wconf 89' lang='lat' dir='ltr'><strong>canticum</strong></span> <span class='ocrx_word' id='word_1_351' title='bbox 3003 2127 3128 2166; x_wconf 91' lang='lat' dir='ltr'><strong>cum</strong></span> <span class='ocrx_word' id='word_1_352' title='bbox 3163 2114 3459 2178; x_wconf 85' lang='lat' dir='ltr'><strong>suavitate,</strong></span> <span class='ocrx_word' id='word_1_353' title='bbox 3506 2115 3697 2170; x_wconf 87' lang='lat' dir='ltr'><strong>diecu-</strong></span> 
     </span>
    </p>
   </div>
   <div class='ocr_carea' id='block_1_51' title="bbox 2113 2196 3695 2280">
    <p class='ocr_par' dir='ltr' id='par_1_51' title="bbox 2113 2196 3695 2280">
     <span class='ocr_line' id='line_1_51' title="bbox 2113 2196 3695 2280; baseline 0.009 -30"><span class='ocrx_word' id='word_1_354' title='bbox 2113 2196 2250 2251; x_wconf 85' lang='lat' dir='ltr'><strong>tium</strong></span> <span class='ocrx_word' id='word_1_355' title='bbox 2291 2197 2764 2270; x_wconf 86' lang='lat' dir='ltr'><strong>:Depopulatlone</strong></span> <span class='ocrx_word' id='word_1_356' title='bbox 2811 2203 3012 2258; x_wconf 83' lang='lat' dir='ltr'><strong>vastati</strong></span> <span class='ocrx_word' id='word_1_357' title='bbox 3071 2220 3284 2270; x_wconf 90' lang='lat' dir='ltr'><strong>sumus,</strong></span> <span class='ocrx_word' id='word_1_358' title='bbox 3326 2222 3463 2278; x_wconf 90' lang='lat' dir='ltr'><strong>pars</strong></span> <span class='ocrx_word' id='word_1_359' title='bbox 3509 2210 3695 2280; x_wconf 86' lang='lat' dir='ltr'><strong>populi</strong></span> 
     </span>
    </p>
   </div>
   <div class='ocr_carea' id='block_1_52' title="bbox 2114 2289 3695 2369">
    <p class='ocr_par' dir='ltr' id='par_1_52' title="bbox 2114 2289 3695 2369">
     <span class='ocr_line' id='line_1_52' title="bbox 2114 2289 3695 2369; baseline 0.009 -26"><span class='ocrx_word' id='word_1_360' title='bbox 2114 2289 2218 2344; x_wconf 90' lang='lat' dir='ltr'><strong>mei</strong></span> <span class='ocrx_word' id='word_1_361' title='bbox 2252 2301 2591 2348; x_wconf 86' lang='lat' dir='ltr'><strong>commutata</strong></span> <span class='ocrx_word' id='word_1_362' title='bbox 2623 2301 2726 2350; x_wconf 90' lang='lat' dir='ltr'><strong>est.</strong></span> <span class='ocrx_word' id='word_1_363' title='bbox 2763 2293 3056 2362; x_wconf 84' lang='lat' dir='ltr'><strong>Quomodo</strong></span> <span class='ocrx_word' id='word_1_364' title='bbox 3088 2298 3296 2354; x_wconf 88' lang='lat' dir='ltr'><strong>recedis</strong></span> <span class='ocrx_word' id='word_1_365' title='bbox 3337 2316 3369 2355; x_wconf 90' lang='lat' dir='ltr'><strong>a</strong></span> <span class='ocrx_word' id='word_1_366' title='bbox 3399 2317 3494 2357; x_wconf 92' lang='lat' dir='ltr'><strong>me</strong></span> <span class='ocrx_word' id='word_1_367' title='bbox 3515 2343 3534 2369; x_wconf 94' lang='lat'><strong>,</strong></span> <span class='ocrx_word' id='word_1_368' title='bbox 3575 2319 3695 2358; x_wconf 88' lang='lat' dir='ltr'><strong>cum</strong></span> 
     </span>
    </p>
   </div>
   <div class='ocr_carea' id='block_1_53' title="bbox 2112 2383 3698 2460">
    <p class='ocr_par' dir='ltr' id='par_1_53' title="bbox 2112 2383 3698 2460">
     <span class='ocr_line' id='line_1_53' title="bbox 2112 2383 3698 2460; baseline 0.008 -28"><span class='ocrx_word' id='word_1_369' title='bbox 2112 2388 2440 2449; x_wconf 79' lang='lat' dir='ltr'><strong>revertatur,</strong></span> <span class='ocrx_word' id='word_1_370' title='bbox 2475 2383 2572 2452; x_wconf 91' lang='lat' dir='ltr'><strong>qui</strong></span> <span class='ocrx_word' id='word_1_371' title='bbox 2617 2384 2873 2455; x_wconf 88' lang='lat' dir='ltr'><strong>regiones</strong></span> <span class='ocrx_word' id='word_1_372' title='bbox 2921 2392 3144 2441; x_wconf 83' lang='lat' dir='ltr'><strong>nostras</strong></span> <span class='ocrx_word' id='word_1_373' title='bbox 3184 2387 3429 2442; x_wconf 84' lang='lat' dir='ltr'><strong>dividat?</strong></span> <span class='ocrx_word' id='word_1_374' title='bbox 3473 2399 3698 2460; x_wconf 85' lang='lat' dir='ltr'><strong>propter</strong></span> 
     </span>
    </p>
   </div>
   <div class='ocr_carea' id='block_1_54' title="bbox 2111 2470 3694 2541">
    <p class='ocr_par' dir='ltr' id='par_1_54' title="bbox 2111 2470 3694 2541">
     <span class='ocr_line' id='line_1_54' title="bbox 2111 2470 3694 2541; baseline 0.005 -19"><span class='ocrx_word' id='word_1_375' title='bbox 2111 2470 2282 2538; x_wconf 84' lang='lat' dir='ltr'><strong>quod,</strong></span> <span class='ocrx_word' id='word_1_376' title='bbox 2309 2486 2418 2525; x_wconf 91' lang='lat' dir='ltr'><strong>non</strong></span> <span class='ocrx_word' id='word_1_377' title='bbox 2437 2471 2543 2526; x_wconf 89' lang='lat' dir='ltr'><strong>erit</strong></span> <span class='ocrx_word' id='word_1_378' title='bbox 2563 2472 2658 2527; x_wconf 91' lang='lat' dir='ltr'><strong>tibi</strong></span> <span class='ocrx_word' id='word_1_379' title='bbox 2677 2473 2899 2528; x_wconf 90' lang='lat' dir='ltr'><strong>mittens</strong></span> <span class='ocrx_word' id='word_1_380' title='bbox 2923 2471 3252 2541; x_wconf 89' lang='lat' dir='ltr'><strong>funiculum,</strong></span> <span class='ocrx_word' id='word_1_381' title='bbox 3280 2473 3444 2532; x_wconf 90' lang='lat' dir='ltr'><strong>fortis</strong></span> <span class='ocrx_word' id='word_1_382' title='bbox 3469 2477 3530 2532; x_wconf 87' lang='lat' dir='ltr'><strong>in</strong></span> <span class='ocrx_word' id='word_1_383' title='bbox 3552 2489 3694 2534; x_wconf 71' lang='lat' dir='ltr'><strong>coetu</strong></span> 
     </span>
    </p>
   </div>
   <div class='ocr_carea' id='block_1_55' title="bbox 2111 2559 3693 2637">
    <p class='ocr_par' dir='ltr' id='par_1_55' title="bbox 2111 2559 3693 2637">
     <span class='ocr_line' id='line_1_55' title="bbox 2111 2559 3693 2637; baseline 0.008 -23"><span class='ocrx_word' id='word_1_384' title='bbox 2111 2559 2355 2616; x_wconf 91' lang='lat' dir='ltr'><strong>Domini.</strong></span> <span class='ocrx_word' id='word_1_385' title='bbox 2390 2561 2470 2618; x_wconf 87' lang='lat' dir='ltr'><strong>Ne</strong></span> <span class='ocrx_word' id='word_1_386' title='bbox 2503 2563 2804 2634; x_wconf 90' lang='lat' dir='ltr'><strong>loquamini</strong></span> <span class='ocrx_word' id='word_1_387' title='bbox 2829 2565 3115 2637; x_wconf 84' lang='lat' dir='ltr'><strong>loquentes</strong></span> <span class='ocrx_word' id='word_1_388' title='bbox 3143 2583 3160 2620; x_wconf 90' lang='lat'><strong>:</strong></span> <span class='ocrx_word' id='word_1_389' title='bbox 3189 2565 3308 2623; x_wconf 88' lang='lat' dir='ltr'><strong>Non</strong></span> <span class='ocrx_word' id='word_1_390' title='bbox 3338 2569 3581 2625; x_wconf 83' lang='lat' dir='ltr'><strong>stillabit</strong></span> <span class='ocrx_word' id='word_1_391' title='bbox 3605 2586 3693 2626; x_wconf 90' lang='lat' dir='ltr'><strong>su-</strong></span> 
     </span>
    </p>
   </div>
   <div class='ocr_carea' id='block_1_56' title="bbox 2109 2651 3694 2725">
    <p class='ocr_par' dir='ltr' id='par_1_56' title="bbox 2109 2651 3694 2725">
     <span class='ocr_line' id='line_1_56' title="bbox 2109 2651 3694 2725; baseline 0.006 -20"><span class='ocrx_word' id='word_1_392' title='bbox 2109 2665 2208 2722; x_wconf 89' lang='lat' dir='ltr'><strong>per</strong></span> <span class='ocrx_word' id='word_1_393' title='bbox 2240 2651 2398 2720; x_wconf 89' lang='lat' dir='ltr'><strong>istos,</strong></span> <span class='ocrx_word' id='word_1_394' title='bbox 2428 2667 2539 2708; x_wconf 92' lang='lat' dir='ltr'><strong>non</strong></span> <span class='ocrx_word' id='word_1_395' title='bbox 2567 2655 2996 2724; x_wconf 69' lang='lat' dir='ltr'><strong>commehendet</strong></span> <span class='ocrx_word' id='word_1_396' title='bbox 3017 2656 3293 2725; x_wconf 80' lang='lat' dir='ltr'><strong>confusio,</strong></span> <span class='ocrx_word' id='word_1_397' title='bbox 3321 2658 3462 2714; x_wconf 90' lang='lat' dir='ltr'><strong>dicit</strong></span> <span class='ocrx_word' id='word_1_398' title='bbox 3505 2659 3694 2715; x_wconf 87' lang='lat' dir='ltr'><strong>Domi-</strong></span> 
     </span>
    </p>
   </div>
   <div class='ocr_carea' id='block_1_57' title="bbox 2110 2740 3692 2818">
    <p class='ocr_par' dir='ltr' id='par_1_57' title="bbox 2110 2740 3692 2818">
     <span class='ocr_line' id='line_1_57' title="bbox 2110 2740 3692 2818; baseline 0.005 -23"><span class='ocrx_word' id='word_1_399' title='bbox 2110 2756 2216 2796; x_wconf 89' lang='lat' dir='ltr'><strong>nus</strong></span> <span class='ocrx_word' id='word_1_400' title='bbox 2245 2740 2438 2798; x_wconf 80' lang='lat' dir='ltr'><strong>Jacob.</strong></span> <span class='ocrx_word' id='word_1_401' title='bbox 2473 2741 2734 2815; x_wconf 84' lang='lat' dir='ltr'><strong>Nunquid</strong></span> <span class='ocrx_word' id='word_1_402' title='bbox 2778 2745 3127 2803; x_wconf 89' lang='lat' dir='ltr'><strong>abbreviatus</strong></span> <span class='ocrx_word' id='word_1_403' title='bbox 3171 2757 3258 2803; x_wconf 89' lang='lat' dir='ltr'><strong>est</strong></span> <span class='ocrx_word' id='word_1_404' title='bbox 3303 2749 3542 2818; x_wconf 88' lang='lat' dir='ltr'><strong>spiritus</strong></span> <span class='ocrx_word' id='word_1_405' title='bbox 3587 2749 3692 2803; x_wconf 85' lang='lat' dir='ltr'><strong>Do-</strong></span> 
     </span>
    </p>
   </div>
   <div class='ocr_carea' id='block_1_58' title="bbox 2109 2831 3690 2908">
    <p class='ocr_par' dir='ltr' id='par_1_58' title="bbox 2109 2831 3690 2908">
     <span class='ocr_line' id='line_1_58' title="bbox 2109 2831 3690 2908; baseline 0.006 -23"><span class='ocrx_word' id='word_1_406' title='bbox 2109 2831 2266 2899; x_wconf 83' lang='lat' dir='ltr'><strong>mini,</strong></span> <span class='ocrx_word' id='word_1_407' title='bbox 2295 2842 2391 2890; x_wconf 91' lang='lat' dir='ltr'><strong>aut</strong></span> <span class='ocrx_word' id='word_1_408' title='bbox 2413 2834 2550 2892; x_wconf 87' lang='lat' dir='ltr'><strong>tales</strong></span> <span class='ocrx_word' id='word_1_409' title='bbox 2576 2845 2705 2892; x_wconf 91' lang='lat' dir='ltr'><strong>sunt</strong></span> <span class='ocrx_word' id='word_1_410' title='bbox 2727 2836 3083 2906; x_wconf 83' lang='lat' dir='ltr'><strong>cogitationes</strong></span> <span class='ocrx_word' id='word_1_411' title='bbox 3109 2838 3272 2908; x_wconf 83' lang='lat' dir='ltr'><strong>ejus?</strong></span> <span class='ocrx_word' id='word_1_412' title='bbox 3297 2837 3504 2896; x_wconf 82' lang='lat' dir='ltr'><strong>Nonne</strong></span> <span class='ocrx_word' id='word_1_413' title='bbox 3529 2841 3690 2896; x_wconf 85' lang='lat' dir='ltr'><strong>verba</strong></span> 
     </span>
    </p>
   </div>
   <div class='ocr_carea' id='block_1_59' title="bbox 2109 2925 3694 3002">
    <p class='ocr_par' dir='ltr' id='par_1_59' title="bbox 2109 2925 3694 3002">
     <span class='ocr_line' id='line_1_59' title="bbox 2109 2925 3694 3002; baseline 0.007 -24"><span class='ocrx_word' id='word_1_414' title='bbox 2109 2937 2231 2979; x_wconf 81' lang='lat' dir='ltr'><strong>mea</strong></span> <span class='ocrx_word' id='word_1_415' title='bbox 2268 2925 2411 2980; x_wconf 86' lang='lat' dir='ltr'><strong>bona</strong></span> <span class='ocrx_word' id='word_1_416' title='bbox 2453 2936 2584 2983; x_wconf 89' lang='lat' dir='ltr'><strong>sunt</strong></span> <span class='ocrx_word' id='word_1_417' title='bbox 2626 2943 2754 2984; x_wconf 90' lang='lat' dir='ltr'><strong>cum</strong></span> <span class='ocrx_word' id='word_1_418' title='bbox 2799 2943 2889 2997; x_wconf 90' lang='lat' dir='ltr'><strong>eo,</strong></span> <span class='ocrx_word' id='word_1_419' title='bbox 2924 2929 3021 3000; x_wconf 90' lang='lat' dir='ltr'><strong>qui</strong></span> <span class='ocrx_word' id='word_1_420' title='bbox 3065 2943 3213 2987; x_wconf 87' lang='lat' dir='ltr'><strong>recte</strong></span> <span class='ocrx_word' id='word_1_421' title='bbox 3243 2933 3548 3002; x_wconf 79' lang='lat' dir='ltr'><strong>graditur?</strong></span> <span class='ocrx_word' id='word_1_422' title='bbox 3577 2945 3631 2989; x_wconf 92' lang='lat' dir='ltr'><strong>et</strong></span> <span class='ocrx_word' id='word_1_423' title='bbox 3665 2950 3694 2989; x_wconf 90' lang='lat' dir='ltr'><strong>e</strong></span> 
     </span>
    </p>
   </div>
   <div class='ocr_carea' id='block_1_60' title="bbox 2111 3015 3690 3086">
    <p class='ocr_par' dir='ltr' id='par_1_60' title="bbox 2111 3015 3690 3086">
     <span class='ocr_line' id='line_1_60' title="bbox 2111 3015 3690 3086; baseline 0.006 -19"><span class='ocrx_word' id='word_1_424' title='bbox 2111 3015 2420 3081; x_wconf 83' lang='lat' dir='ltr'><strong>contrario;</strong></span> <span class='ocrx_word' id='word_1_425' title='bbox 2457 3017 2694 3086; x_wconf 90' lang='lat' dir='ltr'><strong>populus</strong></span> <span class='ocrx_word' id='word_1_426' title='bbox 2736 3033 2894 3074; x_wconf 91' lang='lat' dir='ltr'><strong>meus</strong></span> <span class='ocrx_word' id='word_1_427' title='bbox 2939 3019 2995 3073; x_wconf 90' lang='lat' dir='ltr'><strong>in</strong></span> <span class='ocrx_word' id='word_1_428' title='bbox 3039 3019 3413 3077; x_wconf 87' lang='lat' dir='ltr'><strong>adversarium</strong></span> <span class='ocrx_word' id='word_1_429' title='bbox 3454 3038 3690 3079; x_wconf 85' lang='lat' dir='ltr'><strong>consur-</strong></span> 
     </span>
    </p>
   </div>
   <div class='ocr_carea' id='block_1_61' title="bbox 355 3106 2020 3187">
    <p class='ocr_par' dir='ltr' id='par_1_61' title="bbox 355 3111 2010 3186">
     <span class='ocr_line' id='line_1_61' title="bbox 355 3111 2010 3186; baseline 0.002 -18"><span class='ocrx_word' id='word_1_430' title='bbox 355 3111 362 3118; x_wconf 83' lang='grc'><em>’</em></span> <span class='ocrx_word' id='word_1_431' title='bbox 434 3113 788 3186; x_wconf 87' lang='lat' dir='ltr'><strong>fungentibus</strong></span> <span class='ocrx_word' id='word_1_432' title='bbox 816 3128 922 3185; x_wconf 89' lang='lat' dir='ltr'><strong>pax</strong></span> <span class='ocrx_word' id='word_1_433' title='bbox 951 3121 1007 3170; x_wconf 90' lang='lat' dir='ltr'><strong>et</strong></span> <span class='ocrx_word' id='word_1_434' title='bbox 1055 3113 1436 3170; x_wconf 82' lang='lat' dir='ltr'><strong>misericordia</strong></span> <span class='ocrx_word' id='word_1_435' title='bbox 1488 3115 1904 3186; x_wconf 80' lang='lat' dir='ltr'><strong>multiplicetur,</strong></span> <span class='ocrx_word' id='word_1_436' title='bbox 1955 3126 2010 3172; x_wconf 85' lang='lat' dir='ltr'><strong>et</strong></span> 
     </span>
    </p>
   </div>
   <div class='ocr_carea' id='block_1_62' title="bbox 2108 3106 3692 3187">
    <p class='ocr_par' dir='ltr' id='par_1_62' title="bbox 2111 3106 3692 3186">
     <span class='ocr_line' id='line_1_62' title="bbox 2111 3106 3692 3186; baseline 0.008 -26"><span class='ocrx_word' id='word_1_437' title='bbox 2111 3106 2271 3162; x_wconf 81' lang='lat' dir='ltr'><strong>rexit.</strong></span> <span class='ocrx_word' id='word_1_438' title='bbox 2302 3107 2544 3179; x_wconf 88' lang='lat' dir='ltr'><strong>Desuper</strong></span> <span class='ocrx_word' id='word_1_439' title='bbox 2575 3109 2758 3166; x_wconf 89' lang='lat' dir='ltr'><strong>tunica</strong></span> <span class='ocrx_word' id='word_1_440' title='bbox 2785 3112 3010 3182; x_wconf 89' lang='lat' dir='ltr'><strong>pallium</strong></span> <span class='ocrx_word' id='word_1_441' title='bbox 3042 3113 3364 3180; x_wconf 87' lang='lat' dir='ltr'><strong>sustulistis,</strong></span> <span class='ocrx_word' id='word_1_442' title='bbox 3398 3126 3455 3170; x_wconf 88' lang='lat' dir='ltr'><strong>et</strong></span> <span class='ocrx_word' id='word_1_443' title='bbox 3481 3133 3583 3172; x_wconf 86' lang='lat' dir='ltr'><strong>eos</strong></span> <span class='ocrx_word' id='word_1_444' title='bbox 3605 3117 3692 3186; x_wconf 78' lang='lat' dir='ltr'><strong>qui</strong></span> 
     </span>
    </p>
   </div>
   <div class='ocr_carea' id='block_1_63' title="bbox 434 3203 2010 3277">
    <p class='ocr_par' dir='ltr' id='par_1_63' title="bbox 434 3203 2010 3277">
     <span class='ocr_line' id='line_1_63' title="bbox 434 3203 2010 3277; baseline -0.001 -15"><span class='ocrx_word' id='word_1_445' title='bbox 434 3206 702 3277; x_wconf 85' lang='lat' dir='ltr'><strong>sapientia</strong></span> <span class='ocrx_word' id='word_1_446' title='bbox 723 3213 887 3276; x_wconf 90' lang='lat' dir='ltr'><strong>atque</strong></span> <span class='ocrx_word' id='word_1_447' title='bbox 911 3203 1056 3260; x_wconf 85' lang='lat' dir='ltr'><strong>bona</strong></span> <span class='ocrx_word' id='word_1_448' title='bbox 1093 3204 1346 3262; x_wconf 77' lang='lat' dir='ltr'><strong>voluntas</strong></span> <span class='ocrx_word' id='word_1_449' title='bbox 1376 3205 1430 3260; x_wconf 87' lang='lat' dir='ltr'><strong>in</strong></span> <span class='ocrx_word' id='word_1_450' title='bbox 1457 3205 1716 3262; x_wconf 82' lang='lat' dir='ltr'><strong>omnibus</strong></span> <span class='ocrx_word' id='word_1_451' title='bbox 1745 3216 2010 3277; x_wconf 84' lang='lat' dir='ltr'><strong>augeatur</strong></span> 
     </span>
    </p>
   </div>
   <div class='ocr_carea' id='block_1_64' title="bbox 436 3294 1232 3355">
    <p class='ocr_par' dir='ltr' id='par_1_64' title="bbox 436 3294 1232 3355">
     <span class='ocr_line' id='line_1_64' title="bbox 436 3294 1232 3355; baseline -0.004 0"><span class='ocrx_word' id='word_1_452' title='bbox 436 3307 493 3355; x_wconf 89' lang='lat' dir='ltr'><strong>et</strong></span> <span class='ocrx_word' id='word_1_453' title='bbox 513 3296 874 3354; x_wconf 82' lang='lat' dir='ltr'><strong>fructificetur</strong></span> <span class='ocrx_word' id='word_1_454' title='bbox 899 3296 956 3351; x_wconf 91' lang='lat' dir='ltr'><strong>in</strong></span> <span class='ocrx_word' id='word_1_455' title='bbox 978 3294 1232 3352; x_wconf 91' lang='lat' dir='ltr'><strong>Domino.</strong></span> 
     </span>
    </p>
   </div>
   <div class='ocr_carea' id='block_1_65' title="bbox 508 3387 2008 3460">
    <p class='ocr_par' dir='ltr' id='par_1_65' title="bbox 508 3387 2008 3460">
     <span class='ocr_line' id='line_1_65' title="bbox 508 3387 2008 3460; baseline -0.001 -14"><span class='ocrx_word' id='word_1_456' title='bbox 508 3409 530 3446; x_wconf 79' lang='grc' dir='ltr'><strong>ι</strong></span> <span class='ocrx_word' id='word_1_457' title='bbox 574 3389 761 3447; x_wconf 85' lang='lat' dir='ltr'><strong>Gratia</strong></span> <span class='ocrx_word' id='word_1_458' title='bbox 789 3387 887 3444; x_wconf 90' lang='lat' dir='ltr'><strong>Dei</strong></span> <span class='ocrx_word' id='word_1_459' title='bbox 916 3403 1132 3456; x_wconf 89' lang='lat' dir='ltr'><strong>sumus,</strong></span> <span class='ocrx_word' id='word_1_460' title='bbox 1166 3387 1365 3445; x_wconf 78' lang='lat' dir='ltr'><strong>fratres</strong></span> <span class='ocrx_word' id='word_1_461' title='bbox 1400 3388 1738 3457; x_wconf 89' lang='lat' dir='ltr'><strong>charissimi,</strong></span> <span class='ocrx_word' id='word_1_462' title='bbox 1775 3388 1826 3443; x_wconf 88' lang='lat' dir='ltr'><strong>id</strong></span> <span class='ocrx_word' id='word_1_463' title='bbox 1859 3389 2008 3460; x_wconf 92' lang='lat' dir='ltr'><strong>quod</strong></span> 
     </span>
    </p>
   </div>
   <div class='ocr_carea' id='block_1_66' title="bbox 430 3477 2010 3552">
    <p class='ocr_par' dir='ltr' id='par_1_66' title="bbox 430 3477 2010 3552">
     <span class='ocr_line' id='line_1_66' title="bbox 430 3477 2010 3552; baseline -0.001 -14"><span class='ocrx_word' id='word_1_464' title='bbox 430 3496 626 3538; x_wconf 88' lang='lat' dir='ltr'><strong>sumus</strong></span> <span class='ocrx_word' id='word_1_465' title='bbox 656 3480 722 3534; x_wconf 72' lang='lat'><strong>“.</strong></span> <span class='ocrx_word' id='word_1_466' title='bbox 758 3498 778 3533; x_wconf 69' lang='grc' dir='ltr'><strong>ι</strong></span> <span class='ocrx_word' id='word_1_467' title='bbox 809 3477 1019 3536; x_wconf 85' lang='lat' dir='ltr'><strong>Idcirco</strong></span> <span class='ocrx_word' id='word_1_468' title='bbox 1055 3478 1218 3534; x_wconf 91' lang='lat' dir='ltr'><strong>nobis</strong></span> <span class='ocrx_word' id='word_1_469' title='bbox 1256 3479 1652 3550; x_wconf 88' lang='lat' dir='ltr'><strong>providendum</strong></span> <span class='ocrx_word' id='word_1_470' title='bbox 1677 3490 1784 3546; x_wconf 87' lang='lat' dir='ltr'><strong>est,</strong></span> <span class='ocrx_word' id='word_1_471' title='bbox 1825 3491 1878 3536; x_wconf 91' lang='lat' dir='ltr'><strong>et</strong></span> <span class='ocrx_word' id='word_1_472' title='bbox 1909 3496 2010 3552; x_wconf 90' lang='lat' dir='ltr'><strong>op-</strong></span> 
     </span>
    </p>
   </div>
   <div class='ocr_carea' id='block_1_67' title="bbox 429 3570 2006 3644">
    <p class='ocr_par' dir='ltr' id='par_1_67' title="bbox 429 3570 2006 3644">
     <span class='ocr_line' id='line_1_67' title="bbox 429 3570 2006 3644; baseline 0 -16"><span class='ocrx_word' id='word_1_473' title='bbox 429 3572 561 3644; x_wconf 86' lang='lat' dir='ltr'><strong>pido</strong></span> <span class='ocrx_word' id='word_1_474' title='bbox 593 3570 1012 3637; x_wconf 89' lang='lat' dir='ltr'><strong>decertandum,</strong></span> <span class='ocrx_word' id='word_1_475' title='bbox 1038 3585 1106 3625; x_wconf 91' lang='lat' dir='ltr'><strong>ne</strong></span> <span class='ocrx_word' id='word_1_476' title='bbox 1134 3570 1190 3625; x_wconf 93' lang='lat' dir='ltr'><strong>in</strong></span> <span class='ocrx_word' id='word_1_477' title='bbox 1223 3585 1286 3626; x_wconf 87' lang='lat' dir='ltr'><strong>ea</strong></span> <span class='ocrx_word' id='word_1_478' title='bbox 1311 3570 1472 3626; x_wconf 86' lang='lat' dir='ltr'><strong>vacui</strong></span> <span class='ocrx_word' id='word_1_479' title='bbox 1506 3571 1872 3640; x_wconf 87' lang='lat' dir='ltr'><strong>inveniamur,</strong></span> <span class='ocrx_word' id='word_1_480' title='bbox 1887 3573 2006 3639; x_wconf 90' lang='lat' dir='ltr'><strong>sed,</strong></span> 
     </span>
    </p>
   </div>
   <div class='ocr_carea' id='block_1_68' title="bbox 428 3662 2007 3734">
    <p class='ocr_par' dir='ltr' id='par_1_68' title="bbox 428 3662 2007 3734">
     <span class='ocr_line' id='line_1_68' title="bbox 428 3662 2007 3734; baseline 0 -14"><span class='ocrx_word' id='word_1_481' title='bbox 428 3664 620 3720; x_wconf 86' lang='lat' dir='ltr'><strong>eadem</strong></span> <span class='ocrx_word' id='word_1_482' title='bbox 649 3662 812 3719; x_wconf 91' lang='lat' dir='ltr'><strong>nobis</strong></span> <span class='ocrx_word' id='word_1_483' title='bbox 859 3670 1190 3732; x_wconf 90' lang='lat' dir='ltr'><strong>cooperante</strong></span> <span class='ocrx_word' id='word_1_484' title='bbox 1239 3663 1436 3734; x_wconf 81' lang='lat' dir='ltr'><strong>gratia,</strong></span> <span class='ocrx_word' id='word_1_485' title='bbox 1483 3662 1725 3718; x_wconf 89' lang='lat' dir='ltr'><strong>fructum</strong></span> <span class='ocrx_word' id='word_1_486' title='bbox 1772 3663 2007 3720; x_wconf 89' lang='lat' dir='ltr'><strong>Domino</strong></span> 
     </span>
    </p>
   </div>
   <div class='ocr_carea' id='block_1_69' title="bbox 428 3751 2005 3826">
    <p class='ocr_par' dir='ltr' id='par_1_69' title="bbox 428 3751 2005 3826">
     <span class='ocr_line' id='line_1_69' title="bbox 428 3751 2005 3826; baseline 0.001 -18"><span class='ocrx_word' id='word_1_487' title='bbox 428 3753 727 3826; x_wconf 86' lang='lat' dir='ltr'><strong>plurimum</strong></span> <span class='ocrx_word' id='word_1_488' title='bbox 751 3761 1117 3824; x_wconf 88' lang='lat' dir='ltr'><strong>reportemus.</strong></span> <span class='ocrx_word' id='word_1_489' title='bbox 1144 3751 1302 3820; x_wconf 87' lang='lat' dir='ltr'><strong>Quod</strong></span> <span class='ocrx_word' id='word_1_490' title='bbox 1327 3754 1487 3810; x_wconf 89' lang='lat' dir='ltr'><strong>aliter</strong></span> <span class='ocrx_word' id='word_1_491' title='bbox 1518 3753 1636 3810; x_wconf 79' lang='lat' dir='ltr'><strong>ficri</strong></span> <span class='ocrx_word' id='word_1_492' title='bbox 1667 3771 1777 3811; x_wconf 82' lang='lat' dir='ltr'><strong>non</strong></span> <span class='ocrx_word' id='word_1_493' title='bbox 1802 3765 2005 3826; x_wconf 89' lang='lat' dir='ltr'><strong>potest,</strong></span> 
     </span>
    </p>
   </div>
   <div class='ocr_carea' id='block_1_70' title="bbox 427 3844 2008 3917">
    <p class='ocr_par' dir='ltr' id='par_1_70' title="bbox 427 3844 2008 3917">
     <span class='ocr_line' id='line_1_70' title="bbox 427 3844 2008 3917; baseline 0.003 -17"><span class='ocrx_word' id='word_1_494' title='bbox 427 3846 535 3901; x_wconf 89' lang='lat' dir='ltr'><strong>nisi</strong></span> <span class='ocrx_word' id='word_1_495' title='bbox 557 3845 880 3915; x_wconf 90' lang='lat' dir='ltr'><strong>sapientiam</strong></span> <span class='ocrx_word' id='word_1_496' title='bbox 909 3845 1252 3914; x_wconf 79' lang='lat' dir='ltr'><strong>sectando&quot;,</strong></span> <span class='ocrx_word' id='word_1_497' title='bbox 1267 3844 1498 3917; x_wconf 89' lang='lat' dir='ltr'><strong>ejusque</strong></span> <span class='ocrx_word' id='word_1_498' title='bbox 1518 3858 1790 3917; x_wconf 71' lang='lat' dir='ltr'><strong>praecepta</strong></span> <span class='ocrx_word' id='word_1_499' title='bbox 1819 3848 2008 3905; x_wconf 80' lang='lat' dir='ltr'><strong>lectio-</strong></span> 
     </span>
    </p>
   </div>
   <div class='ocr_carea' id='block_1_71' title="bbox 427 3936 2009 4009">
    <p class='ocr_par' dir='ltr' id='par_1_71' title="bbox 427 3936 2009 4009">
     <span class='ocr_line' id='line_1_71' title="bbox 427 3936 2009 4009; baseline 0.002 -17"><span class='ocrx_word' id='word_1_500' title='bbox 427 3937 594 3992; x_wconf 85' lang='lat' dir='ltr'><strong>nibus</strong></span> <span class='ocrx_word' id='word_1_501' title='bbox 611 3946 667 3992; x_wconf 90' lang='lat' dir='ltr'><strong>et</strong></span> <span class='ocrx_word' id='word_1_502' title='bbox 695 3936 911 4009; x_wconf 83' lang='lat' dir='ltr'><strong>hymnis</strong></span> <span class='ocrx_word' id='word_1_503' title='bbox 934 3936 1271 4001; x_wconf 87' lang='lat' dir='ltr'><strong>meditando,</strong></span> <span class='ocrx_word' id='word_1_504' title='bbox 1301 3945 1466 4008; x_wconf 90' lang='lat' dir='ltr'><strong>atque</strong></span> <span class='ocrx_word' id='word_1_505' title='bbox 1486 3951 1553 3992; x_wconf 90' lang='lat' dir='ltr'><strong>eo</strong></span> <span class='ocrx_word' id='word_1_506' title='bbox 1580 3937 2009 3996; x_wconf 76' lang='lat' dir='ltr'><strong>adminiculante</strong></span> 
     </span>
    </p>
   </div>
   <div class='ocr_carea' id='block_1_72' title="bbox 428 4027 2004 4100">
    <p class='ocr_par' dir='ltr' id='par_1_72' title="bbox 428 4027 2004 4100">
     <span class='ocr_line' id='line_1_72' title="bbox 428 4027 2004 4100; baseline 0.002 -17"><span class='ocrx_word' id='word_1_507' title='bbox 428 4027 730 4098; x_wconf 83' lang='lat' dir='ltr'><strong>implendo,</strong></span> <span class='ocrx_word' id='word_1_508' title='bbox 759 4027 993 4092; x_wconf 89' lang='lat' dir='ltr'><strong>orando,</strong></span> <span class='ocrx_word' id='word_1_509' title='bbox 1021 4027 1325 4099; x_wconf 89' lang='lat' dir='ltr'><strong>vigilando,</strong></span> <span class='ocrx_word' id='word_1_510' title='bbox 1359 4028 1695 4085; x_wconf 84' lang='lat' dir='ltr'><strong>voluntatem</strong></span> <span class='ocrx_word' id='word_1_511' title='bbox 1740 4030 1897 4100; x_wconf 89' lang='lat' dir='ltr'><strong>ejus,</strong></span> <span class='ocrx_word' id='word_1_512' title='bbox 1945 4031 2004 4086; x_wconf 90' lang='lat' dir='ltr'><strong>in</strong></span> 
     </span>
    </p>
   </div>
   <div class='ocr_carea' id='block_1_73' title="bbox 427 4118 2002 4191">
    <p class='ocr_par' dir='ltr' id='par_1_73' title="bbox 427 4118 2002 4191">
     <span class='ocr_line' id='line_1_73' title="bbox 427 4118 2002 4191; baseline 0.003 -16"><span class='ocrx_word' id='word_1_513' title='bbox 427 4129 696 4190; x_wconf 89' lang='lat' dir='ltr'><strong>quantum</strong></span> <span class='ocrx_word' id='word_1_514' title='bbox 723 4119 843 4190; x_wconf 91' lang='lat' dir='ltr'><strong>ipse</strong></span> <span class='ocrx_word' id='word_1_515' title='bbox 872 4119 1103 4191; x_wconf 86' lang='lat' dir='ltr'><strong>largitus</strong></span> <span class='ocrx_word' id='word_1_516' title='bbox 1133 4118 1322 4185; x_wconf 90' lang='lat' dir='ltr'><strong>fuerit,</strong></span> <span class='ocrx_word' id='word_1_517' title='bbox 1358 4121 1620 4191; x_wconf 81' lang='lat' dir='ltr'><strong>perficere</strong></span> <span class='ocrx_word' id='word_1_518' title='bbox 1658 4123 2002 4181; x_wconf 79' lang='lat' dir='ltr'><strong>Studeamus.</strong></span> 
     </span>
    </p>
   </div>
   <div class='ocr_carea' id='block_1_74' title="bbox 424 4205 2002 4280">
    <p class='ocr_par' dir='ltr' id='par_1_74' title="bbox 424 4205 2002 4280">
     <span class='ocr_line' id='line_1_74' title="bbox 424 4205 2002 4280; baseline 0.005 -18"><span class='ocrx_word' id='word_1_519' title='bbox 424 4205 536 4262; x_wconf 78' lang='lat' dir='ltr'><strong>Nec</strong></span> <span class='ocrx_word' id='word_1_520' title='bbox 558 4208 702 4262; x_wconf 90' lang='lat' dir='ltr'><strong>enim</strong></span> <span class='ocrx_word' id='word_1_521' title='bbox 726 4207 1102 4278; x_wconf 75' lang='lat' dir='ltr'><strong>negligentiam</strong></span> <span class='ocrx_word' id='word_1_522' title='bbox 1124 4209 1355 4279; x_wconf 89' lang='lat' dir='ltr'><strong>gratiam</strong></span> <span class='ocrx_word' id='word_1_523' title='bbox 1373 4210 1534 4266; x_wconf 90' lang='lat' dir='ltr'><strong>nobis</strong></span> <span class='ocrx_word' id='word_1_524' title='bbox 1556 4209 1820 4268; x_wconf 90' lang='lat' dir='ltr'><strong>Dominus</strong></span> <span class='ocrx_word' id='word_1_525' title='bbox 1832 4213 2002 4280; x_wconf 89' lang='lat' dir='ltr'><strong>dedit,</strong></span> 
     </span>
    </p>
   </div>
   <div class='ocr_carea' id='block_1_75' title="bbox 426 4300 2004 4365">
    <p class='ocr_par' dir='ltr' id='par_1_75' title="bbox 426 4300 2004 4365">
     <span class='ocr_line' id='line_1_75' title="bbox 426 4300 2004 4365; baseline 0.006 -10"><span class='ocrx_word' id='word_1_526' title='bbox 426 4300 522 4356; x_wconf 86' lang='lat' dir='ltr'><strong>sed</strong></span> <span class='ocrx_word' id='word_1_527' title='bbox 547 4301 778 4356; x_wconf 77' lang='lat' dir='ltr'><strong>fideliter</strong></span> <span class='ocrx_word' id='word_1_528' title='bbox 803 4307 1166 4359; x_wconf 78' lang='lat' dir='ltr'><strong>exercendam</strong></span> <span class='ocrx_word' id='word_1_529' title='bbox 1194 4303 1410 4360; x_wconf 91' lang='lat' dir='ltr'><strong>tribuit.</strong></span> <span class='ocrx_word' id='word_1_530' title='bbox 1444 4303 1671 4362; x_wconf 87' lang='lat' dir='ltr'><strong>Dilectio</strong></span> <span class='ocrx_word' id='word_1_531' title='bbox 1699 4309 1846 4363; x_wconf 90' lang='lat' dir='ltr'><strong>enim</strong></span> <span class='ocrx_word' id='word_1_532' title='bbox 1885 4309 2004 4365; x_wconf 89' lang='lat' dir='ltr'><strong>sine</strong></span> 
     </span>
    </p>
   </div>
   <div class='ocr_carea' id='block_1_76' title="bbox 425 4391 1999 4470">
    <p class='ocr_par' dir='ltr' id='par_1_76' title="bbox 425 4391 1999 4470">
     <span class='ocr_line' id='line_1_76' title="bbox 425 4391 1999 4470; baseline 0.006 -24"><span class='ocrx_word' id='word_1_533' title='bbox 425 4391 776 4447; x_wconf 89' lang='lat' dir='ltr'><strong>simulatione</strong></span> <span class='ocrx_word' id='word_1_534' title='bbox 803 4391 858 4448; x_wconf 92' lang='lat' dir='ltr'><strong>in</strong></span> <span class='ocrx_word' id='word_1_535' title='bbox 901 4393 1061 4449; x_wconf 89' lang='lat' dir='ltr'><strong>nobis</strong></span> <span class='ocrx_word' id='word_1_536' title='bbox 1089 4409 1212 4450; x_wconf 86' lang='lat' dir='ltr'><strong>esse</strong></span> <span class='ocrx_word' id='word_1_537' title='bbox 1242 4403 1299 4450; x_wconf 90' lang='lat' dir='ltr'><strong>et</strong></span> <span class='ocrx_word' id='word_1_538' title='bbox 1343 4410 1608 4466; x_wconf 88' lang='lat' dir='ltr'><strong>apparere</strong></span> <span class='ocrx_word' id='word_1_539' title='bbox 1650 4397 1843 4468; x_wconf 90' lang='lat' dir='ltr'><strong>debet;</strong></span> <span class='ocrx_word' id='word_1_540' title='bbox 1872 4400 1999 4470; x_wconf 86' lang='lat' dir='ltr'><strong>quia</strong></span> 
     </span>
    </p>
   </div>
   <div class='ocr_carea' id='block_1_77' title="bbox 429 4463 2080 4554">
    <p class='ocr_par' dir='ltr' id='par_1_77' title="bbox 429 4463 2080 4554">
     <span class='ocr_line' id='line_1_77' title="bbox 429 4463 2080 4554; baseline 0.005 -18"><span class='ocrx_word' id='word_1_541' title='bbox 429 4506 448 4536; x_wconf 75' lang='grc' dir='ltr'><strong>ι</strong></span> <span class='ocrx_word' id='word_1_542' title='bbox 491 4483 674 4542; x_wconf 90' lang='lat' dir='ltr'><strong>omnis</strong></span> <span class='ocrx_word' id='word_1_543' title='bbox 713 4483 808 4554; x_wconf 88' lang='lat' dir='ltr'><strong>qui</strong></span> <span class='ocrx_word' id='word_1_544' title='bbox 861 4483 977 4538; x_wconf 90' lang='lat' dir='ltr'><strong>odit</strong></span> <span class='ocrx_word' id='word_1_545' title='bbox 999 4483 1043 4516; x_wconf 81' lang='lat'>“</span> <span class='ocrx_word' id='word_1_546' title='bbox 1075 4482 1296 4540; x_wconf 89' lang='lat' dir='ltr'><strong>fratrem</strong></span> <span class='ocrx_word' id='word_1_547' title='bbox 1330 4463 1513 4554; x_wconf 81' lang='lat' dir='ltr'><strong>suum,</strong></span> <span class='ocrx_word' id='word_1_548' title='bbox 1545 4463 1838 4545; x_wconf 23' lang='lat' dir='ltr'><strong>homicida.</strong></span> <span class='ocrx_word' id='word_1_549' title='bbox 1871 4463 1957 4545; x_wconf 77' lang='lat' dir='ltr'><strong>est</strong></span> <span class='ocrx_word' id='word_1_550' title='bbox 1984 4509 1999 4544; x_wconf 91' lang='lat'><strong>:</strong></span> <span class='ocrx_word' id='word_1_551' title='bbox 2032 4463 2080 4523; x_wconf 77' lang='lat' dir='ltr'><strong>D</strong></span> 
     </span>
    </p>
   </div>
   <div class='ocr_carea' id='block_1_78' title="bbox 421 4575 1998 4648">
    <p class='ocr_par' dir='ltr' id='par_1_78' title="bbox 421 4575 1998 4648">
     <span class='ocr_line' id='line_1_78' title="bbox 421 4575 1998 4648; baseline 0.005 -19"><span class='ocrx_word' id='word_1_552' title='bbox 421 4575 520 4645; x_wconf 91' lang='lat' dir='ltr'><strong>qui</strong></span> <span class='ocrx_word' id='word_1_553' title='bbox 549 4591 680 4632; x_wconf 89' lang='lat' dir='ltr'><strong>vero</strong></span> <span class='ocrx_word' id='word_1_554' title='bbox 715 4576 895 4648; x_wconf 91' lang='lat' dir='ltr'><strong>diligit</strong></span> <span class='ocrx_word' id='word_1_555' title='bbox 937 4591 1086 4644; x_wconf 90' lang='lat' dir='ltr'><strong>eum,</strong></span> <span class='ocrx_word' id='word_1_556' title='bbox 1142 4578 1198 4632; x_wconf 92' lang='lat' dir='ltr'><strong>in</strong></span> <span class='ocrx_word' id='word_1_557' title='bbox 1253 4575 1367 4632; x_wconf 89' lang='lat' dir='ltr'><strong>Deo</strong></span> <span class='ocrx_word' id='word_1_558' title='bbox 1400 4589 1608 4645; x_wconf 87' lang='lat' dir='ltr'><strong>manet,</strong></span> <span class='ocrx_word' id='word_1_559' title='bbox 1643 4589 1698 4635; x_wconf 89' lang='lat' dir='ltr'><strong>et</strong></span> <span class='ocrx_word' id='word_1_560' title='bbox 1741 4580 1887 4637; x_wconf 86' lang='lat' dir='ltr'><strong>Deus</strong></span> <span class='ocrx_word' id='word_1_561' title='bbox 1939 4581 1998 4637; x_wconf 90' lang='lat' dir='ltr'><strong>in</strong></span> 
     </span>
    </p>
   </div>
   <div class='ocr_carea' id='block_1_79' title="bbox 421 4664 1999 4744">
    <p class='ocr_par' dir='ltr' id='par_1_79' title="bbox 421 4664 1999 4744">
     <span class='ocr_line' id='line_1_79' title="bbox 421 4664 1999 4744; baseline 0.006 -24"><span class='ocrx_word' id='word_1_562' title='bbox 421 4681 490 4722; x_wconf 90' lang='lat' dir='ltr'><strong>eo</strong></span> <span class='ocrx_word' id='word_1_563' title='bbox 520 4665 584 4720; x_wconf 79' lang='grc'><strong>⁸⁷.</strong></span> <span class='ocrx_word' id='word_1_564' title='bbox 632 4684 652 4718; x_wconf 77' lang='grc' dir='ltr'><strong>ι</strong></span> <span class='ocrx_word' id='word_1_565' title='bbox 686 4664 844 4721; x_wconf 88' lang='lat' dir='ltr'><strong>Unde</strong></span> <span class='ocrx_word' id='word_1_566' title='bbox 879 4675 936 4721; x_wconf 89' lang='lat' dir='ltr'><strong>et</strong></span> <span class='ocrx_word' id='word_1_567' title='bbox 975 4667 1272 4744; x_wconf 79' lang='lat' dir='ltr'><strong>Apostolus</strong></span> <span class='ocrx_word' id='word_1_568' title='bbox 1311 4669 1389 4722; x_wconf 93' lang='lat' dir='ltr'><strong>ait</strong></span> <span class='ocrx_word' id='word_1_569' title='bbox 1419 4686 1432 4723; x_wconf 91' lang='lat'><strong>:</strong></span> <span class='ocrx_word' id='word_1_570' title='bbox 1472 4687 1491 4720; x_wconf 83' lang='grc' dir='ltr'><strong>ι</strong></span> <span class='ocrx_word' id='word_1_571' title='bbox 1523 4667 1703 4726; x_wconf 88' lang='lat' dir='ltr'><strong>Nolite</strong></span> <span class='ocrx_word' id='word_1_572' title='bbox 1747 4670 1999 4741; x_wconf 90' lang='lat' dir='ltr'><strong>judicare</strong></span> 
     </span>
    </p>
   </div>
   <div class='ocr_carea' id='block_1_80' title="bbox 420 4758 1999 4834">
    <p class='ocr_par' dir='ltr' id='par_1_80' title="bbox 420 4758 1999 4834">
     <span class='ocr_line' id='line_1_80' title="bbox 420 4758 1999 4834; baseline 0.004 -21"><span class='ocrx_word' id='word_1_573' title='bbox 420 4759 621 4814; x_wconf 87' lang='lat' dir='ltr'><strong>fratres</strong></span> <span class='ocrx_word' id='word_1_574' title='bbox 643 4758 900 4826; x_wconf 89' lang='lat' dir='ltr'><strong>invicem,</strong></span> <span class='ocrx_word' id='word_1_575' title='bbox 931 4760 1026 4815; x_wconf 89' lang='lat' dir='ltr'><strong>sed</strong></span> <span class='ocrx_word' id='word_1_576' title='bbox 1063 4759 1172 4816; x_wconf 91' lang='lat' dir='ltr'><strong>hoc</strong></span> <span class='ocrx_word' id='word_1_577' title='bbox 1189 4760 1429 4830; x_wconf 74' lang='lat' dir='ltr'><strong>iudicate</strong></span> <span class='ocrx_word' id='word_1_578' title='bbox 1456 4762 1650 4832; x_wconf 87' lang='lat' dir='ltr'><strong>magis,</strong></span> <span class='ocrx_word' id='word_1_579' title='bbox 1686 4779 1754 4816; x_wconf 91' lang='lat' dir='ltr'><strong>ne</strong></span> <span class='ocrx_word' id='word_1_580' title='bbox 1780 4764 1999 4834; x_wconf 89' lang='lat' dir='ltr'><strong>ponatis</strong></span> 
     </span>
    </p>
   </div>
   <div class='ocr_carea' id='block_1_81' title="bbox 418 4849 1998 4910">
    <p class='ocr_par' dir='ltr' id='par_1_81' title="bbox 418 4849 1998 4910">
     <span class='ocr_line' id='line_1_81' title="bbox 418 4849 1998 4910; baseline 0.003 -5"><span class='ocrx_word' id='word_1_581' title='bbox 418 4849 810 4905; x_wconf 81' lang='lat' dir='ltr'><strong>offendiculum</strong></span> <span class='ocrx_word' id='word_1_582' title='bbox 835 4849 992 4905; x_wconf 87' lang='lat' dir='ltr'><strong>fratri</strong></span> <span class='ocrx_word' id='word_1_583' title='bbox 1014 4851 1100 4906; x_wconf 92' lang='lat' dir='ltr'><strong>vel</strong></span> <span class='ocrx_word' id='word_1_584' title='bbox 1125 4851 1445 4906; x_wconf 87' lang='lat' dir='ltr'><strong>scandalum</strong></span> <span class='ocrx_word' id='word_1_585' title='bbox 1485 4852 1551 4908; x_wconf 67' lang='grc'><strong>’⁸.</strong></span> <span class='ocrx_word' id='word_1_586' title='bbox 1591 4870 1610 4904; x_wconf 74' lang='grc' dir='ltr'><strong>ι</strong></span> <span class='ocrx_word' id='word_1_587' title='bbox 1637 4851 1698 4907; x_wconf 88' lang='lat' dir='ltr'><strong>Et</strong></span> <span class='ocrx_word' id='word_1_588' title='bbox 1732 4852 1998 4910; x_wconf 92' lang='lat' dir='ltr'><strong>Dominus</strong></span> 
     </span>
    </p>
   </div>
   <div class='ocr_carea' id='block_1_82' title="bbox 421 4942 1987 5016">
    <p class='ocr_par' dir='ltr' id='par_1_82' title="bbox 421 4942 1987 5016">
     <span class='ocr_line' id='line_1_82' title="bbox 421 4942 1987 5016; baseline 0 -18"><span class='ocrx_word' id='word_1_589' title='bbox 421 4944 634 5016; x_wconf 90' lang='lat' dir='ltr'><strong>inquit:</strong></span> <span class='ocrx_word' id='word_1_590' title='bbox 656 4964 676 4996; x_wconf 76' lang='grc' dir='ltr'><strong>ι</strong></span> <span class='ocrx_word' id='word_1_591' title='bbox 697 4942 855 5009; x_wconf 83' lang='lat' dir='ltr'><strong>Quod</strong></span> <span class='ocrx_word' id='word_1_592' title='bbox 875 4942 974 4998; x_wconf 86' lang='lat' dir='ltr'><strong>tibi</strong></span> <span class='ocrx_word' id='word_1_593' title='bbox 1007 4957 1114 4998; x_wconf 91' lang='lat' dir='ltr'><strong>non</strong></span> <span class='ocrx_word' id='word_1_594' title='bbox 1145 4944 1232 4998; x_wconf 87' lang='lat' dir='ltr'><strong>vis</strong></span> <span class='ocrx_word' id='word_1_595' title='bbox 1253 4943 1394 5008; x_wconf 83' lang='lat' dir='ltr'><strong>fieri,</strong></span> <span class='ocrx_word' id='word_1_596' title='bbox 1421 4943 1576 4998; x_wconf 83' lang='lat' dir='ltr'><strong>alteri</strong></span> <span class='ocrx_word' id='word_1_597' title='bbox 1600 4958 1670 4999; x_wconf 89' lang='lat' dir='ltr'><strong>ne</strong></span> <span class='ocrx_word' id='word_1_598' title='bbox 1706 4943 1987 5000; x_wconf 70' lang='lat' dir='ltr'><strong>facias”.s</strong></span> 
     </span>
    </p>
   </div>
   <div class='ocr_carea' id='block_1_83' title="bbox 416 5032 1994 5104">
    <p class='ocr_par' dir='ltr' id='par_1_83' title="bbox 416 5032 1994 5104">
     <span class='ocr_line' id='line_1_83' title="bbox 416 5032 1994 5104; baseline 0.001 -14"><span class='ocrx_word' id='word_1_599' title='bbox 416 5034 487 5090; x_wconf 84' lang='lat' dir='ltr'><strong>Et</strong></span> <span class='ocrx_word' id='word_1_600' title='bbox 509 5035 639 5090; x_wconf 84' lang='lat' dir='ltr'><strong>alibi</strong></span> <span class='ocrx_word' id='word_1_601' title='bbox 673 5053 687 5090; x_wconf 92' lang='lat'><strong>:</strong></span> <span class='ocrx_word' id='word_1_602' title='bbox 719 5052 738 5086; x_wconf 75' lang='grc' dir='ltr'><strong>ι</strong></span> <span class='ocrx_word' id='word_1_603' title='bbox 765 5032 823 5088; x_wconf 91' lang='lat' dir='ltr'><strong>ln</strong></span> <span class='ocrx_word' id='word_1_604' title='bbox 849 5033 952 5089; x_wconf 87' lang='lat' dir='ltr'><strong>hoc</strong></span> <span class='ocrx_word' id='word_1_605' title='bbox 978 5042 1315 5104; x_wconf 87' lang='lat' dir='ltr'><strong>cognoscent</strong></span> <span class='ocrx_word' id='word_1_606' title='bbox 1337 5049 1529 5089; x_wconf 87' lang='lat' dir='ltr'><strong>omnes</strong></span> <span class='ocrx_word' id='word_1_607' title='bbox 1554 5034 1686 5104; x_wconf 88' lang='lat' dir='ltr'><strong>quia</strong></span> <span class='ocrx_word' id='word_1_608' title='bbox 1714 5036 1821 5090; x_wconf 92' lang='lat' dir='ltr'><strong>mei</strong></span> <span class='ocrx_word' id='word_1_609' title='bbox 1859 5036 1994 5092; x_wconf 84' lang='lat' dir='ltr'><strong>estis</strong></span> 
     </span>
    </p>
   </div>
   <div class='ocr_carea' id='block_1_84' title="bbox 418 5123 1989 5196">
    <p class='ocr_par' dir='ltr' id='par_1_84' title="bbox 418 5123 1989 5196">
     <span class='ocr_line' id='line_1_84' title="bbox 418 5123 1989 5196; baseline -0.002 -15"><span class='ocrx_word' id='word_1_610' title='bbox 418 5125 696 5196; x_wconf 88' lang='lat' dir='ltr'><strong>discipuli,</strong></span> <span class='ocrx_word' id='word_1_611' title='bbox 729 5123 776 5181; x_wconf 90' lang='lat' dir='ltr'><strong>si</strong></span> <span class='ocrx_word' id='word_1_612' title='bbox 803 5123 1150 5179; x_wconf 89' lang='lat' dir='ltr'><strong>dilectionem</strong></span> <span class='ocrx_word' id='word_1_613' title='bbox 1189 5123 1494 5178; x_wconf 88' lang='lat' dir='ltr'><strong>habueritis</strong></span> <span class='ocrx_word' id='word_1_614' title='bbox 1519 5125 1586 5178; x_wconf 87' lang='lat' dir='ltr'><strong>ad</strong></span> <span class='ocrx_word' id='word_1_615' title='bbox 1611 5124 1843 5179; x_wconf 88' lang='lat' dir='ltr'><strong>invicem</strong></span> <span class='ocrx_word' id='word_1_616' title='bbox 1866 5125 1934 5178; x_wconf 77' lang='lat'><strong>&#39;°.</strong></span> <span class='ocrx_word' id='word_1_617' title='bbox 1969 5144 1989 5178; x_wconf 75' lang='grc' dir='ltr'><strong>ι</strong></span> 
     </span>
    </p>
   </div>
   <div class='ocr_carea' id='block_1_85' title="bbox 416 5215 1995 5282">
    <p class='ocr_par' dir='ltr' id='par_1_85' title="bbox 416 5215 1995 5282">
     <span class='ocr_line' id='line_1_85' title="bbox 416 5215 1995 5282; baseline -0.002 -8"><span class='ocrx_word' id='word_1_618' title='bbox 416 5218 485 5274; x_wconf 88' lang='lat' dir='ltr'><strong>Et</strong></span> <span class='ocrx_word' id='word_1_619' title='bbox 507 5217 767 5272; x_wconf 87' lang='lat' dir='ltr'><strong>Salomon</strong></span> <span class='ocrx_word' id='word_1_620' title='bbox 790 5216 867 5270; x_wconf 88' lang='lat' dir='ltr'><strong>ait</strong></span> <span class='ocrx_word' id='word_1_621' title='bbox 887 5232 901 5268; x_wconf 91' lang='lat'><strong>:</strong></span> <span class='ocrx_word' id='word_1_622' title='bbox 923 5234 942 5268; x_wconf 83' lang='grc' dir='ltr'><strong>ι</strong></span> <span class='ocrx_word' id='word_1_623' title='bbox 969 5215 1310 5271; x_wconf 83' lang='lat' dir='ltr'><strong>Sacrificium</strong></span> <span class='ocrx_word' id='word_1_624' title='bbox 1329 5215 1568 5271; x_wconf 78' lang='lat' dir='ltr'><strong>salutare</strong></span> <span class='ocrx_word' id='word_1_625' title='bbox 1587 5225 1690 5282; x_wconf 87' lang='lat' dir='ltr'><strong>est,</strong></span> <span class='ocrx_word' id='word_1_626' title='bbox 1714 5216 1995 5271; x_wconf 83' lang='lat' dir='ltr'><strong>attendere</strong></span> 
     </span>
    </p>
   </div>
   <div class='ocr_carea' id='block_1_86' title="bbox 417 5306 1986 5377">
    <p class='ocr_par' dir='ltr' id='par_1_86' title="bbox 417 5306 1986 5377">
     <span class='ocr_line' id='line_1_86' title="bbox 417 5306 1986 5377; baseline -0.004 -11"><span class='ocrx_word' id='word_1_627' title='bbox 417 5309 714 5377; x_wconf 89' lang='lat' dir='ltr'><strong>mandatis,</strong></span> <span class='ocrx_word' id='word_1_628' title='bbox 764 5318 819 5364; x_wconf 89' lang='lat' dir='ltr'><strong>et</strong></span> <span class='ocrx_word' id='word_1_629' title='bbox 866 5306 1150 5364; x_wconf 87' lang='lat' dir='ltr'><strong>discedere</strong></span> <span class='ocrx_word' id='word_1_630' title='bbox 1201 5307 1272 5362; x_wconf 89' lang='lat' dir='ltr'><strong>ab</strong></span> <span class='ocrx_word' id='word_1_631' title='bbox 1329 5307 1479 5362; x_wconf 91' lang='lat' dir='ltr'><strong>omni</strong></span> <span class='ocrx_word' id='word_1_632' title='bbox 1531 5307 1820 5377; x_wconf 86' lang='lat' dir='ltr'><strong>iniquitate</strong></span> <span class='ocrx_word' id='word_1_633' title='bbox 1865 5309 1932 5362; x_wconf 81' lang='grc'><strong>³¹.</strong></span> <span class='ocrx_word' id='word_1_634' title='bbox 1968 5327 1986 5359; x_wconf 72' lang='grc' dir='ltr'><strong>ι</strong></span> 
     </span>
    </p>
   </div>
   <div class='ocr_carea' id='block_1_87' title="bbox 500 5444 2264 5516">
    <p class='ocr_par' dir='ltr' id='par_1_87' title="bbox 500 5444 2264 5516">
     <span class='ocr_line' id='line_1_87' title="bbox 500 5444 2264 5516; baseline 0.002 -14"><span class='ocrx_word' id='word_1_635' title='bbox 500 5451 546 5482; x_wconf 85' lang='grc'><strong>¹⁶</strong></span> <span class='ocrx_word' id='word_1_636' title='bbox 585 5463 688 5503; x_wconf 91' lang='lat' dir='ltr'><strong>ms.</strong></span> <span class='ocrx_word' id='word_1_637' title='bbox 734 5461 887 5510; x_wconf 82' lang='lat' dir='ltr'><strong>xvm,</strong></span> <span class='ocrx_word' id='word_1_638' title='bbox 921 5460 1098 5516; x_wconf 87' lang='lat' dir='ltr'><strong>neque</strong></span> <span class='ocrx_word' id='word_1_639' title='bbox 1126 5454 1210 5500; x_wconf 89' lang='lat' dir='ltr'><strong>est</strong></span> <span class='ocrx_word' id='word_1_640' title='bbox 1254 5445 1308 5499; x_wconf 90' lang='lat' dir='ltr'><strong>in</strong></span> <span class='ocrx_word' id='word_1_641' title='bbox 1361 5444 1515 5500; x_wconf 87' lang='lat' dir='ltr'><strong>fastis</strong></span> <span class='ocrx_word' id='word_1_642' title='bbox 1559 5459 1794 5514; x_wconf 89' lang='lat' dir='ltr'><strong>sequens</strong></span> <span class='ocrx_word' id='word_1_643' title='bbox 1821 5460 1922 5516; x_wconf 81' lang='lat' dir='ltr'><strong>par</strong></span> <span class='ocrx_word' id='word_1_644' title='bbox 1951 5451 2264 5506; x_wconf 90' lang='lat' dir='ltr'><strong>consulum.</strong></span> 
     </span>
    </p>
   </div>
   <div class='ocr_carea' id='block_1_88' title="bbox 1451 5515 3067 5588">
    <p class='ocr_par' dir='ltr' id='par_1_88' title="bbox 1451 5515 3067 5588">
     <span class='ocr_line' id='line_1_88' title="bbox 1451 5515 3067 5588; baseline 0.005 -20"><span class='ocrx_word' id='word_1_645' title='bbox 1451 5517 1494 5588; x_wconf 53' lang='grc' dir='ltr'><strong>ν</strong></span> <span class='ocrx_word' id='word_1_646' title='bbox 1523 5516 1698 5588; x_wconf 85' lang='lat' dir='ltr'><strong>l_C_or.</strong></span> <span class='ocrx_word' id='word_1_647' title='bbox 1731 5530 1826 5588; x_wconf 76' lang='lat' dir='ltr'><strong>xv,</strong></span> <span class='ocrx_word' id='word_1_648' title='bbox 1851 5515 1952 5588; x_wconf 72' lang='lat'><strong>_10.</strong></span> <span class='ocrx_word' id='word_1_649' title='bbox 2034 5520 2075 5552; x_wconf 74' lang='grc'>⁸⁸</span> <span class='ocrx_word' id='word_1_650' title='bbox 2101 5523 2386 5576; x_wconf 84' lang='lat' dir='ltr'><strong>scrutando</strong></span> <span class='ocrx_word' id='word_1_651' title='bbox 2417 5523 2516 5588; x_wconf 80' lang='lat' dir='ltr'><strong>ita,</strong></span> <span class='ocrx_word' id='word_1_652' title='bbox 2548 5532 2678 5582; x_wconf 83' lang='lat' dir='ltr'><strong>etc.,</strong></span> <span class='ocrx_word' id='word_1_653' title='bbox 2713 5538 2815 5574; x_wconf 81' lang='lat' dir='ltr'><strong>ms.</strong></span> <span class='ocrx_word' id='word_1_654' title='bbox 2862 5532 3067 5577; x_wconf 85' lang='lat' dir='ltr'><strong>noster.</strong></span> 
     </span>
    </p>
   </div>
   <div class='ocr_carea' id='block_1_89' title="bbox 418 5515 1352 5585">
    <p class='ocr_par' dir='ltr' id='par_1_89' title="bbox 418 5515 1352 5585">
     <span class='ocr_line' id='line_1_89' title="bbox 418 5515 1352 5585; baseline -0.004 -11"><span class='ocrx_word' id='word_1_655' title='bbox 418 5522 461 5552; x_wconf 82' lang='lat'>&quot;</span> <span class='ocrx_word' id='word_1_656' title='bbox 490 5521 745 5574; x_wconf 84' lang='lat' dir='ltr'><strong>mendosa</strong></span> <span class='ocrx_word' id='word_1_657' title='bbox 781 5517 966 5571; x_wconf 84' lang='lat' dir='ltr'><strong>itidem</strong></span> <span class='ocrx_word' id='word_1_658' title='bbox 1001 5515 1352 5585; x_wconf 85' lang='lat' dir='ltr'><strong>subscriptio.</strong></span> 
     </span>
    </p>
   </div>
   <div class='ocr_carea' id='block_1_90' title="bbox 411 5588 804 5654">
    <p class='ocr_par' dir='ltr' id='par_1_90' title="bbox 411 5588 804 5654">
     <span class='ocr_line' id='line_1_90' title="bbox 411 5588 804 5654; baseline -0.008 -10"><span class='ocrx_word' id='word_1_659' title='bbox 411 5589 572 5644; x_wconf 77' lang='lat' dir='ltr'><strong>Joau.</strong></span> <span class='ocrx_word' id='word_1_660' title='bbox 605 5604 686 5654; x_wconf 86' lang='lat' dir='ltr'><strong>Ill,</strong></span> <span class='ocrx_word' id='word_1_661' title='bbox 717 5588 804 5642; x_wconf 78' lang='lat'><strong>15.</strong></span> 
     </span>
    </p>
   </div>
   <div class='ocr_carea' id='block_1_91' title="bbox 897 5585 2475 5658">
    <p class='ocr_par' dir='ltr' id='par_1_91' title="bbox 897 5585 2475 5658">
     <span class='ocr_line' id='line_1_91' title="bbox 897 5585 2475 5658; baseline 0.006 -20"><span class='ocrx_word' id='word_1_662' title='bbox 897 5586 939 5618; x_wconf 79' lang='grc'><strong>⁸⁸</strong></span> <span class='ocrx_word' id='word_1_663' title='bbox 965 5585 1121 5658; x_wconf 79' lang='lat' dir='ltr'><strong>Rom.</strong></span> <span class='ocrx_word' id='word_1_664' title='bbox 1145 5601 1261 5658; x_wconf 80' lang='lat' dir='ltr'><strong>_x|v,</strong></span> <span class='ocrx_word' id='word_1_665' title='bbox 1289 5587 1377 5640; x_wconf 74' lang='grc'><strong>15.</strong></span> <span class='ocrx_word' id='word_1_666' title='bbox 1453 5587 1499 5658; x_wconf 53' lang='lat' dir='ltr'><strong>f?</strong></span> <span class='ocrx_word' id='word_1_667' title='bbox 1522 5585 1659 5640; x_wconf 88' lang='lat' dir='ltr'><strong>Tob.</strong></span> <span class='ocrx_word' id='word_1_668' title='bbox 1686 5601 1777 5658; x_wconf 55' lang='lat' dir='ltr'><strong>tv,</strong></span> <span class='ocrx_word' id='word_1_669' title='bbox 1807 5585 1894 5640; x_wconf 81' lang='grc'><strong>16.</strong></span> <span class='ocrx_word' id='word_1_670' title='bbox 1973 5589 2016 5620; x_wconf 84' lang='grc'><strong>²⁰</strong></span> <span class='ocrx_word' id='word_1_671' title='bbox 2041 5590 2199 5647; x_wconf 86' lang='lat' dir='ltr'><strong>Joan.</strong></span> <span class='ocrx_word' id='word_1_672' title='bbox 2234 5611 2354 5658; x_wconf 81' lang='lat' dir='ltr'><strong>xm,</strong></span> <span class='ocrx_word' id='word_1_673' title='bbox 2387 5594 2475 5647; x_wconf 78' lang='grc'><strong>55.</strong></span> 
     </span>
    </p>
   </div>
   <div class='ocr_carea' id='block_1_92' title="bbox 2111 3198 3685 3271">
    <p class='ocr_par' dir='ltr' id='par_1_92' title="bbox 2111 3198 3685 3271">
     <span class='ocr_line' id='line_1_92' title="bbox 2111 3198 3685 3271; baseline 0.005 -19"><span class='ocrx_word' id='word_1_674' title='bbox 2111 3198 2422 3254; x_wconf 88' lang='lat' dir='ltr'><strong>transibant</strong></span> <span class='ocrx_word' id='word_1_675' title='bbox 2451 3200 2795 3271; x_wconf 87' lang='lat' dir='ltr'><strong>simpliciter,</strong></span> <span class='ocrx_word' id='word_1_676' title='bbox 2835 3203 3187 3260; x_wconf 90' lang='lat' dir='ltr'><strong>convertistis</strong></span> <span class='ocrx_word' id='word_1_677' title='bbox 3223 3206 3278 3259; x_wconf 89' lang='lat' dir='ltr'><strong>in</strong></span> <span class='ocrx_word' id='word_1_678' title='bbox 3311 3207 3530 3262; x_wconf 85' lang='lat' dir='ltr'><strong>bellum</strong></span> <span class='ocrx_word' id='word_1_679' title='bbox 3558 3210 3626 3262; x_wconf 77' lang='grc'><strong>⁸³.</strong></span> <span class='ocrx_word' id='word_1_680' title='bbox 3667 3227 3685 3260; x_wconf 73' lang='grc' dir='ltr'><strong>ι</strong></span> 
     </span>
    </p>
   </div>
   <div class='ocr_carea' id='block_1_93' title="bbox 2111 3287 3690 3364">
    <p class='ocr_par' dir='ltr' id='par_1_93' title="bbox 2111 3287 3690 3364">
     <span class='ocr_line' id='line_1_93' title="bbox 2111 3287 3690 3364; baseline 0.006 -21"><span class='ocrx_word' id='word_1_681' title='bbox 2111 3287 2179 3344; x_wconf 84' lang='grc' dir='ltr'>Ει</span> <span class='ocrx_word' id='word_1_682' title='bbox 2201 3305 2232 3344; x_wconf 88' lang='lat' dir='ltr'><strong>e</strong></span> <span class='ocrx_word' id='word_1_683' title='bbox 2259 3300 2471 3360; x_wconf 88' lang='lat' dir='ltr'><strong>contra,</strong></span> <span class='ocrx_word' id='word_1_684' title='bbox 2505 3291 2577 3348; x_wconf 79' lang='lat' dir='ltr'><strong>de</strong></span> <span class='ocrx_word' id='word_1_685' title='bbox 2606 3293 2691 3348; x_wconf 88' lang='lat' dir='ltr'><strong>his</strong></span> <span class='ocrx_word' id='word_1_686' title='bbox 2712 3295 2806 3364; x_wconf 88' lang='lat' dir='ltr'><strong>qui</strong></span> <span class='ocrx_word' id='word_1_687' title='bbox 2830 3307 3172 3353; x_wconf 80' lang='lat' dir='ltr'><strong>accusantur</strong></span> <span class='ocrx_word' id='word_1_688' title='bbox 3201 3298 3287 3354; x_wconf 87' lang='lat' dir='ltr'><strong>vel</strong></span> <span class='ocrx_word' id='word_1_689' title='bbox 3327 3300 3690 3361; x_wconf 80' lang='lat' dir='ltr'><strong>tribulautur.</strong></span> 
     </span>
    </p>
   </div>
   <div class='ocr_carea' id='block_1_94' title="bbox 2110 3379 3694 3463">
    <p class='ocr_par' dir='ltr' id='par_1_94' title="bbox 2110 3379 3694 3463">
     <span class='ocr_line' id='line_1_94' title="bbox 2110 3379 3694 3463; baseline 0.008 -30"><span class='ocrx_word' id='word_1_690' title='bbox 2110 3395 2208 3450; x_wconf 89' lang='lat' dir='ltr'><strong>per</strong></span> <span class='ocrx_word' id='word_1_691' title='bbox 2238 3379 2454 3436; x_wconf 83' lang='lat' dir='ltr'><strong>Nahum</strong></span> <span class='ocrx_word' id='word_1_692' title='bbox 2481 3383 2802 3453; x_wconf 87' lang='lat' dir='ltr'><strong>prophetam</strong></span> <span class='ocrx_word' id='word_1_693' title='bbox 2836 3386 3157 3445; x_wconf 81' lang='lat' dir='ltr'><strong>confortans</strong></span> <span class='ocrx_word' id='word_1_694' title='bbox 3185 3404 3303 3456; x_wconf 86' lang='lat' dir='ltr'><strong>eos,</strong></span> <span class='ocrx_word' id='word_1_695' title='bbox 3337 3391 3418 3446; x_wconf 89' lang='lat' dir='ltr'><strong>sic.</strong></span> <span class='ocrx_word' id='word_1_696' title='bbox 3447 3391 3694 3463; x_wconf 80' lang='lat' dir='ltr'><strong>loquitur</strong></span> 
     </span>
    </p>
   </div>
   <div class='ocr_carea' id='block_1_95' title="bbox 2110 3470 3686 3544">
    <p class='ocr_par' dir='ltr' id='par_1_95' title="bbox 2110 3470 3686 3544">
     <span class='ocr_line' id='line_1_95' title="bbox 2110 3470 3686 3544; baseline 0.007 -19"><span class='ocrx_word' id='word_1_697' title='bbox 2110 3470 2376 3530; x_wconf 88' lang='lat' dir='ltr'><strong>Dominus</strong></span> <span class='ocrx_word' id='word_1_698' title='bbox 2401 3491 2415 3529; x_wconf 90' lang='lat'><strong>:</strong></span> <span class='ocrx_word' id='word_1_699' title='bbox 2457 3492 2476 3526; x_wconf 80' lang='grc' dir='ltr'><strong>ι</strong></span> <span class='ocrx_word' id='word_1_700' title='bbox 2507 3474 2698 3530; x_wconf 84' lang='lat' dir='ltr'><strong>Bonus</strong></span> <span class='ocrx_word' id='word_1_701' title='bbox 2729 3473 3020 3544; x_wconf 82' lang='lat' dir='ltr'><strong>Dominus,</strong></span> <span class='ocrx_word' id='word_1_702' title='bbox 3049 3488 3104 3534; x_wconf 91' lang='lat' dir='ltr'><strong>et</strong></span> <span class='ocrx_word' id='word_1_703' title='bbox 3149 3480 3479 3538; x_wconf 86' lang='lat' dir='ltr'><strong>confortans</strong></span> <span class='ocrx_word' id='word_1_704' title='bbox 3511 3485 3571 3538; x_wconf 89' lang='lat' dir='ltr'><strong>in</strong></span> <span class='ocrx_word' id='word_1_705' title='bbox 3602 3484 3686 3537; x_wconf 86' lang='lat' dir='ltr'><strong>die</strong></span> 
     </span>
    </p>
   </div>
   <div class='ocr_carea' id='block_1_96' title="bbox 2110 3563 3690 3637">
    <p class='ocr_par' dir='ltr' id='par_1_96' title="bbox 2110 3563 3690 3637">
     <span class='ocr_line' id='line_1_96' title="bbox 2110 3563 3690 3637; baseline 0.005 -18"><span class='ocrx_word' id='word_1_706' title='bbox 2110 3563 2500 3632; x_wconf 86' lang='lat' dir='ltr'><strong>tribulationis,</strong></span> <span class='ocrx_word' id='word_1_707' title='bbox 2526 3573 2581 3620; x_wconf 88' lang='lat' dir='ltr'><strong>et</strong></span> <span class='ocrx_word' id='word_1_708' title='bbox 2600 3567 2781 3623; x_wconf 88' lang='lat' dir='ltr'><strong>sciens</strong></span> <span class='ocrx_word' id='word_1_709' title='bbox 2807 3577 3091 3637; x_wconf 87' lang='lat' dir='ltr'><strong>sperantes</strong></span> <span class='ocrx_word' id='word_1_710' title='bbox 3120 3570 3174 3623; x_wconf 92' lang='lat' dir='ltr'><strong>in</strong></span> <span class='ocrx_word' id='word_1_711' title='bbox 3201 3584 3280 3625; x_wconf 88' lang='lat' dir='ltr'><strong>se.</strong></span> <span class='ocrx_word' id='word_1_712' title='bbox 3309 3571 3377 3626; x_wconf 85' lang='lat' dir='ltr'><strong>Et</strong></span> <span class='ocrx_word' id='word_1_713' title='bbox 3406 3573 3467 3626; x_wconf 87' lang='lat' dir='ltr'><strong>in</strong></span> <span class='ocrx_word' id='word_1_714' title='bbox 3484 3573 3690 3628; x_wconf 78' lang='lat' dir='ltr'><strong>diluvio</strong></span> 
     </span>
    </p>
   </div>
   <div class='ocr_carea' id='block_1_97' title="bbox 2108 3658 3690 3736">
    <p class='ocr_par' dir='ltr' id='par_1_97' title="bbox 2108 3658 3690 3736">
     <span class='ocr_line' id='line_1_97' title="bbox 2108 3658 3690 3736; baseline 0.006 -28"><span class='ocrx_word' id='word_1_715' title='bbox 2108 3662 2471 3724; x_wconf 69' lang='lat' dir='ltr'><strong>praetereunte</strong></span> <span class='ocrx_word' id='word_1_716' title='bbox 2513 3658 3044 3714; x_wconf 89' lang='lat' dir='ltr'><strong>consummationem</strong></span> <span class='ocrx_word' id='word_1_717' title='bbox 3085 3659 3249 3717; x_wconf 88' lang='lat' dir='ltr'><strong>faciet</strong></span> <span class='ocrx_word' id='word_1_718' title='bbox 3301 3661 3412 3718; x_wconf 89' lang='lat' dir='ltr'><strong>loci</strong></span> <span class='ocrx_word' id='word_1_719' title='bbox 3456 3664 3607 3736; x_wconf 87' lang='lat' dir='ltr'><strong>ejus,</strong></span> <span class='ocrx_word' id='word_1_720' title='bbox 3639 3674 3690 3718; x_wconf 87' lang='lat' dir='ltr'><strong>et</strong></span> 
     </span>
    </p>
   </div>
   <div class='ocr_carea' id='block_1_98' title="bbox 2109 3744 3691 3824">
    <p class='ocr_par' dir='ltr' id='par_1_98' title="bbox 2109 3744 3691 3824">
     <span class='ocr_line' id='line_1_98' title="bbox 2109 3744 3691 3824; baseline 0.006 -26"><span class='ocrx_word' id='word_1_721' title='bbox 2109 3744 2365 3800; x_wconf 88' lang='lat' dir='ltr'><strong>inimicos</strong></span> <span class='ocrx_word' id='word_1_722' title='bbox 2393 3745 2513 3816; x_wconf 89' lang='lat' dir='ltr'><strong>ejus</strong></span> <span class='ocrx_word' id='word_1_723' title='bbox 2539 3756 2942 3817; x_wconf 89' lang='lat' dir='ltr'><strong>persequentur</strong></span> <span class='ocrx_word' id='word_1_724' title='bbox 2971 3749 3226 3805; x_wconf 65' lang='lat' dir='ltr'><strong>tenebrae.</strong></span> <span class='ocrx_word' id='word_1_725' title='bbox 3257 3748 3401 3816; x_wconf 86' lang='lat' dir='ltr'><strong>Quid</strong></span> <span class='ocrx_word' id='word_1_726' title='bbox 3427 3753 3691 3824; x_wconf 73' lang='lat' dir='ltr'><strong>cogitatis</strong></span> 
     </span>
    </p>
   </div>
   <div class='ocr_carea' id='block_1_99' title="bbox 2108 3836 3686 3913">
    <p class='ocr_par' dir='ltr' id='par_1_99' title="bbox 2108 3836 3686 3913">
     <span class='ocr_line' id='line_1_99' title="bbox 2108 3836 3686 3913; baseline 0.006 -21"><span class='ocrx_word' id='word_1_727' title='bbox 2108 3845 2305 3892; x_wconf 89' lang='lat' dir='ltr'><strong>contra</strong></span> <span class='ocrx_word' id='word_1_728' title='bbox 2339 3836 2674 3893; x_wconf 83' lang='lat' dir='ltr'><strong>Dominum?</strong></span> <span class='ocrx_word' id='word_1_729' title='bbox 2721 3838 3270 3896; x_wconf 85' lang='lat' dir='ltr'><strong>Consummationem</strong></span> <span class='ocrx_word' id='word_1_730' title='bbox 3323 3843 3448 3913; x_wconf 89' lang='lat' dir='ltr'><strong>ipse</strong></span> <span class='ocrx_word' id='word_1_731' title='bbox 3505 3845 3686 3901; x_wconf 85' lang='lat' dir='ltr'><strong>faciet.</strong></span> 
     </span>
    </p>
   </div>
   <div class='ocr_carea' id='block_1_100' title="bbox 2107 3925 3690 4010">
    <p class='ocr_par' dir='ltr' id='par_1_100' title="bbox 2107 3925 3690 4010">
     <span class='ocr_line' id='line_1_100' title="bbox 2107 3925 3690 4010; baseline 0.007 -27"><span class='ocrx_word' id='word_1_732' title='bbox 2107 3925 2229 3983; x_wconf 81' lang='lat' dir='ltr'><strong>Non</strong></span> <span class='ocrx_word' id='word_1_733' title='bbox 2277 3937 2576 4000; x_wconf 84' lang='lat' dir='ltr'><strong>consurget</strong></span> <span class='ocrx_word' id='word_1_734' title='bbox 2613 3929 2814 4010; x_wconf 86' lang='lat' dir='ltr'><strong>duplex</strong></span> <span class='ocrx_word' id='word_1_735' title='bbox 2841 3931 3161 4001; x_wconf 86' lang='lat' dir='ltr'><strong>tribulatio;</strong></span> <span class='ocrx_word' id='word_1_736' title='bbox 3190 3933 3321 4005; x_wconf 87' lang='lat' dir='ltr'><strong>quia</strong></span> <span class='ocrx_word' id='word_1_737' title='bbox 3348 3937 3505 3992; x_wconf 85' lang='lat' dir='ltr'><strong>sicut</strong></span> <span class='ocrx_word' id='word_1_738' title='bbox 3524 3940 3690 4009; x_wconf 77' lang='lat' dir='ltr'><strong>spina:</strong></span> 
     </span>
    </p>
   </div>
   <div class='ocr_carea' id='block_1_101' title="bbox 2107 4021 3686 4099">
    <p class='ocr_par' dir='ltr' id='par_1_101' title="bbox 2107 4021 3686 4099">
     <span class='ocr_line' id='line_1_101' title="bbox 2107 4021 3686 4099; baseline 0.005 -22"><span class='ocrx_word' id='word_1_739' title='bbox 2107 4036 2168 4077; x_wconf 91' lang='lat' dir='ltr'><strong>se</strong></span> <span class='ocrx_word' id='word_1_740' title='bbox 2194 4021 2426 4077; x_wconf 89' lang='lat' dir='ltr'><strong>invicem</strong></span> <span class='ocrx_word' id='word_1_741' title='bbox 2453 4021 2906 4093; x_wconf 89' lang='lat' dir='ltr'><strong>complectuntur,</strong></span> <span class='ocrx_word' id='word_1_742' title='bbox 2931 4024 3010 4081; x_wconf 93' lang='lat' dir='ltr'><strong>sic</strong></span> <span class='ocrx_word' id='word_1_743' title='bbox 3025 4027 3334 4082; x_wconf 83' lang='lat' dir='ltr'><strong>convivium</strong></span> <span class='ocrx_word' id='word_1_744' title='bbox 3370 4043 3576 4084; x_wconf 88' lang='lat' dir='ltr'><strong>eorum</strong></span> <span class='ocrx_word' id='word_1_745' title='bbox 3599 4044 3686 4099; x_wconf 80' lang='lat' dir='ltr'><strong>pa-</strong></span> 
     </span>
    </p>
   </div>
   <div class='ocr_carea' id='block_1_102' title="bbox 2108 4113 3683 4189">
    <p class='ocr_par' dir='ltr' id='par_1_102' title="bbox 2108 4113 3683 4189">
     <span class='ocr_line' id='line_1_102' title="bbox 2108 4113 3683 4189; baseline 0.002 -19"><span class='ocrx_word' id='word_1_746' title='bbox 2108 4113 2244 4170; x_wconf 83' lang='lat' dir='ltr'><strong>riter</strong></span> <span class='ocrx_word' id='word_1_747' title='bbox 2287 4114 2592 4184; x_wconf 72' lang='lat' dir='ltr'><strong>potentium</strong></span> <span class='ocrx_word' id='word_1_748' title='bbox 2617 4130 2633 4181; x_wconf 92' lang='lat'><strong>;</strong></span> <span class='ocrx_word' id='word_1_749' title='bbox 2660 4129 3066 4172; x_wconf 88' lang='lat' dir='ltr'><strong>consumentur</strong></span> <span class='ocrx_word' id='word_1_750' title='bbox 3087 4119 3245 4189; x_wconf 87' lang='lat' dir='ltr'><strong>quasi</strong></span> <span class='ocrx_word' id='word_1_751' title='bbox 3273 4119 3490 4189; x_wconf 86' lang='lat' dir='ltr'><strong>stipula</strong></span> <span class='ocrx_word' id='word_1_752' title='bbox 3522 4120 3683 4176; x_wconf 85' lang='lat' dir='ltr'><strong>aridi—</strong></span> 
     </span>
    </p>
   </div>
   <div class='ocr_carea' id='block_1_103' title="bbox 2108 4204 3681 4279">
    <p class='ocr_par' dir='ltr' id='par_1_103' title="bbox 2108 4204 3681 4279">
     <span class='ocr_line' id='line_1_103' title="bbox 2108 4204 3681 4279; baseline 0.004 -19"><span class='ocrx_word' id='word_1_753' title='bbox 2108 4214 2221 4261; x_wconf 87' lang='lat' dir='ltr'><strong>tate</strong></span> <span class='ocrx_word' id='word_1_754' title='bbox 2253 4205 2434 4277; x_wconf 82' lang='lat' dir='ltr'><strong>plena.</strong></span> <span class='ocrx_word' id='word_1_755' title='bbox 2486 4204 2568 4260; x_wconf 85' lang='lat' dir='ltr'><strong>Ex</strong></span> <span class='ocrx_word' id='word_1_756' title='bbox 2609 4214 2666 4262; x_wconf 90' lang='lat' dir='ltr'><strong>te</strong></span> <span class='ocrx_word' id='word_1_757' title='bbox 2687 4207 2863 4263; x_wconf 82' lang='lat' dir='ltr'><strong>exibit</strong></span> <span class='ocrx_word' id='word_1_758' title='bbox 2887 4209 3138 4279; x_wconf 88' lang='lat' dir='ltr'><strong>cogitans</strong></span> <span class='ocrx_word' id='word_1_759' title='bbox 3166 4221 3360 4266; x_wconf 84' lang='lat' dir='ltr'><strong>contra</strong></span> <span class='ocrx_word' id='word_1_760' title='bbox 3387 4210 3681 4267; x_wconf 86' lang='lat' dir='ltr'><strong>Dominum</strong></span> 
     </span>
    </p>
   </div>
   <div class='ocr_carea' id='block_1_104' title="bbox 2106 4297 3682 4370">
    <p class='ocr_par' dir='ltr' id='par_1_104' title="bbox 2106 4297 3682 4370">
     <span class='ocr_line' id='line_1_104' title="bbox 2106 4297 3682 4370; baseline 0.003 -18"><span class='ocrx_word' id='word_1_761' title='bbox 2106 4297 2396 4361; x_wconf 88' lang='lat' dir='ltr'><strong>malitiam,</strong></span> <span class='ocrx_word' id='word_1_762' title='bbox 2419 4305 2599 4352; x_wconf 88' lang='lat' dir='ltr'><strong>mente</strong></span> <span class='ocrx_word' id='word_1_763' title='bbox 2627 4306 2971 4367; x_wconf 79' lang='lat' dir='ltr'><strong>pertractans</strong></span> <span class='ocrx_word' id='word_1_764' title='bbox 2999 4301 3538 4370; x_wconf 67' lang='lat' dir='ltr'><strong>praevaricationem.</strong></span> <span class='ocrx_word' id='word_1_765' title='bbox 3569 4301 3682 4356; x_wconf 65' lang='lat' dir='ltr'><strong>Hac</strong></span> 
     </span>
    </p>
   </div>
   <div class='ocr_carea' id='block_1_105' title="bbox 2105 4388 3675 4464">
    <p class='ocr_par' dir='ltr' id='par_1_105' title="bbox 2105 4388 3675 4464">
     <span class='ocr_line' id='line_1_105' title="bbox 2105 4388 3675 4464; baseline 0.001 -21"><span class='ocrx_word' id='word_1_766' title='bbox 2105 4389 2239 4443; x_wconf 88' lang='lat' dir='ltr'><strong>dicit</strong></span> <span class='ocrx_word' id='word_1_767' title='bbox 2277 4388 2588 4444; x_wconf 87' lang='lat' dir='ltr'><strong>Dominus:</strong></span> <span class='ocrx_word' id='word_1_768' title='bbox 2624 4389 2682 4442; x_wconf 85' lang='lat' dir='ltr'><strong>Si</strong></span> <span class='ocrx_word' id='word_1_769' title='bbox 2716 4389 2942 4460; x_wconf 87' lang='lat' dir='ltr'><strong>perfecti</strong></span> <span class='ocrx_word' id='word_1_770' title='bbox 2977 4391 3204 4458; x_wconf 88' lang='lat' dir='ltr'><strong>fuerint,</strong></span> <span class='ocrx_word' id='word_1_771' title='bbox 3233 4401 3288 4447; x_wconf 90' lang='lat' dir='ltr'><strong>et</strong></span> <span class='ocrx_word' id='word_1_772' title='bbox 3335 4394 3411 4448; x_wconf 84' lang='lat' dir='ltr'><strong>ita</strong></span> <span class='ocrx_word' id='word_1_773' title='bbox 3448 4397 3675 4464; x_wconf 89' lang='lat' dir='ltr'><strong>plures:</strong></span> 
     </span>
    </p>
   </div>
   <div class='ocr_carea' id='block_1_106' title="bbox 2105 4480 3676 4552">
    <p class='ocr_par' dir='ltr' id='par_1_106' title="bbox 2105 4480 3676 4552">
     <span class='ocr_line' id='line_1_106' title="bbox 2105 4480 3676 4552; baseline 0.003 -17"><span class='ocrx_word' id='word_1_774' title='bbox 2105 4480 2186 4536; x_wconf 92' lang='lat' dir='ltr'><strong>sic</strong></span> <span class='ocrx_word' id='word_1_775' title='bbox 2226 4494 2446 4550; x_wconf 87' lang='lat' dir='ltr'><strong>quoque</strong></span> <span class='ocrx_word' id='word_1_776' title='bbox 2483 4481 2857 4548; x_wconf 88' lang='lat' dir='ltr'><strong>attondentur,</strong></span> <span class='ocrx_word' id='word_1_777' title='bbox 2889 4491 2944 4537; x_wconf 90' lang='lat' dir='ltr'><strong>et</strong></span> <span class='ocrx_word' id='word_1_778' title='bbox 2973 4484 3346 4552; x_wconf 77' lang='lat' dir='ltr'><strong>pertransibit.</strong></span> <span class='ocrx_word' id='word_1_779' title='bbox 3381 4486 3570 4541; x_wconf 79' lang='lat' dir='ltr'><strong>Amixi</strong></span> <span class='ocrx_word' id='word_1_780' title='bbox 3613 4497 3676 4549; x_wconf 88' lang='lat' dir='ltr'><strong>te,</strong></span> 
     </span>
    </p>
   </div>
   <div class='ocr_carea' id='block_1_107' title="bbox 2105 4573 3669 4645">
    <p class='ocr_par' dir='ltr' id='par_1_107' title="bbox 2105 4573 3669 4645">
     <span class='ocr_line' id='line_1_107' title="bbox 2105 4573 3669 4645; baseline 0.002 -16"><span class='ocrx_word' id='word_1_781' title='bbox 2105 4582 2160 4629; x_wconf 91' lang='lat' dir='ltr'><strong>et</strong></span> <span class='ocrx_word' id='word_1_782' title='bbox 2205 4589 2312 4628; x_wconf 89' lang='lat' dir='ltr'><strong>non</strong></span> <span class='ocrx_word' id='word_1_783' title='bbox 2348 4573 2584 4645; x_wconf 72' lang='lat' dir='ltr'><strong>afﬂigam</strong></span> <span class='ocrx_word' id='word_1_784' title='bbox 2630 4584 2683 4629; x_wconf 91' lang='lat' dir='ltr'><strong>te</strong></span> <span class='ocrx_word' id='word_1_785' title='bbox 2721 4575 2864 4630; x_wconf 88' lang='lat' dir='ltr'><strong>ultra</strong></span> <span class='ocrx_word' id='word_1_786' title='bbox 2896 4577 2964 4631; x_wconf 75' lang='grc'><strong>³⁸.</strong></span> <span class='ocrx_word' id='word_1_787' title='bbox 3000 4594 3020 4628; x_wconf 77' lang='grc' dir='ltr'><strong>ι</strong></span> <span class='ocrx_word' id='word_1_788' title='bbox 3053 4574 3235 4631; x_wconf 88' lang='lat' dir='ltr'><strong>Facile</strong></span> <span class='ocrx_word' id='word_1_789' title='bbox 3285 4585 3396 4643; x_wconf 90' lang='lat' dir='ltr'><strong>est,</strong></span> <span class='ocrx_word' id='word_1_790' title='bbox 3451 4577 3669 4643; x_wconf 84' lang='lat' dir='ltr'><strong>fratres,</strong></span> 
     </span>
    </p>
   </div>
   <div class='ocr_carea' id='block_1_108' title="bbox 2104 4665 3676 4740">
    <p class='ocr_par' dir='ltr' id='par_1_108' title="bbox 2104 4665 3676 4740">
     <span class='ocr_line' id='line_1_108' title="bbox 2104 4665 3676 4740; baseline 0.001 -20"><span class='ocrx_word' id='word_1_791' title='bbox 2104 4665 2274 4721; x_wconf 88' lang='lat' dir='ltr'><strong>verbo</strong></span> <span class='ocrx_word' id='word_1_792' title='bbox 2300 4665 2485 4722; x_wconf 91' lang='lat' dir='ltr'><strong>fallere</strong></span> <span class='ocrx_word' id='word_1_793' title='bbox 2534 4665 2836 4732; x_wconf 82' lang='lat' dir='ltr'><strong>hominem,</strong></span> <span class='ocrx_word' id='word_1_794' title='bbox 2870 4668 2914 4699; x_wconf 74' lang='grc'><strong>’⁷</strong></span> <span class='ocrx_word' id='word_1_795' title='bbox 2945 4667 3041 4723; x_wconf 89' lang='lat' dir='ltr'><strong>sed</strong></span> <span class='ocrx_word' id='word_1_796' title='bbox 3074 4683 3183 4722; x_wconf 82' lang='lat' dir='ltr'><strong>non</strong></span> <span class='ocrx_word' id='word_1_797' title='bbox 3217 4665 3421 4724; x_wconf 90' lang='lat' dir='ltr'><strong>Deum.</strong></span> <span class='ocrx_word' id='word_1_798' title='bbox 3453 4669 3676 4740; x_wconf 86' lang='lat' dir='ltr'><strong>Sapiens</strong></span> 
     </span>
    </p>
   </div>
   <div class='ocr_carea' id='block_1_109' title="bbox 2103 4759 3672 4831">
    <p class='ocr_par' dir='ltr' id='par_1_109' title="bbox 2103 4759 3672 4831">
     <span class='ocr_line' id='line_1_109' title="bbox 2103 4759 3672 4831; baseline 0 -17"><span class='ocrx_word' id='word_1_799' title='bbox 2103 4775 2212 4814; x_wconf 87' lang='lat' dir='ltr'><strong>non</strong></span> <span class='ocrx_word' id='word_1_800' title='bbox 2237 4768 2320 4815; x_wconf 87' lang='lat' dir='ltr'><strong>est</strong></span> <span class='ocrx_word' id='word_1_801' title='bbox 2350 4759 2444 4829; x_wconf 91' lang='lat' dir='ltr'><strong>qui</strong></span> <span class='ocrx_word' id='word_1_802' title='bbox 2476 4768 2670 4825; x_wconf 90' lang='lat' dir='ltr'><strong>nocet,</strong></span> <span class='ocrx_word' id='word_1_803' title='bbox 2723 4775 2822 4815; x_wconf 90' lang='lat' dir='ltr'><strong>nec</strong></span> <span class='ocrx_word' id='word_1_804' title='bbox 2857 4759 2938 4814; x_wconf 90' lang='lat' dir='ltr'><strong>vir</strong></span> <span class='ocrx_word' id='word_1_805' title='bbox 2975 4760 3260 4831; x_wconf 85' lang='lat' dir='ltr'><strong>linguosus</strong></span> <span class='ocrx_word' id='word_1_806' title='bbox 3286 4759 3347 4814; x_wconf 88' lang='lat' dir='ltr'><strong>in</strong></span> <span class='ocrx_word' id='word_1_807' title='bbox 3381 4763 3589 4816; x_wconf 87' lang='lat' dir='ltr'><strong>malum</strong></span> <span class='ocrx_word' id='word_1_808' title='bbox 3621 4775 3672 4814; x_wconf 80' lang='lat' dir='ltr'><strong>se</strong></span> 
     </span>
    </p>
   </div>
   <div class='ocr_carea' id='block_1_110' title="bbox 2102 4850 3667 4925">
    <p class='ocr_par' dir='ltr' id='par_1_110' title="bbox 2102 4850 3667 4925">
     <span class='ocr_line' id='line_1_110' title="bbox 2102 4850 3667 4925; baseline -0.003 -16"><span class='ocrx_word' id='word_1_809' title='bbox 2102 4855 2300 4925; x_wconf 86' lang='lat' dir='ltr'><strong>diriget</strong></span> <span class='ocrx_word' id='word_1_810' title='bbox 2321 4855 2560 4908; x_wconf 86' lang='lat' dir='ltr'><strong>interra.</strong></span> <span class='ocrx_word' id='word_1_811' title='bbox 2585 4850 2735 4908; x_wconf 85' lang='lat' dir='ltr'><strong>Nihil</strong></span> <span class='ocrx_word' id='word_1_812' title='bbox 2760 4868 2892 4908; x_wconf 90' lang='lat' dir='ltr'><strong>vero</strong></span> <span class='ocrx_word' id='word_1_813' title='bbox 2924 4853 3052 4908; x_wconf 85' lang='lat' dir='ltr'><strong>mali</strong></span> <span class='ocrx_word' id='word_1_814' title='bbox 3082 4852 3217 4918; x_wconf 83' lang='lat' dir='ltr'><strong>vult,</strong></span> <span class='ocrx_word' id='word_1_815' title='bbox 3245 4854 3343 4923; x_wconf 90' lang='lat' dir='ltr'><strong>qui</strong></span> <span class='ocrx_word' id='word_1_816' title='bbox 3376 4854 3555 4909; x_wconf 79' lang='lat' dir='ltr'><strong>ﬁdelis</strong></span> <span class='ocrx_word' id='word_1_817' title='bbox 3575 4861 3667 4907; x_wconf 87' lang='lat' dir='ltr'><strong>est.</strong></span> 
     </span>
    </p>
   </div>
   <div class='ocr_carea' id='block_1_111' title="bbox 2097 4945 3670 5019">
    <p class='ocr_par' dir='ltr' id='par_1_111' title="bbox 2097 4945 3670 5019">
     <span class='ocr_line' id='line_1_111' title="bbox 2097 4945 3670 5019; baseline -0.003 -17"><span class='ocrx_word' id='word_1_818' title='bbox 2097 4945 2242 5002; x_wconf 84' lang='lat' dir='ltr'><strong>Malo</strong></span> <span class='ocrx_word' id='word_1_819' title='bbox 2276 4948 2422 5003; x_wconf 89' lang='lat' dir='ltr'><strong>enim</strong></span> <span class='ocrx_word' id='word_1_820' title='bbox 2452 4957 2508 5003; x_wconf 90' lang='lat' dir='ltr'><strong>et</strong></span> <span class='ocrx_word' id='word_1_821' title='bbox 2537 4964 2706 5019; x_wconf 90' lang='lat' dir='ltr'><strong>pravo</strong></span> <span class='ocrx_word' id='word_1_822' title='bbox 2751 4947 2972 5018; x_wconf 87' lang='lat' dir='ltr'><strong>ingenio</strong></span> <span class='ocrx_word' id='word_1_823' title='bbox 3013 4947 3148 5002; x_wconf 83' lang='lat' dir='ltr'><strong>ﬁdes</strong></span> <span class='ocrx_word' id='word_1_824' title='bbox 3177 4946 3360 5000; x_wconf 87' lang='lat' dir='ltr'><strong>aliena</strong></span> <span class='ocrx_word' id='word_1_825' title='bbox 3384 4956 3491 5003; x_wconf 88' lang='lat' dir='ltr'><strong>est.</strong></span> <span class='ocrx_word' id='word_1_826' title='bbox 3515 4947 3563 4978; x_wconf 79' lang='lat'>“</span> <span class='ocrx_word' id='word_1_827' title='bbox 3588 4947 3670 4998; x_wconf 79' lang='lat' dir='ltr'><strong>Ait</strong></span> 
     </span>
    </p>
   </div>
   <div class='ocr_carea' id='block_1_112' title="bbox 2093 5038 3668 5110">
    <p class='ocr_par' dir='ltr' id='par_1_112' title="bbox 2093 5038 3668 5110">
     <span class='ocr_line' id='line_1_112' title="bbox 2093 5038 3668 5110; baseline -0.004 -14"><span class='ocrx_word' id='word_1_828' title='bbox 2093 5040 2242 5096; x_wconf 90' lang='lat' dir='ltr'><strong>enim</strong></span> <span class='ocrx_word' id='word_1_829' title='bbox 2268 5041 2564 5110; x_wconf 87' lang='lat' dir='ltr'><strong>Apostolus</strong></span> <span class='ocrx_word' id='word_1_830' title='bbox 2595 5040 2661 5096; x_wconf 89' lang='lat' dir='ltr'><strong>de</strong></span> <span class='ocrx_word' id='word_1_831' title='bbox 2690 5040 2991 5095; x_wconf 82' lang='lat' dir='ltr'><strong>infidelium</strong></span> <span class='ocrx_word' id='word_1_832' title='bbox 3025 5038 3332 5109; x_wconf 82' lang='lat' dir='ltr'><strong>ignorantia</strong></span> <span class='ocrx_word' id='word_1_833' title='bbox 3365 5058 3380 5093; x_wconf 87' lang='lat'>:</span> <span class='ocrx_word' id='word_1_834' title='bbox 3409 5059 3428 5092; x_wconf 81' lang='grc' dir='ltr'><strong>ι</strong></span> <span class='ocrx_word' id='word_1_835' title='bbox 3453 5038 3513 5094; x_wconf 88' lang='lat' dir='ltr'><strong>Si</strong></span> <span class='ocrx_word' id='word_1_836' title='bbox 3533 5038 3668 5093; x_wconf 84' lang='lat' dir='ltr'><strong>enim</strong></span> 
     </span>
    </p>
   </div>
   <div class='ocr_carea' id='block_1_113' title="bbox 2091 5130 3664 5202">
    <p class='ocr_par' dir='ltr' id='par_1_113' title="bbox 2091 5130 3664 5202">
     <span class='ocr_line' id='line_1_113' title="bbox 2091 5130 3664 5202; baseline -0.004 -15"><span class='ocrx_word' id='word_1_837' title='bbox 2091 5132 2500 5202; x_wconf 87' lang='lat' dir='ltr'><strong>cognovissent,</strong></span> <span class='ocrx_word' id='word_1_838' title='bbox 2528 5147 2810 5202; x_wconf 89' lang='lat' dir='ltr'><strong>nunquam</strong></span> <span class='ocrx_word' id='word_1_839' title='bbox 2837 5131 3131 5186; x_wconf 86' lang='lat' dir='ltr'><strong>Dominqu</strong></span> <span class='ocrx_word' id='word_1_840' title='bbox 3159 5131 3350 5202; x_wconf 68' lang='lat' dir='ltr'><strong>gloriae</strong></span> <span class='ocrx_word' id='word_1_841' title='bbox 3373 5130 3664 5187; x_wconf 82' lang='lat' dir='ltr'><strong>cruciﬁxis-</strong></span> 
     </span>
    </p>
   </div>
   <div class='ocr_carea' id='block_1_114' title="bbox 2093 5220 3659 5293">
    <p class='ocr_par' dir='ltr' id='par_1_114' title="bbox 2093 5220 3659 5293">
     <span class='ocr_line' id='line_1_114' title="bbox 2093 5220 3659 5293; baseline -0.004 -15"><span class='ocrx_word' id='word_1_842' title='bbox 2093 5233 2216 5278; x_wconf 89' lang='lat' dir='ltr'><strong>sent</strong></span> <span class='ocrx_word' id='word_1_843' title='bbox 2243 5224 2310 5278; x_wconf 78' lang='grc'><strong>³³.</strong></span> <span class='ocrx_word' id='word_1_844' title='bbox 2353 5242 2372 5276; x_wconf 73' lang='grc' dir='ltr'><strong>ι</strong></span> <span class='ocrx_word' id='word_1_845' title='bbox 2400 5221 2745 5293; x_wconf 78' lang='lat' dir='ltr'><strong>Cruciligunt</strong></span> <span class='ocrx_word' id='word_1_846' title='bbox 2777 5223 2925 5278; x_wconf 86' lang='lat' dir='ltr'><strong>enim</strong></span> <span class='ocrx_word' id='word_1_847' title='bbox 2961 5222 3277 5290; x_wconf 87' lang='lat' dir='ltr'><strong>Dominum,</strong></span> <span class='ocrx_word' id='word_1_848' title='bbox 3310 5224 3412 5293; x_wconf 88' lang='lat' dir='ltr'><strong>qui</strong></span> <span class='ocrx_word' id='word_1_849' title='bbox 3446 5237 3567 5277; x_wconf 88' lang='lat' dir='ltr'><strong>eum</strong></span> <span class='ocrx_word' id='word_1_850' title='bbox 3609 5220 3659 5272; x_wconf 91' lang='lat' dir='ltr'><strong>in</strong></span> 
     </span>
    </p>
   </div>
   <div class='ocr_carea' id='block_1_115' title="bbox 2092 5311 3659 5386">
    <p class='ocr_par' dir='ltr' id='par_1_115' title="bbox 2092 5311 3659 5386">
     <span class='ocr_line' id='line_1_115' title="bbox 2092 5311 3659 5386; baseline -0.003 -16"><span class='ocrx_word' id='word_1_851' title='bbox 2092 5315 2468 5370; x_wconf 88' lang='lat' dir='ltr'><strong>sacerdotibus</strong></span> <span class='ocrx_word' id='word_1_852' title='bbox 2488 5316 2604 5371; x_wconf 91' lang='lat' dir='ltr'><strong>suis</strong></span> <span class='ocrx_word' id='word_1_853' title='bbox 2636 5326 3063 5386; x_wconf 88' lang='lat' dir='ltr'><strong>persequuntur,</strong></span> <span class='ocrx_word' id='word_1_854' title='bbox 3094 5316 3222 5385; x_wconf 88' lang='lat' dir='ltr'><strong>quia</strong></span> <span class='ocrx_word' id='word_1_855' title='bbox 3252 5331 3396 5370; x_wconf 85' lang='lat' dir='ltr'><strong>crux</strong></span> <span class='ocrx_word' id='word_1_856' title='bbox 3423 5331 3452 5371; x_wconf 88' lang='lat' dir='ltr'><strong>a</strong></span> <span class='ocrx_word' id='word_1_857' title='bbox 3472 5311 3659 5370; x_wconf 78' lang='lat' dir='ltr'><strong>crucia-</strong></span> 
     </span>
    </p>
   </div>
   <div class='ocr_carea' id='block_1_116' title="bbox 3144 5445 3652 5520">
    <p class='ocr_par' dir='ltr' id='par_1_116' title="bbox 3144 5445 3652 5520">
     <span class='ocr_line' id='line_1_116' title="bbox 3144 5445 3652 5520; baseline -0.006 -19"><span class='ocrx_word' id='word_1_858' title='bbox 3144 5453 3187 5486; x_wconf 77' lang='lat'><strong>&quot;</strong></span> <span class='ocrx_word' id='word_1_859' title='bbox 3217 5445 3334 5502; x_wconf 78' lang='lat' dir='ltr'><strong>Iul.</strong></span> <span class='ocrx_word' id='word_1_860' title='bbox 3395 5448 3652 5520; x_wconf 68' lang='lat' dir='ltr'><strong>Africanaf</strong></span> 
     </span>
    </p>
   </div>
   <div class='ocr_carea' id='block_1_117' title="bbox 3169 5517 3652 5575">
    <p class='ocr_par' dir='ltr' id='par_1_117' title="bbox 3169 5517 3652 5575">
     <span class='ocr_line' id='line_1_117' title="bbox 3169 5517 3652 5575; baseline 0.002 -1"><span class='ocrx_word' id='word_1_861' title='bbox 3169 5525 3212 5554; x_wconf 84' lang='lat'>“</span> <span class='ocrx_word' id='word_1_862' title='bbox 3242 5517 3495 5575; x_wconf 72' lang='lat' dir='ltr'><strong>detrahit.</strong></span> <span class='ocrx_word' id='word_1_863' title='bbox 3571 5520 3608 5549; x_wconf 78' lang='lat'><strong>&quot;</strong></span> <span class='ocrx_word' id='word_1_864' title='bbox 3637 5517 3652 5568; x_wconf 80' lang='grc' dir='ltr'>ί</span> 
     </span>
    </p>
   </div>
   <div class='ocr_carea' id='block_1_118' title="bbox 2360 5434 3040 5510">
    <p class='ocr_par' dir='ltr' id='par_1_118' title="bbox 2360 5434 3040 5510">
     <span class='ocr_line' id='line_1_118' title="bbox 2360 5434 3040 5510; baseline 0 -4"><span class='ocrx_word' id='word_1_865' title='bbox 2360 5454 2402 5484; x_wconf 80' lang='grc'>¹¹</span> <span class='ocrx_word' id='word_1_866' title='bbox 2448 5434 2675 5507; x_wconf 47' lang='grc' dir='ltr'><strong>’Τι’ἱαιιο</strong></span> <span class='ocrx_word' id='word_1_867' title='bbox 2701 5462 2750 5508; x_wconf 86' lang='lat' dir='ltr'><strong>et</strong></span> <span class='ocrx_word' id='word_1_868' title='bbox 2789 5451 3040 5510; x_wconf 82' lang='lat' dir='ltr'><strong>Heliano.</strong></span> 
     </span>
    </p>
   </div>
   <div class='ocr_carea' id='block_1_119' title="bbox 2584 5587 3649 5662">
    <p class='ocr_par' dir='ltr' id='par_1_119' title="bbox 2584 5587 3649 5662">
     <span class='ocr_line' id='line_1_119' title="bbox 2584 5587 3649 5662; baseline -0.007 -15"><span class='ocrx_word' id='word_1_869' title='bbox 2584 5593 2623 5622; x_wconf 81' lang='grc'>²¹</span> <span class='ocrx_word' id='word_1_870' title='bbox 2659 5593 2825 5646; x_wconf 80' lang='lat' dir='ltr'><strong>Eccli.</strong></span> <span class='ocrx_word' id='word_1_871' title='bbox 2870 5609 3049 5656; x_wconf 77' lang='lat' dir='ltr'><strong>xxxv,</strong></span> <span class='ocrx_word' id='word_1_872' title='bbox 3081 5593 3136 5646; x_wconf 68' lang='lat'><strong>2.</strong></span> <span class='ocrx_word' id='word_1_873' title='bbox 3214 5595 3260 5625; x_wconf 79' lang='lat'><strong>&quot;</strong></span> <span class='ocrx_word' id='word_1_874' title='bbox 3294 5591 3348 5658; x_wconf 87' lang='lat'><strong>6,</strong></span> <span class='ocrx_word' id='word_1_875' title='bbox 3379 5601 3564 5662; x_wconf 66' lang='lat' dir='ltr'><strong>quaest.</strong></span> <span class='ocrx_word' id='word_1_876' title='bbox 3598 5587 3649 5640; x_wconf 86' lang='lat' dir='ltr'><strong>l:</strong></span> 
     </span>
    </p>
   </div>
   <div class='ocr_carea' id='block_1_120' title="bbox 415 5653 2020 5742">
    <p class='ocr_par' dir='ltr' id='par_1_120' title="bbox 415 5653 2020 5742">
     <span class='ocr_line' id='line_1_120' title="bbox 415 5653 2020 5742; baseline 0 0"><span class='ocrx_word' id='word_1_877' title='bbox 415 5653 962 5742; x_wconf 65' lang='lat' dir='ltr'><strong>§&quot;!’:&quot;‘“..‘&quot;f£l“““.‘~.</strong></span> <span class='ocrx_word' id='word_1_878' title='bbox 1012 5657 1058 5689; x_wconf 80' lang='lat'>&quot;</span> <span class='ocrx_word' id='word_1_879' title='bbox 1089 5657 1110 5709; x_wconf 81' lang='grc' dir='ltr'><strong>ι</strong></span> <span class='ocrx_word' id='word_1_880' title='bbox 1139 5653 1550 5742; x_wconf 40' lang='lat' dir='ltr'><strong>leniunt-’5:</strong></span> <span class='ocrx_word' id='word_1_881' title='bbox 1600 5653 1884 5742; x_wconf 52' lang='lat' dir='ltr'><strong>stipites.-</strong></span> <span class='ocrx_word' id='word_1_882' title='bbox 1914 5673 1968 5722; x_wconf 71' lang='grc' dir='ltr'><strong>νν</strong></span> <span class='ocrx_word' id='word_1_883' title='bbox 2003 5660 2020 5712; x_wconf 72' lang='grc' dir='ltr'><strong>τ</strong></span> 
     </span>
    </p>
   </div>
   <div class='ocr_carea' id='block_1_121' title="bbox 2108 5653 3648 5742">
    <p class='ocr_par' dir='ltr' id='par_1_121' title="bbox 2113 5653 3648 5742">
     <span class='ocr_line' id='line_1_121' title="bbox 2113 5653 3648 5742; baseline 0.001 -26"><span class='ocrx_word' id='word_1_884' title='bbox 2113 5665 2174 5742; x_wconf 44' lang='grc' dir='ltr'><strong>’ξε</strong></span> <span class='ocrx_word' id='word_1_885' title='bbox 2199 5653 2360 5742; x_wconf 45' lang='lat' dir='ltr'><strong>biiab}</strong></span> <span class='ocrx_word' id='word_1_886' title='bbox 2391 5679 2449 5724; x_wconf 87' lang='grc' dir='ltr'>ιι,</span> <span class='ocrx_word' id='word_1_887' title='bbox 2484 5662 2600 5727; x_wconf 80' lang='grc'><strong>1-8,</strong></span> <span class='ocrx_word' id='word_1_888' title='bbox 2632 5678 2698 5742; x_wconf 57' lang='lat' dir='ltr'><strong>ex</strong></span> <span class='ocrx_word' id='word_1_889' title='bbox 2723 5653 3045 5742; x_wconf 55' lang='lat' dir='ltr'><strong>iutcrp_r_.S.</strong></span> <span class='ocrx_word' id='word_1_890' title='bbox 3067 5662 3214 5719; x_wconf 85' lang='lat' dir='ltr'><strong>Hier.</strong></span> <span class='ocrx_word' id='word_1_891' title='bbox 3255 5653 3591 5742; x_wconf 41' lang='grc' dir='ltr'><strong>,ξδ’Νίῲιιιιξ.</strong></span> <span class='ocrx_word' id='word_1_892' title='bbox 3616 5671 3648 5742; x_wconf 71' lang='lat' dir='ltr'><strong>l.</strong></span> 
     </span>
    </p>
   </div>
   <div class='ocr_carea' id='block_1_122' title="bbox 417 5723 3654 5804">
    <p class='ocr_par' dir='ltr' id='par_1_122' title="bbox 417 5723 3654 5804">
     <span class='ocr_line' id='line_1_122' title="bbox 417 5723 3654 5804; baseline 0.001 -23"><span class='ocrx_word' id='word_1_893' title='bbox 417 5729 461 5782; x_wconf 15' lang='lat'><strong>7‘</strong></span> <span class='ocrx_word' id='word_1_894' title='bbox 488 5728 589 5804; x_wconf 59' lang='lat' dir='ltr'><strong>lg,</strong></span> <span class='ocrx_word' id='word_1_895' title='bbox 624 5725 682 5780; x_wconf 88' lang='lat' dir='ltr'><strong>S.</strong></span> <span class='ocrx_word' id='word_1_896' title='bbox 717 5723 862 5781; x_wconf 83' lang='lat' dir='ltr'><strong>Hier.</strong></span> <span class='ocrx_word' id='word_1_897' title='bbox 888 5727 1116 5797; x_wconf 81' lang='lat' dir='ltr'><strong>interpr.</strong></span> <span class='ocrx_word' id='word_1_898' title='bbox 1194 5728 1238 5760; x_wconf 76' lang='grc'><strong>³⁷</strong></span> <span class='ocrx_word' id='word_1_899' title='bbox 1263 5726 1396 5784; x_wconf 83' lang='lat' dir='ltr'><strong>Vide</strong></span> <span class='ocrx_word' id='word_1_900' title='bbox 1425 5731 1577 5787; x_wconf 87' lang='lat' dir='ltr'><strong>Sent.</strong></span> <span class='ocrx_word' id='word_1_901' title='bbox 1599 5723 1740 5782; x_wconf 77' lang='lat' dir='ltr'><strong>Sixti</strong></span> <span class='ocrx_word' id='word_1_902' title='bbox 1761 5723 1990 5800; x_wconf 74' lang='lat' dir='ltr'><strong>Pythag.</strong></span> <span class='ocrx_word' id='word_1_903' title='bbox 2019 5748 2085 5790; x_wconf 78' lang='lat' dir='ltr'><strong>ex</strong></span> <span class='ocrx_word' id='word_1_904' title='bbox 2113 5732 2311 5789; x_wconf 77' lang='lat' dir='ltr'><strong>Bullini</strong></span> <span class='ocrx_word' id='word_1_905' title='bbox 2342 5723 2596 5804; x_wconf 51' lang='lat' dir='ltr'><strong>inter-pm</strong></span> <span class='ocrx_word' id='word_1_906' title='bbox 2645 5734 2689 5764; x_wconf 73' lang='grc'><strong>’⁸</strong></span> <span class='ocrx_word' id='word_1_907' title='bbox 2715 5723 2877 5788; x_wconf 59' lang='lat' dir='ltr'><strong>conc:</strong></span> <span class='ocrx_word' id='word_1_908' title='bbox 2900 5731 3053 5804; x_wconf 80' lang='lat' dir='ltr'><strong>llisp.</strong></span> <span class='ocrx_word' id='word_1_909' title='bbox 3077 5751 3140 5800; x_wconf 78' lang='grc' dir='ltr'>ιι,</span> <span class='ocrx_word' id='word_1_910' title='bbox 3164 5751 3214 5790; x_wconf 90' lang='lat' dir='ltr'><strong>c.</strong></span> <span class='ocrx_word' id='word_1_911' title='bbox 3250 5735 3340 5791; x_wconf 77' lang='grc'><strong>15.</strong></span> <span class='ocrx_word' id='word_1_912' title='bbox 3415 5736 3457 5766; x_wconf 69' lang='grc'>³³</span> <span class='ocrx_word' id='word_1_913' title='bbox 3483 5735 3504 5786; x_wconf 85' lang='grc' dir='ltr'><strong>ι</strong></span> <span class='ocrx_word' id='word_1_914' title='bbox 3535 5731 3654 5784; x_wconf 72' lang='lat' dir='ltr'><strong>Cor-</strong></span> 
     </span>
    </p>
   </div>
   <div class='ocr_carea' id='block_1_123' title="bbox 415 5801 566 5862">
    <p class='ocr_par' dir='ltr' id='par_1_123' title="bbox 415 5801 566 5862">
     <span class='ocr_line' id='line_1_123' title="bbox 415 5801 566 5862; baseline -0.013 -9"><span class='ocrx_word' id='word_1_915' title='bbox 415 5813 480 5862; x_wconf 86' lang='lat' dir='ltr'><strong>u,</strong></span> <span class='ocrx_word' id='word_1_916' title='bbox 513 5801 566 5852; x_wconf 75' lang='lat'><strong>8.</strong></span> 
     </span>
    </p>
   </div>
  </div>
