3806 6208
451 325 600 383 I075

1907 322 2088 381 SIXTI
2120 323 2140 378 I
2180 323 2379 379 PAPE

3555 317 3684 376 1076

450 446 592 504 Isaia
638 445 902 518 propheta
935 445 1189 502 dicente:
1247 463 1268 499 ι
1297 445 1412 518 Ego
1440 462 1562 503 sum
1594 446 1760 515 Deus,
1809 456 1864 504 et
1909 463 2019 503 non
2050 453 2094 509 Α
2121 447 2249 503 talia
2296 445 2586 518 prtedicat,
2645 452 2700 500 et
2750 442 3000 498 eumdem
3039 441 3258 510 Filium,
3303 441 3477 498 Deum
3527 455 3685 511 super

447 549 534 595 est
567 538 708 596 alius
736 549 932 610 praeter
962 554 1069 594 me.
1118 537 1186 594 Et
1222 553 1319 610 per
1383 540 1649 609 mcipsum
1693 541 1859 618 iuro,
1891 542 2020 612 quia

450 629 620 684 exivit
653 645 720 686 ex
752 645 847 685 ore
876 644 999 684 meo
1026 629 1247 695 veritas,
1288 638 1344 685 et
1385 645 1568 686 sermo
1603 647 1760 687 meus
1793 648 1902 688 non
1935 649 2022 690 re-

449 729 712 786 vertetur,
759 721 889 791 quia
936 721 1070 776 mihi
1122 721 1476 783 inclinabitur
1523 737 1686 778 omne
1734 739 1912 796 genu,
1967 735 2022 781 et

446 811 629 867 omnis
655 811 840 882 lingua
867 811 1072 882 iurabit
1100 827 1196 882 per
1217 810 1529 882 Dominum,
1554 813 1774 870 dicens:
1800 813 2020 871 Iustitia

445 911 500 956 et
529 901 702 974 gloria
737 901 804 956 ad
835 917 960 957 eum
991 903 1171 958 veniet
1193 903 1258 958 ³⁸.
1293 922 1312 956 ι
1353 903 1420 960 Et
1449 911 1508 960 ut
1543 906 1598 962 in
1628 907 1734 962 hoc
1766 909 2017 964 testimo-

444 991 540 1046 nio
588 989 805 1046 Patrem
857 1000 910 1047 et
945 990 1142 1046 Filium
1211 993 1374 1049 simul
1423 995 1595 1053 fuisse
1649 998 2014 1067 cognoscatis,

441 1080 676 1136 Paulum
727 1082 1036 1153 apostolum
1085 1084 1270 1146 audite
1323 1085 1591 1142 dicentem
1622 1105 1636 1142 :
1678 1106 1697 1140 ι
1728 1085 1799 1146 Ut
1831 1089 1886 1142 in
1919 1105 2017 1144 no-

441 1173 614 1239 mine,
645 1173 845 1245 inquit,
873 1171 1002 1231 Iesu
1031 1177 1194 1231 omne
1224 1191 1363 1254 genu
1388 1176 1657 1245 ﬂectatur,
1689 1180 2012 1249 caelestium,

440 1265 785 1320 terrestrium
818 1273 874 1321 et
904 1265 1270 1332 infernorum,
1301 1277 1354 1322 et
1389 1269 1570 1326 omnis
1621 1271 1808 1342 lingua
1838 1273 2012 1328 conli-

441 1363 643 1421 tcatur,
679 1357 810 1427 quia
858 1357 1124 1413 Dominus
1155 1357 1315 1414 Jesus
1346 1359 1602 1418 Christus
1636 1362 1690 1417 in
1723 1364 1898 1434 gloria
1929 1373 2014 1431 est

439 1443 538 1498 Dei
564 1443 747 1501 Patris
797 1448 1194 1519 omnipotentis
1221 1449 1287 1504 ³⁷.
1324 1468 1344 1502 ι
1399 1449 1556 1519 Quod
1602 1452 1673 1518 si,
1706 1454 2009 1510 secundum

439 1535 676 1607 aliquos,
707 1535 882 1595 Filius
913 1548 996 1596 est
1027 1541 1207 1594 minor
1235 1539 1397 1596 Patre
1433 1557 1554 1608 suo,
1578 1559 1708 1615 ergo
1737 1546 2009 1606 minorata

437 1637 524 1682 est
557 1636 611 1682 et
647 1629 820 1698 gloria
849 1627 1029 1685 Patris
1078 1629 1132 1684 in
1165 1628 1327 1686 Filio.
1381 1630 1447 1688 Et
1483 1633 1573 1687 ubi
1615 1644 1720 1699 est,
1762 1637 1906 1708 quod
1954 1638 2007 1691 in

438 1716 735 1775 Salomone
764 1718 1046 1791 Scriptura
1077 1722 1339 1793 loquitur,
1365 1724 1553 1780 dicens
1578 1742 1592 1780 :
1622 1744 1640 1777 ι
1677 1725 1828 1782 Sicut
1860 1728 2005 1784 enim

434 1811 493 1866 in
520 1822 812 1882 conspectu
849 1828 1061 1882 eorum,
1088 1814 1286 1883 inquit,
1319 1817 1696 1888 magnificatus
1730 1835 1790 1875 es
1821 1819 1874 1874 in
1905 1836 2007 1876 no-
2038 1801 2082 1857 Β

435 1900 545 1971 bis,
575 1903 649 1957 ita
681 1903 736 1958 in
765 1913 1065 1976 conspectu
1102 1915 1290 1961 nostro
1317 1907 1758 1977 magnificaberis
1788 1911 1841 1965 in
1877 1912 2004 1977 illis,

432 2002 498 2048 ut
525 2004 860 2065 cognoscant
893 2003 984 2061 te;
1025 1997 1167 2052 sicut
1210 2006 1264 2052 et
1301 2013 1401 2054 nos
1440 2000 1834 2071 cognovimus:
1865 2018 2006 2074 quo-

432 2084 586 2140 niam
627 2100 735 2141 non
765 2095 852 2142 est
878 2085 1022 2152 Deus
1062 2097 1258 2159 praeter
1301 2098 1386 2156 te,
1415 2087 1645 2147 Domine
1668 2092 1759 2147 "2
1789 2113 1808 2146 ι
1866 2093 2004 2150 Dili-

432 2185 623 2247 genter
646 2178 885 2247 attende,
915 2188 969 2235 et
1002 2194 1239 2251 agnosce
1263 2179 1461 2239 Filium
1499 2195 1641 2252 esse,
1675 2185 1767 2255 qui
1795 2187 2007 2256 magni-

431 2269 692 2327 ﬁcabitur
741 2271 799 2329 in
825 2271 1056 2343 judicio,
1083 2274 1214 2330 dum
1240 2277 1456 2332 venerit
1480 2277 1638 2332 vivos
1674 2288 1728 2333 et
1758 2289 2005 2338 mortuos

427 2363 697 2435 judicare.
752 2363 888 2436 Item
931 2364 1103 2422 Isaias
1129 2385 1144 2422 :
1200 2385 1220 2420 ι
1251 2367 1482 2434 Audite,
1507 2369 1705 2427 domus
1733 2369 1923 2438 Iacob,
1951 2382 2006 2428 et

431 2453 639 2511 residui
685 2455 883 2513 domus
930 2455 1118 2525 Israel,
1153 2458 1248 2528 qui
1277 2459 1599 2530 egredimini
1641 2477 1708 2517 ex
1741 2472 1917 2530 utero,
1950 2471 2006 2518 et

429 2546 725 2602 erudimini
762 2561 794 2603 a
823 2564 993 2620 puero
1017 2566 1191 2621 usque
1221 2553 1289 2608 ad
1325 2564 1661 2611 senectutem
1690 2573 1704 2610 :
1729 2554 1812 2610 Ab
1849 2555 2012 2624 initio

428 2630 532 2708 ego
566 2653 711 2704 sum,
751 2648 806 2696 et
841 2656 1130 2712 quousque
1178 2646 1500 2714 senescatis,
1531 2659 1641 2715 ego.
1673 2659 1795 2709 sum
1839 2665 1853 2702 :
1903 2661 2003 2718 ego

425 2744 530 2787 vos
563 2730 686 2798 feci,
719 2741 773 2789 et
810 2748 910 2806 ego
945 2735 1190 2791 sustineo
1219 2750 1240 2791 :
1279 2751 1380 2808 ego
1421 2739 1716 2807 remittam,
1745 2753 1847 2810 ego
1875 2756 2002 2796 sus-

426 2821 660 2892 cipiam,
693 2822 828 2879 dicit
865 2823 1132 2882 Dominus
1152 2827 1216 2882 ⁸⁹.
1253 2845 1273 2886 ι
1329 2826 1395 2884 Ει
1427 2829 1624 2884 iterum
1653 2846 1666 2881 :
1700 2828 1852 2901 «Ego
1880 2847 2002 2886 sum

427 2913 694 2972 Dominus
738 2915 916 2984 Deus,
968 2927 1168 2988 praeter
1215 2934 1304 2976 me
1357 2935 1466 2976 non
1513 2930 1598 2976 est
1651 2922 1790 2978 alius
1832 2922 2000 2990 Deus,

427 3007 766 3066 annuntians
810 3009 1142 3078 novissima,
1175 3013 1500 3084 priusquam
1534 3014 1697 3082 ﬁant,
1729 3026 1784 3070 et
1815 3017 2001 3072 statim

427 3109 809 3161 consummata
857 3110 986 3157 sunt
1012 3101 1078 3156 “.
1112 3121 1131 3156 ι
1161 3103 1291 3159 Item
1320 3105 1451 3161 alibi
1485 3123 1498 3160 :
1538 3124 1557 3158 σ
1585 3105 1728 3161 Audi
1762 3122 1870 3173 me,
1909 3108 2002 3164 .la-

426 3191 531 3248 cob
579 3201 634 3249 et
660 3192 848 3260 Israel,
879 3195 1141 3265 quoniam
1198 3210 1299 3267 ego
1328 3195 1456 3271 feci.
1521 3196 1634 3274 Ego
1669 3213 1792 3254 sum
1818 3199 2004 3255 Domi-

426 3299 532 3341 nus
559 3283 706 3342 Deus
732 3285 965 3356 primus,
1002 3295 1058 3342 et
1087 3301 1189 3359 ego
1218 3288 1591 3346 novissimus:
1617 3298 1672 3344 et
1705 3290 1761 3344 in
1795 3305 1858 3346 ea
1884 3306 2004 3361 quae

425 3385 825 3451 superventura
887 3386 1016 3434 sunt
1062 3377 1118 3434 in
1171 3379 1518 3446 novissimis,
1573 3395 1674 3450 ego
1726 3395 1849 3436 sum
1879 3381 1947 3436 δί.
1979 3399 1999 3434 ι

425 3468 560 3526 Item
597 3469 712 3527 ibi:
763 3489 783 3524 ι
811 3468 925 3542 Ego
965 3486 1090 3528 sum
1120 3470 1286 3541 Deus,
1335 3472 1431 3544 qui
1485 3481 1537 3528 te
1571 3473 1782 3541 creavi,
1820 3473 1914 3545 qui
1953 3483 2005 3531 te

426 3563 634 3633 adjuvi,
666 3571 721 3620 et
748 3564 1086 3621 communivi
1133 3564 1360 3620 dextera
1387 3581 1509 3621 mea
1540 3566 1604 3621 δ’.
1640 3585 1659 3618 ι
1721 3565 1790 3622 Et
1821 3567 2004 3621 unita-

427 3667 535 3712 tem
577 3653 757 3712 Patris
811 3665 866 3713 et
915 3655 1042 3712 Filii
1091 3658 1380 3728 assignans
1427 3658 1715 3729 loquitur,
1770 3658 1998 3714 dicens:

431 3769 451 3802 ι
488 3748 601 3821 Ego
650 3748 809 3808 testis
846 3759 1046 3815 vester,
1095 3749 1229 3806 dicit
1269 3749 1533 3807 Dominus
1570 3751 1736 3818 Deus,
1781 3761 1836 3807 et
1869 3767 2003 3822 puer

423 3855 582 3897 meus
610 3849 691 3908 tu,
717 3857 878 3912 quem
907 3857 1009 3915 ego
1037 3842 1196 3914 elegi,
1227 3851 1289 3898 ut
1313 3843 1500 3898 sciatis
1527 3852 1582 3899 et
1611 3844 1847 3900 credatis
1873 3844 2002 3914 quia

423 3949 527 4005 ego
555 3949 711 4003 sum,
755 3944 810 3990 et
841 3943 968 3990 ante
1008 3951 1096 3989 me
1128 3949 1239 3996 non
1277 3933 1383 3990 fuit
1416 3935 1557 4008 alius
1586 3933 1762 4003 Deus,
1793 3944 1848 3990 et
1880 3943 2004 4006 post

425 4042 514 4081 me
545 4041 652 4081 non
685 4026 792 4083 erit
821 4026 888 4082 ".
923 4045 942 4079 ι
1005 4026 1184 4084 Unum
1213 4027 1294 4106 hi,
1318 4028 1412 4098 qui
1447 4043 1556 4082 non
1593 4044 1726 4084 sane
1757 4029 1999 4098 sapiunt,

422 4121 628 4190 eligant
653 4133 723 4175 ex
753 4118 966 4175 duobus
991 4138 1004 4174 :
1044 4128 1140 4175 aut
1175 4117 1450 4190 fateantur
1477 4118 1692 4176 Patrem
1724 4128 1778 4176 et
1802 4119 1999 4175 Filium

424 4210 595 4266 Deum
653 4225 826 4284 unum
852 4196 879 4276 ,’
917 4221 1013 4268 aut
1062 4213 1110 4268 si
1157 4212 1336 4268 solum
1386 4209 1606 4268 Patrem
1659 4211 1830 4268 Deum
1881 4228 2002 4268 esse

422 4302 780 4370 contendunt,
811 4318 944 4374 ergo
977 4303 1084 4361 illis
1109 4303 1375 4361 Dominus
1423 4313 1610 4360 noster
1646 4302 1808 4360 Jesus
1836 4302 2002 4359 Chri-

422 4404 543 4450 stus
569 4394 618 4428 “
645 4392 741 4451 Dei
773 4393 945 4452 Filius
974 4410 1084 4451 non
1114 4395 1222 4450 erit
1245 4393 1411 4462 Deus,
1442 4395 1577 4466 quia
1598 4395 1865 4465 scriptum
1891 4402 1996 4451 est:

2123 541 2307 597 omnia
2337 539 2680 595 benedictum
2718 535 2998 591 insinuat?
3041 553 3060 586 ι
3093 535 3335 602 Quorum
3368 543 3577 604 patres,
3605 535 3683 587 in-

2121 633 2260 704 quit,
2304 647 2370 688 ex
2410 632 2610 702 quibus
2637 629 2889 685 Christus
2938 627 3239 684 secundum
3292 642 3540 693 carnem,
3592 628 3680 696 qui

2120 734 2205 780 est
2249 739 2415 794 super
2466 722 2652 778 omnia
2678 720 2823 776 Deus
2869 719 3182 774 benedictus
3231 718 3286 772 in
3333 719 3539 772 szecula
3563 717 3628 771 ⁸⁸.
3658 736 3676 768 ι

2119 811 2250 869 Item
2291 811 2459 868 Isaias
2496 811 2576 866 ait
2607 825 2622 863 :
2662 829 2681 862 ι
2714 809 2981 865 Dominus
3011 807 3154 863 Deus
3186 806 3381 871 Israel,
3413 807 3512 876 qui
3555 804 3682 862 Iibe-

2118 905 2260 961 ravit
2296 920 2421 959 eum
2463 903 2530 958 de
2553 902 2808 973 Egypto.
2861 901 2977 970 Ego
3030 916 3152 968 sum
3201 899 3433 970 primus,
3483 909 3541 953 et
3587 913 3681 968 ego

2116 1001 2241 1069 post
2292 997 2426 1062 haec,
2480 1004 2535 1050 et
2579 1003 2774 1065 praeter
2809 1009 2896 1049 me
2941 1009 3052 1049 non
3099 1001 3183 1048 est
3209 991 3352 1047 Deus
3399 993 3550 1047 sicut
3588 1006 3682 1060 ego

2115 1105 2261 1152 sum,
2294 1089 2386 1160 qui
2419 1097 2542 1152 stet,
2579 1095 2634 1142 et
2659 1096 2847 1154 vocet,
2887 1094 2942 1140 et
2985 1094 3250 1156 pneparet
3286 1084 3444 1147 mihi,
3479 1098 3550 1137 ex
3580 1097 3683 1151 quo

2115 1180 2392 1236 hominem
2424 1178 2523 1234 feci
2556 1179 2610 1233 in
2639 1178 2839 1243 saeculo
2862 1177 2961 1232 ".i
2999 1176 3132 1232 Item
3162 1175 3291 1230 alibi
3322 1193 3339 1231 :
3378 1194 3400 1227 ι
3435 1175 3500 1229 In
3531 1184 3584 1228 te
3610 1184 3685 1229 est

2113 1271 2280 1338 Deus,
2311 1281 2364 1326 et
2392 1272 2788 1335 nesciebamus,
2817 1278 2871 1324 et
2901 1285 3010 1325 non
3039 1278 3123 1325 est
3147 1268 3285 1323 alius
3313 1267 3459 1322 Deus
3493 1274 3686 1336 praeter

2115 1372 2165 1422 te
2191 1363 2254 1417 “‘.
2287 1382 2306 1416 ι
2370 1362 2452 1417 Τιι
2494 1378 2554 1419 es
2600 1361 2744 1416 enim
2787 1357 2966 1429 Deus,
3020 1370 3076 1417 et
3103 1361 3514 1423 nesciebamus,
3546 1359 3684 1415 Deus

2110 1454 2275 1510 Israel
2299 1454 2565 1510 Salvator.
2591 1452 2745 1510 Unus
2767 1453 2911 1510 Deus
2932 1469 3041 1509 non
3068 1461 3194 1509 sunt
3219 1452 3378 1516 Pater
3401 1461 3457 1506 et
3484 1451 3686 1506 Filius?

2109 1547 2240 1618 Quis
2273 1556 2356 1604 est
2383 1547 2472 1603 hic
2495 1546 2657 1612 Deus,
2686 1547 2738 1601 in
2771 1561 2879 1618 quo
2906 1561 3027 1600 esse
3061 1545 3260 1600 dicitur
3291 1545 3461 1609 Deus,
3488 1553 3686 1615 prater

2091 1654 2269 1709 quem
2314 1639 2478 1694 alium
2504 1639 2667 1693 deum
2709 1653 2814 1692 non
2844 1652 2966 1692 esse
2992 1635 3253 1706 propheta
3301 1648 3686 1705 stepenumero

2108 1728 2480 1801 protestatur‘!
2513 1729 2577 1784 Et
2601 1728 2830 1784 'Baruch
2866 1743 2880 1780 :
2907 1748 2926 1781 ι
2956 1725 3054 1784 Ilic
3084 1727 3227 1783 Deus
3264 1737 3474 1794 noster,
3510 1727 3610 1791 ait,
3637 1735 3689 1781 et

2111 1838 2219 1878 non
2251 1821 2610 1893 applicabitur
2635 1821 2775 1878 alter
2800 1821 2868 1877 ad
2900 1837 3052 1900 eum,
3084 1822 3178 1891 qui
3209 1821 3417 1875 invenit
3463 1835 3684 1875 omnem

2107 1918 2249 1970 viam
2305 1914 2576 1982 scientiae,
2607 1923 2662 1970 et
2691 1913 2839 1970 dedit
2883 1929 3002 1969 eam
3036 1911 3204 1968 Jacob
3251 1927 3424 1983 puero
3475 1927 3603 1978 suo,
3635 1920 3688 1966 et

2107 2005 2273 2061 Israel
2315 2007 2514 2061 dilecto
2567 2023 2688 2062 suo.
2732 2005 2866 2061 Post
2912 2005 3028 2060 haec
3074 2004 3129 2058 in
3173 2003 3341 2059 terris
3381 2002 3543 2058 visus
3586 2012 3684 2068 est,

2105 2107 2159 2153 et
2186 2099 2325 2153 inter
2353 2098 2601 2154 homines
2631 2106 2987 2153 conversatus
3017 2103 3102 2152 est
3125 2095 3194 2148 ".
3229 2113 3248 2147 ι
3305 2093 3375 2148 Ει
3421 2094 3479 2148 in
3531 2092 3685 2148 Salo-

2105 2204 2267 2246 mone
2294 2191 2525 2257 habetur
2549 2208 2566 2246 :
2601 2208 2621 2242 ‹
2649 2189 2908 2245 Miserere
2945 2188 3125 2254 nobis,
3150 2187 3293 2241 Deus
3322 2185 3609 2250 omnium,
3635 2195 3686 2238 et

2105 2281 2332 2342 Ostende
2366 2282 2522 2338 nobis
2548 2283 2730 2337 lumen
2755 2280 3141 2346 miserationis,
3171 2292 3224 2332 et
3249 2278 3490 2332 immitte
3523 2277 3685 2330 timo-

2105 2387 2220 2428 rem
2260 2381 2416 2428 tuum
2447 2387 2610 2444 super
2644 2380 2855 2444 gentes,
2883 2387 3006 2442 qua:
3034 2386 3144 2442 non
3180 2368 3573 2439 exquisierunt
3611 2377 3683 2431 te,

2104 2475 2166 2519 ut
2196 2473 2531 2536 cognoscant
2560 2465 2688 2535 quia
2719 2479 2827 2520 non
2858 2472 2943 2519 est
2972 2463 3110 2518 alius
3139 2461 3303 2528 Deus,
3340 2460 3449 2515 nisi
3481 2471 3545 2515 tu
3567 2459 3634 2511 ⁸⁸.
3661 2476 3681 2508 ι

2104 2557 2239 2626 Item
2270 2557 2398 2611 alibi
2427 2574 2441 2612 :
2473 2575 2491 2608 ι
2518 2555 2747 2611 Domine
2777 2555 2920 2622 Deus
2950 2554 3139 2616 Israel,
3173 2568 3280 2608 non
3330 2560 3417 2607 est
3462 2551 3564 2605 tibi
3611 2550 3685 2604 si-

2103 2649 2250 2704 milis
2281 2649 2334 2702 in
2365 2647 2504 2703 caelo
2537 2663 2780 2716 sursum,
2811 2662 2988 2716 neque
3019 2648 3074 2701 in
3105 2655 3250 2710 terra
3276 2645 3548 2699 deorsum
3568 2643 3633 2696 “.
3661 2659 3681 2692 ι

2103 2741 2170 2796 Ει
2204 2741 2258 2795 in
2291 2741 2501 2812 psalmo
2533 2754 2644 2795 xvu
2675 2741 2750 2794 z"
2785 2759 2804 2792 ι
2832 2737 3101 2805 Quoniam
3152 2739 3276 2809 quis
3311 2735 3459 2790 Deus
3492 2743 3686 2806 praeter

2104 2831 2421 2898 Dominum,
2451 2841 2546 2886 aut
2574 2831 2697 2902 quis
2726 2829 2870 2886 Deus
2901 2839 3093 2900 praeter
3122 2829 3290 2882 Deum
3323 2826 3634 2883 nostrum!
3661 2843 3681 2876 ι

2103 2921 2169 2986 Et
2194 2923 2251 2979 in
2273 2923 2468 2980 Genesi
2491 2923 2570 2978 ⁸³ε
2599 2943 2617 2975 ι
2638 2922 2702 2977 Ει
2734 2923 2872 2993 pluit
2897 2921 3158 2977 Dominus
3183 2936 3214 2975 a
3236 2919 3476 2974 Domino
3509 2920 3683 2990 ignem

2101 3025 2157 3073 et
2189 3015 2365 3072 sulfur
2395 3031 2559 3086 super
2589 3013 2885 3070 Sodomam
2917 3023 2969 3068 et
2999 3013 3386 3080 Gomorrham,
3405 3021 3466 3068 et
3493 3012 3687 3067 evertit

2102 3109 2350 3165 civitates
2391 3108 2534 3164 illas.
2571 3127 2590 3160 ι
2646 3107 2703 3162 Si
2739 3108 2889 3162 solus
2922 3105 3082 3162 Pater
3112 3105 3256 3161 Deus
3285 3114 3393 3170 est,
3421 3105 3528 3172 qui
3559 3105 3688 3174 pluit

2105 3199 2282 3270 ignem
2311 3209 2364 3254 et
2391 3198 2567 3255 sulfur
2593 3215 2623 3253 a
2645 3198 2875 3253 Domino
2902 3213 3065 3268 supra
3093 3197 3380 3268 praedictas
3405 3197 3687 3256 civitates,

2104 3301 2165 3346 ut
2188 3305 2282 3346 eas
2306 3291 2622 3346 everteret?
2667 3303 2876 3360 quaeso,
2907 3289 3195 3359 responde.
3232 3286 3297 3342 Et
3327 3288 3384 3341 in
3413 3285 3686 3343 Deutero-

2103 3383 2292 3437 nomio
2315 3384 2363 3415 ”
2392 3401 2405 3436 :
2447 3402 2466 3434 ‹
2495 3381 2762 3438 Dominus
2811 3381 2964 3436 solus
3000 3379 3304 3435 deducebat
3336 3393 3460 3446 eos,
3497 3389 3558 3434 et
3583 3393 3689 3434 non

2103 3471 2208 3529 fuit
2237 3489 2360 3530 cum
2392 3473 2500 3528 illis
2534 3473 2669 3530 deus
2698 3472 2930 3526 alienus.
2965 3490 2985 3523 ι
3018 3469 3084 3525 Et
3116 3469 3320 3526 Paulus
3362 3471 3690 3536 apostolus:

2111 3563 2300 3622 «Unus
2347 3563 2516 3631 Deus,
2556 3565 2651 3635 qui
2677 3563 2944 3635 justificat
2975 3563 3452 3619 circumcisionem
3490 3578 3562 3618 ex
3593 3562 3690 3618 fido

2103 3665 2156 3712 et
2185 3640 2511 3726 prarpu‘tium
2560 3669 2656 3725 per
2699 3654 2862 3709 fidem
2892 3654 2938 3686 "
2965 3670 2980 3711 ς
3011 3671 3029 3705 ι
3083 3651 3150 3707 Et
3206 3652 3272 3707 ad
3321 3651 3686 3707 Corinthios:

2109 3767 2128 3799 ι
2186 3747 2327 3804 Deus
2377 3755 2497 3802 erat
2547 3747 2602 3800 in
2643 3746 2906 3813 Christo,
2975 3745 3247 3801 mundum
3317 3745 3691 3801 reconcilians

2104 3839 2208 3893 sibi
2228 3840 2294 3893 ⁸⁸.
2330 3858 2350 3890 ι
2384 3837 2452 3917 Et
2481 3839 2679 3894 iterum
2707 3855 2720 3891 :
2751 3858 2770 3890 ‹
2797 3835 2917 3901 Non
2946 3848 3031 3894 est
3059 3836 3224 3902 Deus,
3255 3836 3364 3893 nisi
3393 3852 3558 3892 unus
3579 3837 3644 3890 ⁸⁷.
3667 3854 3684 3887 ι

2103 3931 2170 3988 Ει
2199 3931 2266 3986 ad
2299 3930 2519 4010 Galatas
2541 3932 2587 3964 ⁸⁸
2613 3949 2636 4010 ετ
2661 3949 2681 3984 ι
2715 3930 2978 3986 Mediator
3013 3937 3194 3984 autem
3225 3928 3393 3984 unius
3428 3943 3556 3983 non
3589 3937 3686 3992 est,

2103 4024 2249 4081 Deus
2279 4005 2462 4080 autem
2491 4005 2636 4080 unus
2660 4033 2783 4079 est:
2817 4043 2835 4076 ι
2889 4022 2956 4077 Et
2983 4023 3248 4077 unitatem
3272 4019 3464 4077 Patris
3496 4032 3556 4077 et
3575 4020 3689 4076 Filii

2101 4126 2156 4172 et
2181 4117 2419 4188 Spiritus
2444 4115 2618 4171 sancti
2641 4115 3041 4179 demonstrans,
3065 4112 3320 4184 Ephesiis
3341 4113 3608 4170 scribens
3626 4114 3688 4176 ⁸³.

2100 4207 2177 4262 ita
2203 4207 2487 4264 confirmat
2520 4226 2534 4262 :
2585 4225 2605 4259 ι
2637 4205 2970 4261 Sull‘erentes
3019 4205 3252 4260 invicem
3303 4204 3366 4258 in
3394 4205 3686 4271 charitate,

2101 4300 2322 4356 solliciti
2351 4314 2570 4370 servare
2608 4299 2875 4355 unitatem
2919 4297 3148 4368 spiritus
3173 4295 3231 4352 in
3255 4296 3490 4352 vinculo
3523 4298 3685 4368 pacis.

2103 4391 2286 4470 Unum
2321 4407 2518 4463 corpus
2546 4401 2602 4448 et
2626 4408 2769 4446 unus
2797 4392 3046 4460 spiritus,
3078 4391 3222 4445 sicut
3252 4391 3442 4445 vocati
3476 4393 3616 4447 estis
3637 4390 3686 4445 in

428 4510 447 4540 ι
477 4488 618 4543 Ante
660 4502 750 4543 me
802 4501 914 4542 non
964 4486 1070 4544 fuit
1117 4487 1260 4542 alius
1289 4488 1454 4556 Deus,
1503 4497 1558 4543 et
1607 4497 1732 4558 post
1767 4501 1855 4543 me
1880 4503 1992 4544 non
2023 4491 2069 4547 D
2098 4501 2206 4541 una
2235 4501 2332 4556 spe
2359 4485 2664 4540 vocationis
2693 4491 2910 4539 vestrae.
2966 4479 3124 4550 Unus
3154 4480 3455 4548 Dominus,
3489 4498 3600 4538 una
3628 4481 3687 4536 li—

419 4580 525 4634 crit
548 4579 616 4633 ”.
650 4598 669 4631 ι
721 4577 779 4634 Si
808 4579 1109 4635 secundum
1150 4579 1285 4634 tales
1315 4579 1388 4634 ita
1414 4587 1532 4645 est,
1562 4595 1663 4634 cur
1693 4578 1992 4649 Apostolus

493 4673 1388 4778 1:381:fﬂuﬁ'ﬁﬁﬁwﬂp-
1421 4691 1486 4778 ¹Ι;
1508 4673 1594 4778 39.:
1641 4675 1742 4778 εἷ’.
1799 4677 1865 4778 Ii.
1886 4674 2020 4778 Ec‘i‘l

2109 4691 2280 4743 (XXVI,
2315 4675 2371 4739 4,
2404 4675 2460 4730 5.
2565 4673 2610 4706 ³⁸
2633 4674 2740 4728 Isa.
2778 4689 2923 4737 XLVI,
2953 4673 3006 4736 '5,
3041 4673 3096 4726 4.
3212 4673 3258 4702 ⁸⁸
3288 4673 3463 4736 Ibid.,
3503 4679 3505 4717 ε

2110 4761 2135 4778 α
2201 4761 2335 4778 νιιιι
2391 4745 2458 4778 ιη
2553 4742 2600 4776 μ
2638 4743 2770 4778 ns...
2868 4745 2915 4775 δε
2943 4745 3023 4778 leo
3091 4756 3224 4778 "In
3275 4740 3348 4778 ιιι
3452 4743 3505 4774 ιε

1979 4747 2160 4802 “Isa.
2201 4740 2358 4813 χιζιιι,
2391 4745 2476 4798 10.
2553 4742 2600 4776 ’⁵⁸
2629 4743 2792 4798 Deus.
2868 4745 2915 4775 ⁸⁸
2941 4745 3047 4796 Isa.
3091 4756 3247 4806 mn,
3275 4740 3368 4795 10.
3452 4743 3505 4774 ⁴⁶
3534 4742 3682 4795 Rom.

1891 4815 1945 4849 “’
1974 4815 2212 4872 Baruch.
2250 4833 2333 4882 ιιι,
2381 4813 2573 4870 '56-'58.
2649 4814 2697 4845 ⁵ο
2726 4811 2896 4868 Eccli.
2930 4828 3115 4877 xxxvi,
3150 4813 3200 4878 l,
3245 4811 3301 4864 2.
3380 4813 3426 4844 “
3462 4813 3514 4866 II
3561 4811 3682 4882 Reg.

418 4748 462 4779 "
495 4749 601 4802 Isa.
631 4761 781 4812 xuv,
835 4761 960 4811 xnv,
993 4741 1363 4800 intermistim'.
1441 4747 1486 4801 ν
1509 4746 1616 4811 Isa.
1655 4761 1766 4811 xu,
1799 4745 1886 4800 10.

421 4834 500 4880 ιχ,
539 4817 592 4870 5.
688 4816 732 4848 ⁸⁷
759 4817 870 4870 Isa.
918 4831 1074 4881 xum,
1108 4815 1162 4881 6,
1194 4815 1246 4870 7.
1341 4816 1385 4848 ⁸⁸
1414 4817 1519 4871 Isa.
1556 4831 1680 4882 ην,
1713 4813 1799 4870 18.

2096 4579 2218 4644 des,
2250 4594 2423 4634 unum
2457 4577 2751 4652 baptisma,
2778 4593 2923 4632 unus
2955 4575 3120 4630 Deus.
3161 4594 3180 4628 ι
3240 4575 3284 4605 ⁸⁸
3318 4573 3379 4630 Si
3411 4591 3534 4632 non
3565 4588 3688 4633 sane

2565 4673 2610 4706 ³⁸
2633 4674 2740 4728 Isa.
2778 4689 2923 4737 XLVI,
2953 4672 3006 4736 '5,
3041 4673 3096 4726 4.
3212 4670 3258 4702 ⁸⁸
3288 4671 3463 4736 Ibid.,
3503 4671 3558 4734 9,
3606 4669 3682 4724 I0.

417 4903 541 4953 vm,
573 4886 665 4940 23.
740 4887 787 4956 ’τ
813 4901 865 4940 v.
899 4885 989 4940 39.
1065 4885 1113 4919 ⁸⁸
1132 4901 1253 4956 cap.
1277 4901 1392 4953 xu,
1420 4886 1512 4951 24,
1543 4886 1633 4940 25.
1710 4885 1765 4956 ’δέ
1790 4884 1947 4941 Deut.
1976 4903 2014 4942 ιι

2113 4889 2159 4919 ⁸⁵
2193 4885 2353 4948 Rom.
2386 4901 2468 4952 ιΙΙ,
2499 4884 2606 4956 50.
2667 4883 2714 4915 '°
2739 4885 3020 4956 lICor.v,
3045 4883 3132 4937 10.
3207 4884 3252 4914 ⁸⁷
3282 4883 3304 4934 ι
3332 4882 3467 4938 Cor.
3501 4882 3681 4946 vni,4.

419 4959 466 4990 ⁵³
489 4972 612 5027 cap.
644 4972 730 5020 ιιι,
762 4955 854 5012 20.
930 4957 975 4988 ’⁵⁸
1005 4971 1126 5026 cap.
1154 4955 1230 5022 iv’,
1254 4956 1374 5024 5-5.

418 5053 586 5123 huius
656 5051 795 5123 Sixti
840 5066 991 5123 papa:
1045 5051 1290 5118 nomine,
1346 5049 1502 5123 Sixtir
1535 5051 1845 5123 philosophi
1883 5051 1991 5122 Py-

418 5121 708 5195 thagorici,
755 5121 996 5195 hominis
1037 5123 1237 5195 ethnici
1295 5137 1360 5176 ac
1420 5121 1674 5195 infidelis,
1712 5121 1992 5195 commen-

418 5191 618 5248 larium
658 5208 691 5247 a
729 5207 788 5248 se
825 5208 856 5246 e
890 5192 1079 5248 Gnaeo
1121 5191 1311 5251 Latine
1349 5192 1708 5258 translatum,
1744 5191 1991 5251 RulIinus

416 5263 1103 5334 Aquileiensis__presbyter
1139 5262 1410 5334 vulgavit;
1438 5262 1655 5334 dequo
1691 5261 1845 5334 illum
1890 5277 1992 5334 suo

418 5331 615 5389 merito
674 5333 732 5387 S.
776 5331 1138 5402 Hieronymus
1191 5331 1634 5402 frequentissime
1693 5332 1990 5402 redarguit.

417 5403 495 5458 lta
526 5406 671 5460 enim
704 5402 770 5458 ad
798 5401 1204 5472 Ctesiphontem
1236 5401 1504 5468 scribens,
1535 5403 1642 5458 ait:
1669 5421 1688 5454 ι
1720 5401 1877 5457 Illam
1895 5418 1995 5456 au-

417 5485 525 5527 tem
558 5474 939 5539 temeritatem,
969 5474 1078 5526 imo
1122 5474 1412 5536 insaniam,
1440 5475 1564 5542 quis
1594 5473 1759 5542 digno
1795 5473 1995 5541 poterit

417 5545 690 5613 explicare
729 5557 1002 5607 sermone,
1040 5543 1186 5612 quod
1226 5542 1427 5596 librum
1460 5541 1603 5597 Sixti
1631 5541 1990 5613 Pythagoraei,

419 5610 659 5674 hominis
710 5615 918 5682 absque
961 5610 1180 5666 Christo
1227 5623 1390 5682 atque
1431 5610 1990 5682 ethnici,'lmniutato

422 5684 662 5753 nomine,
711 5681 849 5735 Sixti
897 5684 1154 5753 margaris
1194 5694 1249 5736 et
1276 5681 1536 5737 Romanae
1577 5681 1837 5753 Ecclesia;
1869 5685 1990 5751 epi-

424 5752 596 5824 scopi,
626 5752 980 5822 praenotavit?
1009 5751 1064 5806 in
1101 5767 1212 5822 quo
1241 5753 1396 5822 juxta
1431 5753 1627 5824 dogma
1669 5751 1990 5823 Pythagori-

1473 4956 1518 4989 “
1546 4971 1711 5026 supra
1756 4955 1812 5011 in
1854 4957 2024 5038 epist.
2055 4955 2292 5013 Evaristi
2323 4970 2477 5026 papae
2514 4954 2701 5010 itidem
2729 4955 3032 5026 supposita.

2092 5067 2303 5119 eorum,
2327 5051 2422 5122 qui
2458 5050 2738 5122 hominem
2776 5058 3066 5122 exaequant
3103 5046 3253 5122 Deo,_
3271 5056 3327 5102 et
3355 5047 3582 5122 de_ejus
3607 5045 3682 5100 di-

2093 5133 2226 5181 cunt
2247 5117 2370 5178 esse
2397 5121 2724 5185 substantia,
2744 5117 3006 5174 multa‘de
3030 5117 3370 5189 perfectione
3392 5117 3678 5189 dicuntur;

2093 5205 2156 5248 ut
2191 5194 2288 5265 qui
2322 5193 2588 5265 volumen
2624 5188 3251 5265 philosOpliignesgiunt,
3289 5188 3396 5265 sub
3429 5188 3678 5265 martyris

2095 5257 2318 5319 nomine
2357 5262 2529 5316 libant
2557 5257 3028 5316 de'aureo'calice
3066 5257 3388 5329 Babylonis.
3434 5259 3677 5326 Denique

2095 5335 2152 5389 in
2187 5335 2308 5404 ipso
2337 5332 2618 5404 volumine
2645 5332 2795 5404 nulla
2819 5330 3423 5404 proplietaru_tn,_nulla
3451 5329 3668 5404 patriar-

2097 5399 2349 5474 charum,
2367 5403 2516 5474 nulla
2539 5399 2934 5471 apostolorum,
2962 5400 3110 5474 nulla
3135 5399 3197 5474 fit
3215 5399 3428 5474 Christi
3456 5399 3672 5474 mentio,

2101 5471 2163 5530 ut
2199 5468 2530 5543 episcopum
2552 5468 2606 5526 et
2645 5484 2938 5543 martyrem
2979 5471 3101 5524 sine
3129 5469 3235 5525 fide
3255 5468 3474 5543 Christi
3514 5470 3675 5543 fuisse

2100 5539 2412 5601 conténdat.
2439 5563 2456 5593 ι
2488 5542 2615 5596 Haec
2641 5543 2710 5597 ibi
2753 5539 3138 5610 Hieronymus,
3173 5541 3269 5609 qui
3316 5540 3450 5596 alibi
3498 5539 3670 5594 eadem

2098 5632 2162 5671 ex
2212 5631 2378 5671 causa
2426 5614 2480 5667 in
2532 5614 2782 5667 eumdem
2828 5613 3067 5680 graviter
3102 5610 3421 5680 invehitur.
3480 5611 3669 5664 Baton-

2098 5703 2242 5743 anno
2273 5684 2482 5740 Christi
2510 5681 2631 5749 142,
2660 5697 2812 5737 num.
2839 5679 2898 5736 ⁷5.
2938 5679 3064 5737 Sev.
3098 5679 3216 5734 Bm.
